  <div class='ocr_page' id='page_1' title='image "/cluster/home/n/w/nwhite01/storage/ocr_20150623/160/hvd.32044015473846/253.png"; bbox 0 0 3906 6316; ppageno 0'>
   <div class='ocr_carea' id='block_1_1' title="bbox 526 336 632 394">
    <p class='ocr_par' dir='ltr' id='par_1_1' title="bbox 526 336 632 394">
     <span class='ocr_line' id='line_1_1' title="bbox 526 336 632 394; baseline -0.019 0"><span class='ocrx_word' id='word_1_1' title='bbox 526 336 632 394; x_wconf 69' lang='grc'><strong>499</strong></span> 
     </span>
    </p>
   </div>
   <div class='ocr_carea' id='block_1_2' title="bbox 663 458 1938 502">
    <p class='ocr_par' dir='ltr' id='par_1_2' title="bbox 663 458 1938 502">
     <span class='ocr_line' id='line_1_2' title="bbox 663 458 1938 502; baseline -0.003 0"><span class='ocrx_word' id='word_1_2' title='bbox 663 462 1008 502; x_wconf 66' lang='lat' dir='ltr'><strong>BOHANOBL’H.</strong></span> <span class='ocrx_word' id='word_1_3' title='bbox 1155 460 1488 499; x_wconf 65' lang='lat' dir='ltr'><strong>FRANCORL’I.</strong></span> <span class='ocrx_word' id='word_1_4' title='bbox 1635 458 1938 502; x_wconf 69' lang='grc' dir='ltr'><strong>ΑΝβιοιιωι.</strong></span> 
     </span>
    </p>
   </div>
   <div class='ocr_carea' id='block_1_3' title="bbox 521 531 2103 601">
    <p class='ocr_par' dir='ltr' id='par_1_3' title="bbox 521 531 2103 601">
     <span class='ocr_line' id='line_1_3' title="bbox 521 531 2103 601; baseline -0.004 -8"><span class='ocrx_word' id='word_1_5' title='bbox 521 537 684 593; x_wconf 90' lang='lat' dir='ltr'><strong>etiam</strong></span> <span class='ocrx_word' id='word_1_6' title='bbox 714 535 856 590; x_wconf 90' lang='lat' dir='ltr'><strong>idem</strong></span> <span class='ocrx_word' id='word_1_7' title='bbox 903 533 1199 588; x_wconf 78' lang='lat' dir='ltr'><strong>Rainaldus</strong></span> <span class='ocrx_word' id='word_1_8' title='bbox 1229 531 1423 587; x_wconf 83' lang='lat' dir='ltr'><strong>exinde</strong></span> <span class='ocrx_word' id='word_1_9' title='bbox 1450 546 1649 601; x_wconf 90' lang='lat' dir='ltr'><strong>corpus</strong></span> <span class='ocrx_word' id='word_1_10' title='bbox 1674 532 1832 586; x_wconf 92' lang='lat' dir='ltr'><strong>beate</strong></span> <span class='ocrx_word' id='word_1_11' title='bbox 1871 531 2103 599; x_wconf 80' lang='lat' dir='ltr'><strong>Valerie,</strong></span> 
     </span>
    </p>
   </div>
   <div class='ocr_carea' id='block_1_4' title="bbox 522 622 2106 696">
    <p class='ocr_par' dir='ltr' id='par_1_4' title="bbox 522 622 2106 696">
     <span class='ocr_line' id='line_1_4' title="bbox 522 622 2106 696; baseline -0.004 -12"><span class='ocrx_word' id='word_1_12' title='bbox 522 628 715 684; x_wconf 87' lang='lat' dir='ltr'><strong>matris</strong></span> <span class='ocrx_word' id='word_1_13' title='bbox 757 634 1075 682; x_wconf 89' lang='lat' dir='ltr'><strong>sanctorum</strong></span> <span class='ocrx_word' id='word_1_14' title='bbox 1118 634 1418 696; x_wconf 73' lang='lat' dir='ltr'><strong>martyrum</strong></span> <span class='ocrx_word' id='word_1_15' title='bbox 1450 622 1694 678; x_wconf 90' lang='lat' dir='ltr'><strong>Gervasii</strong></span> <span class='ocrx_word' id='word_1_16' title='bbox 1728 633 1784 679; x_wconf 90' lang='lat' dir='ltr'><strong>et</strong></span> <span class='ocrx_word' id='word_1_17' title='bbox 1810 623 2106 690; x_wconf 88' lang='lat' dir='ltr'><strong>Prothasii,</strong></span> 
     </span>
    </p>
   </div>
   <div class='ocr_carea' id='block_1_5' title="bbox 521 715 2110 790">
    <p class='ocr_par' dir='ltr' id='par_1_5' title="bbox 521 715 2110 790">
     <span class='ocr_line' id='line_1_5' title="bbox 521 715 2110 790; baseline -0.004 -14"><span class='ocrx_word' id='word_1_18' title='bbox 521 721 780 790; x_wconf 58' lang='lat' dir='ltr'><strong>etcapud</strong></span> <span class='ocrx_word' id='word_1_19' title='bbox 825 718 1058 774; x_wconf 86' lang='lat' dir='ltr'><strong>Naboris</strong></span> <span class='ocrx_word' id='word_1_20' title='bbox 1112 716 1391 788; x_wconf 78' lang='lat' dir='ltr'><strong>martyris.</strong></span> <span class='ocrx_word' id='word_1_21' title='bbox 1437 715 1595 786; x_wconf 87' lang='lat' dir='ltr'><strong>Apud</strong></span> <span class='ocrx_word' id='word_1_22' title='bbox 1636 715 2037 786; x_wconf 85' lang='lat' dir='ltr'><strong>Rothomagum</strong></span> <span class='ocrx_word' id='word_1_23' title='bbox 2075 715 2110 770; x_wconf 80' lang='lat'><strong>&#39;5</strong></span> 
     </span>
    </p>
   </div>
   <div class='ocr_carea' id='block_1_6' title="bbox 522 807 2110 872">
    <p class='ocr_par' dir='ltr' id='par_1_6' title="bbox 522 807 2110 872">
     <span class='ocr_line' id='line_1_6' title="bbox 522 807 2110 872; baseline -0.006 0"><span class='ocrx_word' id='word_1_24' title='bbox 522 813 795 872; x_wconf 72' lang='lat' dir='ltr'><strong>Kalendas</strong></span> <span class='ocrx_word' id='word_1_25' title='bbox 835 809 1118 866; x_wconf 80' lang='lat' dir='ltr'><strong>Februarii</strong></span> <span class='ocrx_word' id='word_1_26' title='bbox 1167 809 1302 864; x_wconf 91' lang='lat' dir='ltr'><strong>obiit</strong></span> <span class='ocrx_word' id='word_1_27' title='bbox 1349 807 1666 865; x_wconf 84' lang='lat' dir='ltr'><strong>Willermus</strong></span> <span class='ocrx_word' id='word_1_28' title='bbox 1702 807 1869 864; x_wconf 82' lang='lat' dir='ltr'><strong>frater</strong></span> <span class='ocrx_word' id='word_1_29' title='bbox 1890 807 2110 863; x_wconf 90' lang='lat' dir='ltr'><strong>Henrici</strong></span> 
     </span>
    </p>
   </div>
   <div class='ocr_carea' id='block_1_7' title="bbox 523 899 2109 978">
    <p class='ocr_par' dir='ltr' id='par_1_7' title="bbox 523 899 2109 978">
     <span class='ocr_line' id='line_1_7' title="bbox 523 899 2109 978; baseline -0.005 -16"><span class='ocrx_word' id='word_1_30' title='bbox 523 908 696 978; x_wconf 87' lang='lat' dir='ltr'><strong>regis;</strong></span> <span class='ocrx_word' id='word_1_31' title='bbox 749 903 994 973; x_wconf 89' lang='lat' dir='ltr'><strong>sepultus</strong></span> <span class='ocrx_word' id='word_1_32' title='bbox 1036 911 1119 958; x_wconf 91' lang='lat' dir='ltr'><strong>est</strong></span> <span class='ocrx_word' id='word_1_33' title='bbox 1168 901 1223 956; x_wconf 89' lang='lat' dir='ltr'><strong>in</strong></span> <span class='ocrx_word' id='word_1_34' title='bbox 1252 901 1482 957; x_wconf 84' lang='lat' dir='ltr'><strong>ecclesia</strong></span> <span class='ocrx_word' id='word_1_35' title='bbox 1517 911 1702 956; x_wconf 88' lang='lat' dir='ltr'><strong>sancte</strong></span> <span class='ocrx_word' id='word_1_36' title='bbox 1730 899 1918 956; x_wconf 82' lang='lat' dir='ltr'><strong>Marie.</strong></span> <span class='ocrx_word' id='word_1_37' title='bbox 1950 900 2109 956; x_wconf 84' lang='lat' dir='ltr'><strong>Circa</strong></span> 
     </span>
    </p>
   </div>
   <div class='ocr_carea' id='block_1_8' title="bbox 523 989 2109 1062">
    <p class='ocr_par' dir='ltr' id='par_1_8' title="bbox 523 989 2109 1062">
     <span class='ocr_line' id='line_1_8' title="bbox 523 989 2109 1062; baseline -0.004 -12"><span class='ocrx_word' id='word_1_38' title='bbox 523 1005 747 1050; x_wconf 91' lang='lat' dir='ltr'><strong>octavas</strong></span> <span class='ocrx_word' id='word_1_39' title='bbox 770 993 972 1062; x_wconf 89' lang='lat' dir='ltr'><strong>pasche</strong></span> <span class='ocrx_word' id='word_1_40' title='bbox 1003 1006 1097 1046; x_wconf 89' lang='lat' dir='ltr'><strong>rex</strong></span> <span class='ocrx_word' id='word_1_41' title='bbox 1119 989 1386 1047; x_wconf 84' lang='lat' dir='ltr'><strong>Henricus</strong></span> <span class='ocrx_word' id='word_1_42' title='bbox 1411 989 1539 1046; x_wconf 84' lang='lat' dir='ltr'><strong>fecit</strong></span> <span class='ocrx_word' id='word_1_43' title='bbox 1563 989 1803 1046; x_wconf 89' lang='lat' dir='ltr'><strong>dedicari</strong></span> <span class='ocrx_word' id='word_1_44' title='bbox 1823 990 2109 1046; x_wconf 88' lang='lat' dir='ltr'><strong>ecclesiam</strong></span> 
     </span>
    </p>
   </div>
   <div class='ocr_carea' id='block_1_9' title="bbox 525 1082 2113 1154">
    <p class='ocr_par' dir='ltr' id='par_1_9' title="bbox 525 1082 2113 1154">
     <span class='ocr_line' id='line_1_9' title="bbox 525 1082 2113 1154; baseline -0.003 -13"><span class='ocrx_word' id='word_1_45' title='bbox 525 1087 685 1141; x_wconf 86' lang='lat' dir='ltr'><strong>beate</strong></span> <span class='ocrx_word' id='word_1_46' title='bbox 723 1084 890 1140; x_wconf 87' lang='lat' dir='ltr'><strong>Marie</strong></span> <span class='ocrx_word' id='word_1_47' title='bbox 917 1083 985 1139; x_wconf 91' lang='lat' dir='ltr'><strong>de</strong></span> <span class='ocrx_word' id='word_1_48' title='bbox 1028 1083 1308 1154; x_wconf 84' lang='lat' dir='ltr'><strong>Radingis,</strong></span> <span class='ocrx_word' id='word_1_49' title='bbox 1357 1091 1411 1137; x_wconf 91' lang='lat' dir='ltr'><strong>et</strong></span> <span class='ocrx_word' id='word_1_50' title='bbox 1438 1098 1535 1153; x_wconf 91' lang='lat' dir='ltr'><strong>per</strong></span> <span class='ocrx_word' id='word_1_51' title='bbox 1561 1090 1670 1137; x_wconf 90' lang='lat' dir='ltr'><strong>tres</strong></span> <span class='ocrx_word' id='word_1_52' title='bbox 1698 1082 1816 1138; x_wconf 92' lang='lat' dir='ltr'><strong>dies</strong></span> <span class='ocrx_word' id='word_1_53' title='bbox 1859 1083 2113 1153; x_wconf 82' lang='lat' dir='ltr'><strong>regaliter</strong></span> 
     </span>
    </p>
   </div>
   <div class='ocr_carea' id='block_1_10' title="bbox 525 1175 2112 1249">
    <p class='ocr_par' dir='ltr' id='par_1_10' title="bbox 525 1175 2112 1249">
     <span class='ocr_line' id='line_1_10' title="bbox 525 1175 2112 1249; baseline -0.002 -18"><span class='ocrx_word' id='word_1_54' title='bbox 525 1177 842 1249; x_wconf 88' lang='lat' dir='ltr'><strong>procuravit</strong></span> <span class='ocrx_word' id='word_1_55' title='bbox 863 1185 1189 1232; x_wconf 90' lang='lat' dir='ltr'><strong>conventum</strong></span> <span class='ocrx_word' id='word_1_56' title='bbox 1214 1175 1610 1230; x_wconf 85' lang='lat' dir='ltr'><strong>monachorum</strong></span> <span class='ocrx_word' id='word_1_57' title='bbox 1627 1185 1684 1229; x_wconf 89' lang='lat' dir='ltr'><strong>et</strong></span> <span class='ocrx_word' id='word_1_58' title='bbox 1708 1175 2112 1245; x_wconf 88' lang='lat' dir='ltr'><strong>bospites,data</strong></span> 
     </span>
    </p>
   </div>
   <div class='ocr_carea' id='block_1_11' title="bbox 523 1266 2111 1334">
    <p class='ocr_par' dir='ltr' id='par_1_11' title="bbox 523 1266 2111 1334">
     <span class='ocr_line' id='line_1_11' title="bbox 523 1266 2111 1334; baseline -0.001 -10"><span class='ocrx_word' id='word_1_59' title='bbox 523 1269 690 1324; x_wconf 90' lang='lat' dir='ltr'><strong>etiam</strong></span> <span class='ocrx_word' id='word_1_60' title='bbox 728 1267 854 1324; x_wconf 89' lang='lat' dir='ltr'><strong>dote</strong></span> <span class='ocrx_word' id='word_1_61' title='bbox 900 1284 1011 1324; x_wconf 88' lang='lat' dir='ltr'><strong>non</strong></span> <span class='ocrx_word' id='word_1_62' title='bbox 1056 1267 1286 1322; x_wconf 87' lang='lat' dir='ltr'><strong>minima</strong></span> <span class='ocrx_word' id='word_1_63' title='bbox 1323 1266 1500 1322; x_wconf 90' lang='lat' dir='ltr'><strong>eidem</strong></span> <span class='ocrx_word' id='word_1_64' title='bbox 1530 1267 1777 1324; x_wconf 88' lang='lat' dir='ltr'><strong>ecclesie.</strong></span> <span class='ocrx_word' id='word_1_65' title='bbox 1810 1266 2111 1334; x_wconf 90' lang='lat' dir='ltr'><strong>Hamelius,</strong></span> 
     </span>
    </p>
   </div>
   <div class='ocr_carea' id='block_1_12' title="bbox 525 1358 2116 1425">
    <p class='ocr_par' dir='ltr' id='par_1_12' title="bbox 525 1358 2116 1425">
     <span class='ocr_line' id='line_1_12' title="bbox 525 1358 2116 1425; baseline -0.001 -10"><span class='ocrx_word' id='word_1_66' title='bbox 525 1359 794 1415; x_wconf 89' lang='lat' dir='ltr'><strong>naturalis</strong></span> <span class='ocrx_word' id='word_1_67' title='bbox 816 1358 983 1414; x_wconf 83' lang='lat' dir='ltr'><strong>frater</strong></span> <span class='ocrx_word' id='word_1_68' title='bbox 1013 1358 1253 1425; x_wconf 85' lang='lat' dir='ltr'><strong>Henrici,</strong></span> <span class='ocrx_word' id='word_1_69' title='bbox 1266 1358 1420 1414; x_wconf 87' lang='lat' dir='ltr'><strong>duxit</strong></span> <span class='ocrx_word' id='word_1_70' title='bbox 1439 1359 1778 1414; x_wconf 90' lang='lat' dir='ltr'><strong>comitissam</strong></span> <span class='ocrx_word' id='word_1_71' title='bbox 1798 1359 1864 1414; x_wconf 92' lang='lat' dir='ltr'><strong>de</strong></span> <span class='ocrx_word' id='word_1_72' title='bbox 1877 1358 2116 1414; x_wconf 88' lang='lat' dir='ltr'><strong>Guaren-</strong></span> 
     </span>
    </p>
   </div>
   <div class='ocr_carea' id='block_1_13' title="bbox 526 1451 2115 1521">
    <p class='ocr_par' dir='ltr' id='par_1_13' title="bbox 526 1451 2115 1521">
     <span class='ocr_line' id='line_1_13' title="bbox 526 1451 2115 1521; baseline 0 -14"><span class='ocrx_word' id='word_1_73' title='bbox 526 1470 618 1519; x_wconf 90' lang='lat' dir='ltr'><strong>na,</strong></span> <span class='ocrx_word' id='word_1_74' title='bbox 644 1453 888 1508; x_wconf 86' lang='lat' dir='ltr'><strong>relictam</strong></span> <span class='ocrx_word' id='word_1_75' title='bbox 911 1452 1178 1507; x_wconf 84' lang='lat' dir='ltr'><strong>Willermi</strong></span> <span class='ocrx_word' id='word_1_76' title='bbox 1201 1452 1417 1506; x_wconf 88' lang='lat' dir='ltr'><strong>comitis</strong></span> <span class='ocrx_word' id='word_1_77' title='bbox 1438 1451 1737 1519; x_wconf 85' lang='lat' dir='ltr'><strong>Moritonii,</strong></span> <span class='ocrx_word' id='word_1_78' title='bbox 1761 1451 1857 1505; x_wconf 91' lang='lat' dir='ltr'><strong>ﬁlii</strong></span> <span class='ocrx_word' id='word_1_79' title='bbox 1888 1451 2115 1521; x_wconf 86' lang='lat' dir='ltr'><strong>Stepha-</strong></span> 
     </span>
    </p>
   </div>
   <div class='ocr_carea' id='block_1_14' title="bbox 529 1539 2115 1614">
    <p class='ocr_par' dir='ltr' id='par_1_14' title="bbox 529 1539 2115 1614">
     <span class='ocr_line' id='line_1_14' title="bbox 529 1539 2115 1614; baseline -0.003 -15"><span class='ocrx_word' id='word_1_80' title='bbox 529 1543 587 1599; x_wconf 90' lang='lat' dir='ltr'><strong>ni</strong></span> <span class='ocrx_word' id='word_1_81' title='bbox 611 1543 774 1614; x_wconf 84' lang='lat' dir='ltr'><strong>regis.</strong></span> <span class='ocrx_word' id='word_1_82' title='bbox 789 1541 901 1599; x_wconf 85' lang='lat' dir='ltr'><strong>Hec</strong></span> <span class='ocrx_word' id='word_1_83' title='bbox 923 1541 1025 1598; x_wconf 89' lang='lat' dir='ltr'><strong>fuit</strong></span> <span class='ocrx_word' id='word_1_84' title='bbox 1047 1542 1155 1598; x_wconf 89' lang='lat' dir='ltr'><strong>ﬁlia</strong></span> <span class='ocrx_word' id='word_1_85' title='bbox 1181 1541 1334 1597; x_wconf 89' lang='lat' dir='ltr'><strong>tercii</strong></span> <span class='ocrx_word' id='word_1_86' title='bbox 1352 1540 1617 1596; x_wconf 85' lang='lat' dir='ltr'><strong>Willermi</strong></span> <span class='ocrx_word' id='word_1_87' title='bbox 1641 1541 1855 1596; x_wconf 88' lang='lat' dir='ltr'><strong>comitis</strong></span> <span class='ocrx_word' id='word_1_88' title='bbox 1877 1540 1942 1596; x_wconf 90' lang='lat' dir='ltr'><strong>de</strong></span> <span class='ocrx_word' id='word_1_89' title='bbox 1968 1539 2115 1596; x_wconf 88' lang='lat' dir='ltr'><strong>Gua-</strong></span> 
     </span>
    </p>
   </div>
   <div class='ocr_carea' id='block_1_15' title="bbox 530 1630 2115 1706">
    <p class='ocr_par' dir='ltr' id='par_1_15' title="bbox 530 1630 2115 1706">
     <span class='ocr_line' id='line_1_15' title="bbox 530 1630 2115 1706; baseline -0.003 -17"><span class='ocrx_word' id='word_1_90' title='bbox 530 1635 830 1706; x_wconf 89' lang='lat' dir='ltr'><strong>renna,qui</strong></span> <span class='ocrx_word' id='word_1_91' title='bbox 855 1650 978 1689; x_wconf 90' lang='lat' dir='ltr'><strong>cum</strong></span> <span class='ocrx_word' id='word_1_92' title='bbox 995 1650 1120 1705; x_wconf 88' lang='lat' dir='ltr'><strong>rege</strong></span> <span class='ocrx_word' id='word_1_93' title='bbox 1145 1633 1376 1688; x_wconf 86' lang='lat' dir='ltr'><strong>Francie</strong></span> <span class='ocrx_word' id='word_1_94' title='bbox 1398 1631 1674 1688; x_wconf 89' lang='lat' dir='ltr'><strong>Ludovico</strong></span> <span class='ocrx_word' id='word_1_95' title='bbox 1699 1632 1938 1702; x_wconf 78' lang='lat' dir='ltr'><strong>perrexit</strong></span> <span class='ocrx_word' id='word_1_96' title='bbox 1955 1630 2115 1686; x_wconf 79' lang='lat' dir='ltr'><strong>Jeru-</strong></span> 
     </span>
    </p>
   </div>
   <div class='ocr_carea' id='block_1_16' title="bbox 528 1725 2113 1795">
    <p class='ocr_par' dir='ltr' id='par_1_16' title="bbox 528 1725 2113 1795">
     <span class='ocr_line' id='line_1_16' title="bbox 528 1725 2113 1795; baseline -0.001 -15"><span class='ocrx_word' id='word_1_97' title='bbox 528 1726 718 1790; x_wconf 86' lang='lat' dir='ltr'><strong>salem,</strong></span> <span class='ocrx_word' id='word_1_98' title='bbox 745 1735 799 1781; x_wconf 91' lang='lat' dir='ltr'><strong>et</strong></span> <span class='ocrx_word' id='word_1_99' title='bbox 823 1726 897 1780; x_wconf 88' lang='lat' dir='ltr'><strong>ibi</strong></span> <span class='ocrx_word' id='word_1_100' title='bbox 923 1726 1077 1792; x_wconf 89' lang='lat' dir='ltr'><strong>obiit,</strong></span> <span class='ocrx_word' id='word_1_101' title='bbox 1093 1726 1383 1795; x_wconf 87' lang='lat' dir='ltr'><strong>superstite</strong></span> <span class='ocrx_word' id='word_1_102' title='bbox 1405 1725 1520 1780; x_wconf 91' lang='lat' dir='ltr'><strong>sola</strong></span> <span class='ocrx_word' id='word_1_103' title='bbox 1545 1725 1786 1794; x_wconf 91' lang='lat' dir='ltr'><strong>predicta</strong></span> <span class='ocrx_word' id='word_1_104' title='bbox 1813 1725 2113 1782; x_wconf 86' lang='lat' dir='ltr'><strong>comitissa.</strong></span> 
     </span>
    </p>
   </div>
   <div class='ocr_carea' id='block_1_17' title="bbox 575 1813 2115 1888">
    <p class='ocr_par' dir='ltr' id='par_1_17' title="bbox 575 1813 2115 1888">
     <span class='ocr_line' id='line_1_17' title="bbox 575 1813 2115 1888; baseline 0 -19"><span class='ocrx_word' id='word_1_105' title='bbox 575 1813 577 1816; x_wconf 80' lang='grc'><em>’</em></span> <span class='ocrx_word' id='word_1_106' title='bbox 600 1815 658 1869; x_wconf 92' lang='lat' dir='ltr'><strong>ln</strong></span> <span class='ocrx_word' id='word_1_107' title='bbox 689 1831 828 1888; x_wconf 83' lang='lat' dir='ltr'><strong>pago</strong></span> <span class='ocrx_word' id='word_1_108' title='bbox 850 1815 1160 1872; x_wconf 85' lang='lat' dir='ltr'><strong>Belvacensi</strong></span> <span class='ocrx_word' id='word_1_109' title='bbox 1192 1816 1406 1871; x_wconf 85' lang='lat' dir='ltr'><strong>cuidam</strong></span> <span class='ocrx_word' id='word_1_110' title='bbox 1430 1816 1641 1886; x_wconf 92' lang='lat' dir='ltr'><strong>plebeio</strong></span> <span class='ocrx_word' id='word_1_111' title='bbox 1667 1816 1922 1887; x_wconf 82' lang='lat' dir='ltr'><strong>apparuit</strong></span> <span class='ocrx_word' id='word_1_112' title='bbox 1947 1816 2003 1870; x_wconf 91' lang='lat' dir='ltr'><strong>in</strong></span> <span class='ocrx_word' id='word_1_113' title='bbox 2031 1815 2115 1870; x_wconf 89' lang='lat' dir='ltr'><strong>vi-</strong></span> 
     </span>
    </p>
   </div>
   <div class='ocr_carea' id='block_1_18' title="bbox 529 1907 2116 1981">
    <p class='ocr_par' dir='ltr' id='par_1_18' title="bbox 529 1907 2116 1981">
     <span class='ocr_line' id='line_1_18' title="bbox 529 1907 2116 1981; baseline -0.001 -18"><span class='ocrx_word' id='word_1_114' title='bbox 529 1925 595 1963; x_wconf 88' lang='lat' dir='ltr'><strong>su</strong></span> <span class='ocrx_word' id='word_1_115' title='bbox 630 1909 810 1964; x_wconf 91' lang='lat' dir='ltr'><strong>noctis</strong></span> <span class='ocrx_word' id='word_1_116' title='bbox 852 1918 1077 1964; x_wconf 84' lang='lat' dir='ltr'><strong>sanctus</strong></span> <span class='ocrx_word' id='word_1_117' title='bbox 1105 1907 1353 1980; x_wconf 88' lang='lat' dir='ltr'><strong>Egidius,</strong></span> <span class='ocrx_word' id='word_1_118' title='bbox 1388 1918 1442 1963; x_wconf 90' lang='lat' dir='ltr'><strong>et</strong></span> <span class='ocrx_word' id='word_1_119' title='bbox 1469 1907 1703 1981; x_wconf 86' lang='lat' dir='ltr'><strong>quedam</strong></span> <span class='ocrx_word' id='word_1_120' title='bbox 1743 1909 1971 1963; x_wconf 79' lang='lat' dir='ltr'><strong>honeste</strong></span> <span class='ocrx_word' id='word_1_121' title='bbox 1991 1923 2116 1979; x_wconf 89' lang='lat' dir='ltr'><strong>per-</strong></span> 
     </span>
    </p>
   </div>
   <div class='ocr_carea' id='block_1_19' title="bbox 528 1998 2116 2069">
    <p class='ocr_par' dir='ltr' id='par_1_19' title="bbox 528 1998 2116 2069">
     <span class='ocr_line' id='line_1_19' title="bbox 528 1998 2116 2069; baseline -0.001 -15"><span class='ocrx_word' id='word_1_122' title='bbox 528 2014 662 2054; x_wconf 90' lang='lat' dir='ltr'><strong>sone</strong></span> <span class='ocrx_word' id='word_1_123' title='bbox 689 2015 815 2054; x_wconf 90' lang='lat' dir='ltr'><strong>cum</strong></span> <span class='ocrx_word' id='word_1_124' title='bbox 837 2015 925 2068; x_wconf 88' lang='lat' dir='ltr'><strong>eo,</strong></span> <span class='ocrx_word' id='word_1_125' title='bbox 953 1999 1042 2054; x_wconf 93' lang='lat' dir='ltr'><strong>cui</strong></span> <span class='ocrx_word' id='word_1_126' title='bbox 1070 1999 1324 2069; x_wconf 82' lang='lat' dir='ltr'><strong>predixit,</strong></span> <span class='ocrx_word' id='word_1_127' title='bbox 1350 2008 1410 2054; x_wconf 91' lang='lat' dir='ltr'><strong>ut</strong></span> <span class='ocrx_word' id='word_1_128' title='bbox 1437 2014 1564 2055; x_wconf 89' lang='lat' dir='ltr'><strong>cum</strong></span> <span class='ocrx_word' id='word_1_129' title='bbox 1609 1999 1695 2055; x_wconf 90' lang='lat' dir='ltr'><strong>die</strong></span> <span class='ocrx_word' id='word_1_130' title='bbox 1725 1998 1968 2055; x_wconf 91' lang='lat' dir='ltr'><strong>crastina</strong></span> <span class='ocrx_word' id='word_1_131' title='bbox 2000 1998 2116 2069; x_wconf 91' lang='lat' dir='ltr'><strong>pri-</strong></span> 
     </span>
    </p>
   </div>
   <div class='ocr_carea' id='block_1_20' title="bbox 531 2089 2118 2160">
    <p class='ocr_par' dir='ltr' id='par_1_20' title="bbox 531 2089 2118 2160">
     <span class='ocr_line' id='line_1_20' title="bbox 531 2089 2118 2160; baseline -0.001 -17"><span class='ocrx_word' id='word_1_132' title='bbox 531 2105 684 2143; x_wconf 91' lang='lat' dir='ltr'><strong>mum</strong></span> <span class='ocrx_word' id='word_1_133' title='bbox 715 2089 928 2144; x_wconf 92' lang='lat' dir='ltr'><strong>sulcum</strong></span> <span class='ocrx_word' id='word_1_134' title='bbox 959 2089 1127 2144; x_wconf 89' lang='lat' dir='ltr'><strong>aratri</strong></span> <span class='ocrx_word' id='word_1_135' title='bbox 1171 2089 1416 2156; x_wconf 88' lang='lat' dir='ltr'><strong>duceret,</strong></span> <span class='ocrx_word' id='word_1_136' title='bbox 1444 2089 1712 2145; x_wconf 81' lang='lat' dir='ltr'><strong>inveniret</strong></span> <span class='ocrx_word' id='word_1_137' title='bbox 1737 2104 1961 2160; x_wconf 89' lang='lat' dir='ltr'><strong>parvam</strong></span> <span class='ocrx_word' id='word_1_138' title='bbox 1991 2103 2118 2144; x_wconf 84' lang='lat' dir='ltr'><strong>cru-</strong></span> 
     </span>
    </p>
   </div>
   <div class='ocr_carea' id='block_1_21' title="bbox 528 2179 2119 2252">
    <p class='ocr_par' dir='ltr' id='par_1_21' title="bbox 528 2179 2119 2252">
     <span class='ocr_line' id='line_1_21' title="bbox 528 2179 2119 2252; baseline -0.001 -16"><span class='ocrx_word' id='word_1_139' title='bbox 528 2195 646 2236; x_wconf 88' lang='lat' dir='ltr'><strong>cem</strong></span> <span class='ocrx_word' id='word_1_140' title='bbox 677 2179 932 2248; x_wconf 90' lang='lat' dir='ltr'><strong>ferream,</strong></span> <span class='ocrx_word' id='word_1_141' title='bbox 969 2190 1026 2236; x_wconf 92' lang='lat' dir='ltr'><strong>et</strong></span> <span class='ocrx_word' id='word_1_142' title='bbox 1043 2180 1211 2252; x_wconf 92' lang='lat' dir='ltr'><strong>jussit</strong></span> <span class='ocrx_word' id='word_1_143' title='bbox 1231 2190 1292 2235; x_wconf 89' lang='lat' dir='ltr'><strong>ut</strong></span> <span class='ocrx_word' id='word_1_144' title='bbox 1318 2179 1484 2236; x_wconf 91' lang='lat' dir='ltr'><strong>ferret</strong></span> <span class='ocrx_word' id='word_1_145' title='bbox 1508 2197 1628 2236; x_wconf 90' lang='lat' dir='ltr'><strong>eam</strong></span> <span class='ocrx_word' id='word_1_146' title='bbox 1661 2182 1729 2237; x_wconf 89' lang='lat' dir='ltr'><strong>ad</strong></span> <span class='ocrx_word' id='word_1_147' title='bbox 1760 2196 1918 2237; x_wconf 85' lang='lat' dir='ltr'><strong>suam</strong></span> <span class='ocrx_word' id='word_1_148' title='bbox 1943 2179 2119 2236; x_wconf 89' lang='lat' dir='ltr'><strong>eccle-</strong></span> 
     </span>
    </p>
   </div>
   <div class='ocr_carea' id='block_1_22' title="bbox 528 2271 2121 2344">
    <p class='ocr_par' dir='ltr' id='par_1_22' title="bbox 528 2271 2121 2344">
     <span class='ocr_line' id='line_1_22' title="bbox 528 2271 2121 2344; baseline 0.001 -17"><span class='ocrx_word' id='word_1_149' title='bbox 528 2272 690 2327; x_wconf 88' lang='lat' dir='ltr'><strong>siam.</strong></span> <span class='ocrx_word' id='word_1_150' title='bbox 722 2271 876 2329; x_wconf 88' lang='lat' dir='ltr'><strong>Tunc</strong></span> <span class='ocrx_word' id='word_1_151' title='bbox 899 2273 1138 2330; x_wconf 86' lang='lat' dir='ltr'><strong>rusticus</strong></span> <span class='ocrx_word' id='word_1_152' title='bbox 1180 2274 1417 2344; x_wconf 88' lang='lat' dir='ltr'><strong>qnesivit</strong></span> <span class='ocrx_word' id='word_1_153' title='bbox 1443 2274 1512 2329; x_wconf 90' lang='lat' dir='ltr'><strong>ab</strong></span> <span class='ocrx_word' id='word_1_154' title='bbox 1535 2289 1619 2341; x_wconf 90' lang='lat' dir='ltr'><strong>eo,</strong></span> <span class='ocrx_word' id='word_1_155' title='bbox 1649 2284 1834 2330; x_wconf 91' lang='lat' dir='ltr'><strong>utrum</strong></span> <span class='ocrx_word' id='word_1_156' title='bbox 1879 2273 1948 2328; x_wconf 87' lang='lat' dir='ltr'><strong>ad</strong></span> <span class='ocrx_word' id='word_1_157' title='bbox 1986 2271 2121 2328; x_wconf 75' lang='lat' dir='ltr'><strong>San-</strong></span> 
     </span>
    </p>
   </div>
   <div class='ocr_carea' id='block_1_23' title="bbox 530 2363 2115 2436">
    <p class='ocr_par' dir='ltr' id='par_1_23' title="bbox 530 2363 2115 2436">
     <span class='ocr_line' id='line_1_23' title="bbox 530 2363 2115 2436; baseline 0.002 -20"><span class='ocrx_word' id='word_1_158' title='bbox 530 2370 680 2417; x_wconf 91' lang='lat' dir='ltr'><strong>ctum</strong></span> <span class='ocrx_word' id='word_1_159' title='bbox 725 2363 974 2436; x_wconf 88' lang='lat' dir='ltr'><strong>Egidium</strong></span> <span class='ocrx_word' id='word_1_160' title='bbox 1001 2365 1069 2420; x_wconf 87' lang='lat' dir='ltr'><strong>de</strong></span> <span class='ocrx_word' id='word_1_161' title='bbox 1116 2363 1400 2420; x_wconf 81' lang='lat' dir='ltr'><strong>Provincia</strong></span> <span class='ocrx_word' id='word_1_162' title='bbox 1432 2365 1654 2420; x_wconf 88' lang='lat' dir='ltr'><strong>deberet</strong></span> <span class='ocrx_word' id='word_1_163' title='bbox 1700 2380 1822 2421; x_wconf 89' lang='lat' dir='ltr'><strong>eam</strong></span> <span class='ocrx_word' id='word_1_164' title='bbox 1864 2373 2115 2436; x_wconf 89' lang='lat' dir='ltr'><strong>portare;</strong></span> 
     </span>
    </p>
   </div>
   <div class='ocr_carea' id='block_1_24' title="bbox 528 2451 2120 2527">
    <p class='ocr_par' dir='ltr' id='par_1_24' title="bbox 528 2451 2120 2527">
     <span class='ocr_line' id='line_1_24' title="bbox 528 2451 2120 2527; baseline -0.001 -20"><span class='ocrx_word' id='word_1_165' title='bbox 528 2453 618 2507; x_wconf 91' lang='lat' dir='ltr'><strong>cui</strong></span> <span class='ocrx_word' id='word_1_166' title='bbox 660 2463 886 2510; x_wconf 89' lang='lat' dir='ltr'><strong>sanctus</strong></span> <span class='ocrx_word' id='word_1_167' title='bbox 932 2453 1159 2527; x_wconf 89' lang='lat' dir='ltr'><strong>Egidius</strong></span> <span class='ocrx_word' id='word_1_168' title='bbox 1202 2454 1528 2524; x_wconf 89' lang='lat' dir='ltr'><strong>respondit:</strong></span> <span class='ocrx_word' id='word_1_169' title='bbox 1572 2452 1724 2519; x_wconf 87' lang='lat' dir='ltr'><strong>Non;</strong></span> <span class='ocrx_word' id='word_1_170' title='bbox 1766 2454 1856 2508; x_wconf 87' lang='lat' dir='ltr'><strong>sed</strong></span> <span class='ocrx_word' id='word_1_171' title='bbox 1881 2453 1951 2507; x_wconf 86' lang='lat' dir='ltr'><strong>ad</strong></span> <span class='ocrx_word' id='word_1_172' title='bbox 1981 2451 2120 2507; x_wconf 86' lang='lat' dir='ltr'><strong>San-</strong></span> 
     </span>
    </p>
   </div>
   <div class='ocr_carea' id='block_1_25' title="bbox 528 2543 2116 2616">
    <p class='ocr_par' dir='ltr' id='par_1_25' title="bbox 528 2543 2116 2616">
     <span class='ocr_line' id='line_1_25' title="bbox 528 2543 2116 2616; baseline 0 -18"><span class='ocrx_word' id='word_1_173' title='bbox 528 2553 673 2598; x_wconf 80' lang='lat' dir='ltr'><strong>ctum</strong></span> <span class='ocrx_word' id='word_1_174' title='bbox 706 2543 962 2616; x_wconf 79' lang='lat' dir='ltr'><strong>Egidium</strong></span> <span class='ocrx_word' id='word_1_175' title='bbox 995 2548 1060 2601; x_wconf 88' lang='lat' dir='ltr'><strong>de</strong></span> <span class='ocrx_word' id='word_1_176' title='bbox 1088 2546 1458 2613; x_wconf 82' lang='lat' dir='ltr'><strong>Constantino,</strong></span> <span class='ocrx_word' id='word_1_177' title='bbox 1490 2545 1581 2600; x_wconf 81' lang='lat' dir='ltr'><strong>ubi</strong></span> <span class='ocrx_word' id='word_1_178' title='bbox 1608 2554 1685 2600; x_wconf 83' lang='lat' dir='ltr'><strong>est</strong></span> <span class='ocrx_word' id='word_1_179' title='bbox 1712 2561 1900 2615; x_wconf 86' lang='lat' dir='ltr'><strong>corpus</strong></span> <span class='ocrx_word' id='word_1_180' title='bbox 1924 2560 2116 2598; x_wconf 82' lang='lat' dir='ltr'><strong>meum.</strong></span> 
     </span>
    </p>
   </div>
   <div class='ocr_carea' id='block_1_26' title="bbox 533 2634 2121 2705">
    <p class='ocr_par' dir='ltr' id='par_1_26' title="bbox 533 2634 2121 2705">
     <span class='ocr_line' id='line_1_26' title="bbox 533 2634 2121 2705; baseline 0.001 -14"><span class='ocrx_word' id='word_1_181' title='bbox 533 2637 692 2705; x_wconf 84' lang='lat' dir='ltr'><strong>Quod</strong></span> <span class='ocrx_word' id='word_1_182' title='bbox 737 2654 863 2693; x_wconf 92' lang='lat' dir='ltr'><strong>cum</strong></span> <span class='ocrx_word' id='word_1_183' title='bbox 905 2638 1112 2694; x_wconf 85' lang='lat' dir='ltr'><strong>factum</strong></span> <span class='ocrx_word' id='word_1_184' title='bbox 1157 2637 1371 2705; x_wconf 81' lang='lat' dir='ltr'><strong>fuisset,</strong></span> <span class='ocrx_word' id='word_1_185' title='bbox 1400 2638 1570 2693; x_wconf 87' lang='lat' dir='ltr'><strong>multe</strong></span> <span class='ocrx_word' id='word_1_186' title='bbox 1601 2637 1674 2692; x_wconf 92' lang='lat' dir='ltr'><strong>ibi</strong></span> <span class='ocrx_word' id='word_1_187' title='bbox 1704 2637 1934 2692; x_wconf 83' lang='lat' dir='ltr'><strong>virtutes</strong></span> <span class='ocrx_word' id='word_1_188' title='bbox 1978 2634 2121 2692; x_wconf 86' lang='lat' dir='ltr'><strong>facte</strong></span> 
     </span>
    </p>
   </div>
   <div class='ocr_carea' id='block_1_27' title="bbox 541 2727 2121 2801">
    <p class='ocr_par' dir='ltr' id='par_1_27' title="bbox 541 2727 2121 2801">
     <span class='ocr_line' id='line_1_27' title="bbox 541 2727 2121 2801; baseline -0.001 -17"><span class='ocrx_word' id='word_1_189' title='bbox 541 2739 692 2785; x_wconf 90' lang='lat' dir='ltr'><strong>sunt.</strong></span> <span class='ocrx_word' id='word_1_190' title='bbox 730 2731 887 2801; x_wconf 85' lang='lat' dir='ltr'><strong>Apud</strong></span> <span class='ocrx_word' id='word_1_191' title='bbox 937 2730 1140 2787; x_wconf 88' lang='lat' dir='ltr'><strong>Lucam</strong></span> <span class='ocrx_word' id='word_1_192' title='bbox 1181 2730 1458 2786; x_wconf 88' lang='lat' dir='ltr'><strong>civitatem</strong></span> <span class='ocrx_word' id='word_1_193' title='bbox 1485 2729 1621 2785; x_wconf 90' lang='lat' dir='ltr'><strong>obiit</strong></span> <span class='ocrx_word' id='word_1_194' title='bbox 1653 2727 1984 2785; x_wconf 86' lang='lat' dir='ltr'><strong>Octavianus</strong></span> <span class='ocrx_word' id='word_1_195' title='bbox 2013 2729 2121 2783; x_wconf 86' lang='lat' dir='ltr'><strong>sci-</strong></span> 
     </span>
    </p>
   </div>
   <div class='ocr_carea' id='block_1_28' title="bbox 535 2820 2122 2894">
    <p class='ocr_par' dir='ltr' id='par_1_28' title="bbox 535 2820 2122 2894">
     <span class='ocr_line' id='line_1_28' title="bbox 535 2820 2122 2894; baseline -0.002 -16"><span class='ocrx_word' id='word_1_196' title='bbox 535 2822 820 2889; x_wconf 88' lang='lat' dir='ltr'><strong>smatieus,</strong></span> <span class='ocrx_word' id='word_1_197' title='bbox 846 2839 942 2894; x_wconf 91' lang='lat' dir='ltr'><strong>per</strong></span> <span class='ocrx_word' id='word_1_198' title='bbox 962 2823 1270 2878; x_wconf 83' lang='lat' dir='ltr'><strong>antifrasim</strong></span> <span class='ocrx_word' id='word_1_199' title='bbox 1290 2832 1516 2878; x_wconf 91' lang='lat' dir='ltr'><strong>vocatus</strong></span> <span class='ocrx_word' id='word_1_200' title='bbox 1545 2820 1757 2890; x_wconf 84' lang='lat' dir='ltr'><strong>Victor;</strong></span> <span class='ocrx_word' id='word_1_201' title='bbox 1781 2833 1835 2876; x_wconf 90' lang='lat' dir='ltr'><strong>et</strong></span> <span class='ocrx_word' id='word_1_202' title='bbox 1856 2820 2122 2876; x_wconf 88' lang='lat' dir='ltr'><strong>successit</strong></span> 
     </span>
    </p>
   </div>
   <div class='ocr_carea' id='block_1_29' title="bbox 535 2912 2122 2986">
    <p class='ocr_par' dir='ltr' id='par_1_29' title="bbox 535 2912 2122 2986">
     <span class='ocr_line' id='line_1_29' title="bbox 535 2912 2122 2986; baseline -0.002 -18"><span class='ocrx_word' id='word_1_203' title='bbox 535 2915 585 2969; x_wconf 90' lang='lat' dir='ltr'><strong>ci</strong></span> <span class='ocrx_word' id='word_1_204' title='bbox 618 2915 671 2970; x_wconf 93' lang='lat' dir='ltr'><strong>in</strong></span> <span class='ocrx_word' id='word_1_205' title='bbox 696 2916 887 2970; x_wconf 88' lang='lat' dir='ltr'><strong>eodem</strong></span> <span class='ocrx_word' id='word_1_206' title='bbox 908 2931 1096 2970; x_wconf 88' lang='lat' dir='ltr'><strong>errore</strong></span> <span class='ocrx_word' id='word_1_207' title='bbox 1126 2929 1454 2986; x_wconf 89' lang='lat' dir='ltr'><strong>permanens</strong></span> <span class='ocrx_word' id='word_1_208' title='bbox 1486 2913 1648 2969; x_wconf 88' lang='lat' dir='ltr'><strong>Wido</strong></span> <span class='ocrx_word' id='word_1_209' title='bbox 1678 2912 2015 2978; x_wconf 90' lang='lat' dir='ltr'><strong>Cremensis,</strong></span> <span class='ocrx_word' id='word_1_210' title='bbox 2037 2912 2122 2966; x_wconf 86' lang='lat' dir='ltr'><strong>di-</strong></span> 
     </span>
    </p>
   </div>
   <div class='ocr_carea' id='block_1_30' title="bbox 536 3003 2121 3062">
    <p class='ocr_par' dir='ltr' id='par_1_30' title="bbox 536 3003 2121 3062">
     <span class='ocr_line' id='line_1_30' title="bbox 536 3003 2121 3062; baseline -0.001 0"><span class='ocrx_word' id='word_1_211' title='bbox 536 3016 659 3062; x_wconf 88' lang='lat' dir='ltr'><strong>ctus</strong></span> <span class='ocrx_word' id='word_1_212' title='bbox 705 3006 986 3062; x_wconf 88' lang='lat' dir='ltr'><strong>Paschalis</strong></span> <span class='ocrx_word' id='word_1_213' title='bbox 1023 3005 1112 3062; x_wconf 86' lang='lat' dir='ltr'><strong>IV.</strong></span> <span class='ocrx_word' id='word_1_214' title='bbox 1155 3005 1354 3062; x_wconf 88' lang='lat' dir='ltr'><strong>Comes</strong></span> <span class='ocrx_word' id='word_1_215' title='bbox 1391 3005 1745 3061; x_wconf 87' lang='lat' dir='ltr'><strong>Carnotensis</strong></span> <span class='ocrx_word' id='word_1_216' title='bbox 1793 3003 2121 3060; x_wconf 81' lang='lat' dir='ltr'><strong>Tedbaudus</strong></span> 
     </span>
    </p>
   </div>
   <div class='ocr_carea' id='block_1_31' title="bbox 534 3097 2120 3170">
    <p class='ocr_par' dir='ltr' id='par_1_31' title="bbox 534 3097 2120 3170">
     <span class='ocr_line' id='line_1_31' title="bbox 534 3097 2120 3170; baseline -0.001 -18"><span class='ocrx_word' id='word_1_217' title='bbox 534 3098 828 3169; x_wconf 88' lang='lat' dir='ltr'><strong>despondit</strong></span> <span class='ocrx_word' id='word_1_218' title='bbox 882 3099 1047 3153; x_wconf 90' lang='lat' dir='ltr'><strong>ﬁliam</strong></span> <span class='ocrx_word' id='word_1_219' title='bbox 1101 3097 1364 3153; x_wconf 85' lang='lat' dir='ltr'><strong>Ludovici</strong></span> <span class='ocrx_word' id='word_1_220' title='bbox 1390 3098 1535 3170; x_wconf 89' lang='lat' dir='ltr'><strong>regis</strong></span> <span class='ocrx_word' id='word_1_221' title='bbox 1575 3097 1823 3166; x_wconf 86' lang='lat' dir='ltr'><strong>Francie,</strong></span> <span class='ocrx_word' id='word_1_222' title='bbox 1853 3105 1910 3152; x_wconf 92' lang='lat' dir='ltr'><strong>et</strong></span> <span class='ocrx_word' id='word_1_223' title='bbox 1941 3112 2038 3152; x_wconf 90' lang='lat' dir='ltr'><strong>rex</strong></span> <span class='ocrx_word' id='word_1_224' title='bbox 2072 3097 2120 3152; x_wconf 92' lang='lat' dir='ltr'><strong>ei</strong></span> 
     </span>
    </p>
   </div>
   <div class='ocr_carea' id='block_1_32' title="bbox 533 3188 2123 3260">
    <p class='ocr_par' dir='ltr' id='par_1_32' title="bbox 533 3188 2123 3260">
     <span class='ocr_line' id='line_1_32' title="bbox 533 3188 2123 3260; baseline 0 -16"><span class='ocrx_word' id='word_1_225' title='bbox 533 3190 810 3246; x_wconf 85' lang='lat' dir='ltr'><strong>concessit</strong></span> <span class='ocrx_word' id='word_1_226' title='bbox 837 3190 1203 3260; x_wconf 87' lang='lat' dir='ltr'><strong>dapiferatum</strong></span> <span class='ocrx_word' id='word_1_227' title='bbox 1257 3189 1508 3256; x_wconf 88' lang='lat' dir='ltr'><strong>Francie,</strong></span> <span class='ocrx_word' id='word_1_228' title='bbox 1537 3205 1701 3260; x_wconf 89' lang='lat' dir='ltr'><strong>quem</strong></span> <span class='ocrx_word' id='word_1_229' title='bbox 1731 3204 1917 3245; x_wconf 90' lang='lat' dir='ltr'><strong>comes</strong></span> <span class='ocrx_word' id='word_1_230' title='bbox 1941 3188 2123 3244; x_wconf 86' lang='lat' dir='ltr'><strong>Ande-</strong></span> 
     </span>
    </p>
   </div>
   <div class='ocr_carea' id='block_1_33' title="bbox 537 3281 2125 3352">
    <p class='ocr_par' dir='ltr' id='par_1_33' title="bbox 537 3281 2125 3352">
     <span class='ocr_line' id='line_1_33' title="bbox 537 3281 2125 3352; baseline -0.001 -14"><span class='ocrx_word' id='word_1_231' title='bbox 537 3282 791 3351; x_wconf 78' lang='lat' dir='ltr'><strong>gavensis</strong></span> <span class='ocrx_word' id='word_1_232' title='bbox 815 3282 1119 3352; x_wconf 87' lang='lat' dir='ltr'><strong>antiquitus</strong></span> <span class='ocrx_word' id='word_1_233' title='bbox 1145 3281 1558 3349; x_wconf 84' lang='lat' dir='ltr'><strong>habebat,unde</strong></span> <span class='ocrx_word' id='word_1_234' title='bbox 1577 3282 1744 3338; x_wconf 89' lang='lat' dir='ltr'><strong>etiam</strong></span> <span class='ocrx_word' id='word_1_235' title='bbox 1757 3281 1964 3338; x_wconf 89' lang='lat' dir='ltr'><strong>nostris</strong></span> <span class='ocrx_word' id='word_1_236' title='bbox 1992 3289 2125 3336; x_wconf 88' lang='lat' dir='ltr'><strong>tem-</strong></span> 
     </span>
    </p>
   </div>
   <div class='ocr_carea' id='block_1_34' title="bbox 537 3372 2121 3446">
    <p class='ocr_par' dir='ltr' id='par_1_34' title="bbox 537 3372 2121 3446">
     <span class='ocr_line' id='line_1_34' title="bbox 537 3372 2121 3446; baseline -0.001 -18"><span class='ocrx_word' id='word_1_237' title='bbox 537 3373 765 3446; x_wconf 89' lang='lat' dir='ltr'><strong>poribus</strong></span> <span class='ocrx_word' id='word_1_238' title='bbox 814 3373 1081 3430; x_wconf 81' lang='lat' dir='ltr'><strong>Radulfus</strong></span> <span class='ocrx_word' id='word_1_239' title='bbox 1133 3375 1200 3428; x_wconf 91' lang='lat' dir='ltr'><strong>de</strong></span> <span class='ocrx_word' id='word_1_240' title='bbox 1246 3372 1489 3430; x_wconf 73' lang='lat' dir='ltr'><strong>Perrona</strong></span> <span class='ocrx_word' id='word_1_241' title='bbox 1537 3388 1638 3443; x_wconf 92' lang='lat' dir='ltr'><strong>pro</strong></span> <span class='ocrx_word' id='word_1_242' title='bbox 1689 3389 1759 3430; x_wconf 91' lang='lat' dir='ltr'><strong>eo</strong></span> <span class='ocrx_word' id='word_1_243' title='bbox 1814 3372 2121 3439; x_wconf 84' lang='lat' dir='ltr'><strong>serviebat;</strong></span> 
     </span>
    </p>
   </div>
   <div class='ocr_carea' id='block_1_35' title="bbox 540 3463 2122 3537">
    <p class='ocr_par' dir='ltr' id='par_1_35' title="bbox 540 3463 2122 3537">
     <span class='ocr_line' id='line_1_35' title="bbox 540 3463 2122 3537; baseline -0.001 -16"><span class='ocrx_word' id='word_1_244' title='bbox 540 3465 685 3521; x_wconf 90' lang='lat' dir='ltr'><strong>unde</strong></span> <span class='ocrx_word' id='word_1_245' title='bbox 703 3466 751 3521; x_wconf 90' lang='lat' dir='ltr'><strong>ei</strong></span> <span class='ocrx_word' id='word_1_246' title='bbox 782 3466 1152 3537; x_wconf 90' lang='lat' dir='ltr'><strong>hommagium</strong></span> <span class='ocrx_word' id='word_1_247' title='bbox 1177 3465 1384 3521; x_wconf 79' lang='lat' dir='ltr'><strong>faciens</strong></span> <span class='ocrx_word' id='word_1_248' title='bbox 1407 3474 1468 3522; x_wconf 90' lang='lat' dir='ltr'><strong>ut</strong></span> <span class='ocrx_word' id='word_1_249' title='bbox 1488 3465 1773 3523; x_wconf 88' lang='lat' dir='ltr'><strong>dominum</strong></span> <span class='ocrx_word' id='word_1_250' title='bbox 1796 3463 2122 3520; x_wconf 86' lang='lat' dir='ltr'><strong>honorabat.</strong></span> 
     </span>
    </p>
   </div>
   <div class='ocr_carea' id='block_1_36' title="bbox 542 3559 2129 3632">
    <p class='ocr_par' dir='ltr' id='par_1_36' title="bbox 542 3559 2129 3632">
     <span class='ocr_line' id='line_1_36' title="bbox 542 3559 2129 3632; baseline 0.001 -18"><span class='ocrx_word' id='word_1_251' title='bbox 542 3559 808 3616; x_wconf 82' lang='lat' dir='ltr'><strong>Henricus</strong></span> <span class='ocrx_word' id='word_1_252' title='bbox 859 3570 1042 3616; x_wconf 90' lang='lat' dir='ltr'><strong>autem</strong></span> <span class='ocrx_word' id='word_1_253' title='bbox 1103 3559 1274 3616; x_wconf 83' lang='lat' dir='ltr'><strong>frater</strong></span> <span class='ocrx_word' id='word_1_254' title='bbox 1326 3561 1446 3630; x_wconf 85' lang='lat' dir='ltr'><strong>ejus</strong></span> <span class='ocrx_word' id='word_1_255' title='bbox 1501 3561 1896 3632; x_wconf 86' lang='lat' dir='ltr'><strong>primogenitus</strong></span> <span class='ocrx_word' id='word_1_256' title='bbox 1941 3575 2129 3617; x_wconf 85' lang='lat' dir='ltr'><strong>comes</strong></span> 
     </span>
    </p>
   </div>
   <div class='ocr_carea' id='block_1_37' title="bbox 542 3651 2124 3723">
    <p class='ocr_par' dir='ltr' id='par_1_37' title="bbox 542 3651 2124 3723">
     <span class='ocr_line' id='line_1_37' title="bbox 542 3651 2124 3723; baseline 0 -18"><span class='ocrx_word' id='word_1_257' title='bbox 542 3651 831 3709; x_wconf 82' lang='lat' dir='ltr'><strong>Treeensis</strong></span> <span class='ocrx_word' id='word_1_258' title='bbox 868 3653 1065 3709; x_wconf 89' lang='lat' dir='ltr'><strong>iterum</strong></span> <span class='ocrx_word' id='word_1_259' title='bbox 1121 3653 1422 3722; x_wconf 91' lang='lat' dir='ltr'><strong>assumpsit</strong></span> <span class='ocrx_word' id='word_1_260' title='bbox 1470 3653 1637 3708; x_wconf 82' lang='lat' dir='ltr'><strong>ﬁliam</strong></span> <span class='ocrx_word' id='word_1_261' title='bbox 1669 3651 1930 3708; x_wconf 88' lang='lat' dir='ltr'><strong>Ludovici</strong></span> <span class='ocrx_word' id='word_1_262' title='bbox 1958 3651 2124 3723; x_wconf 90' lang='lat' dir='ltr'><strong>regis,</strong></span> 
     </span>
    </p>
   </div>
   <div class='ocr_carea' id='block_1_38' title="bbox 541 3743 2127 3815">
    <p class='ocr_par' dir='ltr' id='par_1_38' title="bbox 541 3743 2127 3815">
     <span class='ocr_line' id='line_1_38' title="bbox 541 3743 2127 3815; baseline -0.001 -18"><span class='ocrx_word' id='word_1_263' title='bbox 541 3759 706 3814; x_wconf 91' lang='lat' dir='ltr'><strong>quam</strong></span> <span class='ocrx_word' id='word_1_264' title='bbox 748 3746 904 3815; x_wconf 91' lang='lat' dir='ltr'><strong>prius</strong></span> <span class='ocrx_word' id='word_1_265' title='bbox 951 3743 1256 3802; x_wconf 87' lang='lat' dir='ltr'><strong>dimiserat.</strong></span> <span class='ocrx_word' id='word_1_266' title='bbox 1299 3743 1622 3798; x_wconf 82' lang='lat' dir='ltr'><strong>Fredericus</strong></span> <span class='ocrx_word' id='word_1_267' title='bbox 1661 3743 1961 3813; x_wconf 88' lang='lat' dir='ltr'><strong>imperator</strong></span> <span class='ocrx_word' id='word_1_268' title='bbox 1999 3756 2127 3797; x_wconf 90' lang='lat' dir='ltr'><strong>cum</strong></span> 
     </span>
    </p>
   </div>
   <div class='ocr_carea' id='block_1_39' title="bbox 539 3833 2128 3905">
    <p class='ocr_par' dir='ltr' id='par_1_39' title="bbox 539 3833 2128 3905">
     <span class='ocr_line' id='line_1_39' title="bbox 539 3833 2128 3905; baseline -0.002 -15"><span class='ocrx_word' id='word_1_269' title='bbox 539 3833 607 3890; x_wconf 89' lang='lat' dir='ltr'><strong>ad</strong></span> <span class='ocrx_word' id='word_1_270' title='bbox 637 3836 851 3891; x_wconf 90' lang='lat' dir='ltr'><strong>libitum</strong></span> <span class='ocrx_word' id='word_1_271' title='bbox 895 3837 1174 3892; x_wconf 88' lang='lat' dir='ltr'><strong>suddisset</strong></span> <span class='ocrx_word' id='word_1_272' title='bbox 1200 3835 1271 3866; x_wconf 80' lang='lat'><strong>°&quot;</strong></span> <span class='ocrx_word' id='word_1_273' title='bbox 1317 3834 1422 3890; x_wconf 93' lang='lat' dir='ltr'><strong>sibi</strong></span> <span class='ocrx_word' id='word_1_274' title='bbox 1450 3833 1912 3905; x_wconf 81' lang='lat' dir='ltr'><strong>Langobardiam,</strong></span> <span class='ocrx_word' id='word_1_275' title='bbox 1937 3833 1992 3888; x_wconf 94' lang='lat' dir='ltr'><strong>in</strong></span> <span class='ocrx_word' id='word_1_276' title='bbox 2018 3849 2128 3904; x_wconf 90' lang='lat' dir='ltr'><strong>qua</strong></span> 
     </span>
    </p>
   </div>
   <div class='ocr_carea' id='block_1_40' title="bbox 540 3926 2130 3998">
    <p class='ocr_par' dir='ltr' id='par_1_40' title="bbox 540 3926 2130 3998">
     <span class='ocr_line' id='line_1_40' title="bbox 540 3926 2130 3998; baseline 0.001 -17"><span class='ocrx_word' id='word_1_277' title='bbox 540 3935 669 3981; x_wconf 89' lang='lat' dir='ltr'><strong>sunt</strong></span> <span class='ocrx_word' id='word_1_278' title='bbox 690 3928 763 3982; x_wconf 77' lang='lat'><strong>25</strong></span> <span class='ocrx_word' id='word_1_279' title='bbox 793 3928 1060 3993; x_wconf 83' lang='lat' dir='ltr'><strong>civitates,</strong></span> <span class='ocrx_word' id='word_1_280' title='bbox 1102 3927 1246 3982; x_wconf 89' lang='lat' dir='ltr'><strong>inter</strong></span> <span class='ocrx_word' id='word_1_281' title='bbox 1267 3941 1406 3998; x_wconf 91' lang='lat' dir='ltr'><strong>quas</strong></span> <span class='ocrx_word' id='word_1_282' title='bbox 1441 3935 1569 3983; x_wconf 91' lang='lat' dir='ltr'><strong>sunt</strong></span> <span class='ocrx_word' id='word_1_283' title='bbox 1615 3934 1730 3982; x_wconf 89' lang='lat' dir='ltr'><strong>tres</strong></span> <span class='ocrx_word' id='word_1_284' title='bbox 1767 3926 2130 3997; x_wconf 88' lang='lat' dir='ltr'><strong>archiepisco-</strong></span> 
     </span>
    </p>
   </div>
   <div class='ocr_carea' id='block_1_41' title="bbox 545 4014 2130 4090">
    <p class='ocr_par' dir='ltr' id='par_1_41' title="bbox 545 4014 2130 4090">
     <span class='ocr_line' id='line_1_41' title="bbox 545 4014 2130 4090; baseline 0.002 -20"><span class='ocrx_word' id='word_1_285' title='bbox 545 4025 730 4090; x_wconf 89' lang='lat' dir='ltr'><strong>patus,</strong></span> <span class='ocrx_word' id='word_1_286' title='bbox 783 4017 992 4072; x_wconf 87' lang='lat' dir='ltr'><strong>scilicet</strong></span> <span class='ocrx_word' id='word_1_287' title='bbox 1020 4017 1412 4084; x_wconf 83' lang='lat' dir='ltr'><strong>Mediolanum,</strong></span> <span class='ocrx_word' id='word_1_288' title='bbox 1450 4015 1733 4085; x_wconf 84' lang='lat' dir='ltr'><strong>Ravenna,</strong></span> <span class='ocrx_word' id='word_1_289' title='bbox 1757 4014 1961 4087; x_wconf 84' lang='lat' dir='ltr'><strong>Jenua;</strong></span> <span class='ocrx_word' id='word_1_290' title='bbox 1990 4026 2044 4072; x_wconf 91' lang='lat' dir='ltr'><strong>et</strong></span> <span class='ocrx_word' id='word_1_291' title='bbox 2065 4017 2130 4073; x_wconf 81' lang='lat' dir='ltr'><strong>ﬁ—</strong></span> 
     </span>
    </p>
   </div>
   <div class='ocr_carea' id='block_1_42' title="bbox 548 4108 2127 4182">
    <p class='ocr_par' dir='ltr' id='par_1_42' title="bbox 548 4108 2127 4182">
     <span class='ocr_line' id='line_1_42' title="bbox 548 4108 2127 4182; baseline 0 -18"><span class='ocrx_word' id='word_1_292' title='bbox 548 4123 705 4164; x_wconf 85' lang='lat' dir='ltr'><strong>scum</strong></span> <span class='ocrx_word' id='word_1_293' title='bbox 742 4109 950 4182; x_wconf 87' lang='lat' dir='ltr'><strong>regium</strong></span> <span class='ocrx_word' id='word_1_294' title='bbox 992 4108 1060 4165; x_wconf 90' lang='lat' dir='ltr'><strong>ad</strong></span> <span class='ocrx_word' id='word_1_295' title='bbox 1101 4108 1170 4164; x_wconf 88' lang='lat'><strong>50</strong></span> <span class='ocrx_word' id='word_1_296' title='bbox 1198 4109 1350 4167; x_wconf 88' lang='lat' dir='ltr'><strong>milia</strong></span> <span class='ocrx_word' id='word_1_297' title='bbox 1381 4109 1732 4166; x_wconf 89' lang='lat' dir='ltr'><strong>marcharum</strong></span> <span class='ocrx_word' id='word_1_298' title='bbox 1766 4124 2038 4166; x_wconf 90' lang='lat' dir='ltr'><strong>summam</strong></span> <span class='ocrx_word' id='word_1_299' title='bbox 2073 4109 2127 4166; x_wconf 89' lang='lat' dir='ltr'><strong>in</strong></span> 
     </span>
    </p>
   </div>
   <div class='ocr_carea' id='block_1_43' title="bbox 542 4183 2126 4270">
    <p class='ocr_par' dir='ltr' id='par_1_43' title="bbox 542 4183 2126 4270">
     <span class='ocr_line' id='line_1_43' title="bbox 542 4183 2126 4270; baseline -0.001 -18"><span class='ocrx_word' id='word_1_300' title='bbox 542 4197 734 4252; x_wconf 89' lang='lat' dir='ltr'><strong>eodem</strong></span> <span class='ocrx_word' id='word_1_301' title='bbox 758 4183 927 4270; x_wconf 82' lang='lat' dir='ltr'><strong>regno</strong></span> <span class='ocrx_word' id='word_1_302' title='bbox 956 4207 1288 4269; x_wconf 86' lang='lat' dir='ltr'><strong>reparasset,</strong></span> <span class='ocrx_word' id='word_1_303' title='bbox 1316 4206 1371 4253; x_wconf 90' lang='lat' dir='ltr'><strong>et</strong></span> <span class='ocrx_word' id='word_1_304' title='bbox 1397 4213 1587 4270; x_wconf 90' lang='lat' dir='ltr'><strong>pacem</strong></span> <span class='ocrx_word' id='word_1_305' title='bbox 1619 4197 1820 4254; x_wconf 91' lang='lat' dir='ltr'><strong>ibidem</strong></span> <span class='ocrx_word' id='word_1_306' title='bbox 1847 4207 1957 4252; x_wconf 93' lang='lat' dir='ltr'><strong>tam</strong></span> <span class='ocrx_word' id='word_1_307' title='bbox 1989 4197 2126 4256; x_wconf 85' lang='lat' dir='ltr'><strong>indi-</strong></span> 
     </span>
    </p>
   </div>
   <div class='ocr_carea' id='block_1_44' title="bbox 542 4289 2130 4362">
    <p class='ocr_par' dir='ltr' id='par_1_44' title="bbox 542 4289 2130 4362">
     <span class='ocr_line' id='line_1_44' title="bbox 542 4289 2130 4362; baseline 0 -19"><span class='ocrx_word' id='word_1_308' title='bbox 542 4289 698 4361; x_wconf 86' lang='lat' dir='ltr'><strong>genis</strong></span> <span class='ocrx_word' id='word_1_309' title='bbox 726 4305 890 4359; x_wconf 88' lang='lat' dir='ltr'><strong>quam</strong></span> <span class='ocrx_word' id='word_1_310' title='bbox 921 4291 1224 4362; x_wconf 81' lang='lat' dir='ltr'><strong>peregrinis</strong></span> <span class='ocrx_word' id='word_1_311' title='bbox 1246 4290 1600 4351; x_wconf 86' lang='lat' dir='ltr'><strong>reformasset</strong></span> <span class='ocrx_word' id='word_1_312' title='bbox 1625 4307 1639 4346; x_wconf 86' lang='lat'><strong>:</strong></span> <span class='ocrx_word' id='word_1_313' title='bbox 1668 4290 1866 4346; x_wconf 88' lang='lat' dir='ltr'><strong>iterum</strong></span> <span class='ocrx_word' id='word_1_314' title='bbox 1891 4289 2130 4356; x_wconf 79' lang='lat' dir='ltr'><strong>Verona,</strong></span> 
     </span>
    </p>
   </div>
   <div class='ocr_carea' id='block_1_45' title="bbox 540 4381 2130 4453">
    <p class='ocr_par' dir='ltr' id='par_1_45' title="bbox 540 4381 2130 4453">
     <span class='ocr_line' id='line_1_45' title="bbox 540 4381 2130 4453; baseline 0.003 -17"><span class='ocrx_word' id='word_1_315' title='bbox 540 4390 596 4436; x_wconf 74' lang='lat' dir='ltr'><strong>et</strong></span> <span class='ocrx_word' id='word_1_316' title='bbox 621 4381 857 4453; x_wconf 89' lang='lat' dir='ltr'><strong>quedam</strong></span> <span class='ocrx_word' id='word_1_317' title='bbox 887 4383 992 4438; x_wconf 90' lang='lat' dir='ltr'><strong>alie</strong></span> <span class='ocrx_word' id='word_1_318' title='bbox 1022 4383 1270 4440; x_wconf 86' lang='lat' dir='ltr'><strong>civitates</strong></span> <span class='ocrx_word' id='word_1_319' title='bbox 1298 4383 1560 4441; x_wconf 89' lang='lat' dir='ltr'><strong>adversus</strong></span> <span class='ocrx_word' id='word_1_320' title='bbox 1593 4399 1720 4440; x_wconf 91' lang='lat' dir='ltr'><strong>eum</strong></span> <span class='ocrx_word' id='word_1_321' title='bbox 1751 4383 2014 4441; x_wconf 89' lang='lat' dir='ltr'><strong>rebellant</strong></span> <span class='ocrx_word' id='word_1_322' title='bbox 2037 4382 2130 4441; x_wconf 76' lang='lat'><strong>°&quot;.</strong></span> 
     </span>
    </p>
   </div>
   <div class='ocr_carea' id='block_1_46' title="bbox 544 4473 2132 4548">
    <p class='ocr_par' dir='ltr' id='par_1_46' title="bbox 544 4473 2132 4548">
     <span class='ocr_line' id='line_1_46' title="bbox 544 4473 2132 4548; baseline 0 -19"><span class='ocrx_word' id='word_1_323' title='bbox 544 4473 846 4531; x_wconf 86' lang='lat' dir='ltr'><strong>Gualenses</strong></span> <span class='ocrx_word' id='word_1_324' title='bbox 876 4474 1038 4534; x_wconf 83' lang='lat' dir='ltr'><strong>fidem</strong></span> <span class='ocrx_word' id='word_1_325' title='bbox 1081 4474 1318 4532; x_wconf 83' lang='lat' dir='ltr'><strong>Henrico</strong></span> <span class='ocrx_word' id='word_1_326' title='bbox 1346 4475 1460 4548; x_wconf 82' lang='lat' dir='ltr'><strong>regi</strong></span> <span class='ocrx_word' id='word_1_327' title='bbox 1483 4489 1592 4530; x_wconf 92' lang='lat' dir='ltr'><strong>non</strong></span> <span class='ocrx_word' id='word_1_328' title='bbox 1619 4483 1924 4540; x_wconf 87' lang='lat' dir='ltr'><strong>serv-antes,</strong></span> <span class='ocrx_word' id='word_1_329' title='bbox 1953 4483 2132 4529; x_wconf 83' lang='lat' dir='ltr'><strong>terras</strong></span> 
     </span>
    </p>
   </div>
   <div class='ocr_carea' id='block_1_47' title="bbox 543 4566 2132 4642">
    <p class='ocr_par' dir='ltr' id='par_1_47' title="bbox 543 4566 2132 4642">
     <span class='ocr_line' id='line_1_47' title="bbox 543 4566 2132 4642; baseline 0.002 -23"><span class='ocrx_word' id='word_1_330' title='bbox 543 4566 823 4638; x_wconf 84' lang='lat' dir='ltr'><strong>proximas</strong></span> <span class='ocrx_word' id='word_1_331' title='bbox 848 4568 1226 4625; x_wconf 88' lang='lat' dir='ltr'><strong>latrocinando</strong></span> <span class='ocrx_word' id='word_1_332' title='bbox 1253 4567 1532 4633; x_wconf 80' lang='lat' dir='ltr'><strong>infestant,</strong></span> <span class='ocrx_word' id='word_1_333' title='bbox 1557 4577 1752 4640; x_wconf 91' lang='lat' dir='ltr'><strong>agente</strong></span> <span class='ocrx_word' id='word_1_334' title='bbox 1783 4568 2023 4642; x_wconf 91' lang='lat' dir='ltr'><strong>quodam</strong></span> <span class='ocrx_word' id='word_1_335' title='bbox 2048 4581 2132 4622; x_wconf 89' lang='lat' dir='ltr'><strong>rc-</strong></span> 
     </span>
    </p>
   </div>
   <div class='ocr_carea' id='block_1_48' title="bbox 544 4657 2110 4731">
    <p class='ocr_par' dir='ltr' id='par_1_48' title="bbox 544 4657 2110 4731">
     <span class='ocr_line' id='line_1_48' title="bbox 544 4657 2110 4731; baseline 0 -19"><span class='ocrx_word' id='word_1_336' title='bbox 544 4659 675 4730; x_wconf 89' lang='lat' dir='ltr'><strong>gulo</strong></span> <span class='ocrx_word' id='word_1_337' title='bbox 703 4675 913 4728; x_wconf 89' lang='lat' dir='ltr'><strong>eorum,</strong></span> <span class='ocrx_word' id='word_1_338' title='bbox 951 4670 1145 4718; x_wconf 89' lang='lat' dir='ltr'><strong>vocato</strong></span> <span class='ocrx_word' id='word_1_339' title='bbox 1177 4660 1294 4727; x_wconf 78' lang='lat' dir='ltr'><strong>Bis,</strong></span> <span class='ocrx_word' id='word_1_340' title='bbox 1325 4670 1379 4718; x_wconf 91' lang='lat' dir='ltr'><strong>et</strong></span> <span class='ocrx_word' id='word_1_341' title='bbox 1407 4661 1515 4716; x_wconf 90' lang='lat' dir='ltr'><strong>alio</strong></span> <span class='ocrx_word' id='word_1_342' title='bbox 1568 4660 1814 4731; x_wconf 91' lang='lat' dir='ltr'><strong>ejusdem</strong></span> <span class='ocrx_word' id='word_1_343' title='bbox 1866 4657 2110 4731; x_wconf 88' lang='lat' dir='ltr'><strong>perversi</strong></span> 
     </span>
    </p>
   </div>
   <div class='ocr_carea' id='block_1_49' title="bbox 545 4749 2124 4822">
    <p class='ocr_par' dir='ltr' id='par_1_49' title="bbox 545 4749 2124 4822">
     <span class='ocr_line' id='line_1_49' title="bbox 545 4749 2124 4822; baseline -0.002 -16"><span class='ocrx_word' id='word_1_344' title='bbox 545 4749 673 4806; x_wconf 86' lang='lat' dir='ltr'><strong>tatis</strong></span> <span class='ocrx_word' id='word_1_345' title='bbox 707 4750 929 4808; x_wconf 88' lang='lat' dir='ltr'><strong>homine</strong></span> <span class='ocrx_word' id='word_1_346' title='bbox 977 4753 1200 4808; x_wconf 91' lang='lat' dir='ltr'><strong>nomine</strong></span> <span class='ocrx_word' id='word_1_347' title='bbox 1226 4751 1402 4818; x_wconf 73' lang='lat' dir='ltr'><strong>(Eho,</strong></span> <span class='ocrx_word' id='word_1_348' title='bbox 1434 4752 1660 4822; x_wconf 90' lang='lat' dir='ltr'><strong>predicti</strong></span> <span class='ocrx_word' id='word_1_349' title='bbox 1691 4751 1788 4806; x_wconf 81' lang='lat' dir='ltr'><strong>Ris</strong></span> <span class='ocrx_word' id='word_1_350' title='bbox 1833 4749 2124 4806; x_wconf 82' lang='lat' dir='ltr'><strong>avunculo.</strong></span> 
     </span>
    </p>
   </div>
   <div class='ocr_carea' id='block_1_50' title="bbox 546 4841 2131 4915">
    <p class='ocr_par' dir='ltr' id='par_1_50' title="bbox 546 4841 2131 4915">
     <span class='ocr_line' id='line_1_50' title="bbox 546 4841 2131 4915; baseline 0 -21"><span class='ocrx_word' id='word_1_351' title='bbox 546 4841 846 4898; x_wconf 82' lang='lat' dir='ltr'><strong>Walterius</strong></span> <span class='ocrx_word' id='word_1_352' title='bbox 887 4842 1054 4902; x_wconf 71' lang='lat' dir='ltr'><strong>Giﬁ‘ar</strong></span> <span class='ocrx_word' id='word_1_353' title='bbox 1101 4859 1287 4900; x_wconf 84' lang='lat' dir='ltr'><strong>eomes</strong></span> <span class='ocrx_word' id='word_1_354' title='bbox 1331 4843 1398 4898; x_wconf 90' lang='lat' dir='ltr'><strong>de</strong></span> <span class='ocrx_word' id='word_1_355' title='bbox 1444 4843 1852 4915; x_wconf 77' lang='lat' dir='ltr'><strong>Bochingaham</strong></span> <span class='ocrx_word' id='word_1_356' title='bbox 1897 4841 2131 4896; x_wconf 89' lang='lat' dir='ltr'><strong>moritur</strong></span> 
     </span>
    </p>
   </div>
   <div class='ocr_carea' id='block_1_51' title="bbox 545 4934 2127 5006">
    <p class='ocr_par' dir='ltr' id='par_1_51' title="bbox 545 4934 2127 5006">
     <span class='ocr_line' id='line_1_51' title="bbox 545 4934 2127 5006; baseline -0.003 -16"><span class='ocrx_word' id='word_1_357' title='bbox 545 4935 755 5006; x_wconf 88' lang='lat' dir='ltr'><strong>absque</strong></span> <span class='ocrx_word' id='word_1_358' title='bbox 784 4934 1008 5002; x_wconf 78' lang='lat' dir='ltr'><strong>herede,</strong></span> <span class='ocrx_word' id='word_1_359' title='bbox 1037 4943 1092 4990; x_wconf 91' lang='lat' dir='ltr'><strong>et</strong></span> <span class='ocrx_word' id='word_1_360' title='bbox 1120 4936 1414 4994; x_wconf 86' lang='lat' dir='ltr'><strong>comitatus</strong></span> <span class='ocrx_word' id='word_1_361' title='bbox 1456 4935 1578 5006; x_wconf 90' lang='lat' dir='ltr'><strong>ejus</strong></span> <span class='ocrx_word' id='word_1_362' title='bbox 1601 4936 1656 4992; x_wconf 92' lang='lat' dir='ltr'><strong>in</strong></span> <span class='ocrx_word' id='word_1_363' title='bbox 1692 4935 1884 5005; x_wconf 78' lang='lat' dir='ltr'><strong>Anglia</strong></span> <span class='ocrx_word' id='word_1_364' title='bbox 1909 4942 1964 4988; x_wconf 90' lang='lat' dir='ltr'><strong>et</strong></span> <span class='ocrx_word' id='word_1_365' title='bbox 1983 4943 2127 4988; x_wconf 88' lang='lat' dir='ltr'><strong>terra</strong></span> 
     </span>
    </p>
   </div>
   <div class='ocr_carea' id='block_1_52' title="bbox 542 5023 2134 5097">
    <p class='ocr_par' dir='ltr' id='par_1_52' title="bbox 542 5023 2134 5097">
     <span class='ocr_line' id='line_1_52' title="bbox 542 5023 2134 5097; baseline -0.003 -15"><span class='ocrx_word' id='word_1_366' title='bbox 542 5025 666 5097; x_wconf 89' lang='lat' dir='ltr'><strong>ejus</strong></span> <span class='ocrx_word' id='word_1_367' title='bbox 691 5025 745 5078; x_wconf 92' lang='lat' dir='ltr'><strong>in</strong></span> <span class='ocrx_word' id='word_1_368' title='bbox 765 5023 1102 5080; x_wconf 88' lang='lat' dir='ltr'><strong>Normannia</strong></span> <span class='ocrx_word' id='word_1_369' title='bbox 1129 5026 1289 5080; x_wconf 89' lang='lat' dir='ltr'><strong>rediit</strong></span> <span class='ocrx_word' id='word_1_370' title='bbox 1311 5027 1379 5082; x_wconf 92' lang='lat' dir='ltr'><strong>ad</strong></span> <span class='ocrx_word' id='word_1_371' title='bbox 1417 5026 1721 5081; x_wconf 85' lang='lat' dir='ltr'><strong>dominium</strong></span> <span class='ocrx_word' id='word_1_372' title='bbox 1752 5025 1896 5096; x_wconf 89' lang='lat' dir='ltr'><strong>regis</strong></span> <span class='ocrx_word' id='word_1_373' title='bbox 1917 5025 2005 5078; x_wconf 68' lang='grc'>⁸³⁸.</span> <span class='ocrx_word' id='word_1_374' title='bbox 2045 5023 2134 5078; x_wconf 83' lang='lat' dir='ltr'><strong>Ri-</strong></span> 
     </span>
    </p>
   </div>
   <div class='ocr_carea' id='block_1_53' title="bbox 549 5115 2132 5187">
    <p class='ocr_par' dir='ltr' id='par_1_53' title="bbox 549 5115 2132 5187">
     <span class='ocr_line' id='line_1_53' title="bbox 549 5115 2132 5187; baseline -0.004 -11"><span class='ocrx_word' id='word_1_375' title='bbox 549 5117 788 5176; x_wconf 82' lang='lat' dir='ltr'><strong>cliardus</strong></span> <span class='ocrx_word' id='word_1_376' title='bbox 829 5117 897 5172; x_wconf 90' lang='lat' dir='ltr'><strong>de</strong></span> <span class='ocrx_word' id='word_1_377' title='bbox 927 5115 1145 5185; x_wconf 87' lang='lat' dir='ltr'><strong>Humct,</strong></span> <span class='ocrx_word' id='word_1_378' title='bbox 1177 5119 1488 5174; x_wconf 90' lang='lat' dir='ltr'><strong>conestalus</strong></span> <span class='ocrx_word' id='word_1_379' title='bbox 1526 5117 1744 5173; x_wconf 88' lang='lat' dir='ltr'><strong>Henrici</strong></span> <span class='ocrx_word' id='word_1_380' title='bbox 1795 5117 1963 5187; x_wconf 88' lang='lat' dir='ltr'><strong>regis,</strong></span> <span class='ocrx_word' id='word_1_381' title='bbox 1996 5131 2132 5172; x_wconf 88' lang='lat' dir='ltr'><strong>con-</strong></span> 
     </span>
    </p>
   </div>
   <div class='ocr_carea' id='block_1_54' title="bbox 548 5205 2136 5275">
    <p class='ocr_par' dir='ltr' id='par_1_54' title="bbox 548 5205 2136 5275">
     <span class='ocr_line' id='line_1_54' title="bbox 548 5205 2136 5275; baseline -0.001 -11"><span class='ocrx_word' id='word_1_382' title='bbox 548 5210 758 5268; x_wconf 79' lang='lat' dir='ltr'><strong>vocatis</strong></span> <span class='ocrx_word' id='word_1_383' title='bbox 801 5209 1101 5268; x_wconf 86' lang='lat' dir='ltr'><strong>baronibus</strong></span> <span class='ocrx_word' id='word_1_384' title='bbox 1148 5205 1482 5266; x_wconf 87' lang='lat' dir='ltr'><strong>Normannie</strong></span> <span class='ocrx_word' id='word_1_385' title='bbox 1515 5217 1570 5266; x_wconf 88' lang='lat' dir='ltr'><strong>et</strong></span> <span class='ocrx_word' id='word_1_386' title='bbox 1599 5208 1899 5275; x_wconf 86' lang='lat' dir='ltr'><strong>Britannic,</strong></span> <span class='ocrx_word' id='word_1_387' title='bbox 1948 5217 2136 5262; x_wconf 75' lang='lat' dir='ltr'><strong>mense</strong></span> 
     </span>
    </p>
   </div>
   <div class='ocr_carea' id='block_1_55' title="bbox 1690 327 2614 396">
    <p class='ocr_par' dir='ltr' id='par_1_55' title="bbox 1690 327 2614 396">
     <span class='ocr_line' id='line_1_55' title="bbox 1690 327 2614 396; baseline 0.006 -9"><span class='ocrx_word' id='word_1_388' title='bbox 1690 327 2050 388; x_wconf 78' lang='lat' dir='ltr'><strong>SIGEBERTI</strong></span> <span class='ocrx_word' id='word_1_389' title='bbox 2088 329 2614 396; x_wconf 76' lang='lat' dir='ltr'><strong>GEMBLACENSIS</strong></span> 
     </span>
    </p>
   </div>
   <div class='ocr_carea' id='block_1_56' title="bbox 3629 349 3710 404">
    <p class='ocr_par' dir='ltr' id='par_1_56' title="bbox 3629 349 3710 404">
     <span class='ocr_line' id='line_1_56' title="bbox 3629 349 3710 404; baseline 0 0"><span class='ocrx_word' id='word_1_390' title='bbox 3629 349 3710 404; x_wconf 80' lang='lat'><strong>500</strong></span> 
     </span>
    </p>
   </div>
   <div class='ocr_carea' id='block_1_57' title="bbox 2131 445 3709 518">
    <p class='ocr_par' dir='ltr' id='par_1_57' title="bbox 2131 445 3709 518">
     <span class='ocr_line' id='line_1_57' title="bbox 2131 445 3709 518; baseline 0.01 -20"><span class='ocrx_word' id='word_1_391' title='bbox 2131 449 2181 506; x_wconf 84' lang='grc' dir='ltr'><strong>Α</strong></span> <span class='ocrx_word' id='word_1_392' title='bbox 2208 445 2460 518; x_wconf 86' lang='lat' dir='ltr'><strong>Augusto</strong></span> <span class='ocrx_word' id='word_1_393' title='bbox 2493 449 2638 518; x_wconf 87' lang='lat' dir='ltr'><strong>cepit</strong></span> <span class='ocrx_word' id='word_1_394' title='bbox 2664 460 2906 504; x_wconf 88' lang='lat' dir='ltr'><strong>castrum</strong></span> <span class='ocrx_word' id='word_1_395' title='bbox 2940 449 3182 506; x_wconf 89' lang='lat' dir='ltr'><strong>Conbort</strong></span> <span class='ocrx_word' id='word_1_396' title='bbox 3211 451 3263 507; x_wconf 93' lang='lat' dir='ltr'><strong>in</strong></span> <span class='ocrx_word' id='word_1_397' title='bbox 3288 452 3543 510; x_wconf 85' lang='lat' dir='ltr'><strong>Britannia</strong></span> <span class='ocrx_word' id='word_1_398' title='bbox 3563 458 3608 512; x_wconf 90' lang='lat' dir='ltr'><strong>in</strong></span> <span class='ocrx_word' id='word_1_399' title='bbox 3629 475 3709 516; x_wconf 74' lang='lat' dir='ltr'><strong>ma-</strong></span> 
     </span>
    </p>
   </div>
   <div class='ocr_carea' id='block_1_58' title="bbox 2210 539 3712 620">
    <p class='ocr_par' dir='ltr' id='par_1_58' title="bbox 2210 539 3712 620">
     <span class='ocr_line' id='line_1_58' title="bbox 2210 539 3712 620; baseline 0.009 -30"><span class='ocrx_word' id='word_1_400' title='bbox 2210 553 2284 591; x_wconf 91' lang='lat' dir='ltr'><strong>nu</strong></span> <span class='ocrx_word' id='word_1_401' title='bbox 2314 539 2479 610; x_wconf 87' lang='lat' dir='ltr'><strong>regis,</strong></span> <span class='ocrx_word' id='word_1_402' title='bbox 2522 539 2671 609; x_wconf 92' lang='lat' dir='ltr'><strong>quod</strong></span> <span class='ocrx_word' id='word_1_403' title='bbox 2716 539 2985 596; x_wconf 80' lang='lat' dir='ltr'><strong>Radulfus</strong></span> <span class='ocrx_word' id='word_1_404' title='bbox 3005 541 3072 598; x_wconf 93' lang='lat' dir='ltr'><strong>de</strong></span> <span class='ocrx_word' id='word_1_405' title='bbox 3099 542 3342 615; x_wconf 89' lang='lat' dir='ltr'><strong>Filgeriis</strong></span> <span class='ocrx_word' id='word_1_406' title='bbox 3367 546 3602 603; x_wconf 83' lang='lat' dir='ltr'><strong>habuerat</strong></span> <span class='ocrx_word' id='word_1_407' title='bbox 3623 563 3712 620; x_wconf 81' lang='lat' dir='ltr'><strong>post</strong></span> 
     </span>
    </p>
   </div>
   <div class='ocr_carea' id='block_1_59' title="bbox 2209 627 3714 710">
    <p class='ocr_par' dir='ltr' id='par_1_59' title="bbox 2209 627 3714 710">
     <span class='ocr_line' id='line_1_59' title="bbox 2209 627 3714 710; baseline 0.008 -28"><span class='ocrx_word' id='word_1_408' title='bbox 2209 636 2442 683; x_wconf 89' lang='lat' dir='ltr'><strong>mortem</strong></span> <span class='ocrx_word' id='word_1_409' title='bbox 2491 627 2758 687; x_wconf 80' lang='lat' dir='ltr'><strong>Johannis</strong></span> <span class='ocrx_word' id='word_1_410' title='bbox 2805 631 2872 686; x_wconf 90' lang='lat' dir='ltr'><strong>de</strong></span> <span class='ocrx_word' id='word_1_411' title='bbox 2925 631 3044 687; x_wconf 90' lang='lat' dir='ltr'><strong>Dol.</strong></span> <span class='ocrx_word' id='word_1_412' title='bbox 3097 631 3298 689; x_wconf 85' lang='lat' dir='ltr'><strong>Eodem</strong></span> <span class='ocrx_word' id='word_1_413' title='bbox 3350 651 3522 692; x_wconf 87' lang='lat' dir='ltr'><strong>mense</strong></span> <span class='ocrx_word' id='word_1_414' title='bbox 3544 642 3714 710; x_wconf 76' lang='lat' dir='ltr'><strong>sanguis</strong></span> 
     </span>
    </p>
   </div>
   <div class='ocr_carea' id='block_1_60' title="bbox 2211 719 3714 802">
    <p class='ocr_par' dir='ltr' id='par_1_60' title="bbox 2211 719 3714 802">
     <span class='ocr_line' id='line_1_60' title="bbox 2211 719 3714 802; baseline 0.008 -28"><span class='ocrx_word' id='word_1_415' title='bbox 2211 719 2351 790; x_wconf 91' lang='lat' dir='ltr'><strong>pluit</strong></span> <span class='ocrx_word' id='word_1_416' title='bbox 2379 721 2433 775; x_wconf 93' lang='lat' dir='ltr'><strong>in</strong></span> <span class='ocrx_word' id='word_1_417' title='bbox 2456 720 2667 790; x_wconf 81' lang='lat' dir='ltr'><strong>Rethel,</strong></span> <span class='ocrx_word' id='word_1_418' title='bbox 2693 723 2749 776; x_wconf 93' lang='lat' dir='ltr'><strong>in</strong></span> <span class='ocrx_word' id='word_1_419' title='bbox 2775 722 3093 794; x_wconf 89' lang='lat' dir='ltr'><strong>episcopatu</strong></span> <span class='ocrx_word' id='word_1_420' title='bbox 3117 723 3351 782; x_wconf 90' lang='lat' dir='ltr'><strong>Dolensi.</strong></span> <span class='ocrx_word' id='word_1_421' title='bbox 3379 726 3618 786; x_wconf 81' lang='lat' dir='ltr'><strong>Robertus</strong></span> <span class='ocrx_word' id='word_1_422' title='bbox 3639 734 3714 802; x_wconf 71' lang='lat' dir='ltr'><strong>cpi</strong></span> 
     </span>
    </p>
   </div>
   <div class='ocr_carea' id='block_1_61' title="bbox 2211 812 3718 887">
    <p class='ocr_par' dir='ltr' id='par_1_61' title="bbox 2211 812 3718 887">
     <span class='ocr_line' id='line_1_61' title="bbox 2211 812 3718 887; baseline 0.007 -19"><span class='ocrx_word' id='word_1_423' title='bbox 2211 827 2413 882; x_wconf 88' lang='lat' dir='ltr'><strong>scopus</strong></span> <span class='ocrx_word' id='word_1_424' title='bbox 2450 812 2806 870; x_wconf 89' lang='lat' dir='ltr'><strong>Carnotensis</strong></span> <span class='ocrx_word' id='word_1_425' title='bbox 2829 815 2913 869; x_wconf 88' lang='lat' dir='ltr'><strong>vir</strong></span> <span class='ocrx_word' id='word_1_426' title='bbox 2941 815 3231 887; x_wconf 88' lang='lat' dir='ltr'><strong>religiosus</strong></span> <span class='ocrx_word' id='word_1_427' title='bbox 3270 818 3490 873; x_wconf 91' lang='lat' dir='ltr'><strong>moritur</strong></span> <span class='ocrx_word' id='word_1_428' title='bbox 3509 820 3586 874; x_wconf 81' lang='grc'><strong>⁸³⁵.</strong></span> <span class='ocrx_word' id='word_1_429' title='bbox 3611 820 3718 879; x_wconf 82' lang='lat' dir='ltr'><strong>Obiit</strong></span> 
     </span>
    </p>
   </div>
   <div class='ocr_carea' id='block_1_62' title="bbox 2213 904 3717 985">
    <p class='ocr_par' dir='ltr' id='par_1_62' title="bbox 2213 904 3717 985">
     <span class='ocr_line' id='line_1_62' title="bbox 2213 904 3717 985; baseline 0.01 -26"><span class='ocrx_word' id='word_1_430' title='bbox 2213 904 2370 978; x_wconf 90' lang='lat' dir='ltr'><strong>Hugo</strong></span> <span class='ocrx_word' id='word_1_431' title='bbox 2397 907 2725 965; x_wconf 88' lang='lat' dir='ltr'><strong>venerabilis</strong></span> <span class='ocrx_word' id='word_1_432' title='bbox 2769 909 3217 982; x_wconf 87' lang='lat' dir='ltr'><strong>archiepiscopus</strong></span> <span class='ocrx_word' id='word_1_433' title='bbox 3256 911 3717 985; x_wconf 65' lang='lat' dir='ltr'><strong>Rothomagensist</strong></span> 
     </span>
    </p>
   </div>
   <div class='ocr_carea' id='block_1_63' title="bbox 2212 996 3720 1079">
    <p class='ocr_par' dir='ltr' id='par_1_63' title="bbox 2212 996 3720 1079">
     <span class='ocr_line' id='line_1_63' title="bbox 2212 996 3720 1079; baseline 0.009 -28"><span class='ocrx_word' id='word_1_434' title='bbox 2212 996 2291 1054; x_wconf 89' lang='lat' dir='ltr'><strong>1d.</strong></span> <span class='ocrx_word' id='word_1_435' title='bbox 2353 998 2628 1056; x_wconf 86' lang='lat' dir='ltr'><strong>Octobris.</strong></span> <span class='ocrx_word' id='word_1_436' title='bbox 2661 999 2763 1056; x_wconf 88' lang='lat' dir='ltr'><strong>Hie</strong></span> <span class='ocrx_word' id='word_1_437' title='bbox 2789 1001 2874 1056; x_wconf 89' lang='lat' dir='ltr'><strong>vir</strong></span> <span class='ocrx_word' id='word_1_438' title='bbox 2927 1018 3122 1074; x_wconf 81' lang='lat' dir='ltr'><strong>magne</strong></span> <span class='ocrx_word' id='word_1_439' title='bbox 3172 1005 3445 1062; x_wconf 85' lang='lat' dir='ltr'><strong>literature</strong></span> <span class='ocrx_word' id='word_1_440' title='bbox 3494 1009 3635 1063; x_wconf 79' lang='lat' dir='ltr'><strong>multa</strong></span> <span class='ocrx_word' id='word_1_441' title='bbox 3659 1011 3720 1079; x_wconf 86' lang='lat' dir='ltr'><strong>jo-</strong></span> 
     </span>
    </p>
   </div>
   <div class='ocr_carea' id='block_1_64' title="bbox 2213 1087 3721 1166">
    <p class='ocr_par' dir='ltr' id='par_1_64' title="bbox 2213 1087 3721 1166">
     <span class='ocr_line' id='line_1_64' title="bbox 2213 1087 3721 1166; baseline 0.007 -24"><span class='ocrx_word' id='word_1_442' title='bbox 2213 1087 2390 1143; x_wconf 91' lang='lat' dir='ltr'><strong>cunde</strong></span> <span class='ocrx_word' id='word_1_443' title='bbox 2416 1088 2618 1156; x_wconf 88' lang='lat' dir='ltr'><strong>edidit;</strong></span> <span class='ocrx_word' id='word_1_444' title='bbox 2647 1089 2828 1145; x_wconf 88' lang='lat' dir='ltr'><strong>viduis</strong></span> <span class='ocrx_word' id='word_1_445' title='bbox 2853 1099 2906 1146; x_wconf 92' lang='lat' dir='ltr'><strong>et</strong></span> <span class='ocrx_word' id='word_1_446' title='bbox 2927 1092 3188 1162; x_wconf 84' lang='lat' dir='ltr'><strong>orphanis</strong></span> <span class='ocrx_word' id='word_1_447' title='bbox 3217 1101 3272 1148; x_wconf 91' lang='lat' dir='ltr'><strong>et</strong></span> <span class='ocrx_word' id='word_1_448' title='bbox 3300 1094 3419 1151; x_wconf 87' lang='lat' dir='ltr'><strong>aliis</strong></span> <span class='ocrx_word' id='word_1_449' title='bbox 3457 1097 3721 1166; x_wconf 84' lang='lat' dir='ltr'><strong>pauperibus</strong></span> 
     </span>
    </p>
   </div>
   <div class='ocr_carea' id='block_1_65' title="bbox 2212 1176 3721 1256">
    <p class='ocr_par' dir='ltr' id='par_1_65' title="bbox 2212 1176 3721 1256">
     <span class='ocr_line' id='line_1_65' title="bbox 2212 1176 3721 1256; baseline 0.005 -24"><span class='ocrx_word' id='word_1_450' title='bbox 2212 1176 2398 1248; x_wconf 87' lang='lat' dir='ltr'><strong>largus</strong></span> <span class='ocrx_word' id='word_1_451' title='bbox 2433 1177 2630 1234; x_wconf 86' lang='lat' dir='ltr'><strong>extitit.</strong></span> <span class='ocrx_word' id='word_1_452' title='bbox 2676 1177 2836 1233; x_wconf 86' lang='lat' dir='ltr'><strong>Rexit</strong></span> <span class='ocrx_word' id='word_1_453' title='bbox 2865 1189 3046 1236; x_wconf 87' lang='lat' dir='ltr'><strong>autem</strong></span> <span class='ocrx_word' id='word_1_454' title='bbox 3075 1181 3363 1239; x_wconf 89' lang='lat' dir='ltr'><strong>ecclesiam</strong></span> <span class='ocrx_word' id='word_1_455' title='bbox 3387 1183 3721 1256; x_wconf 81' lang='lat' dir='ltr'><strong>Rothomagea-</strong></span> 
     </span>
    </p>
   </div>
   <div class='ocr_carea' id='block_1_66' title="bbox 2215 1270 3723 1348">
    <p class='ocr_par' dir='ltr' id='par_1_66' title="bbox 2215 1270 3723 1348">
     <span class='ocr_line' id='line_1_66' title="bbox 2215 1270 3723 1348; baseline 0.007 -24"><span class='ocrx_word' id='word_1_456' title='bbox 2215 1284 2330 1324; x_wconf 86' lang='lat' dir='ltr'><strong>sem</strong></span> <span class='ocrx_word' id='word_1_457' title='bbox 2376 1270 2607 1327; x_wconf 90' lang='lat' dir='ltr'><strong>honeste</strong></span> <span class='ocrx_word' id='word_1_458' title='bbox 2627 1279 2681 1327; x_wconf 90' lang='lat' dir='ltr'><strong>et</strong></span> <span class='ocrx_word' id='word_1_459' title='bbox 2707 1271 2938 1328; x_wconf 76' lang='lat' dir='ltr'><strong>viriliter</strong></span> <span class='ocrx_word' id='word_1_460' title='bbox 2977 1274 3136 1330; x_wconf 91' lang='lat' dir='ltr'><strong>annis</strong></span> <span class='ocrx_word' id='word_1_461' title='bbox 3173 1273 3283 1331; x_wconf 88' lang='lat' dir='ltr'><strong>fere</strong></span> <span class='ocrx_word' id='word_1_462' title='bbox 3332 1275 3537 1348; x_wconf 83' lang='lat' dir='ltr'><strong>triginta</strong></span> <span class='ocrx_word' id='word_1_463' title='bbox 3555 1277 3628 1332; x_wconf 81' lang='lat'><strong>‘“.</strong></span> <span class='ocrx_word' id='word_1_464' title='bbox 3654 1277 3723 1334; x_wconf 80' lang='lat' dir='ltr'><strong>Al-</strong></span> 
     </span>
    </p>
   </div>
   <div class='ocr_carea' id='block_1_67' title="bbox 2215 1361 3726 1432">
    <p class='ocr_par' dir='ltr' id='par_1_67' title="bbox 2215 1361 3726 1432">
     <span class='ocr_line' id='line_1_67' title="bbox 2215 1361 3726 1432; baseline 0.006 -18"><span class='ocrx_word' id='word_1_465' title='bbox 2215 1361 2486 1420; x_wconf 88' lang='lat' dir='ltr'><strong>marricus</strong></span> <span class='ocrx_word' id='word_1_466' title='bbox 2512 1377 2608 1417; x_wconf 89' lang='lat' dir='ltr'><strong>rex</strong></span> <span class='ocrx_word' id='word_1_467' title='bbox 2636 1361 2958 1432; x_wconf 84' lang='lat' dir='ltr'><strong>Jerusalem,</strong></span> <span class='ocrx_word' id='word_1_468' title='bbox 2991 1364 3294 1422; x_wconf 90' lang='lat' dir='ltr'><strong>conductus</strong></span> <span class='ocrx_word' id='word_1_469' title='bbox 3329 1366 3397 1421; x_wconf 88' lang='lat' dir='ltr'><strong>ab</strong></span> <span class='ocrx_word' id='word_1_470' title='bbox 3423 1367 3638 1422; x_wconf 86' lang='lat' dir='ltr'><strong>amiralio</strong></span> <span class='ocrx_word' id='word_1_471' title='bbox 3658 1367 3726 1422; x_wconf 80' lang='lat' dir='ltr'><strong>Ba-</strong></span> 
     </span>
    </p>
   </div>
   <div class='ocr_carea' id='block_1_68' title="bbox 2216 1451 3724 1526">
    <p class='ocr_par' dir='ltr' id='par_1_68' title="bbox 2216 1451 3724 1526">
     <span class='ocr_line' id='line_1_68' title="bbox 2216 1451 3724 1526; baseline 0.004 -20"><span class='ocrx_word' id='word_1_472' title='bbox 2216 1451 2478 1520; x_wconf 92' lang='lat' dir='ltr'><strong>bilonico,</strong></span> <span class='ocrx_word' id='word_1_473' title='bbox 2499 1469 2625 1509; x_wconf 95' lang='lat' dir='ltr'><strong>cum</strong></span> <span class='ocrx_word' id='word_1_474' title='bbox 2653 1455 2892 1511; x_wconf 83' lang='lat' dir='ltr'><strong>exercitu</strong></span> <span class='ocrx_word' id='word_1_475' title='bbox 2919 1455 3158 1525; x_wconf 86' lang='lat' dir='ltr'><strong>perrexit</strong></span> <span class='ocrx_word' id='word_1_476' title='bbox 3182 1455 3237 1512; x_wconf 92' lang='lat' dir='ltr'><strong>in</strong></span> <span class='ocrx_word' id='word_1_477' title='bbox 3267 1455 3580 1526; x_wconf 86' lang='lat' dir='ltr'><strong>adjutorium</strong></span> <span class='ocrx_word' id='word_1_478' title='bbox 3602 1457 3724 1525; x_wconf 82' lang='lat' dir='ltr'><strong>illius,</strong></span> 
     </span>
    </p>
   </div>
   <div class='ocr_carea' id='block_1_69' title="bbox 2217 1539 3724 1615">
    <p class='ocr_par' dir='ltr' id='par_1_69' title="bbox 2217 1539 3724 1615">
     <span class='ocr_line' id='line_1_69' title="bbox 2217 1539 3724 1615; baseline 0.006 -21"><span class='ocrx_word' id='word_1_479' title='bbox 2217 1539 2455 1597; x_wconf 87' lang='lat' dir='ltr'><strong>liberare</strong></span> <span class='ocrx_word' id='word_1_480' title='bbox 2509 1543 2784 1613; x_wconf 89' lang='lat' dir='ltr'><strong>quandam</strong></span> <span class='ocrx_word' id='word_1_481' title='bbox 2824 1544 3098 1600; x_wconf 89' lang='lat' dir='ltr'><strong>civitatem</strong></span> <span class='ocrx_word' id='word_1_482' title='bbox 3125 1545 3298 1615; x_wconf 91' lang='lat' dir='ltr'><strong>ipsius</strong></span> <span class='ocrx_word' id='word_1_483' title='bbox 3320 1546 3526 1602; x_wconf 87' lang='lat' dir='ltr'><strong>nomine</strong></span> <span class='ocrx_word' id='word_1_484' title='bbox 3547 1547 3724 1603; x_wconf 79' lang='lat' dir='ltr'><strong>Barhas-</strong></span> 
     </span>
    </p>
   </div>
   <div class='ocr_carea' id='block_1_70' title="bbox 2218 1632 3728 1706">
    <p class='ocr_par' dir='ltr' id='par_1_70' title="bbox 2218 1632 3728 1706">
     <span class='ocr_line' id='line_1_70' title="bbox 2218 1632 3728 1706; baseline 0.005 -19"><span class='ocrx_word' id='word_1_485' title='bbox 2218 1642 2354 1699; x_wconf 86' lang='lat' dir='ltr'><strong>tam,</strong></span> <span class='ocrx_word' id='word_1_486' title='bbox 2375 1649 2540 1703; x_wconf 89' lang='lat' dir='ltr'><strong>quam</strong></span> <span class='ocrx_word' id='word_1_487' title='bbox 2589 1632 2822 1706; x_wconf 88' lang='lat' dir='ltr'><strong>Salegon</strong></span> <span class='ocrx_word' id='word_1_488' title='bbox 2865 1636 3202 1698; x_wconf 88' lang='lat' dir='ltr'><strong>senescallus</strong></span> <span class='ocrx_word' id='word_1_489' title='bbox 3225 1634 3459 1691; x_wconf 82' lang='lat' dir='ltr'><strong>Noradin</strong></span> <span class='ocrx_word' id='word_1_490' title='bbox 3486 1635 3645 1692; x_wconf 84' lang='lat' dir='ltr'><strong>fraude</strong></span> <span class='ocrx_word' id='word_1_491' title='bbox 3663 1652 3728 1694; x_wconf 79' lang='lat' dir='ltr'><strong>oe-</strong></span> 
     </span>
    </p>
   </div>
   <div class='ocr_carea' id='block_1_71' title="bbox 2220 1725 3728 1798">
    <p class='ocr_par' dir='ltr' id='par_1_71' title="bbox 2220 1725 3728 1798">
     <span class='ocr_line' id='line_1_71' title="bbox 2220 1725 3728 1798; baseline 0.001 -19"><span class='ocrx_word' id='word_1_492' title='bbox 2220 1733 2477 1794; x_wconf 86' lang='lat' dir='ltr'><strong>cupatam</strong></span> <span class='ocrx_word' id='word_1_493' title='bbox 2507 1734 2696 1782; x_wconf 90' lang='lat' dir='ltr'><strong>contra</strong></span> <span class='ocrx_word' id='word_1_494' title='bbox 2731 1725 2910 1796; x_wconf 91' lang='lat' dir='ltr'><strong>ipsum</strong></span> <span class='ocrx_word' id='word_1_495' title='bbox 2945 1725 3180 1781; x_wconf 87' lang='lat' dir='ltr'><strong>tenebat.</strong></span> <span class='ocrx_word' id='word_1_496' title='bbox 3234 1725 3465 1782; x_wconf 86' lang='lat' dir='ltr'><strong>Obsessa</strong></span> <span class='ocrx_word' id='word_1_497' title='bbox 3504 1726 3642 1798; x_wconf 78' lang='lat' dir='ltr'><strong>igitur</strong></span> <span class='ocrx_word' id='word_1_498' title='bbox 3663 1742 3728 1796; x_wconf 86' lang='lat' dir='ltr'><strong>per</strong></span> 
     </span>
    </p>
   </div>
   <div class='ocr_carea' id='block_1_72' title="bbox 2147 1809 3728 1888">
    <p class='ocr_par' dir='ltr' id='par_1_72' title="bbox 2147 1809 3728 1888">
     <span class='ocr_line' id='line_1_72' title="bbox 2147 1809 3728 1888; baseline 0.001 -19"><span class='ocrx_word' id='word_1_499' title='bbox 2147 1809 2189 1869; x_wconf 89' lang='grc' dir='ltr'><strong><em>Β</em></strong></span> <span class='ocrx_word' id='word_1_500' title='bbox 2216 1813 2617 1884; x_wconf 88' lang='lat' dir='ltr'><strong>aliquantulum</strong></span> <span class='ocrx_word' id='word_1_501' title='bbox 2648 1815 2932 1886; x_wconf 85' lang='lat' dir='ltr'><strong>temporis,</strong></span> <span class='ocrx_word' id='word_1_502' title='bbox 2965 1817 3202 1872; x_wconf 88' lang='lat' dir='ltr'><strong>tamdem</strong></span> <span class='ocrx_word' id='word_1_503' title='bbox 3226 1825 3385 1888; x_wconf 85' lang='lat' dir='ltr'><strong>capta</strong></span> <span class='ocrx_word' id='word_1_504' title='bbox 3411 1825 3555 1872; x_wconf 87' lang='lat' dir='ltr'><strong>estet</strong></span> <span class='ocrx_word' id='word_1_505' title='bbox 3577 1817 3728 1871; x_wconf 81' lang='lat' dir='ltr'><strong>amira-</strong></span> 
     </span>
    </p>
   </div>
   <div class='ocr_carea' id='block_1_73' title="bbox 2216 1905 3729 1971">
    <p class='ocr_par' dir='ltr' id='par_1_73' title="bbox 2216 1905 3729 1971">
     <span class='ocr_line' id='line_1_73' title="bbox 2216 1905 3729 1971; baseline 0.001 -12"><span class='ocrx_word' id='word_1_506' title='bbox 2216 1905 2292 1959; x_wconf 94' lang='lat' dir='ltr'><strong>lio</strong></span> <span class='ocrx_word' id='word_1_507' title='bbox 2313 1905 2565 1961; x_wconf 88' lang='lat' dir='ltr'><strong>restituta</strong></span> <span class='ocrx_word' id='word_1_508' title='bbox 2600 1906 2824 1971; x_wconf 86' lang='lat' dir='ltr'><strong>civitas,</strong></span> <span class='ocrx_word' id='word_1_509' title='bbox 2856 1905 3090 1963; x_wconf 86' lang='lat' dir='ltr'><strong>ﬁrmatis</strong></span> <span class='ocrx_word' id='word_1_510' title='bbox 3140 1917 3323 1964; x_wconf 89' lang='lat' dir='ltr'><strong>autem</strong></span> <span class='ocrx_word' id='word_1_511' title='bbox 3348 1907 3484 1963; x_wconf 81' lang='lat' dir='ltr'><strong>inter</strong></span> <span class='ocrx_word' id='word_1_512' title='bbox 3517 1921 3600 1962; x_wconf 88' lang='lat' dir='ltr'><strong>eos</strong></span> <span class='ocrx_word' id='word_1_513' title='bbox 3637 1907 3729 1961; x_wconf 80' lang='lat' dir='ltr'><strong>ami-</strong></span> 
     </span>
    </p>
   </div>
   <div class='ocr_carea' id='block_1_74' title="bbox 2217 1997 3730 2070">
    <p class='ocr_par' dir='ltr' id='par_1_74' title="bbox 2217 1997 3730 2070">
     <span class='ocr_line' id='line_1_74' title="bbox 2217 1997 3730 2070; baseline -0.003 -16"><span class='ocrx_word' id='word_1_514' title='bbox 2217 1997 2382 2065; x_wconf 89' lang='lat' dir='ltr'><strong>citiis,</strong></span> <span class='ocrx_word' id='word_1_515' title='bbox 2412 2008 2466 2053; x_wconf 89' lang='lat' dir='ltr'><strong>et</strong></span> <span class='ocrx_word' id='word_1_516' title='bbox 2512 1997 2738 2055; x_wconf 90' lang='lat' dir='ltr'><strong>redditis</strong></span> <span class='ocrx_word' id='word_1_517' title='bbox 2789 1998 2978 2054; x_wconf 91' lang='lat' dir='ltr'><strong>multis</strong></span> <span class='ocrx_word' id='word_1_518' title='bbox 3021 1998 3272 2070; x_wconf 87' lang='lat' dir='ltr'><strong>captivis,</strong></span> <span class='ocrx_word' id='word_1_519' title='bbox 3315 1997 3574 2069; x_wconf 88' lang='lat' dir='ltr'><strong>duplicato</strong></span> <span class='ocrx_word' id='word_1_520' title='bbox 3611 1997 3730 2052; x_wconf 76' lang='lat' dir='ltr'><strong>etiam</strong></span> 
     </span>
    </p>
   </div>
   <div class='ocr_carea' id='block_1_75' title="bbox 2217 2088 3730 2161">
    <p class='ocr_par' dir='ltr' id='par_1_75' title="bbox 2217 2088 3730 2161">
     <span class='ocr_line' id='line_1_75' title="bbox 2217 2088 3730 2161; baseline -0.003 -17"><span class='ocrx_word' id='word_1_521' title='bbox 2217 2089 2425 2145; x_wconf 90' lang='lat' dir='ltr'><strong>tributo</strong></span> <span class='ocrx_word' id='word_1_522' title='bbox 2447 2118 2517 2130; x_wconf 89' lang='lat'><strong>-—</strong></span> <span class='ocrx_word' id='word_1_523' title='bbox 2543 2105 2671 2144; x_wconf 92' lang='lat' dir='ltr'><strong>nam</strong></span> <span class='ocrx_word' id='word_1_524' title='bbox 2715 2099 2875 2146; x_wconf 91' lang='lat' dir='ltr'><strong>antea</strong></span> <span class='ocrx_word' id='word_1_525' title='bbox 2904 2089 3070 2145; x_wconf 88' lang='lat' dir='ltr'><strong>dabat</strong></span> <span class='ocrx_word' id='word_1_526' title='bbox 3115 2090 3401 2146; x_wconf 88' lang='lat' dir='ltr'><strong>amiralius</strong></span> <span class='ocrx_word' id='word_1_527' title='bbox 3431 2090 3535 2161; x_wconf 87' lang='lat' dir='ltr'><strong>regi</strong></span> <span class='ocrx_word' id='word_1_528' title='bbox 3559 2088 3730 2160; x_wconf 78' lang='lat' dir='ltr'><strong>singulis</strong></span> 
     </span>
    </p>
   </div>
   <div class='ocr_carea' id='block_1_76' title="bbox 2218 2179 3731 2253">
    <p class='ocr_par' dir='ltr' id='par_1_76' title="bbox 2218 2179 3731 2253">
     <span class='ocr_line' id='line_1_76' title="bbox 2218 2179 3731 2253; baseline -0.001 -17"><span class='ocrx_word' id='word_1_529' title='bbox 2218 2181 2380 2238; x_wconf 91' lang='lat' dir='ltr'><strong>annis</strong></span> <span class='ocrx_word' id='word_1_530' title='bbox 2429 2181 2500 2236; x_wconf 80' lang='lat'><strong>50</strong></span> <span class='ocrx_word' id='word_1_531' title='bbox 2547 2179 2699 2236; x_wconf 76' lang='lat' dir='ltr'><strong>milia&#39;</strong></span> <span class='ocrx_word' id='word_1_532' title='bbox 2742 2197 3036 2238; x_wconf 88' lang='lat' dir='ltr'><strong>aureorum</strong></span> <span class='ocrx_word' id='word_1_533' title='bbox 3071 2213 3143 2226; x_wconf 87' lang='lat'><strong>—-</strong></span> <span class='ocrx_word' id='word_1_534' title='bbox 3163 2198 3260 2238; x_wconf 90' lang='lat' dir='ltr'><strong>rex</strong></span> <span class='ocrx_word' id='word_1_535' title='bbox 3283 2183 3351 2240; x_wconf 92' lang='lat' dir='ltr'><strong>ad</strong></span> <span class='ocrx_word' id='word_1_536' title='bbox 3376 2181 3577 2253; x_wconf 85' lang='lat' dir='ltr'><strong>prepria</strong></span> <span class='ocrx_word' id='word_1_537' title='bbox 3600 2179 3731 2234; x_wconf 84' lang='lat' dir='ltr'><strong>rediit.</strong></span> 
     </span>
    </p>
   </div>
   <div class='ocr_carea' id='block_1_77' title="bbox 2220 2269 3732 2340">
    <p class='ocr_par' dir='ltr' id='par_1_77' title="bbox 2220 2269 3732 2340">
     <span class='ocr_line' id='line_1_77' title="bbox 2220 2269 3732 2340; baseline -0.003 -15"><span class='ocrx_word' id='word_1_538' title='bbox 2220 2270 2327 2325; x_wconf 71' lang='lat' dir='ltr'><strong>Sed</strong></span> <span class='ocrx_word' id='word_1_539' title='bbox 2370 2270 2576 2326; x_wconf 89' lang='lat' dir='ltr'><strong>interea</strong></span> <span class='ocrx_word' id='word_1_540' title='bbox 2621 2269 2859 2331; x_wconf 79' lang='lat' dir='ltr'><strong>Noradin</strong></span> <span class='ocrx_word' id='word_1_541' title='bbox 2905 2271 3162 2328; x_wconf 89' lang='lat' dir='ltr'><strong>intulerat</strong></span> <span class='ocrx_word' id='word_1_542' title='bbox 3190 2271 3505 2328; x_wconf 90' lang='lat' dir='ltr'><strong>christianis</strong></span> <span class='ocrx_word' id='word_1_543' title='bbox 3535 2284 3732 2340; x_wconf 87' lang='lat' dir='ltr'><strong>magnum</strong></span> 
     </span>
    </p>
   </div>
   <div class='ocr_carea' id='block_1_78' title="bbox 2219 2361 3731 2436">
    <p class='ocr_par' dir='ltr' id='par_1_78' title="bbox 2219 2361 3731 2436">
     <span class='ocr_line' id='line_1_78' title="bbox 2219 2361 3731 2436; baseline -0.002 -18"><span class='ocrx_word' id='word_1_544' title='bbox 2219 2361 2541 2434; x_wconf 90' lang='lat' dir='ltr'><strong>dampnum;</strong></span> <span class='ocrx_word' id='word_1_545' title='bbox 2565 2379 2691 2420; x_wconf 91' lang='lat' dir='ltr'><strong>nam</strong></span> <span class='ocrx_word' id='word_1_546' title='bbox 2706 2373 2866 2436; x_wconf 88' lang='lat' dir='ltr'><strong>capto</strong></span> <span class='ocrx_word' id='word_1_547' title='bbox 2886 2375 3068 2420; x_wconf 89' lang='lat' dir='ltr'><strong>castro</strong></span> <span class='ocrx_word' id='word_1_548' title='bbox 3091 2380 3305 2432; x_wconf 90' lang='lat' dir='ltr'><strong>eorum,</strong></span> <span class='ocrx_word' id='word_1_549' title='bbox 3329 2363 3539 2420; x_wconf 89' lang='lat' dir='ltr'><strong>nomine</strong></span> <span class='ocrx_word' id='word_1_550' title='bbox 3555 2361 3731 2424; x_wconf 84' lang='lat' dir='ltr'><strong>Harenc,</strong></span> 
     </span>
    </p>
   </div>
   <div class='ocr_carea' id='block_1_79' title="bbox 2221 2451 3732 2528">
    <p class='ocr_par' dir='ltr' id='par_1_79' title="bbox 2221 2451 3732 2528">
     <span class='ocr_line' id='line_1_79' title="bbox 2221 2451 3732 2528; baseline -0.003 -20"><span class='ocrx_word' id='word_1_551' title='bbox 2221 2462 2382 2524; x_wconf 92' lang='lat' dir='ltr'><strong>capto</strong></span> <span class='ocrx_word' id='word_1_552' title='bbox 2429 2454 2595 2509; x_wconf 88' lang='lat' dir='ltr'><strong>etiam</strong></span> <span class='ocrx_word' id='word_1_553' title='bbox 2622 2453 2941 2511; x_wconf 83' lang='lat' dir='ltr'><strong>Boamundo</strong></span> <span class='ocrx_word' id='word_1_554' title='bbox 2958 2455 3178 2525; x_wconf 89' lang='lat' dir='ltr'><strong>juniore</strong></span> <span class='ocrx_word' id='word_1_555' title='bbox 3219 2456 3464 2528; x_wconf 88' lang='lat' dir='ltr'><strong>principe</strong></span> <span class='ocrx_word' id='word_1_556' title='bbox 3489 2451 3732 2516; x_wconf 66' lang='lat' dir='ltr'><strong>Antiochia,</strong></span> 
     </span>
    </p>
   </div>
   <div class='ocr_carea' id='block_1_80' title="bbox 2219 2545 3730 2615">
    <p class='ocr_par' dir='ltr' id='par_1_80' title="bbox 2219 2545 3730 2615">
     <span class='ocr_line' id='line_1_80' title="bbox 2219 2545 3730 2615; baseline -0.003 -13"><span class='ocrx_word' id='word_1_557' title='bbox 2219 2553 2274 2602; x_wconf 91' lang='lat' dir='ltr'><strong>et</strong></span> <span class='ocrx_word' id='word_1_558' title='bbox 2294 2545 2482 2602; x_wconf 89' lang='lat' dir='ltr'><strong>multis</strong></span> <span class='ocrx_word' id='word_1_559' title='bbox 2525 2545 2844 2614; x_wconf 84' lang='lat' dir='ltr'><strong>interfectis,</strong></span> <span class='ocrx_word' id='word_1_560' title='bbox 2883 2545 3156 2615; x_wconf 86' lang='lat' dir='ltr'><strong>llabilina,</strong></span> <span class='ocrx_word' id='word_1_561' title='bbox 3179 2547 3233 2602; x_wconf 95' lang='lat' dir='ltr'><strong>id</strong></span> <span class='ocrx_word' id='word_1_562' title='bbox 3269 2555 3356 2603; x_wconf 92' lang='lat' dir='ltr'><strong>est</strong></span> <span class='ocrx_word' id='word_1_563' title='bbox 3381 2545 3596 2612; x_wconf 88' lang='lat' dir='ltr'><strong>Belinas,</strong></span> <span class='ocrx_word' id='word_1_564' title='bbox 3621 2550 3730 2614; x_wconf 84' lang='lat' dir='ltr'><strong>post-</strong></span> 
     </span>
    </p>
   </div>
   <div class='ocr_carea' id='block_1_81' title="bbox 2220 2634 3244 2708">
    <p class='ocr_par' dir='ltr' id='par_1_81' title="bbox 2220 2634 3244 2708">
     <span class='ocr_line' id='line_1_81' title="bbox 2220 2634 3244 2708; baseline 0.002 -18"><span class='ocrx_word' id='word_1_565' title='bbox 2220 2636 2445 2691; x_wconf 90' lang='lat' dir='ltr'><strong>modum</strong></span> <span class='ocrx_word' id='word_1_566' title='bbox 2468 2652 2500 2692; x_wconf 90' lang='lat' dir='ltr'><strong>a</strong></span> <span class='ocrx_word' id='word_1_567' title='bbox 2528 2634 2846 2693; x_wconf 88' lang='lat' dir='ltr'><strong>Sarracenis</strong></span> <span class='ocrx_word' id='word_1_568' title='bbox 2875 2651 3104 2708; x_wconf 83' lang='lat' dir='ltr'><strong>pervasa</strong></span> <span class='ocrx_word' id='word_1_569' title='bbox 3139 2645 3244 2693; x_wconf 88' lang='lat' dir='ltr'><strong>est.</strong></span> 
     </span>
    </p>
   </div>
   <div class='ocr_carea' id='block_1_82' title="bbox 2222 2722 3733 2784">
    <p class='ocr_par' dir='ltr' id='par_1_82' title="bbox 2222 2722 3733 2784">
     <span class='ocr_line' id='line_1_82' title="bbox 2222 2722 3733 2784; baseline -0.005 -2"><span class='ocrx_word' id='word_1_570' title='bbox 2222 2727 2381 2782; x_wconf 78' lang='grc'><strong>1165.</strong></span> <span class='ocrx_word' id='word_1_571' title='bbox 2459 2727 2778 2783; x_wconf 80' lang='lat' dir='ltr'><strong>Fredericus</strong></span> <span class='ocrx_word' id='word_1_572' title='bbox 2797 2728 2883 2782; x_wconf 73' lang='lat' dir='ltr'><strong>M.</strong></span> <span class='ocrx_word' id='word_1_573' title='bbox 2959 2726 3258 2782; x_wconf 74' lang='lat' dir='ltr'><strong>Ludovicus</strong></span> <span class='ocrx_word' id='word_1_574' title='bbox 3278 2727 3370 2784; x_wconf 75' lang='lat'><strong>28.</strong></span> <span class='ocrx_word' id='word_1_575' title='bbox 3443 2722 3733 2782; x_wconf 73' lang='lat' dir='ltr'><strong>Henricus”.</strong></span> 
     </span>
    </p>
   </div>
   <div class='ocr_carea' id='block_1_83' title="bbox 2296 2817 3735 2894">
    <p class='ocr_par' dir='ltr' id='par_1_83' title="bbox 2296 2817 3735 2894">
     <span class='ocr_line' id='line_1_83' title="bbox 2296 2817 3735 2894; baseline -0.003 -21"><span class='ocrx_word' id='word_1_576' title='bbox 2296 2818 2568 2876; x_wconf 86' lang='lat' dir='ltr'><strong>Henricus</strong></span> <span class='ocrx_word' id='word_1_577' title='bbox 2589 2836 2685 2876; x_wconf 84' lang='lat' dir='ltr'><strong>rex</strong></span> <span class='ocrx_word' id='word_1_578' title='bbox 2714 2820 2908 2892; x_wconf 85' lang='lat' dir='ltr'><strong>Anglic</strong></span> <span class='ocrx_word' id='word_1_579' title='bbox 2937 2821 2989 2874; x_wconf 94' lang='lat' dir='ltr'><strong>in</strong></span> <span class='ocrx_word' id='word_1_580' title='bbox 3015 2821 3436 2894; x_wconf 87' lang='lat' dir='ltr'><strong>quadragesima</strong></span> <span class='ocrx_word' id='word_1_581' title='bbox 3460 2820 3510 2875; x_wconf 93' lang='lat' dir='ltr'><strong>in</strong></span> <span class='ocrx_word' id='word_1_582' title='bbox 3534 2817 3735 2872; x_wconf 75' lang='lat' dir='ltr'><strong>Nor-man-</strong></span> 
     </span>
    </p>
   </div>
   <div class='ocr_carea' id='block_1_84' title="bbox 2223 2905 3733 2981">
    <p class='ocr_par' dir='ltr' id='par_1_84' title="bbox 2223 2905 3733 2981">
     <span class='ocr_line' id='line_1_84' title="bbox 2223 2905 3733 2981; baseline -0.006 -15"><span class='ocrx_word' id='word_1_583' title='bbox 2223 2911 2372 2966; x_wconf 90' lang='lat' dir='ltr'><strong>niam</strong></span> <span class='ocrx_word' id='word_1_584' title='bbox 2400 2911 2696 2978; x_wconf 87' lang='lat' dir='ltr'><strong>transiens,</strong></span> <span class='ocrx_word' id='word_1_585' title='bbox 2739 2910 2793 2965; x_wconf 94' lang='lat' dir='ltr'><strong>in</strong></span> <span class='ocrx_word' id='word_1_586' title='bbox 2820 2911 3031 2966; x_wconf 89' lang='lat' dir='ltr'><strong>octabis</strong></span> <span class='ocrx_word' id='word_1_587' title='bbox 3060 2911 3264 2981; x_wconf 85' lang='lat' dir='ltr'><strong>pasche</strong></span> <span class='ocrx_word' id='word_1_588' title='bbox 3296 2905 3438 2981; x_wconf 83' lang='lat' dir='ltr'><strong>apud</strong></span> <span class='ocrx_word' id='word_1_589' title='bbox 3462 2908 3626 2965; x_wconf 82' lang='lat' dir='ltr'><strong>Gisorz</strong></span> <span class='ocrx_word' id='word_1_590' title='bbox 3645 2920 3733 2960; x_wconf 86' lang='lat' dir='ltr'><strong>cum</strong></span> 
     </span>
    </p>
   </div>
   <div class='ocr_carea' id='block_1_85' title="bbox 2223 2997 3735 3074">
    <p class='ocr_par' dir='ltr' id='par_1_85' title="bbox 2223 2997 3735 3074">
     <span class='ocr_line' id='line_1_85' title="bbox 2223 2997 3735 3074; baseline -0.006 -16"><span class='ocrx_word' id='word_1_591' title='bbox 2223 3017 2351 3074; x_wconf 84' lang='lat' dir='ltr'><strong>rege</strong></span> <span class='ocrx_word' id='word_1_592' title='bbox 2392 2997 2732 3058; x_wconf 79' lang='lat' dir='ltr'><strong>Francorum</strong></span> <span class='ocrx_word' id='word_1_593' title='bbox 2762 3003 2980 3058; x_wconf 90' lang='lat' dir='ltr'><strong>locutus</strong></span> <span class='ocrx_word' id='word_1_594' title='bbox 3011 3010 3113 3057; x_wconf 89' lang='lat' dir='ltr'><strong>est.</strong></span> <span class='ocrx_word' id='word_1_595' title='bbox 3145 3001 3278 3058; x_wconf 85' lang='lat' dir='ltr'><strong>Inde</strong></span> <span class='ocrx_word' id='word_1_596' title='bbox 3309 3002 3516 3057; x_wconf 89' lang='lat' dir='ltr'><strong>rediens</strong></span> <span class='ocrx_word' id='word_1_597' title='bbox 3540 2998 3735 3053; x_wconf 79' lang='lat' dir='ltr'><strong>Rotoma-</strong></span> 
     </span>
    </p>
   </div>
   <div class='ocr_carea' id='block_1_86' title="bbox 2225 3087 3735 3164">
    <p class='ocr_par' dir='ltr' id='par_1_86' title="bbox 2225 3087 3735 3164">
     <span class='ocr_line' id='line_1_86' title="bbox 2225 3087 3735 3164; baseline -0.007 -16"><span class='ocrx_word' id='word_1_598' title='bbox 2225 3109 2374 3164; x_wconf 88' lang='lat' dir='ltr'><strong>gum,</strong></span> <span class='ocrx_word' id='word_1_599' title='bbox 2400 3091 2710 3163; x_wconf 84' lang='lat' dir='ltr'><strong>Philippum</strong></span> <span class='ocrx_word' id='word_1_600' title='bbox 2733 3092 2989 3148; x_wconf 91' lang='lat' dir='ltr'><strong>comitem</strong></span> <span class='ocrx_word' id='word_1_601' title='bbox 3002 3091 3393 3148; x_wconf 87' lang='lat' dir='ltr'><strong>Flandrensem</strong></span> <span class='ocrx_word' id='word_1_602' title='bbox 3422 3087 3735 3146; x_wconf 86' lang='lat' dir='ltr'><strong>consobrinum</strong></span> 
     </span>
    </p>
   </div>
   <div class='ocr_carea' id='block_1_87' title="bbox 2225 3175 3738 3253">
    <p class='ocr_par' dir='ltr' id='par_1_87' title="bbox 2225 3175 3738 3253">
     <span class='ocr_line' id='line_1_87' title="bbox 2225 3175 3738 3253; baseline -0.007 -17"><span class='ocrx_word' id='word_1_603' title='bbox 2225 3197 2388 3237; x_wconf 92' lang='lat' dir='ltr'><strong>suum</strong></span> <span class='ocrx_word' id='word_1_604' title='bbox 2440 3182 2696 3253; x_wconf 88' lang='lat' dir='ltr'><strong>regaliter</strong></span> <span class='ocrx_word' id='word_1_605' title='bbox 2727 3180 2960 3250; x_wconf 88' lang='lat' dir='ltr'><strong>excepit.</strong></span> <span class='ocrx_word' id='word_1_606' title='bbox 3003 3178 3285 3236; x_wconf 81' lang='lat' dir='ltr'><strong>Venerunt</strong></span> <span class='ocrx_word' id='word_1_607' title='bbox 3314 3179 3552 3236; x_wconf 89' lang='lat' dir='ltr'><strong>similiter</strong></span> <span class='ocrx_word' id='word_1_608' title='bbox 3575 3175 3630 3230; x_wconf 89' lang='lat' dir='ltr'><strong>ad</strong></span> <span class='ocrx_word' id='word_1_609' title='bbox 3649 3188 3738 3230; x_wconf 82' lang='lat' dir='ltr'><strong>eum</strong></span> 
     </span>
    </p>
   </div>
   <div class='ocr_carea' id='block_1_88' title="bbox 2225 3265 3738 3351">
    <p class='ocr_par' dir='ltr' id='par_1_88' title="bbox 2225 3265 3738 3351">
     <span class='ocr_line' id='line_1_88' title="bbox 2225 3265 3738 3351; baseline -0.007 -22"><span class='ocrx_word' id='word_1_610' title='bbox 2225 3275 2387 3345; x_wconf 83' lang='lat' dir='ltr'><strong>legati</strong></span> <span class='ocrx_word' id='word_1_611' title='bbox 2437 3273 2713 3351; x_wconf 82' lang='lat' dir='ltr'><strong>Fredet&#39;ici</strong></span> <span class='ocrx_word' id='word_1_612' title='bbox 2765 3273 3112 3343; x_wconf 90' lang='lat' dir='ltr'><strong>imperatoris</strong></span> <span class='ocrx_word' id='word_1_613' title='bbox 3141 3273 3546 3337; x_wconf 88' lang='lat' dir='ltr'><strong>Alemanornm,</strong></span> <span class='ocrx_word' id='word_1_614' title='bbox 3574 3265 3738 3322; x_wconf 81' lang='lat' dir='ltr'><strong>Rainal-</strong></span> 
     </span>
    </p>
   </div>
   <div class='ocr_carea' id='block_1_89' title="bbox 2224 3358 3738 3434">
    <p class='ocr_par' dir='ltr' id='par_1_89' title="bbox 2224 3358 3738 3434">
     <span class='ocr_line' id='line_1_89' title="bbox 2224 3358 3738 3434; baseline -0.006 -15"><span class='ocrx_word' id='word_1_615' title='bbox 2224 3364 2329 3420; x_wconf 91' lang='lat' dir='ltr'><strong>dus</strong></span> <span class='ocrx_word' id='word_1_616' title='bbox 2361 3364 2569 3419; x_wconf 89' lang='lat' dir='ltr'><strong>scilicet</strong></span> <span class='ocrx_word' id='word_1_617' title='bbox 2602 3363 3049 3434; x_wconf 86' lang='lat' dir='ltr'><strong>archiepiscopus</strong></span> <span class='ocrx_word' id='word_1_618' title='bbox 3077 3363 3423 3419; x_wconf 88' lang='lat' dir='ltr'><strong>Coloniensis</strong></span> <span class='ocrx_word' id='word_1_619' title='bbox 3453 3358 3738 3418; x_wconf 79' lang='lat' dir='ltr'><strong>cancellarius</strong></span> 
     </span>
    </p>
   </div>
   <div class='ocr_carea' id='block_1_90' title="bbox 2228 3451 3735 3530">
    <p class='ocr_par' dir='ltr' id='par_1_90' title="bbox 2228 3451 3735 3530">
     <span class='ocr_line' id='line_1_90' title="bbox 2228 3451 3735 3530; baseline -0.005 -19"><span class='ocrx_word' id='word_1_620' title='bbox 2228 3456 2424 3528; x_wconf 84' lang='lat' dir='ltr'><strong>ipsius,</strong></span> <span class='ocrx_word' id='word_1_621' title='bbox 2462 3466 2517 3512; x_wconf 90' lang='lat' dir='ltr'><strong>et</strong></span> <span class='ocrx_word' id='word_1_622' title='bbox 2551 3456 2707 3512; x_wconf 86' lang='lat' dir='ltr'><strong>mulli</strong></span> <span class='ocrx_word' id='word_1_623' title='bbox 2758 3457 2852 3513; x_wconf 92' lang='lat' dir='ltr'><strong>alii</strong></span> <span class='ocrx_word' id='word_1_624' title='bbox 2903 3457 3086 3530; x_wconf 87' lang='lat' dir='ltr'><strong>magni</strong></span> <span class='ocrx_word' id='word_1_625' title='bbox 3119 3466 3434 3530; x_wconf 90' lang='lat' dir='ltr'><strong>potentatus</strong></span> <span class='ocrx_word' id='word_1_626' title='bbox 3468 3456 3578 3521; x_wconf 87' lang='lat' dir='ltr'><strong>viri,</strong></span> <span class='ocrx_word' id='word_1_627' title='bbox 3604 3451 3735 3521; x_wconf 88' lang='lat' dir='ltr'><strong>requi-</strong></span> 
     </span>
    </p>
   </div>
   <div class='ocr_carea' id='block_1_91' title="bbox 2228 3539 3738 3622">
    <p class='ocr_par' dir='ltr' id='par_1_91' title="bbox 2228 3539 3738 3622">
     <span class='ocr_line' id='line_1_91' title="bbox 2228 3539 3738 3622; baseline -0.005 -20"><span class='ocrx_word' id='word_1_628' title='bbox 2228 3546 2412 3603; x_wconf 86' lang='lat' dir='ltr'><strong>rentes</strong></span> <span class='ocrx_word' id='word_1_629' title='bbox 2440 3563 2564 3604; x_wconf 91' lang='lat' dir='ltr'><strong>eum</strong></span> <span class='ocrx_word' id='word_1_630' title='bbox 2594 3563 2661 3603; x_wconf 88' lang='lat' dir='ltr'><strong>ex</strong></span> <span class='ocrx_word' id='word_1_631' title='bbox 2687 3556 2843 3618; x_wconf 83' lang='lat' dir='ltr'><strong>parte</strong></span> <span class='ocrx_word' id='word_1_632' title='bbox 2891 3547 3260 3622; x_wconf 84' lang='lat' dir='ltr'><strong>imperatoris,</strong></span> <span class='ocrx_word' id='word_1_633' title='bbox 3294 3557 3357 3604; x_wconf 87' lang='lat' dir='ltr'><strong>ut</strong></span> <span class='ocrx_word' id='word_1_634' title='bbox 3376 3549 3520 3606; x_wconf 88' lang='lat' dir='ltr'><strong>daret</strong></span> <span class='ocrx_word' id='word_1_635' title='bbox 3547 3557 3676 3599; x_wconf 89' lang='lat' dir='ltr'><strong>unam</strong></span> <span class='ocrx_word' id='word_1_636' title='bbox 3696 3539 3738 3592; x_wconf 84' lang='lat' dir='ltr'><strong>ll-</strong></span> 
     </span>
    </p>
   </div>
   <div class='ocr_carea' id='block_1_92' title="bbox 2226 3629 3739 3708">
    <p class='ocr_par' dir='ltr' id='par_1_92' title="bbox 2226 3629 3739 3708">
     <span class='ocr_line' id='line_1_92' title="bbox 2226 3629 3739 3708; baseline -0.005 -16"><span class='ocrx_word' id='word_1_637' title='bbox 2226 3637 2426 3693; x_wconf 90' lang='lat' dir='ltr'><strong>liarum</strong></span> <span class='ocrx_word' id='word_1_638' title='bbox 2458 3654 2682 3695; x_wconf 88' lang='lat' dir='ltr'><strong>suarum</strong></span> <span class='ocrx_word' id='word_1_639' title='bbox 2715 3637 2952 3694; x_wconf 86' lang='lat' dir='ltr'><strong>Henrico</strong></span> <span class='ocrx_word' id='word_1_640' title='bbox 2980 3637 3106 3694; x_wconf 89' lang='lat' dir='ltr'><strong>duci</strong></span> <span class='ocrx_word' id='word_1_641' title='bbox 3136 3637 3407 3708; x_wconf 83' lang='lat' dir='ltr'><strong>Bajoarie,</strong></span> <span class='ocrx_word' id='word_1_642' title='bbox 3431 3645 3481 3692; x_wconf 90' lang='lat' dir='ltr'><strong>et</strong></span> <span class='ocrx_word' id='word_1_643' title='bbox 3502 3635 3638 3691; x_wconf 87' lang='lat' dir='ltr'><strong>aliam</strong></span> <span class='ocrx_word' id='word_1_644' title='bbox 3661 3629 3739 3684; x_wconf 82' lang='lat' dir='ltr'><strong>lilio</strong></span> 
     </span>
    </p>
   </div>
   <div class='ocr_carea' id='block_1_93' title="bbox 2229 3729 3738 3803">
    <p class='ocr_par' dir='ltr' id='par_1_93' title="bbox 2229 3729 3738 3803">
     <span class='ocr_line' id='line_1_93' title="bbox 2229 3729 3738 3803; baseline -0.009 -16"><span class='ocrx_word' id='word_1_645' title='bbox 2229 3745 2349 3797; x_wconf 87' lang='lat' dir='ltr'><strong>suo,</strong></span> <span class='ocrx_word' id='word_1_646' title='bbox 2375 3731 2502 3786; x_wconf 88' lang='lat' dir='ltr'><strong>llcet</strong></span> <span class='ocrx_word' id='word_1_647' title='bbox 2529 3729 2710 3788; x_wconf 89' lang='lat' dir='ltr'><strong>adhuc</strong></span> <span class='ocrx_word' id='word_1_648' title='bbox 2738 3731 2986 3801; x_wconf 89' lang='lat' dir='ltr'><strong>puerulo.</strong></span> <span class='ocrx_word' id='word_1_649' title='bbox 3024 3729 3244 3786; x_wconf 79' lang='lat' dir='ltr'><strong>Exactis</strong></span> <span class='ocrx_word' id='word_1_650' title='bbox 3292 3730 3472 3803; x_wconf 88' lang='lat' dir='ltr'><strong>itaque</strong></span> <span class='ocrx_word' id='word_1_651' title='bbox 3493 3737 3738 3784; x_wconf 83' lang='lat' dir='ltr'><strong>sacramen-</strong></span> 
     </span>
    </p>
   </div>
   <div class='ocr_carea' id='block_1_94' title="bbox 2230 3813 3742 3894">
    <p class='ocr_par' dir='ltr' id='par_1_94' title="bbox 2230 3813 3742 3894">
     <span class='ocr_line' id='line_1_94' title="bbox 2230 3813 3742 3894; baseline -0.001 -20"><span class='ocrx_word' id='word_1_652' title='bbox 2230 3821 2304 3876; x_wconf 90' lang='lat' dir='ltr'><strong>tis</strong></span> <span class='ocrx_word' id='word_1_653' title='bbox 2325 3829 2380 3876; x_wconf 93' lang='lat' dir='ltr'><strong>et</strong></span> <span class='ocrx_word' id='word_1_654' title='bbox 2406 3820 2570 3889; x_wconf 89' lang='lat' dir='ltr'><strong>datis,</strong></span> <span class='ocrx_word' id='word_1_655' title='bbox 2611 3836 2708 3876; x_wconf 82' lang='lat' dir='ltr'><strong>rex</strong></span> <span class='ocrx_word' id='word_1_656' title='bbox 2732 3829 2921 3894; x_wconf 91' lang='lat' dir='ltr'><strong>postea</strong></span> <span class='ocrx_word' id='word_1_657' title='bbox 2961 3819 3113 3876; x_wconf 88' lang='lat' dir='ltr'><strong>misit</strong></span> <span class='ocrx_word' id='word_1_658' title='bbox 3141 3835 3272 3875; x_wconf 92' lang='lat' dir='ltr'><strong>suos</strong></span> <span class='ocrx_word' id='word_1_659' title='bbox 3295 3820 3496 3892; x_wconf 88' lang='lat' dir='ltr'><strong>legatos</strong></span> <span class='ocrx_word' id='word_1_660' title='bbox 3519 3817 3566 3873; x_wconf 88' lang='lat' dir='ltr'><strong>in</strong></span> <span class='ocrx_word' id='word_1_661' title='bbox 3587 3813 3742 3868; x_wconf 67' lang='lat' dir='ltr'><strong>Alema-</strong></span> 
     </span>
    </p>
   </div>
   <div class='ocr_carea' id='block_1_95' title="bbox 2231 3905 3742 3988">
    <p class='ocr_par' dir='ltr' id='par_1_95' title="bbox 2231 3905 3742 3988">
     <span class='ocr_line' id='line_1_95' title="bbox 2231 3905 3742 3988; baseline -0.006 -22"><span class='ocrx_word' id='word_1_662' title='bbox 2231 3911 2402 3980; x_wconf 89' lang='lat' dir='ltr'><strong>niam,</strong></span> <span class='ocrx_word' id='word_1_663' title='bbox 2434 3910 2530 3988; x_wconf 84' lang='lat' dir='ltr'><strong>qui</strong></span> <span class='ocrx_word' id='word_1_664' title='bbox 2566 3910 2636 3965; x_wconf 91' lang='lat' dir='ltr'><strong>ab</strong></span> <span class='ocrx_word' id='word_1_665' title='bbox 2674 3910 3006 3981; x_wconf 88' lang='lat' dir='ltr'><strong>imperatore</strong></span> <span class='ocrx_word' id='word_1_666' title='bbox 3031 3918 3086 3967; x_wconf 91' lang='lat' dir='ltr'><strong>et</strong></span> <span class='ocrx_word' id='word_1_667' title='bbox 3111 3910 3350 3980; x_wconf 90' lang='lat' dir='ltr'><strong>satrapis</strong></span> <span class='ocrx_word' id='word_1_668' title='bbox 3380 3909 3490 3965; x_wconf 90' lang='lat' dir='ltr'><strong>suis</strong></span> <span class='ocrx_word' id='word_1_669' title='bbox 3509 3905 3666 3965; x_wconf 80' lang='lat' dir='ltr'><strong>eadem</strong></span> <span class='ocrx_word' id='word_1_670' title='bbox 3680 3913 3742 3954; x_wconf 74' lang='lat' dir='ltr'><strong>sa-</strong></span> 
     </span>
    </p>
   </div>
   <div class='ocr_carea' id='block_1_96' title="bbox 2230 4002 3742 4076">
    <p class='ocr_par' dir='ltr' id='par_1_96' title="bbox 2230 4002 3742 4076">
     <span class='ocr_line' id='line_1_96' title="bbox 2230 4002 3742 4076; baseline -0.01 -16"><span class='ocrx_word' id='word_1_671' title='bbox 2230 4012 2511 4060; x_wconf 88' lang='lat' dir='ltr'><strong>cramenta</strong></span> <span class='ocrx_word' id='word_1_672' title='bbox 2536 4002 2604 4058; x_wconf 89' lang='lat' dir='ltr'><strong>de</strong></span> <span class='ocrx_word' id='word_1_673' title='bbox 2628 4002 3104 4070; x_wconf 90' lang='lat' dir='ltr'><strong>conventionibus,</strong></span> <span class='ocrx_word' id='word_1_674' title='bbox 3135 4017 3242 4076; x_wconf 89' lang='lat' dir='ltr'><strong>que</strong></span> <span class='ocrx_word' id='word_1_675' title='bbox 3266 4002 3410 4059; x_wconf 83' lang='lat' dir='ltr'><strong>inter</strong></span> <span class='ocrx_word' id='word_1_676' title='bbox 3433 4016 3521 4056; x_wconf 88' lang='lat' dir='ltr'><strong>eos</strong></span> <span class='ocrx_word' id='word_1_677' title='bbox 3542 4004 3742 4053; x_wconf 84' lang='lat' dir='ltr'><strong>convene-</strong></span> 
     </span>
    </p>
   </div>
   <div class='ocr_carea' id='block_1_97' title="bbox 2231 4081 3743 4171">
    <p class='ocr_par' dir='ltr' id='par_1_97' title="bbox 2231 4081 3743 4171">
     <span class='ocr_line' id='line_1_97' title="bbox 2231 4081 3743 4171; baseline -0.012 -19"><span class='ocrx_word' id='word_1_678' title='bbox 2231 4106 2382 4164; x_wconf 84' lang='lat' dir='ltr'><strong>rant,</strong></span> <span class='ocrx_word' id='word_1_679' title='bbox 2408 4099 2736 4171; x_wconf 89' lang='lat' dir='ltr'><strong>aceiperent.</strong></span> <span class='ocrx_word' id='word_1_680' title='bbox 2767 4096 3046 4153; x_wconf 82' lang='lat' dir='ltr'><strong>Rotrodus</strong></span> <span class='ocrx_word' id='word_1_681' title='bbox 3072 4096 3369 4167; x_wconf 82' lang='lat' dir='ltr'><strong>episcopus</strong></span> <span class='ocrx_word' id='word_1_682' title='bbox 3389 4081 3743 4149; x_wconf 81' lang='lat' dir='ltr'><strong>Ebroicensisﬁt</strong></span> 
     </span>
    </p>
   </div>
   <div class='ocr_carea' id='block_1_98' title="bbox 2231 4171 3745 4264">
    <p class='ocr_par' dir='ltr' id='par_1_98' title="bbox 2231 4171 3745 4264">
     <span class='ocr_line' id='line_1_98' title="bbox 2231 4171 3745 4264; baseline -0.011 -22"><span class='ocrx_word' id='word_1_683' title='bbox 2231 4189 2681 4259; x_wconf 67' lang='lat' dir='ltr'><strong>archiepiscopus</strong></span> <span class='ocrx_word' id='word_1_684' title='bbox 2705 4173 3142 4264; x_wconf 81' lang='lat' dir='ltr'><strong>Rotomagensis.</strong></span> <span class='ocrx_word' id='word_1_685' title='bbox 3162 4185 3431 4242; x_wconf 87' lang='lat' dir='ltr'><strong>Henricus</strong></span> <span class='ocrx_word' id='word_1_686' title='bbox 3451 4184 3657 4239; x_wconf 87' lang='lat' dir='ltr'><strong>deeanus</strong></span> <span class='ocrx_word' id='word_1_687' title='bbox 3680 4171 3745 4226; x_wconf 77' lang='lat' dir='ltr'><strong>Sa-</strong></span> 
     </span>
    </p>
   </div>
   <div class='ocr_carea' id='block_1_99' title="bbox 2233 4273 3740 4351">
    <p class='ocr_par' dir='ltr' id='par_1_99' title="bbox 2233 4273 3740 4351">
     <span class='ocr_line' id='line_1_99' title="bbox 2233 4273 3740 4351; baseline -0.011 -19"><span class='ocrx_word' id='word_1_688' title='bbox 2233 4278 2580 4334; x_wconf 89' lang='lat' dir='ltr'><strong>lcsberiensis</strong></span> <span class='ocrx_word' id='word_1_689' title='bbox 2618 4278 2836 4351; x_wconf 88' lang='lat' dir='ltr'><strong>eligitur</strong></span> <span class='ocrx_word' id='word_1_690' title='bbox 2885 4278 2953 4334; x_wconf 93' lang='lat' dir='ltr'><strong>ad</strong></span> <span class='ocrx_word' id='word_1_691' title='bbox 3009 4277 3382 4348; x_wconf 90' lang='lat' dir='ltr'><strong>episcopatum</strong></span> <span class='ocrx_word' id='word_1_692' title='bbox 3440 4273 3740 4343; x_wconf 88' lang='lat' dir='ltr'><strong>Bajocensem.</strong></span> 
     </span>
    </p>
   </div>
   <div class='ocr_carea' id='block_1_100' title="bbox 2233 4354 3744 4442">
    <p class='ocr_par' dir='ltr' id='par_1_100' title="bbox 2233 4354 3744 4442">
     <span class='ocr_line' id='line_1_100' title="bbox 2233 4354 3744 4442; baseline -0.008 -18"><span class='ocrx_word' id='word_1_693' title='bbox 2233 4368 2452 4424; x_wconf 79' lang='lat' dir='ltr'><strong>Mortuo</strong></span> <span class='ocrx_word' id='word_1_694' title='bbox 2491 4368 2726 4442; x_wconf 82' lang='lat' dir='ltr'><strong>Rogerio</strong></span> <span class='ocrx_word' id='word_1_695' title='bbox 2775 4369 2971 4427; x_wconf 90' lang='lat' dir='ltr'><strong>abbate</strong></span> <span class='ocrx_word' id='word_1_696' title='bbox 3028 4367 3214 4425; x_wconf 79' lang='lat' dir='ltr'><strong>Sancti</strong></span> <span class='ocrx_word' id='word_1_697' title='bbox 3258 4354 3744 4435; x_wconf 81' lang='lat' dir='ltr'><strong>Wandregisili,vir0</strong></span> 
     </span>
    </p>
   </div>
   <div class='ocr_carea' id='block_1_101' title="bbox 2162 4442 3742 4552">
    <p class='ocr_par' dir='ltr' id='par_1_101' title="bbox 2162 4442 3742 4552">
     <span class='ocr_line' id='line_1_101' title="bbox 2162 4442 3742 4552; baseline -0.009 -36"><span class='ocrx_word' id='word_1_698' title='bbox 2162 4490 2209 4552; x_wconf 72' lang='grc' dir='ltr'>υ</span> <span class='ocrx_word' id='word_1_699' title='bbox 2233 4461 2512 4533; x_wconf 83' lang='lat' dir='ltr'><strong>religioso,</strong></span> <span class='ocrx_word' id='word_1_700' title='bbox 2570 4461 2844 4518; x_wconf 84' lang='lat' dir='ltr'><strong>Anfredus</strong></span> <span class='ocrx_word' id='word_1_701' title='bbox 2891 4460 3123 4516; x_wconf 87' lang='lat' dir='ltr'><strong>sacrista</strong></span> <span class='ocrx_word' id='word_1_702' title='bbox 3152 4459 3399 4531; x_wconf 89' lang='lat' dir='ltr'><strong>ejusdem</strong></span> <span class='ocrx_word' id='word_1_703' title='bbox 3426 4442 3742 4511; x_wconf 79' lang='lat' dir='ltr'><strong>monasteriiei</strong></span> 
     </span>
    </p>
   </div>
   <div class='ocr_carea' id='block_1_102' title="bbox 2233 4548 3744 4625">
    <p class='ocr_par' dir='ltr' id='par_1_102' title="bbox 2233 4548 3744 4625">
     <span class='ocr_line' id='line_1_102' title="bbox 2233 4548 3744 4625; baseline -0.011 -14"><span class='ocrx_word' id='word_1_704' title='bbox 2233 4552 2504 4611; x_wconf 75' lang='lat' dir='ltr'><strong>successit</strong></span> <span class='ocrx_word' id='word_1_705' title='bbox 2525 4551 2615 4606; x_wconf 79' lang='grc'><strong>⁸³⁷.</strong></span> <span class='ocrx_word' id='word_1_706' title='bbox 2643 4551 2852 4623; x_wconf 83' lang='lat' dir='ltr'><strong>Regina</strong></span> <span class='ocrx_word' id='word_1_707' title='bbox 2893 4551 3087 4625; x_wconf 82' lang='lat' dir='ltr'><strong>Anglic</strong></span> <span class='ocrx_word' id='word_1_708' title='bbox 3114 4551 3340 4606; x_wconf 87' lang='lat' dir='ltr'><strong>Alienor</strong></span> <span class='ocrx_word' id='word_1_709' title='bbox 3381 4553 3584 4606; x_wconf 87' lang='lat' dir='ltr'><strong>evocata</strong></span> <span class='ocrx_word' id='word_1_710' title='bbox 3608 4557 3633 4596; x_wconf 86' lang='lat' dir='ltr'><strong>a</strong></span> <span class='ocrx_word' id='word_1_711' title='bbox 3656 4548 3744 4606; x_wconf 68' lang='grc' dir='ltr'><strong>[τεο</strong></span> 
     </span>
    </p>
   </div>
   <div class='ocr_carea' id='block_1_103' title="bbox 2233 4638 3744 4710">
    <p class='ocr_par' dir='ltr' id='par_1_103' title="bbox 2233 4638 3744 4710">
     <span class='ocr_line' id='line_1_103' title="bbox 2233 4638 3744 4710; baseline -0.01 -12"><span class='ocrx_word' id='word_1_712' title='bbox 2233 4643 2385 4698; x_wconf 90' lang='lat' dir='ltr'><strong>venit</strong></span> <span class='ocrx_word' id='word_1_713' title='bbox 2412 4644 2466 4698; x_wconf 92' lang='lat' dir='ltr'><strong>in</strong></span> <span class='ocrx_word' id='word_1_714' title='bbox 2498 4642 2914 4710; x_wconf 85' lang='lat' dir='ltr'><strong>Normanniam,</strong></span> <span class='ocrx_word' id='word_1_715' title='bbox 2935 4643 3213 4698; x_wconf 91' lang='lat' dir='ltr'><strong>adducens</strong></span> <span class='ocrx_word' id='word_1_716' title='bbox 3240 4657 3426 4698; x_wconf 89' lang='lat' dir='ltr'><strong>secum</strong></span> <span class='ocrx_word' id='word_1_717' title='bbox 3451 4638 3602 4694; x_wconf 85' lang='lat' dir='ltr'><strong>lilium</strong></span> <span class='ocrx_word' id='word_1_718' title='bbox 3628 4640 3744 4686; x_wconf 80' lang='lat' dir='ltr'><strong>suum</strong></span> 
     </span>
    </p>
   </div>
   <div class='ocr_carea' id='block_1_104' title="bbox 2235 4728 3744 4793">
    <p class='ocr_par' dir='ltr' id='par_1_104' title="bbox 2235 4728 3744 4793">
     <span class='ocr_line' id='line_1_104' title="bbox 2235 4728 3744 4793; baseline -0.004 -1"><span class='ocrx_word' id='word_1_719' title='bbox 2235 4736 2530 4792; x_wconf 77' lang='lat' dir='ltr'><strong>Ricardum</strong></span> <span class='ocrx_word' id='word_1_720' title='bbox 2560 4747 2615 4793; x_wconf 92' lang='lat' dir='ltr'><strong>et</strong></span> <span class='ocrx_word' id='word_1_721' title='bbox 2654 4737 2821 4792; x_wconf 88' lang='lat' dir='ltr'><strong>ﬁliam</strong></span> <span class='ocrx_word' id='word_1_722' title='bbox 2853 4736 3187 4792; x_wconf 88' lang='lat' dir='ltr'><strong>Mathildem.</strong></span> <span class='ocrx_word' id='word_1_723' title='bbox 3229 4735 3501 4790; x_wconf 82' lang='lat' dir='ltr'><strong>Redeunte</strong></span> <span class='ocrx_word' id='word_1_724' title='bbox 3533 4739 3638 4782; x_wconf 86' lang='lat' dir='ltr'><strong>vero</strong></span> <span class='ocrx_word' id='word_1_725' title='bbox 3656 4728 3744 4786; x_wconf 63' lang='lat' dir='ltr'><strong>reie</strong></span> 
     </span>
    </p>
   </div>
   <div class='ocr_carea' id='block_1_105' title="bbox 2235 4819 3746 4903">
    <p class='ocr_par' dir='ltr' id='par_1_105' title="bbox 2235 4819 3746 4903">
     <span class='ocr_line' id='line_1_105' title="bbox 2235 4819 3746 4903; baseline -0.012 -17"><span class='ocrx_word' id='word_1_726' title='bbox 2235 4832 2291 4886; x_wconf 95' lang='lat' dir='ltr'><strong>in</strong></span> <span class='ocrx_word' id='word_1_727' title='bbox 2313 4831 2587 4903; x_wconf 84' lang='lat' dir='ltr'><strong>Angliam,</strong></span> <span class='ocrx_word' id='word_1_728' title='bbox 2635 4838 2691 4884; x_wconf 90' lang='lat' dir='ltr'><strong>et</strong></span> <span class='ocrx_word' id='word_1_729' title='bbox 2745 4844 2873 4884; x_wconf 91' lang='lat' dir='ltr'><strong>cum</strong></span> <span class='ocrx_word' id='word_1_730' title='bbox 2922 4829 3096 4884; x_wconf 90' lang='lat' dir='ltr'><strong>multo</strong></span> <span class='ocrx_word' id='word_1_731' title='bbox 3148 4837 3411 4898; x_wconf 87' lang='lat' dir='ltr'><strong>apparatu</strong></span> <span class='ocrx_word' id='word_1_732' title='bbox 3435 4819 3746 4880; x_wconf 71' lang='lat' dir='ltr'><strong>bellicosupel</strong></span> 
     </span>
    </p>
   </div>
   <div class='ocr_carea' id='block_1_106' title="bbox 2166 4906 3744 4993">
    <p class='ocr_par' dir='ltr' id='par_1_106' title="bbox 2166 4906 3744 4993">
     <span class='ocr_line' id='line_1_106' title="bbox 2166 4906 3744 4993; baseline -0.008 -15"><span class='ocrx_word' id='word_1_733' title='bbox 2166 4909 2170 4912; x_wconf 51' lang='grc'><em>’</em></span> <span class='ocrx_word' id='word_1_734' title='bbox 2237 4922 2501 4980; x_wconf 75' lang='lat' dir='ltr'><strong>Valenses</strong></span> <span class='ocrx_word' id='word_1_735' title='bbox 2524 4933 2706 4989; x_wconf 90' lang='lat' dir='ltr'><strong>eunte,</strong></span> <span class='ocrx_word' id='word_1_736' title='bbox 2732 4922 2919 4993; x_wconf 88' lang='lat' dir='ltr'><strong>regina</strong></span> <span class='ocrx_word' id='word_1_737' title='bbox 2964 4921 3229 4976; x_wconf 85' lang='lat' dir='ltr'><strong>remansit</strong></span> <span class='ocrx_word' id='word_1_738' title='bbox 3259 4920 3312 4973; x_wconf 95' lang='lat' dir='ltr'><strong>in</strong></span> <span class='ocrx_word' id='word_1_739' title='bbox 3348 4915 3575 4989; x_wconf 84' lang='lat' dir='ltr'><strong>partibus</strong></span> <span class='ocrx_word' id='word_1_740' title='bbox 3594 4906 3744 4962; x_wconf 70' lang='lat' dir='ltr'><strong>cisml‘</strong></span> 
     </span>
    </p>
   </div>
   <div class='ocr_carea' id='block_1_107' title="bbox 2238 4995 3743 5084">
    <p class='ocr_par' dir='ltr' id='par_1_107' title="bbox 2238 4995 3743 5084">
     <span class='ocr_line' id='line_1_107' title="bbox 2238 4995 3743 5084; baseline -0.013 -12"><span class='ocrx_word' id='word_1_741' title='bbox 2238 5017 2394 5072; x_wconf 90' lang='lat' dir='ltr'><strong>rinis.</strong></span> <span class='ocrx_word' id='word_1_742' title='bbox 2428 5015 2735 5071; x_wconf 82' lang='lat' dir='ltr'><strong>Alexander</strong></span> <span class='ocrx_word' id='word_1_743' title='bbox 2784 5029 2922 5084; x_wconf 91' lang='lat' dir='ltr'><strong>papa</strong></span> <span class='ocrx_word' id='word_1_744' title='bbox 2979 5011 3262 5067; x_wconf 80' lang='lat' dir='ltr'><strong>Romanus</strong></span> <span class='ocrx_word' id='word_1_745' title='bbox 3300 5009 3594 5077; x_wconf 89' lang='lat' dir='ltr'><strong>relinquens</strong></span> <span class='ocrx_word' id='word_1_746' title='bbox 3616 4995 3743 5049; x_wconf 71' lang='lat'><strong>5600&#39;</strong></span> 
     </span>
    </p>
   </div>
   <div class='ocr_carea' id='block_1_108' title="bbox 2238 5094 3746 5178">
    <p class='ocr_par' dir='ltr' id='par_1_108' title="bbox 2238 5094 3746 5178">
     <span class='ocr_line' id='line_1_108' title="bbox 2238 5094 3746 5178; baseline -0.01 -13"><span class='ocrx_word' id='word_1_747' title='bbox 2238 5125 2386 5176; x_wconf 91' lang='lat' dir='ltr'><strong>nem,</strong></span> <span class='ocrx_word' id='word_1_748' title='bbox 2437 5109 2492 5163; x_wconf 92' lang='lat' dir='ltr'><strong>in</strong></span> <span class='ocrx_word' id='word_1_749' title='bbox 2541 5123 2650 5178; x_wconf 86' lang='lat' dir='ltr'><strong>qua</strong></span> <span class='ocrx_word' id='word_1_750' title='bbox 2698 5106 2812 5161; x_wconf 88' lang='lat' dir='ltr'><strong>fere</strong></span> <span class='ocrx_word' id='word_1_751' title='bbox 2839 5105 2979 5161; x_wconf 91' lang='lat' dir='ltr'><strong>duos</strong></span> <span class='ocrx_word' id='word_1_752' title='bbox 3029 5118 3204 5158; x_wconf 91' lang='lat' dir='ltr'><strong>annos</strong></span> <span class='ocrx_word' id='word_1_753' title='bbox 3233 5110 3474 5157; x_wconf 91' lang='lat' dir='ltr'><strong>moratus</strong></span> <span class='ocrx_word' id='word_1_754' title='bbox 3493 5094 3746 5151; x_wconf 45' lang='lat' dir='ltr'><strong>fuerat,”</strong></span> 
     </span>
    </p>
   </div>
   <div class='ocr_carea' id='block_1_109' title="bbox 2239 5179 3744 5280">
    <p class='ocr_par' dir='ltr' id='par_1_109' title="bbox 2239 5179 3744 5280">
     <span class='ocr_line' id='line_1_109' title="bbox 2239 5179 3744 5280; baseline -0.015 -21"><span class='ocrx_word' id='word_1_755' title='bbox 2239 5203 2398 5260; x_wconf 89' lang='lat' dir='ltr'><strong>niens</strong></span> <span class='ocrx_word' id='word_1_756' title='bbox 2458 5200 2527 5257; x_wconf 90' lang='lat' dir='ltr'><strong>ad</strong></span> <span class='ocrx_word' id='word_1_757' title='bbox 2567 5197 3164 5280; x_wconf 80' lang='lat' dir='ltr'><strong>Montempessulanum</strong></span> <span class='ocrx_word' id='word_1_758' title='bbox 3215 5193 3392 5252; x_wconf 87' lang='lat' dir='ltr'><strong>navali</strong></span> <span class='ocrx_word' id='word_1_759' title='bbox 3443 5179 3744 5247; x_wconf 69' lang='lat' dir='ltr'><strong>subvectione.</strong></span> 
     </span>
    </p>
   </div>
   <div class='ocr_carea' id='block_1_110' title="bbox 2148 3151 2191 3208">
    <p class='ocr_par' dir='ltr' id='par_1_110' title="bbox 2148 3151 2191 3208">
     <span class='ocr_line' id='line_1_110' title="bbox 2148 3151 2191 3208; baseline 0 0"><span class='ocrx_word' id='word_1_760' title='bbox 2148 3151 2191 3208; x_wconf 88' lang='lat' dir='ltr'>C</span> 
     </span>
    </p>
   </div>
   <div class='ocr_carea' id='block_1_111' title="bbox 1855 5354 2532 5416">
    <p class='ocr_par' dir='ltr' id='par_1_111' title="bbox 1855 5354 2532 5416">
     <span class='ocr_line' id='line_1_111' title="bbox 1855 5354 2532 5416; baseline -0.009 0"><span class='ocrx_word' id='word_1_761' title='bbox 1855 5359 2091 5416; x_wconf 63' lang='lat' dir='ltr'><strong>VARUS</strong></span> <span class='ocrx_word' id='word_1_762' title='bbox 2129 5354 2532 5416; x_wconf 82' lang='lat' dir='ltr'><strong>LECTIONES.</strong></span> 
     </span>
    </p>
   </div>
   <div class='ocr_carea' id='block_1_112' title="bbox 617 5489 3024 5563">
    <p class='ocr_par' dir='ltr' id='par_1_112' title="bbox 617 5489 3024 5563">
     <span class='ocr_line' id='line_1_112' title="bbox 617 5489 3024 5563; baseline -0.006 -9"><span class='ocrx_word' id='word_1_763' title='bbox 617 5501 685 5533; x_wconf 82' lang='grc'><strong>⁶³²</strong></span> <span class='ocrx_word' id='word_1_764' title='bbox 715 5501 791 5554; x_wconf 77' lang='lat' dir='ltr'><strong>ita</strong></span> <span class='ocrx_word' id='word_1_765' title='bbox 821 5499 880 5553; x_wconf 82' lang='lat' dir='ltr'><strong>E.</strong></span> <span class='ocrx_word' id='word_1_766' title='bbox 916 5496 1185 5553; x_wconf 88' lang='lat' dir='ltr'><strong>Henricus</strong></span> <span class='ocrx_word' id='word_1_767' title='bbox 1212 5502 1395 5550; x_wconf 90' lang='lat' dir='ltr'><strong>autem</strong></span> <span class='ocrx_word' id='word_1_768' title='bbox 1431 5526 1501 5534; x_wconf 95' lang='lat'><strong>—</strong></span> <span class='ocrx_word' id='word_1_769' title='bbox 1542 5494 1596 5548; x_wconf 94' lang='lat' dir='ltr'><strong>in</strong></span> <span class='ocrx_word' id='word_1_770' title='bbox 1625 5509 1733 5563; x_wconf 86' lang='lat' dir='ltr'><strong>qua</strong></span> <span class='ocrx_word' id='word_1_771' title='bbox 1779 5495 1835 5546; x_wconf 73' lang='lat' dir='ltr'><strong>in</strong></span> <span class='ocrx_word' id='word_1_772' title='bbox 1865 5509 2058 5549; x_wconf 75' lang='lat' dir='ltr'><strong>rasura</strong></span> <span class='ocrx_word' id='word_1_773' title='bbox 2100 5502 2280 5563; x_wconf 80' lang='lat' dir='ltr'><strong>postea</strong></span> <span class='ocrx_word' id='word_1_774' title='bbox 2329 5491 2558 5563; x_wconf 66' lang='lat' dir='ltr'><strong>cerreatit</strong></span> <span class='ocrx_word' id='word_1_775' title='bbox 2587 5489 3024 5563; x_wconf 42' lang='lat' dir='ltr'><strong>eademunlanus.</strong></span> 
     </span>
    </p>
   </div>
   <div class='ocr_carea' id='block_1_113' title="bbox 1492 5561 2536 5633">
    <p class='ocr_par' dir='ltr' id='par_1_113' title="bbox 1492 5561 2536 5633">
     <span class='ocr_line' id='line_1_113' title="bbox 1492 5561 2536 5633; baseline 0.02 -39"><span class='ocrx_word' id='word_1_776' title='bbox 1492 5563 1565 5596; x_wconf 63' lang='lat' dir='ltr'><strong>est</strong></span> <span class='ocrx_word' id='word_1_777' title='bbox 1613 5561 1910 5619; x_wconf 62' lang='lat' dir='ltr'><strong>“lanarius</strong></span> <span class='ocrx_word' id='word_1_778' title='bbox 1943 5593 2015 5606; x_wconf 71' lang='grc' dir='ltr'><strong>-ν</strong></span> <span class='ocrx_word' id='word_1_779' title='bbox 2044 5561 2186 5633; x_wconf 79' lang='lat' dir='ltr'><strong>regis</strong></span> <span class='ocrx_word' id='word_1_780' title='bbox 2231 5563 2418 5615; x_wconf 79' lang='lat' dir='ltr'><strong>desunt</strong></span> <span class='ocrx_word' id='word_1_781' title='bbox 2451 5561 2536 5633; x_wconf 46' lang='lat'><strong>8}.</strong></span> 
     </span>
    </p>
   </div>
   <div class='ocr_carea' id='block_1_114' title="bbox 541 5565 1384 5625">
    <p class='ocr_par' dir='ltr' id='par_1_114' title="bbox 541 5565 1384 5625">
     <span class='ocr_line' id='line_1_114' title="bbox 541 5565 1384 5625; baseline -0.006 0"><span class='ocrx_word' id='word_1_782' title='bbox 541 5601 618 5615; x_wconf 91' lang='lat'><strong>-—</strong></span> <span class='ocrx_word' id='word_1_783' title='bbox 653 5572 921 5625; x_wconf 88' lang='lat' dir='ltr'><strong>rebellant</strong></span> <span class='ocrx_word' id='word_1_784' title='bbox 961 5570 1148 5622; x_wconf 83' lang='lat' dir='ltr'><strong>desunt</strong></span> <span class='ocrx_word' id='word_1_785' title='bbox 1175 5567 1261 5620; x_wconf 73' lang='grc'><strong>81³.</strong></span> <span class='ocrx_word' id='word_1_786' title='bbox 1297 5565 1384 5620; x_wconf 71' lang='grc'><strong>81³.</strong></span> 
     </span>
    </p>
   </div>
   <div class='ocr_carea' id='block_1_115' title="bbox 3139 5458 3744 5553">
    <p class='ocr_par' dir='ltr' id='par_1_115' title="bbox 3139 5458 3744 5553">
     <span class='ocr_line' id='line_1_115' title="bbox 3139 5458 3744 5553; baseline 0 0"><span class='ocrx_word' id='word_1_787' title='bbox 3235 5484 3293 5539; x_wconf 82' lang='grc' dir='ltr'><strong>ιη</strong></span> <span class='ocrx_word' id='word_1_788' title='bbox 3329 5494 3462 5553; x_wconf 65' lang='lat' dir='ltr'><strong>pago</strong></span> <span class='ocrx_word' id='word_1_789' title='bbox 3498 5458 3744 5553; x_wconf 63' lang='grc' dir='ltr'><strong>εειγεωεεί</strong></span> 
     </span>
    </p>
   </div>
   <div class='ocr_carea' id='block_1_116' title="bbox 2579 5532 3742 5614">
    <p class='ocr_par' dir='ltr' id='par_1_116' title="bbox 2579 5532 3742 5614">
     <span class='ocr_line' id='line_1_116' title="bbox 2579 5532 3742 5614; baseline -0.016 0"><span class='ocrx_word' id='word_1_790' title='bbox 2579 5532 2689 5614; x_wconf 46' lang='lat' dir='ltr'><strong>8T1...</strong></span> <span class='ocrx_word' id='word_1_791' title='bbox 2694 5532 3100 5612; x_wconf 61' lang='lat' dir='ltr'><strong>&quot;&quot;3&quot;&#39;ii&quot;€.&quot;c.</strong></span> <span class='ocrx_word' id='word_1_792' title='bbox 3128 5572 3181 5610; x_wconf 72' lang='grc' dir='ltr'><strong>ν.</strong></span> <span class='ocrx_word' id='word_1_793' title='bbox 3215 5532 3567 5609; x_wconf 45' lang='lat' dir='ltr'><strong>{fni—21am</strong></span> <span class='ocrx_word' id='word_1_794' title='bbox 3587 5541 3657 5614; x_wconf 48' lang='lat'><strong>85;</strong></span> 
     </span>
    </p>
   </div>
   <div class='ocr_carea' id='block_1_117' title="bbox 547 5602 3744 5702">
    <p class='ocr_par' dir='ltr' id='par_1_117' title="bbox 547 5602 3744 5702">
     <span class='ocr_line' id='line_1_117' title="bbox 547 5602 3744 5702; baseline -0.005 -9"><span class='ocrx_word' id='word_1_795' title='bbox 547 5602 618 5676; x_wconf 58' lang='lat'><strong>‘79</strong></span> <span class='ocrx_word' id='word_1_796' title='bbox 656 5602 947 5694; x_wconf 55' lang='grc' dir='ltr'><strong>ῗὲΞἻῙΣὲε</strong></span> <span class='ocrx_word' id='word_1_797' title='bbox 961 5602 1613 5692; x_wconf 61' lang='grc' dir='ltr'><strong>ἶῖι”’ἔῖἠῖἇὶιᾶἷὶιαι›ειηηι</strong></span> <span class='ocrx_word' id='word_1_798' title='bbox 1630 5602 2016 5702; x_wconf 58' lang='grc' dir='ltr'><strong>’ζνῗᾶῗιὶἰῖὗιιιιέ</strong></span> <span class='ocrx_word' id='word_1_799' title='bbox 2044 5602 2430 5688; x_wconf 43' lang='lat' dir='ltr'><strong>memmi</strong></span> <span class='ocrx_word' id='word_1_800' title='bbox 2451 5602 2634 5702; x_wconf 48' lang='lat'><strong>“19°83.</strong></span> <span class='ocrx_word' id='word_1_801' title='bbox 2651 5602 3114 5702; x_wconf 51' lang='lat' dir='ltr'><strong>&#39;addiug&#39;Ffobfii</strong></span> <span class='ocrx_word' id='word_1_802' title='bbox 3141 5602 3744 5702; x_wconf 45' lang='grc' dir='ltr'><strong>’ξιιὶξεὶὶῐξέῇςοῳςξ-ᾖθιζ</strong></span> 
     </span>
    </p>
   </div>
   <div class='ocr_carea' id='block_1_118' title="bbox 544 5683 3744 5778">
    <p class='ocr_par' dir='ltr' id='par_1_118' title="bbox 544 5683 3744 5778">
     <span class='ocr_line' id='line_1_118' title="bbox 544 5683 3744 5778; baseline -0.007 -12"><span class='ocrx_word' id='word_1_803' title='bbox 544 5683 788 5767; x_wconf 53' lang='grc' dir='ltr'><strong>ιέιηῦιῖξ</strong></span> <span class='ocrx_word' id='word_1_804' title='bbox 810 5683 2450 5778; x_wconf 41' lang='lat' dir='ltr'><strong>&quot;Béhﬁfgdﬁiaiiigeéiégié‘bfii&#39;siié&#39;aé</strong></span> <span class='ocrx_word' id='word_1_805' title='bbox 2480 5683 2639 5778; x_wconf 75' lang='lat' dir='ltr'><strong>Veto,</strong></span> <span class='ocrx_word' id='word_1_806' title='bbox 2673 5715 2780 5778; x_wconf 82' lang='lat' dir='ltr'><strong>que</strong></span> <span class='ocrx_word' id='word_1_807' title='bbox 2809 5697 3098 5778; x_wconf 45' lang='lat' dir='ltr'><strong>sitaestnin</strong></span> <span class='ocrx_word' id='word_1_808' title='bbox 3132 5694 3400 5752; x_wconf 87' lang='lat' dir='ltr'><strong>territorio</strong></span> <span class='ocrx_word' id='word_1_809' title='bbox 3431 5683 3682 5744; x_wconf 65' lang='lat' dir='ltr'><strong>Catelensi.</strong></span> <span class='ocrx_word' id='word_1_810' title='bbox 3705 5683 3744 5724; x_wconf 73' lang='grc' dir='ltr'>ω</span> 
     </span>
    </p>
   </div>
   <div class='ocr_carea' id='block_1_119' title="bbox 548 5775 1728 5845">
    <p class='ocr_par' dir='ltr' id='par_1_119' title="bbox 548 5775 1728 5845">
     <span class='ocr_line' id='line_1_119' title="bbox 548 5775 1728 5845; baseline -0.008 -3"><span class='ocrx_word' id='word_1_811' title='bbox 548 5781 735 5845; x_wconf 82' lang='lat' dir='ltr'><strong>terris,</strong></span> <span class='ocrx_word' id='word_1_812' title='bbox 765 5780 819 5835; x_wconf 87' lang='lat' dir='ltr'><strong>in</strong></span> <span class='ocrx_word' id='word_1_813' title='bbox 850 5779 1021 5843; x_wconf 88' lang='lat' dir='ltr'><strong>silvis,</strong></span> <span class='ocrx_word' id='word_1_814' title='bbox 1043 5779 1097 5834; x_wconf 93' lang='lat' dir='ltr'><strong>in</strong></span> <span class='ocrx_word' id='word_1_815' title='bbox 1117 5775 1300 5835; x_wconf 55' lang='lat' dir='ltr'><strong>&#39;vineis</strong></span> <span class='ocrx_word' id='word_1_816' title='bbox 1323 5786 1376 5833; x_wconf 84' lang='lat' dir='ltr'><strong>et</strong></span> <span class='ocrx_word' id='word_1_817' title='bbox 1410 5775 1728 5832; x_wconf 81' lang='lat' dir='ltr'><strong>redditilms.</strong></span> 
     </span>
    </p>
   </div>
   <div class='ocr_carea' id='block_1_120' title="bbox 1807 5767 3088 5832">
    <p class='ocr_par' dir='ltr' id='par_1_120' title="bbox 1807 5767 3088 5832">
     <span class='ocr_line' id='line_1_120' title="bbox 1807 5767 3088 5832; baseline -0.006 -3"><span class='ocrx_word' id='word_1_818' title='bbox 1807 5774 1873 5806; x_wconf 78' lang='grc'><strong>⁸³⁷</strong></span> <span class='ocrx_word' id='word_1_819' title='bbox 1904 5772 1970 5829; x_wconf 83' lang='lat' dir='ltr'><strong>ll.</strong></span> <span class='ocrx_word' id='word_1_820' title='bbox 2003 5772 2240 5832; x_wconf 86' lang='lat' dir='ltr'><strong>decauus</strong></span> <span class='ocrx_word' id='word_1_821' title='bbox 2283 5803 2340 5814; x_wconf 52' lang='grc' dir='ltr'><strong>ω</strong></span> <span class='ocrx_word' id='word_1_822' title='bbox 2376 5772 2640 5830; x_wconf 82' lang='lat' dir='ltr'><strong>successit</strong></span> <span class='ocrx_word' id='word_1_823' title='bbox 2665 5767 2848 5826; x_wconf 65' lang='lat' dir='ltr'><strong>desunt</strong></span> <span class='ocrx_word' id='word_1_824' title='bbox 2878 5768 2962 5823; x_wconf 71' lang='lat' dir='ltr'><strong>8b.</strong></span> <span class='ocrx_word' id='word_1_825' title='bbox 3005 5767 3088 5821; x_wconf 55' lang='grc' dir='ltr'><strong>δὲ.</strong></span> 
     </span>
    </p>
   </div>
   <div class='ocr_carea' id='block_1_121' title="bbox 3825 92 3833 210">
    <p class='ocr_par' dir='ltr' id='par_1_121' title="bbox 3825 92 3833 210">
     <span class='ocr_line' id='line_1_121' title="bbox 3825 92 3833 210; baseline 0 0"><span class='ocrx_word' id='word_1_826' title='bbox 3825 92 3833 210; x_wconf 78' lang='grc' dir='ltr'>ι</span> 
     </span>
    </p>
   </div>
   <div class='ocr_carea' id='block_1_122' title="bbox 3829 387 3835 460">
    <p class='ocr_par' dir='ltr' id='par_1_122' title="bbox 3829 387 3835 460">
     <span class='ocr_line' id='line_1_122' title="bbox 3829 387 3835 460; baseline 0 0"><span class='ocrx_word' id='word_1_827' title='bbox 3829 387 3835 460; x_wconf 98' lang='lat'><strong><em>|</em></strong></span> 
     </span>
    </p>
   </div>
  </div>
