3906 6316
252 510 600 557 sannosum.
745 493 1085 550 ruucoiwu.
1230 509 1532 551 ANGLORUII.

101 590 351 666 perrexit
370 586 441 644 ad
469 594 673 643 terram
700 582 970 644 Willermi
1003 585 1150 656 regis
1173 584 1377 654 Silicie,
1406 585 1533 641 licet
1555 584 1682 641 inei-

101 686 201 741 die
236 682 542 754 piratarum
570 675 915 748 imperatoris
942 675 1244 731 Allemanie
1267 677 1316 730 ei
1340 676 1395 731 in
1426 676 1565 731 mari
1586 690 1696 730 non

101 778 382 833 deessent.
407 770 730 827 Willermus
776 767 945 823 frater
988 767 1206 824 comitis
1233 765 1456 823 Tebaidi
1481 767 1700 839 eligitur

101 868 175 923 ad
199 867 444 937 regimen
472 862 703 920 ecciesie
732 854 1109 926 Catnotensis',
1139 860 1265 916 data
1291 860 1341 915 ei
1375 860 1700 917 remissione

101 977 135 1014 a
167 974 313 1029 papa
345 967 567 1028 propter
581 953 879 1026 jnvenilem
923 961 1142 1020 etatem,
1168 960 1227 1007 ut
1248 967 1422 1023 usque
1445 952 1513 1008 ad
1538 952 1700 1023 quin-

100 1048 416 1119 quennium
460 1046 773 1102 differretur
800 1044 1040 1100 sacratio
1078 1043 1200 1114 ejus
1227 1043 1317 1098 ⁸⁸⁸.
1368 1042 1555 1100 Mense
1582 1042 1698 1099 Au-

99 1146 297 1209 gusto,
319 1135 599 1192 Ludovico
620 1134 733 1206 regi
758 1133 1097 1189 Francorum
1119 1149 1186 1189 ex
1210 1149 1381 1190 uxore
1406 1150 1505 1189 sua
1528 1134 1702 1190 nasci—

101 1240 198 1285 tur
232 1228 402 1293 ﬁlius,
431 1236 487 1282 et
516 1233 746 1280 vocatus
785 1234 871 1281 est
907 1224 1212 1295 Philippus.
1245 1224 1453 1297 Regina
1480 1226 1702 1281 Alienor

98 1334 304 1375 mense
343 1316 594 1373 Octobris
640 1303 949 1386 Andegavis
980 1315 1188 1386 peperit
1217 1316 1406 1382 tiliam,
1436 1325 1490 1371 et
1509 1325 1701 1371 vocata

97 1420 187 1464 est
212 1411 278 1464 in
297 1408 624 1478 baptismate
682 1405 954 1462 Johanna.
989 1405 1264 1462 Robertus
1290 1407 1462 1462 abbas
1498 1406 1703 1477 Montis

99 1503 159 1557 in
209 1500 461 1571 quodam
494 1499 722 1555 brachio
774 1514 911 1554 auro
932 1507 988 1554 et
1016 1506 1242 1570 argento
1286 1498 1490 1568 optime
1514 1508 1704 1569 parato

94 1591 280 1662 jussit
326 1590 517 1660 reponi
546 1590 808 1659 reliquias
836 1590 1011 1646 sancti
1062 1589 1372 1656 Laurencii,
1403 1586 1611 1646 scilicet
1639 1606 1703 1646 os

100 1687 330 1743 brachii
350 1687 500 1757 quod
529 1676 819 1742 eschinum
839 1693 1059 1752 vocant,
1090 1693 1145 1740 et
1172 1686 1280 1741 alia
1313 1695 1574 1756 quattuor
1601 1686 1706 1741 mi-

887 374 1261 438 CHRONICA.
1296 411 1371 421 —
1402 374 1813 435 AUCTABIUM
1855 372 2156 435 ROBEHTI
2192 378 2283 435 DE
2318 376 2578 438 MONTEI

3273 379 3382 434 502

1723 498 1769 554 Α
1795 494 1937 564 ejus,
1960 494 2106 549 ﬁlius
2127 495 2396 553 Guidonis
2421 492 2769 566 primOgeniti
2792 493 2878 550 sui
2900 494 3116 550 comitis
3139 488 3376 556 Pontivi.

1797 596 2192 642 concesserunt
2220 587 2335 658 regi
2372 585 2607 642 Henrico
2669 593 2912 641 castrum
2957 585 3275 643 Alenccinm
3327 596 3381 645 et

1799 677 2007 733 Hocam
2028 676 2288 747 Maberie,
2309 695 2435 735 cum
2472 678 2554 735 eis
2579 692 2687 749 que
2713 678 2782 733 ad
2810 677 2928 748 ipsa
2951 680 3175 735 castella
3216 681 3380 750 perti-

1798 777 1948 824 nent.
1979 768 2047 823 Et
2067 768 2295 825 forsitan
2328 769 2452 824 ideo
2475 768 2750 841 predictas
2777 768 3113 825 munitiones
3134 771 3380 840 perdide-

1798 869 1948 928 runt,
1979 862 2109 933 quia
2129 862 2303 933 malas
2340 860 2765 929 consuetudines
2786 860 2890 931 ipsi
2920 869 2973 915 et
2997 876 3189 917 eorum
3226 871 3387 918 ante-

1800 968 2049 1009 cessores
2073 953 2166 1009 diu
2191 953 2264 1007 ibi
2297 960 2616 1020 tenuerant;
2649 967 2791 1022 quas
2843 966 2939 1006 rex
2967 949 3238 1007 Henricus
3268 959 3375 1008 sta:

1800 1046 1897 1099 tim
1927 1044 2201 1101 meliorari
2240 1044 2487 1116 precipit.
2520 1044 2703 1100 Mense
2748 1043 3056 1113 Septembri
3084 1043 3219 1099 obiit
3266 1043 3383 1099 Ste-

1799 1126 2014 1207 phanus
2035 1137 2326 1208 episcopus
2358 1136 2720 1193 Redonensis.
2751 1135 2897 1192 Obiit
2922 1135 3088 1191 etiam
3114 1137 3169 1190 in
3192 1135 3387 1208 Anglia

1804 1228 2077 1285 liobcrtus
2107 1228 2358 1284 Batensis
2383 1229 2673 1299 cpisc0pus
2699 1228 2788 1282 “'.
2823 1227 2965 1294 Quia
2986 1244 3117 1284 vero
3151 1229 3379 1284 obtima—

1804 1326 1884 1372 tes
1923 1316 2281 1373 Cenomaniei
2325 1319 2623 1373 comitatus
2661 1325 2718 1373 et
2766 1306 3078 1372 Britannice
3125 1318 3391 1388 regionis,

1803 1418 2095 1479 antequam
2118 1425 2214 1464 rex
2235 1408 2635 1477 transfretaret,
2663 1408 2848 1465 minus
2881 1408 3390 1479 obtemperaverant

1804 1495 2074 1572 preceptis
2104 1501 2311 1572 regine,
2339 1510 2393 1557 et
2419 1510 2480 1557 ut
2500 1501 2723 1567 dicitur,
2759 1510 3107 1557 sacramento
3156 1516 3215 1556 se
3245 1501 3390 1555 obli-

1804 1598 2084 1662 gaverant,
2111 1598 2172 1645 ut
2197 1606 2255 1647 se
2284 1592 2649 1648 communiter
2697 1591 3050 1648 defenderent
3069 1633 3084 1659 ,
3113 1590 3158 1646 si
3189 1591 3401 1662 aliquis

1802 1697 1995 1737 eorum
2023 1690 2343 1753 gravaretur
2375 1702 2389 1738 :
2418 1699 2513 1738 rex
2542 1684 2609 1739 ad
2657 1683 2871 1739 libitum
2905 1694 3066 1737 suum
3089 1698 3185 1738 eos
3214 1691 3269 1738 et
3291 1699 3387 1739 ca-

103 1793 249 1833 nora
284 1792 412 1832 ossa
442 1777 688 1847 ejusdem
721 1776 1014 1848 martyris;
1041 1775 1203 1831 sicuti
1252 1784 1413 1832 antea
1443 1793 1703 1848 reposue-
1738 1839 1777 1848 _
1806 1774 1961 1829 stella
2011 1788 2203 1830 eorum
2260 1775 2543 1844 tractavit;
2582 1782 2636 1831 et
2672 1774 3014 1846 congregatis
3061 1775 3411 1831 exercitibus.

104 1877 193 1923 rat
212 1869 279 1923 in
313 1839 552 1939 quadam
581 1883 758 1938 cuppa
786 1839 935 1922 intus
979 1839 1035 1922 et
1062 1876 1215 1926 extra
1245 1839 1521 1923 deaurata-
1538 1877 1704 1939 caput
1738 1839 1781 1899 Β
1808 1864 1921 1922 fere
1961 1867 2029 1923 de
2058 1866 2208 1922 omni
2257 1839 2538 1939 potestate
2574 1885 2672 1924 sua
2733 1839 3100 1935 citra'mare,
3149 1876 3397 1923 castrum

103 1959 420 2015 Innocentii
460 1958 599 2015 socii
628 1958 803 2014 sancti
835 1956 1104 2013 Mauricii.
1142 1957 1421 2015 Predictas
1443 1958 1703 2029 reliquias

103 2061 160 2108 et
186 2060 408 2123 partem
431 2065 498 2105 co
531 2049 681 2120 poris
711 2048 887 2105 sancti
922 2048 1137 2121 Agapiti
1191 2049 1470 2120 martyris,
1497 2050 1707 2106 scilicet

107 2158 337 2199 carnem
363 2157 488 2198 cum
525 2143 694 2200 costis
727 2151 1008 2214 quattuor,
1035 2141 1222 2214 Suppo
1259 2143 1430 2199 abbas
1452 2141 1652 2199 Montis
1673 2159 1707 2199 a

106 2234 457 2290 monasterio
489 2234 665 2289 sancti
690 2230 917 2306 Benigni
949 2234 1414 2302 Fructuariensis,
1436 2235 1529 2289 ubi
1552 2234 1707 2304 prius

108 2322 299 2379 iuerat
346 2323 541 2389 abbas,
590 2331 645 2378 et
689 2338 851 2393 prece
885 2333 941 2379 et
964 2317 1149 2394 precio
1197 2324 1265 2379 ad
1311 2324 1706 2380 monasterium

108 2418 293 2483 sancti
343 2416 626 2474 Michaelis
675 2416 1004 2487 adportavit.
1066 2416 1164 2473 Est
1200 2425 1400 2472 autem
1438 2404 1711 2472 ’Fructua-

108 2511 303 2567 riense
346 2510 742 2565 monasterium
790 2509 845 2563 in
875 2508 1276 2581 Langobardia,
1301 2508 1355 2563 in
1385 2509 1707 2579 episcopatu

110 2602 454 2659 Vercellensi
486 2602 577 2656 "’.
621 2600 925 2657 Malcomus
954 2616 1049 2655 rex
1082 2599 1284 2666 Scotie,
1316 2599 1606 2672 religiosus
1623 2600 1708 2670 ju-

110 2696 295 2763 venis,
323 2694 481 2750 ohiit.
518 2692 773 2750 Succedit
801 2693 850 2749 ei
880 2691 1047 2748 frater
1067 2693 1189 2763 ejus
1210 2691 1549 2748 Willermus.
1586 2690 1710 2746 Ful-

111 2802 245 2842 men
295 2786 495 2843 cecidit
524 2786 580 2840 in
609 2784 841 2841 ecclesia
877 2784 1051 2840 sancti
1084 2783 1365 2839 Michaelis
1388 2784 1443 2838 in
1472 2792 1626 2839 turre
1652 2791 1709 2838 et

113 2880 168 2934 in
192 2879 325 2934 aliis
354 2880 511 2945 locis,
541 2885 598 2933 et
616 2886 797 2933 tamen
828 2875 941 2932 Deo
972 2875 1268 2931 miserante
1304 2873 1472 2930 nichil
1496 2873 1703 2930 nocuit.

113 2969 267 3025 Obiit
300 2969 576 3025 Rohertus
628 2956 800 3024 abbas
852 2966 1073 3039 Majeris
1102 2965 1419 3023 Monasterii
1455 2964 1628 3037 (645),
1654 2973 1709 3022 et

114 3062 391 3119 successit
415 3062 464 3117 ei
489 3060 759 3116 Robertus
786 3059 1061 3116 Blesensis
1087 3058 1178 3114 Μ.

1805 1956 2180 2029 Felgeriarum
2228 1959 2465 2026 obsedit,
2498 1959 2662 2030 cepit,
2690 1958 2938 2016 funditus
2993 1959 3211 2015 delevit.
3262 1959 3393 2016 inde

1806 2047 1963 2104 facto'
1992 2050 2231 2105 conubio
2268 2050 2336 2105 de
2375 2045 2640 2106 Gaufrido
2683 2051 2796 2106 ﬁlio
2821 2066 2922 2106 suo
2961 2059 3017 2106 et
3062 2049 3394 2107 Constancia

1806 2139 1918 2194 lilia
1949 2140 2168 2196 comitis
2194 2139 2407 2196 Conani
2437 2140 2742 2197 Brittannie
2795 2149 2850 2197 et
2897 2141 2966 2196 de
3025 2140 3389 2208 Richemont,

1807 2246 1993 2287 comes
2017 2230 2281 2288 Conanus
2315 2233 2595 2289 concessit
2620 2232 2765 2304 regi,
2790 2233 2948 2303 quasi
2998 2232 3067 2288 ad
3110 2249 3249 2304 opus
3296 2232 3390 2287 filii

1808 2322 1917 2390 sui,
1945 2331 2123 2379 totum
2148 2324 2410 2380 ducatum
2451 2323 2735 2392 Brittanie,
2763 2332 2987 2393 excepto
3034 2323 3297 2379 comitatu
3326 2323 3395 2379 de

1808 2414 2097 2486 Gingamp,
2130 2416 2226 2488 qui
2247 2417 2298 2472 ei
2321 2415 2604 2473 accederat
2632 2431 2730 2486 per
2749 2430 2911 2470 avum
2940 2430 3101 2471 suum
3136 2415 3405 2471 comitem

1798 2506 2170 2589 Stephanum.
2211 2506 2329 2564 Rex
2386 2522 2518 2563 vero
2555 2507 2765 2578 accepit
2810 2506 3116 2562 hominium
3163 2504 3277 2562 fere
3325 2506 3401 2562 ab

1809 2597 2067 2653 omnibus
2087 2597 2391 2653 baronibus
2419 2596 2725 2653 Brittannie
2752 2597 2898 2668 apud
2934 2595 3099 2654 Toas.
3145 2596 3278 2654 Inde
3303 2609 3397 2650 ve-

1808 2689 1890 2744 nit
1913 2687 2176 2756 Redonis,
2206 2698 2261 2744 et
2285 2703 2382 2760 per
2404 2689 2679 2744 civitatem
2725 2689 2874 2743 illam
2899 2728 2917 2756 ,
2963 2703 3071 2758 que
3120 2695 3289 2757 caput
3311 2693 3401 2743 est

1807 2781 2135 2850 Brittannie,
2161 2790 2336 2838 totum
2382 2780 2536 2836 illum
2583 2781 2843 2836 ducatum
2880 2780 3108 2836 saisivit.
3150 2778 3218 2834 Et
3267 2777 3399 2848 quia

1809 2887 2094 2943 nunquam
2123 2871 2337 2928 viderat
2372 2869 2708 2927 Comborcht
2733 2885 2912 2942 neque
2959 2867 3078 2938 Dol,
3104 2876 3395 2941 postquam

1809 2971 1866 3026 in
1889 2951 2087 3026 manus
2114 2970 2235 3041 ejus
2260 2980 2546 3041 venerant,
2571 2973 2627 3027 in
2659 2971 2895 3028 transitu
2917 2970 3007 3026 illa
3033 2970 3189 3025 vidit.
3214 2969 3399 3025 Causa

1808 3077 1941 3118 vero
1982 3062 2251 3118 orationis
2279 3062 2348 3118 ad
2370 3061 2608 3120 Montem
2638 3063 2815 3120 sancti
2843 3062 3124 3119 Michaelis
3153 3060 3408 3129 veniens,

184 3154 355 3208 1166.
397 3152 716 3207 Fredericus
740 3152 828 3207 l5.
867 3149 1167 3241 Ludovicus
1199 3149 1289 3241 29‘.
1325 3147 1585 3241 Henricus
1616 3148 1703 3203 12.
1735 3177 1781 3241 ο
1812 3153 1957 3227 apud
1988 3153 2273 3225 genecium
2331 3154 2424 3209 illa
2467 3164 2629 3211 nocte
2675 3155 2985 3226 hospitatus
3016 3162 3103 3210 est
3136 3152 3224 3208 διε.
3264 3152 3401 3208 illuc

187 3242 468 3299 Henricus
491 3259 608 3309 rex,
648 3241 877 3297 munitis
916 3240 1171 3319 confiniis
1210 3239 1354 3294 inter
1406 3237 1611 3308 Anglos
1654 3245 1709 3292 et

117 3336 432 3402 Walenses,
488 3343 543 3390 et
607 3334 846 3390 castellis
904 3342 962 3388 et
1004 3330 1273 3388 militibus
1319 3329 1623 3399 dispositis,
1652 3329 1707 3384 in

115 3427 545 3498 quadragesima
572 3424 952 3481 transfretavit
971 3426 1026 3480 in
1051 3422 1466 3479 Normanniam.
1506 3421 1711 3477 Deinde

116 3521 343 3576 locutus
380 3535 505 3575 cum
530 3512 664 3590 rege:
678 3517 1016 3597 Francorum
1031 3531 1094 3572 ea
1109 3531 1217 3586 que
1237 3515 1305 3570 ad
1331 3520 1519 3584 paceni
1548 3522 1706 3579 sunt;

118 3616 321 3671 audito.
363 3615 528 3669 etiam
566 3614 715 3684 quod
763 3630 861 3669 rex
924 3611 1264 3667 Francorum
1318 3608 1601 3677 statuisset
1642 3608 1710 3662 de

119 3704 408 3759 thesauris
435 3712 491 3758 et
531 3696 836 3759 redditibus
867 3700 1004 3767 suis,
1057 3699 1310 3756 similiter
1353 3705 1408 3754 et
1461 3698 1710 3753 omnium

121 3796 415 3852 hominum
445 3804 556 3850 tam
583 3794 906 3850 clericorum
955 3807 1123 3863 quam
1168 3791 1461 3857 laieorum,
1512 3790 1607 3861 qui
1653 3789 1710 3844 in
1760 3792 1769 3801 “

120 3901 216 3941 sua
257 3885 474 3941 ditione
498 3892 686 3949 erant,
719 3881 952 3953 singulis
999 3878 1160 3935 annis
1213 3892 1392 3948 usque
1440 3876 1509 3931 ad
1550 3875 1712 3947 quin-

120 3975 429 4046 quennium
453 3972 525 4005 “'
549 3971 615 4027 de
644 3972 875 4044 singulis
891 3971 963 4026 20
977 3968 1166 4027 solidis
1191 3968 1435 4040 singulos
1456 3966 1713 4023 denarios

121 4065 345 4120 mittere
391 4060 692 4118 Jerusalem
723 4062 792 4117 ad
820 4059 1196 4117 defensionem
1247 4055 1666 4113 Christianitatis
1696 4073 1709 4109 :

123 4156 268 4212 idem
298 4170 401 4210 rex
431 4153 818 4225 magnanimus
839 4152 976 4208 fecit
996 4150 1278 4222 duplicare
1299 4149 1355 4203 in
1382 4147 1533 4204 omni
1558 4154 1714 4218 pote-

123 4256 263 4309 state
283 4262 393 4303 sua
419 4245 691 4301 redditum
714 4243 879 4315 primi
904 4242 1055 4311 anni,
1103 4237 1333 4318 reliquis
1377 4238 1539 4294 annis
1584 4252 1712 4308 per-

120 4337 482 4394 manentibus
497 4335 565 4391 ad
591 4335 915 4391 solutionem
931 4334 1097 4389 unius
1121 4330 1329 4387 denarii
1352 4345 1449 4401 per
1469 4326 1715 4400 singulos

125 4428 321 4501 viginti
373 4409 597 4481 solidos.
647 4410 990 4481 Gualeranus
1040 4437 1226 4480 comes
1269 4419 1507 4477 Mellenti
1536 4418 1715 4474 factus

1809 3253 2079 3299 venerunt
2113 3244 2182 3299 ad
2205 3260 2332 3300 eum
2363 3244 2697 3302 Guillermus
2727 3262 2823 3303 rex
2849 3246 3062 3314 Scotie,
3092 3253 3147 3301 et
3184 3244 3419 3316 episco-—

1808 3350 1913 3405 pus
1941 3335 2247 3411 insularum
2299 3334 2425 3391 Man
2472 3346 2529 3392 et
2571 3338 2802 3392 aliarum
2830 3338 2933 3406 51,
2957 3354 3065 3409 que
3098 3346 3229 3393 sunt
3252 3328 3418 3395 inter}

1813 3422 2055 3480 Scotiam
2096 3434 2151 3480 et
2180 3423 2496 3495 Hiberniam
2527 3434 2583 3481 et
2603 3426 2878 3497 Angliam.
2928 3426 3057 3483 lllas
3085 3426 3156 3482 52
3182 3426 3409 3483 insulas

1809 3516 1957 3571 tenet
1985 3532 2082 3570 rex
2111 3516 2416 3572 insularum
2445 3517 2541 3571 tali
2567 3517 2772 3572 tributo
2816 3508 2888 3573 de
2929 3532 3055 3588 rege
3088 3515 3400 3589 Norwegie,

1810 3608 1958 3679 quod
1986 3608 2208 3678 quando
2242 3624 2339 3664 rex
2391 3608 2704 3677 innovatur,
2756 3624 2852 3663 rex
2894 3608 3199 3663 insularum
3228 3607 3324 3662 dat
3346 3606 3397 3661 ei

1810 3699 1999 3755 decem
2030 3715 2246 3756 marcas
2274 3698 2420 3767 auri,
2448 3714 2552 3755 nec
2576 3699 2783 3771 aliquid
2810 3694 2942 3755 facit
2967 3699 3017 3754 ei
3044 3698 3099 3752 in
3132 3706 3244 3752 tota
3287 3696 3398 3751 vita

1812 3805 1935 3857 sua,
1965 3790 2302 3847 nisi‘iterum
2335 3791 2476 3847 alius
2504 3807 2601 3846 rex
2635 3790 2920 3847 ordinetur
2978 3789 3033 3849 in
3085 3785 3391 3863 Norwegia.

1812 3879 1990 3951 Hujus
2013 3881 2160 3954 regis
2183 3882 2489 3938 insularum
2505 3878 2654 3938 venit
2675 3882 2884 3952 legatus
2912 3880 2979 3937 ad
3000 3874 3182 3955 regem
3203 3876 3396 3948 Anglic

1811 3968 2092 4040 predictus
2124 3970 2457 4041 episcopus.
2484 3969 2582 4033 Est
2611 3970 2757 4026 enim
2789 3968 3064 4039 predictus
3118 3981 3214 4022 rex
3263 3980 3397 4020 con-
3418 4010 3431 4015 ,

1814 4061 2152 4132 sanguineus
2183 4063 2330 4134 regis
2357 4062 2552 4135 Anglic
2576 4077 2641 4120 ex
2679 4071 2834 4141 parte
2855 4060 3133 4125 Mathildis
3158 4059 3404 4138 impera:

1816 4153 1975 4208 tricis
2002 4153 2195 4209 matris
2225 4169 2329 4215 sue
2349 4152 2440 4209 ⁸³⁸.

1886 4243 2046 4299 1167.
2196 4246 2201 4249 ’
2406 4244 2525 4308 16.,
2850 4243 2945 4300 5ολ
3307 4240 3396 4297 15.
3430 4300 3435 4305 ,

1891 4333 1950 4389 ln
1970 4335 2142 4390 natali
2168 4334 2385 4393 Domini
2417 4336 2521 4392 fuit
2568 4351 2664 4392 rex
2695 4335 2964 4398 Henricus
3018 4332 3261 4389 Pictavis
3281 4373 3297 4399 ,
3326 4339 3401 4393 ,et
3429 4386 3433 4394 ,

1814 4414 1967 4481 venit
2011 4426 2080 4481 ad
2110 4441 2237 4489 eum
2277 4425 2547 4489 Henricus
2585 4430 2732 4491 ﬁlius
2758 4444 2892 4485 suus
2918 4426 2983 4482 de
3011 4425 3226 4496 Anglia.
3258 4416 3425 4479 Ante'

124 4519 441 4576 monachus
462 4517 682 4573 Pralem
705 4517 872 4584 Obiit;
909 4527 965 4572 θῑ
991 4514 1262 4572 success“
1304 4514 1355 4569 εί
1403 4512 1547 4567 ﬁlius
1596 4511 1716 4580 eius
1750 4513 1795 4573 D
1820 4519 2296 4595 quadragesimum
2330 4522 2483 4584 venit
2509 4538 2604 4578 rex
2636 4522 3073 4591 Rothomagum,
3101 4528 3155 4574 et
3179 4525 3398 4573 mortuo

123 4611 426 4676 Rohertus,
463 4618 627 4666 natus
649 4625 716 4665 ex
740 4623 928 4665 sorore
970 4606 1212 4662 Simonis
1258 4596 1475 4661 comitis
1522 4602 1707 4657 Ehroi-

124 4707 307 4762 musis
333 4702 440 4762 “'.
476 4704 640 4759 Duxit
672 4709 853 4758 autem
892 4701 1035 4757 idem
1080 4699 1355 4754 Robertus
1394 4697 1560 4751 ﬁliam
1593 4694 1718 4750 Bai-

125 4800 272 4854 naldi
304 4797 530 4853 comitis
563 4794 955 4851 Cornubensis.
1002 4791 1150 4847 Obiit
1177 4790 1342 4845 etiam
1383 4788 1714 4844 Guillermus

1154 4880 1488 4937 Guillermits
1554 4878 1715 4951 {ﬁlius

126 4902 218 4943 rex
279 4886 489 4942 Siciliae
551 4895 608 4942 et
665 4884 931 4941 successit
1015 4882 1068 4938 ei

125 4980 266 5052 ejus.
333 4978 655 5035 Willermus
729 4976 1053 5033 Talavacius
1082 5016 1098 5040 ,
1155 4987 1341 5030 comes
1394 4970 1671 5042 Sagiensis
1695 5011 1735 5039 ,ι

128 5082 182 5127 et
210 5072 363 5128 ﬁlius
395 5070 517 5143 ejus
549 5069 842 5138 lohannes,
885 5082 939 5125 et
981 5068 1180 5124 iterum
1224 5064 1503 5120 Iohannes
1542 5077 1713 5133 nepos

1821 4610 2082 4682 Rotgerio
2127 4611 2331 4687 abbate.
2367 4611 2552 4676 Sancti
2580 4612 2852 4680 Audonci,
2874 4614 2993 4666 viro
3023 4624 3237 4666 summe
3272 4607 3400 4665 reli-

1819 4701 2027 4772 gionis,
2057 4703 2284 4758 eandem
2309 4703 2585 4758 abbatiam
2610 4704 2756 4758 dedit
2785 4699 3092 4756 Haimerico
3116 4696 3411 4755 cellerario

1818 4791 1996 4851 Becci.
2019 4792 2191 4856 Paulo
2217 4784 2344 4849 ante
2361 4795 2611 4851 obierant
2637 4796 2692 4849 in
2716 4793 2906 4867 Anglia
2936 4792 3207 4847 Robertus
3238 4786 3447 4853 Here-

1819 4881 2094 4943 fordensis
2113 4892 2168 4940 et
2192 4883 2466 4942 Robertus
2495 4885 2876 4942 Linconiensis
2905 4883 3144 4955 episcopi
3194 4881 3286 4937 “‘.
3308 4942 3315 4943 ί
3335 4878 3425 4944 In.

1823 4973 2243 5047 quadragesima
2282 4977 2499 5033 locutus
2529 4977 2632 5032 fuit
2661 4994 2755 5033 rex
2785 4977 3082 5048 Anglorum
3129 4990 3256 5031 cum
3304 4989 3403 5030 co—

1821 5067 1952 5122 mite
1977 5066 2163 5124 Sancti
2184 5069 2360 5141 Egidii
2390 5071 2532 5141 apud
2557 5069 2814 5143 Magnum
2839 5076 3104 5125 montem.
3142 5065 3274 5127 Post
3302 5082 3400 5141 pa-

1443 5171 1682 5234 VARLE
1720 5173 2123 5237 LECTIONES.

241 5254 316 5286 ⁸³⁸
346 5251 669 5307 Willerinus
703 5280 773 5291 —
799 5248 919 5320 ejus
948 5248 1139 5320 desunt
1166 5247 1253 5303 8b.
1282 5245 1369 5320 ει).
1447 5242 1917 5320 "’;l_lobertus.;-—
1941 5247 2273 5320 Verceliensi
2311 5251 2496 5307 desunt
2534 5252 2620 5308 85.
2666 5251 2750 5308 8h.
2825 5251 2900 5283 “°
2927 5250 3156 5305 Fulmen
3178 5278 3251 5288 —
3274 5247 3374 5320 Ble
3392 5276 3401 5289 -

132 5326 313 5380 sensis
348 5332 544 5394 postea;
580 5321 792 5394 addidit
822 5312 1012 5394 manus
1041 5319 1259 5394 eadeln;
1306 5315 1494 5394 desunt
1528 5312 1741 5394 8§.8h.:
1771 5316 2311 5394 Eiquadriennium
2334 5322 2418 5394 δᾶ.
2494 5322 2563 5394 Ψ
2592 5323 2723 5378 Post
2768 5325 2877 5377 hac
2903 5331 3192 5394 tremores
3214 5316 3399 5372 "erasit

129 5382 363 5465 scriptor
392 5393 502 5463 ipse
529 5393 583 5465 in
605 5390 667 5445 Ε.
701 5391 1041 5465 Qualeranus
1059 5418 1130 5428 —
1152 5383 1525 5465 Qgrnubcnsis
1552 5382 1741 5463 desunt
1768 5383 1854 5465 81»ἶ
1881 5382 1968 5442 85.

131 5455 454 5530 nus'mutai,
483 5462 573 5516 sed
609 5460 888 5532 paululum
909 5467 1145 5525 tantum.
1175 5456 1360 5512 Mense
1388 5483 1460 5494 -—
1500 5455 1790 5532 episcopus
1819 5455 2009 5532 desunt
2031 5458 2117 5513 8b.
2143 5460 2232 5515 8h.

2108 5389 2179 5461 Ψ
2217 5390 2428 5461 Pagina
2475 5393 2743 5448 desinente
2792 5394 2850 5446 in
2901 5391 2964 5444 E.
3005 5388 3255 5461 habitant
3284 5403 3414 5461 ing.

2332 5462 2403 5494 ⁸⁸⁸
2431 5463 2800 5517 Atramentum
2834 5470 3091 5515 mutatur.
3184 5455 3255 5489 “'
3286 5456 3399 5510 Ab-

134 5536 256 5588 hinc
278 5524 640 5587 atramentum
670 5541 829 5603 atque
858 5542 1309 5603 manusprorsui
1324 5532 1581 5603 mutatur,
1613 5524 1991 5596 orthographia
2019 5544 2224 5601 quoque
2252 5531 2447 5603 sapius
2474 5532 2654 5602 di/j‘ert
2687 5548 2719 5586 a
2748 5529 3083 5601 prwcedenti.
3111 5584 3118 5592 ,
3159 5525 3229 5562 ⁸⁸⁸
3258 5524 3412 5589 Ante

1635 5681 1866 5739 ΝΟΤιΕ.

135 5603 616 5675 quadragesimam
647 5632 716 5642 -
741 5595 988 5671 episcopi
1031 5595 1218 5654 desunt
1259 5596 1345 5651 δι’.
1378 5595 1463 5650 8h.

208 5783 361 5855 (615)
399 5777 887 5837 Marmoutiers-les
919 5775 1115 5833 Tours.
