3906 6316
489 224 596 285 503

619 347 980 392 ιιιοωοιιωι.
1124 346 1440 390 FBANCOBUI
1447 372 1461 387 ο
1609 345 1816 388 ANGLOR
1822 347 1912 387 Ull.

489 428 625 484 scha
656 426 815 483 duxit
834 424 1139 482 exercitum
1178 423 1418 479 militum
1476 422 1535 479 in
1588 421 1949 479 Arvernicum
1985 438 2077 493 pa.

489 534 642 592 gum,
670 525 726 573 et
745 516 984 573 vastavit
1006 523 1210 571 terram
1234 514 1517 571 Guillermi
1533 515 1772 580 comitis.
1805 514 1934 585 quia
1948 514 2075 570 data

489 610 596 666 ﬁde
623 609 906 680 pepigerat
942 616 1090 661 stare
1102 601 1332 677 'justicie
1349 648 1365 673 ,
1407 605 1463 660 in
1485 605 1764 676 prescntia
1790 604 1959 662 donni
1988 620 2077 659 rc-

490 699 597 770 gis,
631 698 815 769 nepoti
837 712 959 761 suo,
990 712 1154 766 quem
1183 695 1612 751 exheredaverat
1633 737 1648 763 ,
1686 695 1893 766 juniori
1922 695 2076 751 vide-

488 791 618 846 licet
645 789 835 844 comiti
859 787 1223 855 Arverneusi;
1262 788 1358 844 sed
1388 788 1725 844 inveteratus
1752 787 1841 843 ille
1862 787 2077 843 dierum

490 881 765 936 malorum
799 888 962 951 rupta
1000 880 1128 947 ﬁde,
1169 881 1451 936 transtulit
1476 895 1535 936 se
1559 880 1627 936 ad
1676 895 1858 952 regem
1904 878 2079 936 Fran-

491 986 708 1037 corum,
737 979 793 1026 et
826 970 1118 1027 seminavit
1139 970 1449 1027 discordias
1476 969 1619 1025 inter
1647 984 1764 1025 eos.
1800 967 1907 1024 Sed
1930 978 1985 1024 et
2011 969 2078 1023 de

492 1060 817 1118 collectione
840 1060 1070 1131 pecunie
1120 1060 1414 1116 deferende
1462 1059 1788 1127 Jerusalem,
1828 1074 1935 1128 que
1982 1058 2080 1115 ad-

492 1163 665 1211 unata
700 1153 880 1210 fuerat
906 1153 1163 1221 Turonis,
1190 1169 1357 1225 quam
1407 1168 1504 1209 rex
1530 1151 1834 1224 Anglorum
1864 1151 2081 1207 volebat

492 1245 713 1301 mittere
754 1258 852 1314 per
893 1258 1025 1300 suos
1055 1244 1314 1311 nuntios,
1351 1252 1545 1314 utpote
1586 1252 1861 1313 sumptam
1894 1242 1948 1297 in
1977 1257 2081 1297 suo

494 1336 759 1392 comitatu
787 1376 804 1403 ,
843 1351 938 1390 rex
981 1344 1164 1391 autem
1219 1335 1560 1391 Francorum
1595 1350 1691 1406 per
1733 1351 1900 1402 suos,
1952 1335 2081 1406 quia

495 1429 729 1484 ecclesia
759 1427 1103 1491 Turonensis
1152 1444 1252 1485 sua
1300 1438 1405 1496 est,
1443 1429 1792 1500 suggestione
1823 1427 1962 1484 Jocii
1993 1444 2083 1482 ar-
2112 1432 2121 1436 ”

496 1520 833 1593 chiepiscopi
856 1520 1201 1578 Turonensis
1220 1537 1415 1593 magna
1457 1521 1732 1576 discordia
1762 1520 1904 1576 inter
1932 1519 2081 1576 Hen-

497 1613 678 1670 ricnm
710 1629 893 1685 regem
924 1614 1226 1684 Anglorum
1252 1622 1308 1669 et
1338 1612 1676 1669 Ludovicum
1704 1627 1887 1683 regem
1910 1611 2082 1667 Fran-

493 1722 687 1762 corum
714 1714 861 1760 mota
891 1715 994 1761 est.
1021 1705 1320 1762 Comhusta
1365 1714 1451 1761 cst
1499 1704 1693 1760 civitas
1742 1703 2082 1759 Turonensis

495 1813 621 1853 cum
661 1797 951 1869 principali
979 1798 1231 1853 ecclesia.
1286 1796 1599 1853 Almaricus
1639 1811 1735 1852 rex
1778 1795 2081 1850 Jerusalem

498 1899 758 1945 evocatus
792 1890 863 1945 ab
896 1890 1157 1946 amirario
1194 1889 1479 1946 Babilonie
1503 1930 1519 1957 ,
1559 1888 1653 1944 cui
1700 1887 2083 1945 confederatus

494 1991 642 2047 erat,
669 1982 883 2037 obsedit
911 1980 1293 2038 Alexandriam
1311 2024 1328 2050 ,
1360 1997 1468 2053 que
1493 1989 1659 2052 caput
1679 1989 1765 2037 est
1787 1980 2001 2053 Egypti,
2029 1989 2084 2036 et

495 2073 660 2142 cepit,
699 2080 754 2128 et
782 2073 1020 2128 reddidit
1061 2088 1185 2128 eam
1224 2072 1517 2141 amirario,
1552 2072 1644 2143 qui
1671 2071 1873 2143 pegigit
1894 2072 1945 2127 ei
1969 2070 2083 2127 sin-

496 2162 642 2233 gulis
682 2162 846 2217 annis
899 2162 1168 2218 tributum
1218 2163 1286 2218 de
1333 2163 1524 2219 eadem
1569 2162 1789 2218 civitate
1825 2161 1895 2217 50
1931 2161 2081 2218 milia

494 2245 912 2321 Bizantiorum,
931 2255 1179 2325 exceptis
1219 2255 1289 2310 57
1324 2254 1580 2315 milibus.
1612 2269 1753 2325 quos
1794 2253 1957 2308 habet
2014 2253 2082 2310 de

495 2344 778 2401 Babilone.
816 2345 963 2402 ldem
1002 2348 1170 2403 etiam
1224 2363 1324 2402 rex
1358 2347 1516 2403 duxit
1571 2362 1800 2402 uxorem
1862 2353 2079 2416 neptem

495 2434 712 2491 Manuel
735 2436 1085 2508 imperatoris
1122 2437 1718 2510 Constantinopolitani
1747 2453 1873 2494 cum
1898 2436 2082 2493 inﬁni-

494 2523 569 2581 tis
607 2526 908 2583 thesauris.

564 2613 727 2672 Circa
754 2624 1124 2687 pentecostem
1151 2618 1476 2675 Fredericus
1510 2618 1810 2689 imperator
1857 2615 2079 2673 Alema-

495 2718 728 2771 norum,
771 2705 959 2763 missis
986 2708 1318 2764 exercitibus
1357 2708 1475 2764 suis
1497 2749 1514 2773 ,
1542 2706 1747 2763 multos
1796 2705 2079 2764 Romano-

495 2811 621 2852 rum
661 2797 893 2865 occidit,
946 2798 1061 2870 ipse
1111 2800 1182 2854 ab
1227 2799 1433 2855 eisdem
1486 2799 1689 2854 similia
1737 2809 2075 2869 recepturus.

492 2890 657 2947 Circa
686 2907 934 2948 mensem
987 2891 1192 2949 Iulium
1237 2910 1334 2965 per
1369 2891 1722 2962 semetipsum
1778 2891 2078 2948 Leoninam

495 2982 727 3038 Romam
752 2984 965 3039 obsedit
988 2992 1042 3039 et
1072 2985 1235 3055 cepit,
1262 2993 1316 3039 et
1343 2984 1578 3055 quedam
1601 2984 1758 3055 juxta
1787 2983 2076 3039 ecclesiam
2104 3017 2148 3078 ρ

492 3073 639 3130 beati
680 3074 828 3130 Petri
855 3075 1147 3142 destruxit,
1172 3075 1382 3131 scilicet
1421 3075 1691 3146 porticum
1728 3083 1783 3130 et
1809 3074 1914 3129 alia
1938 3089 2079 3129 nou-

493 3163 1005 3236 nulla.Antipapam
1030 3165 1195 3220 etiam
1210 3165 1503 3221 Widouem
1534 3166 1601 3222 de
1625 3166 1819 3221 Creme
1843 3164 2077 3221 Romam

497 3255 747 3323 adduxit,
784 3264 839 3311 et
867 3270 962 3326 per
983 3271 1208 3311 manum
1241 3256 1415 3326 ipsius
1443 3271 1676 3312 uxorem
1716 3270 1873 3310 suam
1904 3254 2078 3324 impe-

457 3350 754 3405 .ratricem
797 3348 931 3405 fecit
970 3350 1228 3405 coronari
1271 3348 1432 3420 (Aug.
1472 3347 1549 3419 l).
1593 3346 1900 3404 Subsecuta
1929 3354 2015 3402 est
2046 3360 2078 3402 e

490 3441 729 3512 vestigio
766 3441 908 3497 ultio
933 3441 1141 3497 divina.
1185 3440 1323 3496 Nam
1354 3440 1590 3497 Karolus
1637 3440 1785 3497 ﬁlius
1825 3437 2077 3506 Corradi,

493 3532 590 3605 qui
607 3532 1097 3590 anteFredericum
1121 3534 1509 3604 imperaverat,
1539 3533 1907 3589 consobrinus
1932 3531 2076 3601 eius,

491 3632 747 3681 mortuus
773 3638 856 3681 est
882 3626 975 3694 ⁸⁸⁷,
997 3634 1052 3681 et
1075 3624 1377 3681 Rainaldus
1406 3624 1860 3696 archiepiscopus
1884 3618 1887 3619 ⁷
1908 3622 2076 3679 Colo-

492 3717 705 3774 niensis
724 3718 1090 3774 cancellarius
1119 3718 1261 3788 ejus,
1292 3718 1453 3789 cujus
1476 3717 1707 3775 consilio
1734 3716 1906 3773 multa
1930 3716 2076 3771 mala

490 3810 728 3867 faciebat
760 3810 854 3879 “‘,
883 3820 939 3867 et
964 3811 1257 3881 episcopus
1286 3798 1609 3866 Lcediensis
1628 3852 1648 3876 ,
1690 3818 1746 3866 ct
1779 3808 1938 3863 multi
1983 3809 2078 3863 alii

488 3912 607 3960 tam
661 3903 904 3974 episcopi
964 3918 1132 3973 quam
1184 3903 1463 3970 consules,
1493 3902 1745 3959 similiter
1773 3901 2075 3972 perierunt.

491 3992 707 4049 Dicitur
730 3993 900 4060 enim,
930 3993 1079 4063 quod
1106 4002 1391 4049 crassaute
1434 3993 1771 4048 mortalitate
1811 3991 1885 4047 ‘25
1926 3989 2076 4044 milia

491 4084 781 4140 hominum
806 4083 875 4139 de
895 4084 1141 4140 exercitu
1169 4099 1272 4140 suo
1295 4084 1499 4140 mortui
1531 4091 1678 4141 sunt.
1699 4081 2077 4155 Longobardie

491 4175 766 4243 civitates,
793 4191 904 4247 que
928 4184 1062 4232 sunt
1094 4192 1327 4233 numero
1355 4177 1430 4233 25
1451 4218 1469 4245 ,
1504 4176 1870 4232 Mediolanum
1899 4175 2077 4230 reedi-

490 4265 662 4323 ﬁcant
705 4275 761 4323 et
807 4267 878 4323 ab
898 4268 1231 4338 imperatore
1254 4268 1540 4325 deciscunt
1563 4310 1579 4335 ,
1621 4276 1803 4338 preter
1846 4265 2073 4337 Papiam

1660 216 2022 276 SIGEBERTI
2060 217 2588 277 GEMBLACENSIS

1970 306 1976 311 ι
2107 333 2154 388 Α
2179 332 2413 389 multum
2454 332 2691 390 deferret
2740 334 2858 405 regi
2904 332 3213 400 Ludovico,
3248 330 3479 391 Calvum
3523 328 3755 390 Montem
3785 319 3803 338 ’

3656 215 3755 272 ωδ

2177 434 2421 480 castrum
2456 425 2891 497 munitissimum
2924 434 2981 482 et
3021 425 3360 482 ditissimum
3380 466 3399 492 ,
3449 425 3506 479 in
3527 437 3757 495 quem

2175 516 2516 594 Francorum
2541 525 2969 588 congregaverat
3007 530 3280 587 expensas
3316 523 3373 572 et
3401 514 3664 572 victualia
3694 519 3757 574 ad

2176 624 2317 679 opus
2344 608 2505 676 belli,
2531 617 2588 664 et
2607 608 2875 681 plurimas
2899 609 3058 664 villas
3086 608 3145 662 in
3165 607 3402 665 circuitu
3437 608 3587 665 illius
3613 624 3758 665 com-

2176 699 2376 755 bussit.
2400 698 2523 766 Quo
2551 700 2739 755 audito
2767 715 2863 755 rex
2893 699 3234 756 Francorum
3262 699 3505 770 graviter
3544 700 3690 766 tulit,
3708 710 3759 758 et

2177 788 2422 845 collectis
2448 789 2659 844 viribus
2686 790 2825 855 suis,
2844 789 2992 845 latos
3005 787 3205 844 fundos
3223 790 3367 859 quos
3394 787 3637 844 Sanctus
3652 790 3759 845 Au-

2176 880 2389 935 doenus
2414 880 2729 936 habebatin
2751 880 3068 949 Vircasino,
3097 877 3538 936 milithadum
3561 878 3759 951 Nigasii

2177 981 2232 1027 et
2283 973 2421 1028 alias
2449 973 2630 1039 villas,
2658 973 3003 1041 combussit;
3042 972 3400 1027 Andeliacum
3437 972 3611 1027 etiam
3639 972 3760 1028 bur-

2178 1080 2306 1136 gum
2336 1065 2602 1135 optimum
2630 1107 2645 1130 ,
2689 1066 2787 1136 qui
2838 1073 2960 1120 erat
3007 1064 3266 1136 proprius
3312 1063 3480 1119 Beate
3521 1061 3761 1121 Πλήθει

2178 1156 2577 1226 archiepiscOpi
2621 1155 3103 1228 Rothomagensis.
3151 1154 3426 1211 Nonnulla
3466 1154 3634 1210 etiam
3664 1170 3761 1226 quo

2178 1247 2522 1319 pertinebant
2549 1248 2618 1303 ad
2643 1249 2930 1304 ecclesiam
2951 1255 3140 1304 sancte
3160 1245 3444 1302 Trinitatis
3463 1244 3761 1302 Rothoma-

2179 1340 2387 1411 gensis,
2410 1339 2666 1395 vastavit.
2704 1338 2811 1395 Sed
2836 1355 2957 1394 non
3005 1337 3183 1394 defuit
3214 1336 3475 1394 festinata
3504 1338 3758 1397 vindicta.

2180 1430 2381 1486 Eadem
2405 1446 2643 1501 namque
2688 1429 2777 1486 die
2815 1430 2976 1486 multi
2999 1431 3068 1486 de
3098 1430 3345 1486 exercitu
3378 1429 3505 1500 ejus
3535 1445 3661 1485 cum
3684 1445 3763 1485 re-

2179 1521 2361 1577 dirent
2397 1521 2465 1576 ad
2509 1529 2726 1589 castra,
2758 1520 2883 1588 siti,
2915 1521 3050 1577 solis
3077 1519 3313 1588 fervore,
3358 1520 3618 1592 pulvere,
3660 1519 3762 1576 for-

2182 1612 2389 1667 midine
2444 1612 2759 1669 deﬁcientes
2805 1612 3216 1683 expiraverunt.
3270 1612 3365 1667 Sic
3410 1612 3585 1668 etiam
3633 1611 3761 1681 patri

2114 1680 2156 1735 Β
2184 1704 2357 1774 ipsius
2384 1704 2593 1773 pridem
2627 1703 2776 1776 (646)
2807 1680 3114 1771 acciderat;
3159 1719 3288 1758 nam
3335 1703 3582 1759 initurus

2183 1808 2310 1850 men
2358 1809 2486 1849 cum
2534 1792 2770 1850 Henrico
2812 1794 3030 1850 seniore
3075 1809 3204 1868 rege
3227 1794 3561 1866 Anglorum,
3586 1794 3641 1848 in
3664 1808 3762 1864 quo

2184 1885 2412 1942 inferior
2439 1884 2564 1954 fuit,
2590 1885 2904 1956 precedenti
2928 1895 3088 1943 nocte
3123 1886 3181 1941 in
3206 1886 3403 1942 eodem
3436 1885 3566 1941 vico
3591 1885 3762 1955 hospi-

2183 1986 2329 2034 tatus
2352 1976 2549 2047 fuerat,
2572 1984 2628 2032 et
2648 1976 2868 2045 Franci,
2890 1977 2988 2048 qui
3013 1993 3046 2033 a
3071 1976 3380 2043 ferocitate,
3415 1985 3560 2033 teste
3581 1974 3761 2031 Valen-

2182 2071 2392 2127 tiniano
2415 2070 2791 2126 Romanorum
2817 2070 3170 2141 imperatore,
3201 2067 3385 2129 vocati
3405 2066 3562 2135 sunt,
3600 2067 3758 2127 eccle-

2183 2162 2323 2218 siam
2352 2162 2510 2217 beate
2535 2160 2706 2217 llrlarie
2733 2160 3022 2217 Andeliaci
3047 2160 3327 2217 stabulum
3348 2173 3627 2231 equorum
3647 2173 3762 2214 suo-

2181 2260 2308 2306 rum
2340 2249 2603 2307 fecerant.
2652 2249 2804 2307 Unde
2842 2251 2936 2309 alii
2982 2265 3176 2306 eorum
3225 2249 3392 2322 capti,
3424 2249 3524 2305 alii
3564 2247 3760 2304 veroia

2181 2342 2366 2416 fugam
2389 2344 2562 2415 elapsi
2589 2352 2741 2399 sunt.
2779 2341 2967 2399 Mense
2986 2342 3240 2414 Augusto
3266 2349 3458 2414 tregue
3480 2349 3694 2411 sumpte
3713 2348 3761 2394 et

2176 2437 2361 2509 jurate
2406 2445 2536 2492 sunt
2586 2436 2732 2491 inter
2787 2450 2945 2506 reges
2994 2433 3292 2491 chricum
3325 2441 3383 2490 et
3410 2431 3756 2499 Ludovicum,

2181 2542 2358 2599 usque
2380 2527 2449 2582 ad
2473 2526 2699 2598 pascha.
2731 2525 2861 2582 Inde
2889 2526 3132 2597 perrexit
3152 2540 3248 2581 rex
3272 2522 3561 2581 Henricus
3579 2525 3635 2579 in
3654 2523 3760 2579 Bri-

2181 2620 2427 2676 tanniam
2453 2660 2470 2687 ,
2506 2628 2562 2677 et
2620 2618 2863 2674 subdidit
2896 2618 3004 2674 sibi
3032 2633 3228 2676 omnes
3249 2617 3582 2685 Britannos,
3609 2616 3756 2671 etiam

2180 2711 2529 2778 Lconcnses;
2571 2725 2701 2767 nam
2730 2707 3180 2778 Guihunmarus,
3210 2709 3359 2765 ﬁlius
3399 2707 3603 2764 Hervei
3625 2708 3753 2763 vice-

2179 2803 2399 2860 comitis
2423 2801 2749 2871 Leonensis,
2778 2802 2940 2874 cujus
2967 2801 3139 2857 ﬁliam
3163 2815 3351 2857 comes
3388 2798 3576 2856 Guido
3608 2797 3756 2854 hahe-

2178 2894 2272 2951 bat
2299 2895 2355 2950 in
2380 2894 2721 2965 coniugium,
2752 2894 2895 2953 datis
2923 2892 3208 2949 obsidibus
3232 2890 3511 2959 submisit,
3537 2906 3601 2947 se
3633 2889 3751 2960 regi,

2178 2996 2389 3044 terrore
2439 2987 2788 3045 exanimatus
2813 3029 2829 3056 ,
2882 3002 3012 3043 cum
3055 2985 3266 3042 videret
3309 2992 3560 3041 castrum
3609 2997 3754 3039 suum

2179 3078 2613 3135 munitissimum
2659 3079 3012 3136 combustum
3040 3084 3096 3134 et
3123 3086 3343 3148 captum
3361 3117 3381 3143 ,
3410 3084 3469 3131 et
3489 3075 3598 3131 alia
3628 3089 3749 3129 non-

2176 3171 2324 3226 nulla
2353 3170 2440 3226 vel
2465 3177 2646 3241 capta,
2674 3169 2760 3226 vel
2786 3169 3019 3225 reddita.
3061 3166 3200 3247 Cum
3230 3167 3414 3224 adhuc
3458 3173 3753 3221 moraretur

2177 3280 2272 3320 rex
2305 3264 2361 3319 in
2386 3263 2695 3332 Britannia,
2735 3262 2948 3321 audivit
2981 3261 3239 3318 nuntium
3279 3259 3347 3316 de
3372 3267 3556 3315 morte
3579 3256 3749 3313 matris

2178 3370 2277 3411 sue
2324 3353 2601 3411 Mathildis
2639 3353 3023 3425 imperatricis.
3069 3350 3315 3409 Decessit
3358 3351 3509 3407 enim
3562 3351 3598 3406 4
3640 3347 3751 3403 ldus

2181 3447 2521 3519 Septembris
2548 3446 2879 3520 Rothomagi
2901 3488 2918 3515 ,
2946 3455 3004 3504 et
3034 3445 3248 3518 sepulta
3275 3453 3362 3501 est
3400 3443 3586 3500 Beeci.
3626 3441 3750 3497 The-

2178 3554 2374 3595 sauros
2397 3538 2642 3594 inﬁnitos
2666 3538 2791 3609 pius
2810 3537 2959 3595 ﬁlius
2982 3536 3264 3593 distribuit
3284 3534 3557 3600 ecclesiis,
3580 3546 3750 3588 mona-

2178 3628 2384 3697 steriis,
2406 3628 2641 3700 leprosis
2665 3636 2721 3683 et
2743 3628 2868 3684 aliis
2892 3627 3248 3700 pauperibus,
3271 3640 3374 3697 pro
3398 3625 3586 3680 anima
3600 3622 3747 3677 illius.

2178 3720 2330 3776 Fecit
2363 3728 2547 3776 autem
2594 3721 2840 3793 predicta
2883 3718 3205 3791 imperatrix
3252 3716 3644 3773 monasterium
3691 3712 3747 3767 de

2179 3810 2321 3868 Veto
2345 3812 2402 3866 in
2424 3810 2703 3868 Caletensi
2733 3825 2874 3884 pago
2898 3809 3058 3881 juxta
3085 3808 3287 3865 Juliam
3315 3806 3554 3873 Bonam,
3592 3812 3645 3860 et
3664 3816 3748 3873 p0-

2178 3905 2288 3961 suit
2309 3904 2383 3959 ibi
2408 3904 2714 3959 monachos
2734 3903 3139 3960 Cistertienses.
3172 3900 3327 3956 Fecit
3349 3909 3405 3955 et
3435 3894 3746 3954 monasteria

2177 3996 2593 4063 canonicorum,
2618 4011 2790 4050 unum
2806 3995 2966 4066 juxta
2996 3992 3221 4050 Cesaris
3237 3990 3509 4063 Burgum,
3536 3999 3592 4045 et
3617 3984 3744 4043 aliud

2178 4088 2233 4143 in
2257 4087 2394 4144 silva
2416 4087 2484 4143 de
2503 4086 2708 4143 Goﬂ‘er.
2730 4086 2814 4142 Ad
2842 4094 3087 4142 montem
3107 4083 3275 4140 etiam
3299 4081 3578 4152 lapideum
3600 4091 3745 4147 super

2179 4177 2492 4248 Sequanam
2514 4177 2658 4249 apud
2680 4176 3112 4248 Rothomagum,
3134 4191 3168 4231 a
3185 4190 3246 4231 se
3266 4172 3606 4239 inchoatum,
3627 4166 3747 4224 mll-

2177 4278 2289 4325 tam
2319 4284 2595 4325 summam
2629 4263 2860 4339 pecunie
2893 4267 3124 4324 dimisit.

490 4366 547 4414 et
577 4356 854 4415 Vercellas
885 4359 981 4414 “9.
1000 4358 1060 4414 In
1095 4359 1307 4415 octavis
1335 4366 1682 4430 pentecostes
1728 4373 1821 4413 rex
1870 4356 2076 4428 Anglo-
2105 4363 2154 4424 ι)
2251 4358 2563 4415 Richardus
2590 4359 2763 4416 abbas
2790 4357 2976 4416 Sancti
3002 4356 3151 4414 Petri
3187 4371 3354 4428 super
3378 4354 3569 4410 Divam
3610 4347 3739 4423 (667)

489 4462 615 4502 rum
639 4455 695 4504 et
712 4463 805 4504 rex
828 4447 1169 4505 Francorum
1192 4450 1247 4505 in
1272 4448 1826 4506 Vircasinolocuturi
1848 4448 1916 4503 de
1941 4463 2076 4518 pace

491 4549 888 4596 convenerunt.
914 4538 1020 4597 Sed
1045 4540 1385 4612 primoribus
1406 4540 1559 4613 regni
1605 4539 1949 4595 Francorum
1978 4554 2075 4594 ex-

489 4629 878 4687 acerbantibus
905 4632 1184 4688 lenitatem
1207 4633 1351 4705 regis
1374 4631 1658 4699 Ludovici,
1689 4631 1827 4686 nihil
1848 4628 2074 4702 profue-

487 4726 641 4775 runt.
665 4719 1151 4794 Congregaverunt
1170 4723 1355 4795 itaque
1375 4732 1608 4794 uterque
1632 4722 1904 4787 inﬁnitum
1922 4736 2076 4777 exer-

487 4811 662 4868 citum
689 4811 760 4871 de
798 4814 949 4869 οωΠὶ
985 4824 1256 4886 potestate
1284 4832 1407 4884 sua,
1460 4826 1515 4872 et
1557 4816 1820 4871 alteruter
1848 4814 2068 4870 castella

2180 4451 2337 4518 obiit,
2361 4459 2417 4505 et
2450 4450 2719 4506 successit
2742 4449 3034 4507 Rannerus
3067 4449 3376 4505 monachus
3401 4445 3624 4502 Cadomi
3655 4456 3738 4514 pro

2177 4558 2265 4598 eo.
2293 4542 2537 4598 Decessit
2563 4541 2729 4599 etiam
2758 4541 2991 4599 Michael
3008 4542 3179 4598 abbas
3203 4539 3425 4595 Pratelli
3449 4537 3616 4607 (648),
3636 4550 3738 4589 mo-

2177 4635 2391 4690 nachus
2419 4632 2602 4701 Becci,
2646 4643 2702 4689 et
2750 4634 3082 4693 substitutus
3127 4641 3215 4687 est
3251 4645 3351 4702 pro
3385 4645 3456 4686 eo
3499 4626 3737 4683 Henricus

2178 4741 2446 4782 monacus
2469 4724 2651 4789 Becci,
2681 4735 3011 4796 procurator
3062 4723 3344 4794 hospitum
3371 4722 3467 4777 ⁸⁸⁸.
3497 4720 3640 4776 Jocio
3661 4731 3733 4770 ar—

2176 4817 2561 4888 chiepiscopus
2596 4817 2938 4874 Turonensis
2979 4816 3346 4872 concordatus
3369 4822 3457 4870 est
3482 4829 3599 4869 cum
3626 4821 3732 4878 rege

487 4920 591 4962 sua
627 4906 999 4962 muniverunt.
1038 4906 1181 4963 Cum
1228 4917 1413 4964 autem
1454 4923 1553 4964 rex
1597 4907 1935 4962 Francorum
1969 4906 2071 4962 ali-
2174 4910 2505 4980 Anglorum.
2541 4908 2885 4965 Venerabilis
2918 4909 3075 4983 Bugo
3121 4908 3292 4964 abbas
3345 4905 3557 4961 Cerasii
3602 4899 3731 4973 (649)

486 5004 727 5067 quantas
753 4997 973 5053 villulas
997 4997 1053 5055 in
1081 5015 1269 5055 marca
1293 5041 1309 5067 ,
1354 4999 1496 5055 inter
1529 4999 1840 5056 Medantam
1866 5007 1921 5055 et
1960 4998 2071 5055 Pa-
2173 5000 2413 5056 humane
2439 5001 2551 5056 vite
2580 5002 2866 5058 moriendo
2905 5000 3198 5069 satisfecit;
3237 4999 3334 5070 qui
3357 4999 3429 5054 50
3454 4997 3563 5054 fere
3591 4990 3729 5048 annis

485 5087 763 5157 scheium,
792 5087 1208 5158 combussisset,
1236 5106 1334 5146 rex
1354 5088 1631 5147 Henricus
1649 5090 1920 5157 irritatus,
1944 5089 2072 5146 licet
2173 5092 2318 5147 rexit
2357 5093 2502 5148 idem
2546 5095 2962 5150 monasterium.
3005 5092 3146 5149 Huic
3184 5091 3452 5149 successit
3493 5085 3727 5144 Martinus

1794 5201 2034 5257 VARIIE
2070 5202 2476 5263 LECTIONES.

555 5295 944 5371 “37130359an
960 5308 1092 5371 _rres_
1121 5311 1477 5371 vocesgerasu'.
1564 5294 1636 5371 σιξ
1662 5304 1779 5366 post
1807 5294 2180 5371 {tunc__alt°quot
2210 5315 2355 5353 ιιοερδ
2390 5316 2578 5355 eratw.
2656 5300 2725 5333 “9
2753 5299 2912 5358 Circa
2944 5298 3511 5371 pontem—Vercellas
3556 5294 3723 5350 dem“

483 5363 572 5423 εδ.
600 5363 687 5423 85.
752 5367 822 5400 “°
856 5365 1552 5439 Richardus—hospitum
1587 5363 1774 5422 desunt
1807 5365 1893 5421 8b.
1933 5365 2017 5421 8h.

2013 5477 2245 5536 NOTE.

490 5530 503 5537 ’
555 5559 810 5630 (ϐψω.
847 5560 1006 5617 ius.

555 5561 687 5630 (646
743 5561 810 5615 A.
847 5561 1006 5617 lll9.

554 5561 711 5703 (647i
729 5626 901 5689 Diosc.
933 5631 1235 5704 Sagiensis.

2253 5569 2408 5702 1648)
2433 5566 2668 5653 Ifréaux,
2703 5566 2865 5648 diose.
2895 5566 3275 5649 Luxoviensis.

2276 5638 2404 5702 6A9)
2430 5637 2642 5702 Lensy,
2667 5637 2830 5694 duec.
2858 5636 3211 5702 Baiocensis..

2276 5638 2404 5711 6A9)
2430 5637 2642 5711 Cerisy,
2667 5637 2830 5694 ditec.
2858 5636 3211 5710 Bajocensis..
