3906 6316
123 298 209 358 505

213 415 217 418 ’
231 420 544 468 κοιλιωιυι.
690 418 1024 460 mucosum.
1171 418 1473 460 ANGLORUI.

121 494 341 561 menaeus
365 495 603 567 ejusdem
632 493 741 549 loci
765 493 857 548 ⁸⁸⁸.
888 492 1097 566 Regina
1116 493 1341 550 Alienor
1372 491 1639 551 transire-

119 595 228 652 tarit
260 592 308 647 in
335 588 607 660 Angliam,
645 585 854 641 ducens
876 599 1065 640 secum
1095 583 1263 639 ﬁliam
1316 599 1475 640 suam
1526 582 1642 638 Ma-

121 685 322 742 tbildem.
347 679 404 735 in
422 677 601 749 vigilia
628 676 828 731 natalis
880 674 1095 731 Domini
1133 675 1241 731 due
1299 674 1453 731 stelle
1496 675 1641 746 ignei

119 773 303 839 coloris,
337 784 562 841 quarum
596 782 707 824 una
733 776 853 823 erat
876 782 1098 838 magna,
1139 767 1309 823 altera
1332 783 1521 838 parva,
1546 782 1643 838 ap-

117 877 371 944 paruerunt
394 868 446 922 in
488 865 787 932 occidente,
836 871 892 918 et
938 869 1098 918 erant
1124 860 1288 932 quasi
1316 844 1641 931 conjuncte;

116 971 268 1035 postea
315 959 574 1030 disjuncte
635 964 764 1014 sunt
817 956 983 1025 longo
1043 951 1255 1024 spatio,
1289 958 1346 1007 et
1382 965 1646 1022 apparere

116 1055 402 1110 desiverunt.
447 1048 618 1107 Natus
666 1056 752 1106 est
789 1046 1070 1106 Johannes
1096 1045 1241 1103 ﬁlius
1276 1044 1421 1118 regis
1442 1038 1647 1116 Anglo-

115 1162 211 1201 rum
231 1144 310 1200 ⁶³³.
1140 1162 1143 1165 ·

170 1235 305 1291 1168.
345 1234 654 1290 Fredericus
685 1232 774 1289 17.
812 1232 1112 1287 Ludovicus
1139 1229 1229 1285 51.
1271 1227 1533 1284 Henricus
1554 1227 1643 1284 14.

167 1326 423 1382 Adnatale
456 1324 558 1381 fuit
582 1341 678 1381 rex
700 1323 971 1380 Henricus
1008 1320 1418 1394 Argentomagi,
1462 1327 1518 1375 et
1560 1327 1645 1374 te-

114 1418 211 1473 nuit
225 1418 290 1473 ibi
318 1432 563 1489 magnam
586 1416 796 1472 curiam
819 1415 875 1470 in
897 1429 1041 1470 nova
1070 1412 1195 1468 aula
1217 1427 1338 1468 sua.
1374 1409 1647 1467 Mathildis

114 1508 203 1563 ﬁlia
234 1504 367 1578 regis
395 1504 612 1561 Henrici
649 1521 772 1561 cum
802 1504 1015 1559 inﬁnita
1045 1500 1279 1572 pecunia
1303 1508 1358 1555 et
1380 1508 1645 1569 apparatu

113 1598 314 1652 maximo
353 1595 516 1651 ducta
537 1604 621 1652 est
643 1595 700 1651 in
730 1591 1169 1650 Alemaniam'ad
1192 1604 1457 1661 sponsum
1484 1603 1647 1644 suum

115 1688 366 1744 ilenricum
392 1688 586 1743 ducem
614 1687 884 1742 Sansonie
912 1685 983 1718 ⁸⁸³
1009 1693 1065 1740 et
1084 1680 1370 1756 Bajoarie;
1410 1694 1647 1753 quorum

842 287 1217 346 CHRONICA.
1255 320 1327 331 --
1365 286 1774 376 AUCTARIUM
1815 290 2123 348 ROBEBTI
2162 291 2250 347 DE
2286 289 2546 350 MONTE.

3224 298 3333 363 506

1663 407 1713 467 Α
1742 405 1860 462 suis
1896 406 2162 463 militibus
2188 415 2242 462 et
2262 406 2430 462 victui
2455 384 2803 474 necessariis,
2832 404 3021 463 relicta
3047 406 3123 463 ibi
3142 410 3334 482 regina

1740 512 1867 552 cum
1900 498 2100 553 comite
2129 496 2367 553 Patricio
2411 492 2829 564 Salesberiensi,
2889 490 3164 557 avunculo
3216 499 3330 558 llo-

1740 590 1883 645 trodi
1911 589 2129 647 comiti's
2170 580 2541 646 Perticensis:
2583 588 2639 644 in
2669 591 2878 648 octavis
2928 593 3135 664 pasche
3187 593 3332 650 inter

1741 679 2000 736 Paccium
2023 687 2074 736 et
2103 678 2418 735 Medantum
2458 678 2514 734 in
2544 676 2862 749 Normania,
2892 682 3177 739 locuturus
3201 699 3329 740 cum

1740 786 1870 843 rege
1889 769 2227 827 Francorum
2256 778 2312 826 et
2336 769 2569 841 injurias
2597 785 2728 826 suas
2758 770 2828 827 ab
2864 786 2930 832 eo
2957 774 3333 843 expostulata-

1743 879 1862 932 rus,
1892 864 2144 921 accessit.
2194 863 2474 936 Siquidem
2500 861 2709 919 Pictavi
2761 862 2831 919 ad
2869 878 3053 936 regem
3082 863 3330 920 Franco-

1744 971 1869 1013 rum
1916 963 2200 1024 venerant,
2229 964 2283 1013 et
2327 953 2550 1011 obsides
2603 969 2735 1011 suos
2765 965 2954 1012 contra
3006 973 3189 1029 regem
3212 956 3329 1011 An-

1745 1049 1982 1122 glorum,
2004 1048 2162 1119 cujus
2192 1047 2402 1119 proprii
2430 1056 2608 1114 erant,
2639 1046 2689 1103 ei
2715 1046 2998 1104 dederant.
3022 1047 3178 1104 Unde
3200 1064 3327 1103 cum

1745 1143 1876 1199 hinc
1896 1142 2021 1198 inde
2042 1142 2266 1215 grandis
2292 1141 2577 1197 altercatio
2627 1140 2801 1208 ﬁeret,
2831 1157 2934 1198 nec
2954 1158 3050 1197 rex
3087 1140 3326 1196 Franco-

1745 1250 1870 1290 rum
1901 1234 2144 1307 obsides,
2184 1250 2326 1305 quos
2378 1241 2569 1290 contra
2609 1232 2892 1303 justiciam
2931 1240 3169 1303 ceperat,
3204 1231 3328 1287 red—

1746 1326 1877 1383 dere
1912 1327 2094 1394 vellet,
2147 1326 2365 1381 inducie
2410 1325 2540 1381 date
2593 1333 2725 1381 sunt
2762 1340 2940 1396 usque
2987 1324 3056 1379 ad
3111 1334 3333 1378 octavas

1748 1419 1924 1475 sancti
1950 1416 2240 1474 Johannis.
2287 1416 2447 1473 Circa
2484 1432 2616 1472 vero
2673 1425 2897 1472 octavas
2933 1418 3139 1487 pasche
3181 1416 3329 1483 dolo,
3372 1486 3377 1492 .

1746 1510 2152 1567 Pictavensium
2175 1508 2391 1566 occisus
2415 1516 2501 1565 est
2526 1524 2712 1565 comes
2734 1507 3028 1575 Patricius,
3058 1516 3113 1564 et
3147 1507 3334 1577 sepul-

1752 1611 1840 1657 tus
1869 1610 1953 1658 est
1979 1601 2124 1672 apud
2157 1600 2421 1667 Sanctum
2451 1598 2743 1655 Hilarium.
2780 1599 3059 1655 Successit
3086 1598 3139 1653 ei
3163 1599 3332 1665 ﬁlius,

1750 1701 1912 1748 natus
1933 1707 1999 1748 ex
2030 1691 2139 1746 ﬁlia
2174 1690 2456 1763 Guillermi
2491 1690 2710 1745 comitis
2735 1688 2975 1756 Pontivi,
3020 1697 3193 1744 matre
3239 1704 3336 1744 co—

116 1780 370 1836 ducatuum
407 1794 577 1834 unum
607 1778 845 1834 habebat
867 1792 937 1835 ex
963 1784 1119 1848 patre
1154 1791 1277 1844 suo,
1308 1775 1539 1830 alterum
1578 1788 1647 1829 ex

1750 1783 1977 1840 mitissa:
1999 1783 2067 1839 de
2092 1782 2392 1838 Warenna.
2417 1760 2725 1851 Antequam
2762 1781 2942 1857 trigue
2966 1781 3091 1836 date
3125 1789 3332 1846 essent,

116 1881 272 1929 matre.
293 1873 447 1928 Pater
466 1873 642 1943 ipsius
665 1871 769 1927 fuit
787 1870 1057 1926 Henricus
1085 1870 1218 1938 dux,
1244 1869 1341 1941 qui
1362 1867 1465 1923 fuit
1485 1874 1649 1923 natus
1683 1934 1692 1941 _

116 1980 167 2019 ex
190 1964 284 2019 ﬁlia
319 1963 560 2020 Lotbarii
606 1962 987 2034 imperatoris,
1027 1961 1123 2032 qui
1169 1971 1295 2016 ante
1343 1958 1645 2016 Corradum

116 2057 447 2127 imperaverat.
461 2055 565 2112 Hic
586 2055 880 2124 Henricus,
900 2054 1108 2111 scilicet
1122 2055 1329 2125 junior,
1356 2053 1451 2124 qui
1479 2051 1648 2107 ﬁliam

117 2126 229 2221 regis
249 2148 534 2222 Anglorum
565 2148 742 2215 duxit,
768 2163 935 2218 super
965 2161 1230 2218 paganos,
1262 2144 1469 2200 scilicet
1497 2126 1703 2199 δοιῇ-⁸

116 2250 258 2298 voset
282 2240 607 2309 Vindelicos,
638 2248 851 2296 tantum
898 2237 1215 2309 adquisivit,
1249 2237 1397 2307 quod
1421 2235 1551 2292 fecit
1573 2234 1649 2291 ibi

116 2342 205 2389 tres
223 2333 574 2404 episcopatus.
602 2330 832 2387 Obiit‘”
845 2330 1103 2387 Terricus
1133 2344 1319 2385 comes
1346 2327 1650 2383 Flandren-

119 2423 193 2491 sis,
220 2424 297 2480 cui
328 2424 595 2481 successit
628 2421 916 2495 Philippus
941 2422 1088 2479 ﬁlius
1116 2421 1257 2493 ejus,
1285 2420 1379 2493 qui
1404 2420 1520 2491 jam
1551 2418 1648 2475 diu

118 2516 387 2571 comitatum
412 2516 567 2571 illum
594 2524 830 2583 rexerat,
854 2530 979 2571 cum
1009 2523 1164 2584 pater
1193 2513 1339 2569 illius
1365 2513 1468 2568 iter
1485 2509 1648 2567 Jeru-i

118 2606 252 2661 salem
292 2605 687 2676 frequentabat.
728 2604 1038 2677 Stephanus
1071 2604 1139 2659 de
1166 2602 1436 2675 Filgeriis,
1466 2601 1651 2673 capel-

118 2694 243 2752 lanus
264 2698 395 2770 regis
422 2696 666 2765 Henrici,
691 2695 871 2775 factus
909 2705 995 2752 est
1024 2694 1318 2766 episcopus
1353 2682 1673 2751 Redonen?

118 2786 191 2842 sis.
234 2787 547 2846 Fismnense
598 2789 995 2845 monasterium
1043 2788 1392 2844 combustum
1435 2795 1521 2843 est
1555 2786 1647 2842 ⁸⁸⁵.

117 2877 264 2935 Mense
279 2879 568 2937 Februario
589 2882 788 2937 accidit
816 2881 1093 2952 quoddam
1120 2880 1369 2935 mirabile
1390 2878 1447 2935 in
1473 2878 1654 2934 Ceno-

118 2973 322 3028 manensi
363 2989 534 3046 pago,
571 2983 755 3030 castro
800 2972 1083 3040 Freernai,
1113 2972 1261 3043 quod
1292 2979 1535 3027 castrum
1568 2975 1654 3026 est

1748 1891 1844 1931 rex
1879 1873 2180 1945 Anglorum
2210 1874 2605 1930 submonuerat
2629 1871 2910 1927 Eudonem
2954 1871 3333 1928 vicecomitem

1747 1967 1815 2023 de
1835 1965 2152 2034 Purrohoit,
2182 1966 2279 2037 qui
2305 1966 2523 2022 eatinus
2549 1964 2855 2020 umbratico
2889 1965 3110 2021 nomine
3148 1979 3336 2020 comes

1747 2058 2063 2127 vocabatur,
2085 2067 2139 2114 et
2164 2058 2251 2115 cui
2276 2065 2425 2114 tanta
2450 2058 2595 2113 bona
2617 2056 2940 2136 contulerat,
2978 2065 3040 2111 ut
3064 2057 3132 2112 ad
3161 2054 3335 2112 servi-
3382 2116 3385 2119 ἰ

1748 2151 1886 2206 tium
1915 2158 1968 2206 et
1996 2149 2332 2221 adjutorium
2355 2165 2518 2207 suum
2555 2149 2802 2217 veniret;
2835 2142 2983 2219 quod
3010 2148 3126 2218 ipse
3152 2146 3336 2202 renuit
3370 2201 3377 2209 ,

1747 2251 1803 2298 et
1825 2242 2046 2314 quidam
2074 2242 2166 2298 alii
2210 2242 2278 2298 de
2306 2240 2584 2299 Britannis
2632 2241 2681 2297 ei
2716 2239 3076 2307 confederati,
3125 2239 3337 2296 scilicet

1748 2334 2017 2407 Oliverius
2046 2335 2192 2392 ﬁlius
2221 2333 2419 2391 Oliveri
2445 2334 2513 2390 de
2532 2332 2749 2401 Dinam,
2786 2340 2840 2388 et
2881 2330 3182 2387 Rollandus
3201 2345 3337 2386 con-

1750 2426 2008 2485 sobrinus
2035 2427 2179 2500 ejus.
2226 2426 2341 2483 Rex
2363 2428 2551 2498 itaque
2590 2441 2701 2481 non
2747 2424 3023 2482 immerito
3069 2424 3338 2479 adversus

1748 2534 1845 2576 eos
1866 2519 2062 2587 iratus,
2087 2535 2119 2575 a
2147 2518 2346 2590 capite,
2404 2516 2615 2584 scilicet
2643 2517 2713 2572 ab
2762 2515 2990 2573 Eudone
3041 2515 3335 2586 incipiens,

1748 2612 1984 2669 vastavit
2009 2620 2064 2668 et
2090 2611 2396 2669 combussit
2419 2610 2540 2683 ejus
2568 2619 2791 2677 terram,
2820 2610 3103 2666 destructo
3144 2607 3339 2679 impri-

1749 2702 1858 2758 mis
1890 2701 2116 2757 castello
2157 2699 2415 2766 Joscelini
2442 2742 2459 2769 ,
2505 2699 2652 2771 quod
2703 2698 2939 2767 habebat
2988 2698 3334 2770 precipuum.

1750 2793 2085 2850 Comitatum
2131 2795 2298 2850 etiam
2346 2793 2414 2850 de
2457 2792 2727 2849 Broerech
2773 2790 2998 2847 abstulit
3018 2790 3068 2846 ei
3094 2828 3114 2858 ,
3173 2788 3340 2859 cujus

1751 2896 1916 2958 caput
1948 2895 2035 2944 est
2060 2887 2254 2943 civitas
2279 2884 2693 2951 Venetensium,
2728 2899 2896 2954 quam
2927 2899 3020 2939 rex
3067 2882 3125 2937 in
3164 2896 3338 2936 manu

1753 2996 1855 3039 sua
1876 2980 2039 3051 cepit,
2066 2979 2227 3050 cujus
2250 2986 2473 3050 portum
2526 2975 2705 3031 Julius
2753 2974 2925 3031 Cesar
2953 2973 3186 3029 miriﬁce
3240 2987 3338 3027 ει-

119 3058 345 3120 Roscelini
372 3066 712 3123 vicecomitis
744 3064 1250 3132 Cenomannorum,
1282 3064 1376 3135 qui
1399 3063 1567 3119 habet
1593 3062 1650 3116 in

1753 3070 1994 3128 tollendo
2022 3071 2297 3126 collaudat
2333 3068 2389 3124 in
2426 3068 2569 3123 libro
2602 3083 2765 3138 quem
2813 3065 3039 3136 scripsit
3076 3065 3144 3120 de
3196 3064 3345 3118 bello

119 3155 330 3228 conjugio
374 3156 689 3215 Matliildem
739 3158 909 3214 ﬁliam
948 3159 1173 3214 notbam
1222 3158 1387 3229 primi
1429 3155 1651 3211 Henrici

116 3246 232 3316 regis
287 3250 611 3320 Anglorum,
656 3259 1046 3325 rmaterteram
1125 3248 1351 3305 secundi
1427 3246 1651 3303 Henrici

117 3339 232 3409 regis
262 3340 663 3412 Anglorum,-ex
698 3358 805 3413 qua
835 3342 1022 3413 genuit
1066 3339 1363 3396 Ricardum
1387 3383 1403 3408 ,
1454 3339 1551 3410 qui
1600 3338 1652 3395 ei

118 3433 358 3501 successit,
394 3444 446 3490 et
484 3434 887 3501 Guillermum,
921 3433 1012 3488 cui
1058 3432 1333 3488 secundus
1380 3428 1652 3487 Henricus

117 3537 192 3577 rex
210 3524 481 3596 Anglorum
512 3525 666 3581 dedit
694 3525 749 3579 in
784 3523 1085 3580 Brittannia
1114 3523 1283 3578 ﬁliam
1306 3522 1566 3593 ,Bollandi
1585 3522 1652 3577 de

118 3612 235 3672 Reus
270 3632 386 3673 cum
426 3628 578 3674 terra
621 3617 815 3689 ipsius.
859 3616 919 3671 ln
971 3617 1076 3671 hac
1113 3616 1298 3687 itaque
1345 3614 1654 3670 munitione

118 3704 279 3762 ﬂuvius
308 3706 492 3776 Same,
523 3708 623 3779 qui
651 3706 975 3778 preteriluit,
1007 3704 1120 3760 fere
1148 3721 1245 3776 per
1267 3704 1461 3759 horam
1493 3711 1548 3759 et
1569 3703 1654 3759 di-

120 3796 302 3853 midiam
330 3801 568 3857 siccatus
591 3807 705 3866 est,
747 3799 824 3853 ita
850 3806 913 3852 ut
944 3796 1157 3853 calciati
1201 3795 1365 3852 siccis
1406 3794 1654 3866 vestigiis

118 3900 299 3957 possent
318 3893 580 3958 transire,
608 3906 735 3946 cum
761 3896 920 3945 antea
952 3889 1045 3943 vix
1073 3886 1200 3959 equi
1230 3887 1439 3960 absque
1462 3894 1654 3942 natatu

120 3972 304 4048 possent
348 3983 720 4041 transvadare.
779 3979 895 4036 Hoc
939 3980 1103 4035 etiam
1140 3979 1338 4036 accidit
1374 3977 1656 4035 Londonie

119 4070 172 4127 de
208 4073 443 4132 Tamensi
489 4075 720 4130 ﬂumine
739 4116 755 4140 ,
785 4081 1031 4144 tempore
1060 4070 1224 4142 primi
1255 4071 1474 4128 chrici
1509 4071 1658 4144 regis

118 4163 394 4237 Anglomm.
440 4169 503 4223 11
555 4166 678 4222 Kal.
710 4165 900 4221 Marcii
949 4172 1280 4220 terrcmotus
1323 4163 1501 4221 Factus
1537 4171 1655 4231 est,

117 4266 161 4311 et
182 4258 350 4329 globus
401 4260 597 4333 igneus
624 4259 777 4315 visus
814 4268 900 4314 est
930 4273 1029 4329 per
1063 4273 1190 4313 aera
1224 4258 1534 4314 discurrere
1562 4256 1653 4312 ⁸⁸⁸.

169 4347 353 4407 Pictavi
375 4361 429 4407 et
455 4352 719 4423 Aquitani
752 4366 818 4407 ex
850 4349 1045 4422 majori
1070 4334 1245 4421 parte,
1272 4350 1325 4405 id
1367 4358 1451 4406 est
1472 4364 1656 4405 comes

1753 3163 1961 3220 Gallico
1988 3162 2170 3234 (650);
2215 3161 2507 3217 dimidium
2569 3160 2735 3215 etiam
2780 3156 3058 3212 Cornubie
3107 3156 3258 3225 (651)
3287 3154 3345 3211 ei

1752 3256 1996 3312 abstulit.
2029 3253 2253 3310 Obsedit
2295 3253 2462 3308 etiam
2523 3250 2807 3307 castellum
2855 3248 3065 3315 Abrai;
3116 3255 3339 3317 captum

1752 3346 2006 3403 munivit.
2033 3345 2257 3401 Vastata
2280 3344 2445 3416 igitur
2469 3342 2713 3399 Eudonis
2759 3350 2904 3396 terra
2928 3348 2982 3395 et
3027 3339 3095 3394 ad
3124 3338 3343 3393 libitum
3388 3376 3389 3379 η

1753 3455 1914 3496 suum
1947 3438 2188 3506 redacta,
2219 3438 2289 3492 ad
2334 3444 2537 3491 terram
2576 3433 3013 3489 Dinannensium
3044 3430 3342 3501 appropin-

1752 3547 1952 3603 quans,
1983 3539 2231 3587 castrum
2259 3529 2443 3585 Hedde
2502 3545 2534 3584 a
2583 3525 2858 3583 Gaufredo
2908 3526 2977 3581 de
3024 3521 3345 3579 Monteforti

1754 3622 1859 3679 sibi
1919 3621 2191 3678 redditum
2241 3620 2509 3687 munivit,
2568 3627 2623 3674 et
2662 3616 3072 3673 Tintinniacum
3124 3613 3340 3669 evertit.

1753 3713 1883 3771 Inde
1908 3714 2167 3770 Becherel
2192 3711 2552 3769 munitionem
2594 3710 2845 3767 Rollandi
2891 3710 2959 3766 de
3004 3709 3200 3763 Dinam
3248 3706 3345 3761 ﬁr-

1753 3807 2059 3863 missimam
2082 3822 2180 3878 per
2225 3806 2434 3877 aliquot
2462 3805 2581 3862 dies
2617 3804 2900 3871 obsidens,
2926 3801 3190 3858 adhibitis
3220 3815 3344 3855 ma-

1755 3898 1935 3956 chinis
1974 3899 2119 3969 cepit
2147 3905 2204 3953 et
2245 3897 2496 3954 munivit.
2522 3895 2715 3954 Lebun
2732 3912 2863 3952 vero
2896 3903 3142 3952 castrum
3166 3891 3343 3964 (652),

1755 3994 1814 4050 in
1852 4007 1963 4064 quo
2010 3989 2316 4048 Rollandus
2369 3990 2608 4046 maxime
2672 3986 3004 4054 conﬁdebat,
3052 3985 3182 4053 quia
3224 3990 3346 4038 erat

1755 4094 1953 4143 natura
1977 4092 2033 4139 et
2055 4091 2175 4140 arte
2199 4082 2666 4148 munitissimum,
2694 4078 3024 4145 obsedisset,
3063 4075 3174 4132 nisi
3217 4074 3348 4131 bre-
3386 4148 3395 4154 _
3451 4107 3458 4115 -

1756 4175 1897 4231 vitas
1927 4172 2150 4228 termini
2173 4171 2339 4228 cundi
2372 4172 2439 4227 ad
2466 4169 2801 4240 colloquium
2830 4167 2975 4240 regis
3000 4165 3349 4222 Francorum

1757 4281 1884 4321 eum
1922 4273 2160 4337 urgeret.
2191 4261 2415 4343 Tradita
2440 4262 2623 4332 itaque
2650 4267 2796 4314 terra
2840 4255 3094 4313 Rollandi
3136 4252 3355 4323 rapinis

1757 4367 1812 4414 et
1862 4359 2150 4425 incendiis,
2206 4358 2343 4413 citra
2383 4354 2574 4410 Ricem
2633 4351 2856 4418 ﬁumen,
2917 4349 3107 4405 eadem
3137 4346 3247 4418 egit
3280 4346 3375 4401 in.

116 4439 169 4495 de
191 4440 410 4512 Marcba,
436 4458 625 4499 comes
660 4442 1182 4514 Engolismensium,
1223 4439 1562 4496 Haimericus
1592 4439 1652 4507 dc

1761 4450 2147 4516 ulterioribus;
2180 4465 2303 4504 nam
2324 4446 2559 4503 transito
2582 4459 2743 4499 amne
2771 4458 2867 4514 per
2890 4439 3080 4495 Lebun
3110 4439 3343 4493 descen-

117 4528 412 4605 Lizennioio,
438 4528 731 4603 Robertus,
766 4545 821 4591 et
845 4534 999 4607 Hugo
1033 4533 1202 4590 frater
1224 4533 1344 4605 ejus
1371 4534 1439 4591 de
1469 4532 1656 4600 Sileio,

116 4624 250 4678 etalii
276 4628 444 4696 multi,
474 4627 772 4683 voluerunt
794 4627 1057 4683 rebellare
1087 4636 1277 4684 contra
1328 4643 1510 4700 regem
1542 4645 1556 4694 ;
1604 4635 1659 4682 et

118 4714 341 4775 incendiis
369 4729 421 4776 et
433 4724 641 4794 rapinis
668 4736 971 4791 pauperum
997 4720 1400 4788 incumbentes,
1432 4720 1656 4775 circun-

115 4822 296 4881 quaque
332 4818 741 4883 crassahantur.
782 4814 940 4882 Quod
986 4830 1082 4869 rex
1137 4813 1366 4870 audiens
1426 4813 1657 4884 impiger

116 4898 321 4973 advolat;
341 4901 603 4965 et‘éorum
624 4906 838 4963 insanie
870 4906 1163 4971 obsistens,
1186 4904 1537 4961 Lizennoium
1561 4923 1654 4964 ca-

114 4995 255 5051 strum
298 4999 724 5056 munitissimum
778 4995 959 5067 cepit,
1012 5003 1229 5065 captum
1307 4996 1558 5064 munivit,
1600 5005 1655 5057 et

112 5084 240 5143 villas
264 5104 444 5147 eorum
474 5101 529 5147 et
550 5088 846 5161 municipia
868 5086 1156 5144 destruxit.
1175 5085 1396 5144 Munitis
1416 5089 1655 5145 castellis

1757 4542 1914 4610 dens,
1934 4549 1990 4595 et
2019 4540 2231 4610 aliquas
2262 4536 2618 4609 perfundans,
2646 4531 2935 4587 monachis
2957 4527 3339 4584 Lehunnensi-

1758 4635 1862 4689 bus
1909 4631 2195 4704 pepercit-
2227 4628 2421 4684 Dinam
2479 4641 2611 4682 vero
2640 4623 2936 4689 circuiens,
2965 4620 3203 4691 quedam
3246 4618 3350 4673 de-

1758 4721 1976 4789 struxit,
2026 4720 2259 4792 quedam
2304 4718 2508 4772 intacta
2549 4713 2795 4796 reliquit.
2820 4710 2880 4765 In
2914 4725 3055 4783 pago
3100 4706 3349 4764 Alctens't

1757 4812 1949 4868 eadem
1973 4813 2163 4884 gessit.
2193 4809 2251 4865 In
2284 4808 2493 4865 octavis
2520 4805 2695 4862 sancti
2719 4803 2986 4860 Johannis
3010 4810 3231 4857 ventum
3261 4804 3348 4853 est

1758 4903 1826 4959 ad
1880 4902 2171 4958 Feritatem
2195 4899 2478 4967 Bernardi,
2529 4898 2623 4953 ubi
2645 4897 2710 4953 de
2739 4912 2873 4967 pace
2893 4896 3034 4949 inter
3054 4909 3209 4965 reges
3234 4899 3351 4947 tra-

1760 5003 1965 5051 ctatum
2001 5003 2103 5062 est,
2145 5003 2198 5049 et
2220 4992 2421 5048 infecto
2467 4990 2693 5062 negocio
2714 4990 3015 5045 discessum
3058 4995 3161 5042 est.
3206 4982 3347 5036 Nam

1764 5090 2062 5156 Brittones,
2099 5088 2243 5144 sicut
2273 5094 2328 5142 et
2352 5083 2581 5152 Pictavi,
2604 5081 2824 5139 obsides
2844 5081 2958 5152 regi
3003 5078 3345 5135 Francorum

1379 5199 1619 5257 VARUS
1656 5200 2065 5259 LECTIONES.

166 5311 223 5344 ⁸⁸⁸
248 5314 580 5377 Venerabilis
605 5350 677 5360 ——
702 5319 810 5375 loci
838 5320 1029 5374 desunt
1060 5319 1146 5374 8b.
1189 5319 1279 5376 8b.

1394 5319 1464 5354 ⁸⁸³
1493 5319 1560 5376 Ν.
1588 5336 1639 5376 e.
1666 5319 1708 5375 l.
1741 5318 1782 5374 f.
1816 5336 1864 5375 r.
1901 5318 1967 5374 A.
1998 5318 2131 5373 alia
2161 5333 2349 5372 manus
2395 5315 2639 5381 addidit;
2674 5313 2870 5369 adsunt
2909 5310 3070 5381 etiam
3105 5306 3342 5381 reliquis.

111 5376 174 5462 ⁸³ξῄ
193 5384 261 5439 ita
283 5385 342 5442 E.
385 5389 466 5462 “ﬁ
485 5376 614 5445 Hier:
638 5408 737 5449 vos:
760 5392 817 5444 in
842 5407 1032 5444 rasura
1056 5389 1174 5459 plus
1206 5391 1627 5462 quamwdirnidia:
1655 5391 1810 5445 linere
1839 5391 2041 5462 scripta
2061 5398 2138 5443 est
2168 5389 2224 5443 in
2388 5383 2560 5462 “'__In
2585 5376 2689 5462 [ine
2712 5379 3072 5457 quaternionis
3093 5379 3182 5435 hic
3204 5377 3350 5434 desi-

111 5451 176 5506 nit
208 5471 404 5515 manus.
434 5460 588 5516 Redit
606 5464 785 5533 prima
810 5461 1011 5515 codicis
1036 5451 1244 5517 manus.

189 5650 302 5725 ($50)
326 5656 412 5725 lli,
440 5660 494 5714 8.
527 5659 695 5717 Hodie
713 5670 799 5719 cst
829 5661 1061 5718 Vanncs.

189 5657 282 5708 650
326 5657 412 5725 111,
440 5660 494 5714 8.
527 5659 692 5717 Hodie

188 5657 303 5800 551;
328 5727 692 5789 Cornouaillc.

1357 5458 1428 5494 ”‘
1459 5460 1771 5532 Stephanus
1798 5491 1866 5501 —
1894 5456 2205 5516 discurrere
2231 5459 2419 5514 desunt
2458 5456 2551 5513 8b.
2600 5456 2696 5513 8h.

1587 5571 1819 5631 ΝΟΤΕ.
3239 5596 3269 5630 .>

1840 5662 1993 5738 (652)
2020 5661 2167 5720 inter
2194 5658 2374 5718 Dolet
2400 5656 2597 5716 Dinan.

3480 3612 3507 3637 ο
