3982 6400
492 389 598 445 507
630 342 631 345 Ἴ

635 514 978 571 somnone».
1126 486 1483 552 mucosum'
1608 508 1909 549 ANGLORL’I.

474 593 778 667 dederant,
812 600 865 646 et
894 590 1000 645 ﬁde
1030 587 1352 658 interposita
1378 587 1696 658 paccionem
1726 590 2073 654 acceperant,

495 683 643 754 quod
677 697 769 736 rex
806 679 1145 736 Francorum
1170 679 1291 734 sine
1320 679 1455 749 ipsis
1479 677 1595 750 regi
1633 676 1933 747 Anglorum
1966 688 2074 728 non

496 770 942 830 cencordaretur.
973 770 1128 826 Unde
1144 780 1200 826 et
1216 771 1321 842 ipsi
1345 770 1634 837 Brittanni,
1662 767 2079 824 conniventibus

497 865 829 939 quibusdam
874 862 1393 929 Cenomanensium,
1445 876 1542 931 per
1588 873 1824 931 quorum
1874 865 2078 911 terram

498 956 729 1029 latenter
753 952 1106 1016 transierunt,
1134 951 1408 1021 colloquio
1436 949 1822 1005 interfuerunt.
1854 946 2079 1001 Munitis

1646 340 2021 437 ‘SIGEBERTI
2056 344 2586 435 ceneﬂcsusrs

2103 495 2148 551 Α
2250 490 2407 547 1169.
2449 492 2765 547 Fredericus
2792 492 2874 549 18.
2915 491 3211 549 Ludoricus
3243 494 3331 551 δί.
3377 491 3646 553 Henricus
3675 500 3762 555 15.

3654 384 3762 443 508

2245 579 2359 637 Rex
2398 581 2666 641 Henricus
2689 570 2809 656 egit
2826 586 3007 641 natale
3041 585 3257 641 Domini
3297 589 3441 658 apud
3488 589 3764 660 Argento»

2180 688 2423 744 magum.
2449 672 2597 730 Obiit
2625 675 2936 732 Bernardus
2954 678 3246 749 episcopus
3272 677 3649 737 Nannetensis
3694 681 3767 715 ⁸³⁸

2180 762 2241 818 In
2269 765 2561 835 epiphania
2583 764 2799 822 Domini
2832 768 3149 823 concordati
3200 778 3332 824 sunt
3364 785 3461 825 rex
3511 769 3766 826 Franco-

2179 871 2303 912 rum
2336 865 2393 912 et
2424 872 2520 912 rex
2562 857 2774 930 Anglic.
2827 856 3099 915 Henricus
3148 859 3293 916 ﬁlius
3343 860 3769 924 Henrici-‘reﬁs

2179 946 2499 1018 Anglorum,
2528 947 2655 1005 fecit
2682 950 3520 1022 homagiumJegH‘rancorum
3564 967 3769 1009 socero

499 1054 680 1101 autem
724 1044 986 1110 marchis,
1036 1058 1104 1099 ex
1127 1050 1358 1113 utraque
1416 1050 1570 1113 parte
1628 1039 1949 1111 continuata
1988 1039 2765 1112 estmsm-de—Andegavensi
2789 1042 3049 1098 comitatu
3078 1050 3133 1097 et
3159 1043 3227 1099 de
3258 1044 3472 1100 ducatu
3516 1041 3769 1099 Brittan-

498 1135 793 1191 decertatio
839 1150 1013 1204 usque
1061 1133 1130 1188 ad
1173 1130 1465 1189 adventum
1518 1130 1756 1186 Domini.
1794 1129 1911 1185 Rex
1950 1144 2081 1185 vero

499 1222 770 1280 Henricus
820 1234 980 1279 caute
1027 1239 1214 1294 agens,
1264 1231 1557 1294 cognatum
1587 1238 1750 1277 suum
1803 1219 2081 1275 Matheum

502 1316 757 1370 comitem
782 1315 1007 1371 Bolonie
1028 1314 1132 1370 sibi
1160 1313 1488 1385 pacilicavit,
1520 1312 1797 1384 spondens
1825 1312 1875 1367 ei
1898 1326 1958 1366 se
1983 1311 2083 1366 da-

501 1415 689 1461 turum
717 1422 819 1477 per
850 1422 1054 1462 annum
1107 1406 1403 1460 maximam
1429 1414 1638 1475 partem
1685 1392 1935 1475 pecunie,
1982 1416 2082 1473 pro

494 1499 813 1568 calumpnia
839 1498 990 1569 (655)
1014 1486 1307 1553 relaxanda
1333 1497 1624 1553 comitatus
1646 1484 1940 1550 Moritonii.
1970 1491 2082 1548 Ha-

499 1588 663 1643 bebat
687 1588 832 1644 enim
862 1588 1028 1642 ﬁliam
1054 1588 1198 1658 regis
1222 1586 1505 1657 Stephani,
1533 1586 1628 1658 qui
1671 1585 1851 1641 fuerat
1897 1599 2083 1640 comes

500 1678 777 1735 Moritonii
809 1679 900 1734 "".
934 1678 1073 1734 Cum
1119 1688 1302 1734 autem
1346 1678 1489 1733 idem
1530 1677 1777 1753 Matheus
1811 1676 1879 1732 ad
1927 1676 2085 1730 auxi-

500 1771 636 1826 lium
668 1773 813 1843 regis
832 1772 1153 1841 Anglorum,
1184 1770 1393 1827 domini
1417 1780 1474 1825 et
1519 1771 1738 1843 cognati
1790 1768 1897 1834 sui,
1923 1768 2081 1823 veni-

499 1862 635 1930 ret,~
663 1860 939 1918 Johannes
993 1876 1179 1918 comes
1221 1860 1438 1916 Pontivi
1484 1875 1595 1916 non
1644 1858 1893 1931 permisit
1956 1873 2084 1914 eum

500 1938 741 2008 transire
770 1968 864 2023 per
886 1961 1301 2020 terramsuam;
1329 1952 1474 2008 unde
1496 1953 1822 2008 necessitate
1860 1958 2084 2022 cogente

501 2042 680 2097 navali
726 2042 1077 2098 subvectione
1119 2042 1187 2097 ad
1215 2056 1395 2113 regem
1416 2057 1544 2098 cum
1593 2041 1783 2098 multis
1817 2039 2084 2096 militibus

499 2125 766 2205 expeditis
790 2133 1039 2189 accessit.
1057 2131 1213 2200 Quod
1240 2149 1333 2188 rex
1356 2132 1604 2202 audiens,
1630 2141 1825 2205 rogatu
1838 2131 2084 2203 ejusdem

501 2224 701 2281 Mathei
723 2241 847 2305 cum
876 2225 1069 2282 bellico
1090 2235 1353 2306 apparatu
1367 2226 1424 2281 in
1447 2233 1650 2282 terram
1670 2223 1936 2281 Johannis
1960 2238 2086 2294 per-

500 2317 661 2385 rexit,
683 2326 737 2373 et
761 2316 1141 2372 Vimacensern
1176 2316 1326 2388 (654)
1351 2332 1550 2388 pagum
1565 2315 1813 2373 Vulcano
1840 2316 2082 2384 tradens,

500 2399 577 2463 40
592 2416 646 2463 et
671 2423 737 2463 eo
761 2409 998 2487 amplius
1030 2403 1361 2464 comburens
1382 2408 1840 2476 villas,voluntati
1864 2402 1978 2465 sua:
1995 2423 2085 2463 sa-

500 2497 721 2554 tisfecit.
760 2498 873 2555 Rex
903 2499 1243 2557 Francorum
1268 2501 1495 2558 veniens
1518 2494 1750 2557 latenter
1792 2501 1860 2557 ad
1905 2500 2081 2572 quod-

501 2588 628 2644 dam
664 2578 1021 2660 municipium
1049 2589 1417 2660 Normannise,
1466 2588 1914 2663 cognominatum
1942 2591 2085 2649 Che-

502 2671 750 2749 sncbrut,
778 2682 909 2737 illud
937 2683 1262 2751 combussit,
1305 2693 1360 2741 et
1399 2694 1639 2755 quatuor
1669 2685 1869 2742 milites
1915 2686 1972 2741 in
2017 2700 2085 2744 eo

502 2771 665 2841 cepit.
688 2770 809 2839 Quo
844 2784 1143 2844 comperto,
1168 2791 1263 2830 rex
1288 2775 1589 2848 Anglorum
1618 2777 1770 2832 illum
1800 2777 2085 2833 insecutus

502 2869 608 2928 est,
620 2863 823 2919 multos
834 2866 1033 2921 milites
1045 2867 1207 2937 cepit;
1225 2866 1365 2921 inter
1381 2883 1522 2939 quos
1534 2869 1700 2924 etiam
1719 2870 2081 2927 senescallum

501 2950 736 3025 Philippi
771 2955 1191 3014 Flandrensium
1237 2960 1453 3017 comitis
1476 2945 1782 3018 aduncatus
1808 2948 1911 3019 est.
1947 2962 2084 3018 Tra-

502 3045 641 3100 didit
668 3047 833 3103 etiam
886 3050 1173 3106 castellum
1228 3049 1479 3123 Hugonis
1530 3053 1598 3109 de
1646 3051 1799 3109 Novo
1845 3054 2084 3111 Castello

2182 1132 2303 1198 nie,
2344 1137 2509 1203 quem
2560 1148 2657 1189 rex
2706 1132 2979 1189 concessit
3004 1134 3181 1189 eidem
3212 1134 3424 1206 genero:
3449 1150 3575 1191 suo.
3632 1132 3772 1190 Nam

2180 1223 2249 1289 de
2271 1221 2605 1279 Normannia
2651 1222 2855 1279 fecerat
2875 1225 2927 1279 ei
2969 1232 3127 1281 antea
3163 1226 3498 1297 homagium,
3538 1233 3598 1281 et
3633 1239 3770 1280 con-

2182 1302 2349 1370 cesSit
2401 1314 2453 1370 ei
2480 1330 2577 1370 rex
2606 1314 2837 1372 Francie
2864 1324 2924 1372 ut
2956 1325 3106 1373 esset
3146 1318 3480 1375 senescallus
3508 1316 3770 1383 Francie,

2182 1406 2328 1475 quod
2352 1407 2587 1476 pertinet
2608 1406 2676 1463 ad
2724 1405 2947 1463 feudum
2984 1405 3394 1479 Andegavense.
3452 1405 3774 1463 Richardus

2183 1495 2329 1551 ﬁlius
2374 1493 2593 1552 Henrici
2653 1497 2799 1567 regis
2820 1496 3120 1568 Anglorum
3150 1495 3283 1553 fecit
3309 1496 3633 1567 homagium
3660 1496 3774 1567 regi

2182 1585 2524 1665 Francorum
2549 1587 2617 1642 de
2640 1587 2842 1643 ducatu
2864 1586 3176 1658 Aquitanie.
3225 1587 3570 1643 Williermus
3610 1585 3775 1641 Malet

2184 1679 2329 1749 cepit
2351 1678 2649 1735 Robertum
2676 1680 2743 1735 de
2771 1678 2960 1735 Silleio
2992 1680 3083 1735 ⁸⁸⁸.
3110 1679 3170 1734 ln
3200 1679 3588 1751 puriﬁcatione
3617 1680 3776 1734 beate

2185 1769 2355 1825 Marie
2377 1769 2481 1826 fuit
2500 1768 2768 1826 Henricus
2795 1769 2941 1826 ﬁlius
2970 1771 3115 1842 regis
3155 1771 3458 1842 Anglorum
3490 1769 3771 1836 Parisius,

2186 1866 2242 1914 et
2261 1860 2486 1914 servivit
2509 1860 2623 1932 regi
2647 1859 2984 1916 Francorum
3016 1861 3084 1916 ad
3108 1876 3377 1927 mensam,
3405 1868 3469 1917 ut
3487 1859 3775 1916 senescat-

2186 1951 2273 2007 lus
2301 1950 2550 2023 Francie.
2597 1950 2750 2007 Hanc
2782 1951 3191 2019 senescaltiam,
3221 1953 3305 2007 vel
3347 1960 3410 2007 ut
3455 1950 3776 2021 antiquitus

2184 2041 2487 2109 dicebatur,
2516 2042 2847 2112 majoratum
2872 2042 3071 2098 domus
3124 2043 3296 2113 regie,
3350 2042 3630 2098 Robertus
3677 2057 3775 2097 rex

2184 2133 2416 2190 Prancie
2445 2135 2594 2191 dedit
2615 2133 2880 2192 Ganfrido
2901 2135 3274 2207 Grisagonella
3302 2136 3490 2192 comiti
3510 2136 3777 2207 Andega—

2184 2241 2399 2294 vorum,
2437 2235 2658 2297 propter
2680 2227 3012 2297 adjutorium
3035 2228 3182 2298 quod
3211 2229 3261 2283 ei
3283 2227 3553 2299 impendit
3573 2236 3779 2293 contra

2184 2315 2455 2375 Othonem
2508 2317 2890 2388 imperatorem
2947 2318 3249 2374 Alemanie.
3311 2318 3469 2375 Dedit
3496 2320 3673 2376 etiam
3725 2320 3774 2375 ei

2184 2408 2445 2480 quicquid
2473 2407 2707 2464 habebat
2736 2409 2791 2463 in
2815 2408 3131 2480 episcopatu
3152 2409 3553 2482 Andegavensi.
3570 2409 3777 2467 Postea

2183 2515 2316 2561 vero
2356 2516 2481 2556 cum
2528 2499 2824 2556 Gaufridus
2880 2516 3065 2557 comes
3114 2500 3448 2559 Perticensis
3497 2512 3556 2559 et
3600 2502 3775 2559 David

2184 2604 2371 2647 comes
2397 2589 2834 2647 Cenomanensis
2855 2600 3040 2647 essent
3065 2591 3294 2649 rebelles
3319 2593 3496 2648 eidem
3525 2592 3775 2649 Roberto

2182 2681 2299 2754 regi
2315 2682 2673 2749 Francorum,
2696 2683 2974 2754 predictus
2995 2698 3089 2740 rex
3112 2682 3473 2751 Francorum,
3497 2683 3775 2740 Gaufrido

2184 2774 2558 2850 Grisagonella
2582 2772 2788 2829 ferente
2812 2774 2916 2829 sibi
2943 2774 3231 2836 auxilium.
3253 2774 3467 2830 obsedit
3498 2776 3777 2831 municio-

2184 2881 2309 2921 nem
2338 2864 2627 2921 Moritonie
2645 2874 2700 2921 et
2725 2866 2885 2936 cepit.
2912 2864 2978 2920 Et
3005 2866 3133 2935 quia
3158 2865 3327 2921 David
3370 2881 3561 2922 eomes
3589 2866 3775 2923 Ceno-

2184 2971 2513 3031 mannorum
2561 2964 2821 3010 evocatus
2868 2969 2899 3008 a
2945 2969 3071 3026 rege
3118 2954 3187 3008 ad
3234 2969 3361 3009 eum
3388 2955 3582 3011 venire
3631 2971 3774 3010 con-

2185 3045 2424 3125 tempsit,
2459 3043 2608 3123 dedit
2639 3060 2734 3099 rex
2761 3042 3024 3100 Gaufrido
3048 3041 3423 3113 Grisagonella
3447 3043 3772 3115 homagium

503 3134 739 3194 ﬂammis
761 3148 816 3194 et
862 3128 1150 3209 incendiis,
1188 3153 1444 3199 vocatum
1488 3143 1798 3213 Brueroles,
1837 3154 1898 3201 ut
1931 3162 2085 3203 com-
2109 3178 2155 3243 ρ
2187 3139 2353 3207 illiUS,
2386 3148 2440 3195 et
2464 3139 2637 3210 ipsam
2686 3138 2985 3205 civitatem.
3020 3146 3076 3194 et
3133 3138 3398 3209 quicquid
3445 3138 3776 3195 habebatin

503 3226 725 3285 bustum
754 3246 820 3287 ex
848 3248 907 3289 re
936 3250 1133 3289 nomen
1163 3234 1408 3307 haberet.
1439 3234 1554 3291 Hoc
1574 3232 1749 3292 etiam
1775 3236 1902 3293 fecit
1930 3236 2083 3294 Novo

508 3319 899 3394 Castello’per
956 3326 1158 3383 milites
1223 3344 1376 3397 suos,
1431 3324 1551 3399 ipso
1603 3322 1785 3387 tamen
1833 3320 2080 3391 absente.

505 3408 729 3468 Vastata
777 3425 860 3471 est
907 3417 1156 3474 similiter
1202 3427 1345 3475 terra
1394 3421 1611 3478 comitis
1668 3412 1997 3479 Perticensis
2016 3438 2084 3479 ex

504 3504 697 3573 majori
727 3516 900 3577 parte,
927 3510 1046 3580 ipso
1083 3521 1275 3582 agente
1321 3512 1413 3566 ⁸⁸⁸.
1451 3512 1620 3568 Multa
1644 3514 1808 3568 etiam
1834 3512 1963 3569 fecit
1988 3530 2083 3570 rex

502 3592 695 3667 Anglie
722 3598 775 3652 in
800 3598 903 3654 hac
924 3617 1142 3673 guerra,
1168 3619 1276 3672 que
1304 3619 1414 3657 non
1437 3604 1767 3672 audivimus,
1794 3605 1881 3660 vel
1907 3604 1954 3661 si
1983 3621 2084 3660 au-

503 3686 763 3759 divimus,
788 3709 898 3749 non
931 3704 1231 3751 occurrunt
1261 3682 1538 3753 memorie.

575 3778 723 3835 Obiit
742 3772 1014 3841 Robertus
1039 3801 1221 3841 comes
1246 3785 1570 3855 Leecestrie,
1585 3788 1901 3860 relinquens
1912 3787 2083 3844 ﬁlium

506 3866 824 3938 Ro'bertum,
855 3873 950 3943 qui
972 3875 1182 3943 accepit
1205 3891 1331 3930 cum
1362 3891 1533 3932 uxore
1583 3893 1685 3933 sua
1725 3878 2083 3933 hereditatem

506 3955 575 4013 de
594 3957 1033 4017 Grentemesnill.
1066 3962 1312 4021 Mortuus
1334 3974 1422 4021 est
1443 3975 1625 4022 autem
1670 3968 1727 4022 in
1770 3967 2084 4023 Brittannia

506 4041 750 4101 Herveus
796 4047 864 4102 de
898 4046 1112 4117 Lehun,
1168 4050 1255 4104 cui
1307 4052 1573 4108 successit
1602 4051 1907 4107 Guihomar
1938 4053 2084 4121 ﬁlius

507 4135 649 4205 ejus.
670 4134 1070 4195 Nichilominus
1084 4140 1221 4195 obiit
1240 4140 1411 4197 Rome
1432 4142 1499 4198 de
1523 4142 1702 4197 Guido
1729 4141 1923 4199 Crcme
1938 4142 2084 4198 anti-

504 4220 645 4304 papa
661 4218 715 4288 et
728 4236 992 4291 successit
1014 4236 1068 4291 in
1092 4236 1346 4293 scismate
1367 4239 1589 4310 quidam
1616 4240 2081 4311 pseudoclcricus,

507 4324 930 4393 cognominatus
954 4324 1217 4382 Calixtus.
1236 4327 1661 4402 ArchiepisCOpo
1676 4344 1896 4401 quoque
1909 4329 2084 4400 Seno-

509 4412 667 4465 nensi
700 4412 756 4467 in
811 4413 921 4469 fata
962 4416 1265 4485 secedente,
1301 4416 1615 4475 Willermus
1646 4421 1853 4478 electus
1876 4421 2085 4478 Carno-

2185 3231 2498 3303 episcopatu
2531 3229 2993 3286 Cenomannensi.
3040 3228 3310 3284 Henricus
3344 3229 3492 3285 ﬁlius
3547 3229 3778 3286 Henrici

2184 3323 2328 3392 regis
2370 3322 2669 3393 Anglorum
2723 3319 2852 3375 fecit
2888 3320 3201 3391 homagium
3234 3318 3483 3390 Philippo
3515 3320 3637 3375 ﬁlio
3659 3320 3773 3375 Lu-

2156 3414 2532 3491 dovici-regis
2583 3412 2943 3468 Francorum.
2984 3410 3255 3466 Henricus
3301 3426 3397 3466 rex
3439 3411 3641 3483 Anglic
3686 3413 3772 3467 lo-

2184 3514 2346 3562 cutus
2368 3514 2453 3561 est
2476 3521 2599 3561 cum
2624 3505 2902 3560 Ludovico
2926 3519 3052 3576 rege
3087 3502 3336 3571 Francie,
3367 3503 3512 3574 apud
3530 3505 3601 3569 .S.
3636 3504 3775 3561 Ger-

2185 3612 2408 3651 manum
2444 3597 2497 3651 in
2528 3596 2675 3651 Leia.
2737 3595 3036 3653 Gaufridus
3083 3595 3227 3651 ﬁlius
3271 3594 3417 3667 regis
3460 3594 3773 3668 Anglorum

2184 3685 2313 3741 fecit
2360 3687 2674 3758 homagium
2712 3686 2945 3745 Henrico
2968 3685 3122 3741 fratri
3152 3702 3255 3742 suo
3299 3687 3367 3742 de
3394 3689 3598 3743 ducatu
3622 3686 3774 3743 Brit-

2184 3775 2389 3841 tannie,
2418 3776 2644 3845 jubente
2690 3784 2842 3846 patre
2861 3790 3072 3830 eorum.
3110 3774 3325 3830 Mortuo
3373 3775 3642 3832 Hasculfo
3700 3777 3769 3833 de

2160 3866 2163 3871 λ
2187 3866 2490 3934 Solinneio,
2518 3866 2783 3923 successit
2816 3866 2866 3921 ei
2901 3866 3047 3921 ﬁlius
3072 3881 3207 3921 suus
3229 3866 3587 3923 Gislebertus.
3620 3868 3773 3923 Mor-

2183 3966 2315 4013 tuus
2332 3966 2418 4013 est
2444 3958 2609 4013 etiam
2639 3956 2941 4013 Bichardus
2965 3957 3033 4013 de
3068 3954 3233 4024 Hara,
3281 3958 3598 4029 relinquens
3629 3958 3773 4013 ﬁlias

2158 4122 2163 4129 .
2184 4058 2296 4107 tres
2323 4050 2413 4105 ⁸⁸³.
2439 4049 2554 4105 Rex
2576 4049 2845 4107 Henricus
2864 4052 3102 4121 perrexit
3124 4051 3177 4106 in
3194 4050 3615 4122 quadragesima
3644 4049 3776 4104 Wa-

2185 4142 2454 4209 sconiam,
2476 4151 2532 4197 et
2574 4142 2874 4199 destructis
2925 4144 3113 4199 multis
3149 4142 3407 4208 castellis,
3435 4156 3544 4213 que
3576 4149 3772 4197 contra

2185 4248 2312 4290 eum
2340 4246 2518 4301 erant,
2544 4236 2627 4290 vel
2650 4234 2898 4298 munitis,
2937 4234 3167 4290 comites
3188 4231 3694 4305 Engolismensium
3715 4240 3773 4287 et

2160 4312 2342 4405 illum
2364 4325 2433 4380 de
2454 4325 2674 4380 Marcha
2707 4324 3153 4396 sibi'paciﬁcavit,
3189 4334 3245 4379 et
3274 4324 3479 4379 multos
3508 4322 3651 4377 alios
3672 4321 3772 4392 qui

2187 4433 2307 4491 non
2319 4426 2478 4475 erant
2500 4418 2638 4474 tanti
2668 4418 2927 4473 nominis.
2954 4417 3251 4474 Gaufridus
3277 4418 3424 4473 ﬁlius
3449 4418 3596 4491 regis
3649 4416 3769 4471 An-

507 4501 681 4558 tcnsis
739 4503 789 4559 ei
829 4507 1115 4576 successit,
1147 4476 1410 4566 concesso
1454 4517 1639 4566 tamen
1669 4510 1718 4566 ei
1770 4513 2086 4584 episcopatu
2119 4511 2163 4567 D
2189 4476 2401 4581 gloium
2430 4526 2619 4566 mense
2642 4510 2783 4567 Maio
2810 4510 2959 4566 venit
3009 4509 3289 4577 Redonis;
3349 4517 3403 4565 et
3457 4476 3781 4580 StEphanus

509 4591 831 4650 Carnotensi
854 4612 950 4666 per
994 4598 1275 4654 biennium
1307 4615 1337 4655 a
1388 4616 1526 4671 papa
1551 4602 1880 4659 Alexandro.
1904 4603 2085 4660 ‘Vcnit

508 4684 578 4738 ad
609 4685 817 4741 curiam
872 4688 1015 4759 regis
1050 4688 1268 4746 Henrici
1296 4691 1636 4764 Anglorum,
1698 4693 1978 4750 Saxonum
2033 4704 2089 4751 et

510 4774 836 4847 Bajocorum
856 4767 967 4835 dux
992 4779 1260 4837 Henricus
1302 4798 1467 4853 gener
1500 4784 1641 4854 ejus,
1661 4793 1715 4841 et
1752 4786 1968 4857 magnis
2018 4788 2088 4843 ab

510 4884 578 4924 eo
618 4870 920 4929 honoratus
970 4875 1292 4930 muneribus
1329 4875 1383 4930 in
1412 4891 1512 4931 sua
1536 4877 1715 4932 rediit.
1740 4877 2088 4951 Longobardi

509 4960 768 5016 ediﬁcant
786 4964 1061 5020 civitatem
1086 4966 1219 5019 haut
1246 4964 1405 5037 longe
1431 4970 1475 5021 a'
1517 4966 1798 5037 Vercellis,
1823 4982 2085 5030 vocantes

507 5066 629 5106 eam
674 5053 1083 5122 Alexandriam,
1134 5056 1203 5112 ad
1265 5057 1527 5112 honorem
1576 5057 1871 5117 Alexandri
1923 5080 2081 5135 pape,

509 5145 743 5214 sumptis
779 5147 1179 5207 habitatoribus
1202 5164 1270 5204 cx
1317 5149 1546 5219 singulis
1594 5151 1906 5212 civitatibus
1934 5156 2083 5212 Lon-

509 5236 787 5306 gohardic.
1884 5266 1887 5269 -

2189 4601 2530 4658 Rcdoneusis
2562 4612 2617 4658 ct
2639 4603 2938 4658 Autbcrtus
2969 4600 3243 4657 Aletensis
3266 4600 3534 4672 episcopi,
3576 4610 3633 4655 et
3661 4599 3773 4655 Ro-

2189 4694 2376 4769 bertus
2404 4696 2575 4753 abbas
2604 4696 2671 4750 de
2695 4695 2875 4750 Monte
2899 4694 2956 4749 S.
2981 4694 3280 4761 Michaelis,
3302 4701 3357 4749 et
3385 4693 3492 4748 alie
3514 4692 3773 4765 neligiose

2189 4799 2440 4856 persone,
2472 4794 2793 4856 receperunt
2838 4800 2964 4840 eum
2993 4800 3117 4840 cum
3159 4800 3375 4839 summa
3413 4783 3775 4839 veneratione

2190 4876 2243 4931 in
2273 4868 2502 4933 ecclesia
2540 4877 2714 4932 saneti
2753 4876 2921 4931 Petri.
2970 4874 3047 4930 lbi
3074 4876 3283 4945 accepit
3310 4874 3563 4930 hominis
3598 4875 3765 4929 baro-

2190 4986 2322 5027 num
2352 4969 2672 5024 Brittannis.
2704 4967 2817 5023 Rex
2851 4965 3116 5023 Henricus
3160 4966 3289 5021 fecit
3332 4965 3542 5021 fossata
3574 4965 3682 5021 alta
3716 4970 3775 5019 et

2191 5061 2301 5117 lata
2332 5061 2472 5115 inter
2525 5058 2812 5114 Franciam
2835 5066 2890 5112 et
2926 5055 3343 5123 Normanniam,
3374 5056 3442 5112 ad
3500 5056 3777 5127 predones

2190 5154 2477 5211 arcendos.
2524 5151 2789 5207 Similiter
2840 5149 3043 5206 fecerat
3091 5150 3145 5205 in
3181 5149 3567 5222 Andegavensi
3628 5163 3771 5220 pago

2190 5261 2356 5316 super
2379 5242 2641 5314 Ligerim,
2675 5242 2744 5298 ad
2768 5257 2967 5314 aquam
2996 5242 3309 5309 arcendam,
3333 5256 3441 5313 que
3479 5256 3686 5297 messes
3718 5250 3776 5295 ct

1823 5359 2058 5415 VAHIAS
2091 5355 2499 5415 LECTIONLS.

580 5440 651 5473 ⁸⁸⁷
673 5438 919 5499 Habebat
943 5475 1012 5485 ——
1042 5444 1320 5500 Moritonii
1348 5445 1536 5501 desunt
1574 5449 1663 5506 8b.
1702 5452 1791 5505 sed
1833 5452 2047 5506 absunt.
2082 5449 2177 5506 8h.
2311 5448 2381 5480 ⁸⁵⁸
2412 5444 2453 5501 S

610 5509 988 5577 Longobardie
1014 5517 1201 5569 desunt
1235 5516 1324 5571 81).
1352 5516 1443 5571 81).
1553 5521 1642 5576 ⁸⁸⁸.
1677 5520 1740 5577 O.
1769 5522 1828 5576 Β.
1855 5537 1904 5577 e.
1935 5520 2002 5577 N.
2045 5522 2233 5575 desunt
2262 5518 2351 5573 81).
2383 5517 2453 5570 8h

1629 5563 1642 5576 .
1677 5537 1740 5577 U.
1769 5537 1828 5576 υ.
1855 5537 1904 5579 e.
1937 5537 2002 5577 Π.
2045 5537 2233 5575 desunt
2262 5537 2351 5573 δυ.
2383 5537 2475 5570 δη.

510 5537 581 5581 -_-;_
610 5509 988 5581 Lpngobardie
1014 5517 1201 5569 desunt
1235 5516 1324 5571 8b.
1352 5516 1443 5571 8h.

512 5575 583 5610 ⁸⁸⁸
613 5575 829 5647 Mortuo
861 5613 932 5657 _——
954 5592 1064 5640 tres
1086 5586 1273 5641 desunt
1305 5586 1395 5643 8b.
1427 5587 1519 5643 8h.

584 5773 734 5845 (653)
767 5774 806 5830 l.
839 5790 887 5831 e.
914 5778 1365 5850 expostulatione.

2311 5448 2381 5480 ⁸⁵⁸
2412 5443 2693 5507 Sequentia
2719 5441 2885 5497 Multa
2910 5471 2983 5482 ——
3006 5438 3336 5507 Alexandro,
3359 5449 3408 5494 et
3430 5438 3776 5507 Longohardi

2480 5462 2693 5516 quentia
2722 5462 2885 5497 aluua
2910 5471 2983 5482 —
3006 5462 3336 5507 Alexandro,
3359 5462 3407 5494 et
3432 5462 3547 5494 um
3585 5462 3770 5493 ειυειηυ

2585 5514 2655 5547 ⁸⁸⁸
2704 5512 2794 5567 W.
2832 5510 2904 5566 Μ.
2953 5526 3003 5568 c.
3033 5510 3100 5566 Β.
3147 5510 3203 5564 d.
3238 5508 3295 5565 S.
3333 5510 3519 5565 desunt
3552 5462 3647 5564 gi).
3673 5510 3770 5563 8h.

2004 5690 2236 5749 NOTIE.

2273 5778 2420 5850 (651)
2445 5777 2518 5835 Le
2549 5775 2763 5843 Vimcu,
2793 5782 2931 5831 inter
2957 5773 3094 5830 ostia
3123 5771 3307 5830 Aueiae
3338 5782 3499 5848 atque
3530 5773 3779 5831 Sumnaa.
