3906 6316
99 371 190 428 509

222 495 564 537 BOIANOHUH.
704 493 1040 534 FRANCORUI.
1185 490 1487 531 ANGLORUM.

96 585 232 648 prata
255 572 534 643 predabat,
567 569 801 640 quedam
835 569 1154 636 retinacula,
1192 583 1299 638 que
1322 567 1521 622 torsias
1555 580 1652 619 vo-

100 674 228 732 cant,
257 680 352 735 per
373 662 598 732 triginta
619 660 736 717 fere
757 662 1014 729 miliaria,
1040 661 1246 716 faciens
1275 659 1348 715 ibi
1396 658 1652 714 edificarc

100 763 389 820 mansiones
435 760 743 827 hominum,
791 759 886 830 qui
941 760 1143 816 torsias
1192 766 1458 815 tenerent.
1502 755 1650 823 Quos

98 852 240 908 etiam
269 849 396 906 fecit
425 850 629 906 liberos
679 850 746 905 de
773 850 1016 906 exercitu
1068 857 1123 905 et
1173 849 1363 904 multis
1414 848 1538 904 aliis
1582 847 1651 902 ad

101 943 266 997 ﬁscum
298 941 697 1011 pertinentibus
719 941 808 997 °“.
838 939 986 996 Obiit
1005 939 1243 996 Hilarius
1267 939 1574 996 Cestrensis
1598 948 1652 995 et

98 1030 311 1102 Nigellus
334 1029 874 1101 Heliensisepiscopi,
889 1039 944 1086 et
970 1030 1161 1086 Petrus
1181 1029 1647 1097 Gemmeticensis,

70 1121 381 1178 'Richardus
405 1121 810 1191 Bernaicensis,
846 1121 1104 1180 Silvester
1129 1121 1501 1177 Rothonensis
1549 1122 1650 1176 ab-

97 1215 248 1269 bates.
289 1213 478 1269 Mense
517 1213 786 1284 Augusto,
813 1214 1117 1284 pacificatis
1144 1213 1259 1270 fere
1291 1213 1548 1268 omnibus
1593 1213 1649 1268 in

96 1302 374 1358 Pictavensi
395 1317 560 1374 pago,
586 1301 904 1372 Wasconia,
931 1301 1202 1359 Henricus
1242 1317 1339 1357 rex
1394 1303 1544 1359 venit
1565 1300 1570 1304 ’
1593 1303 1650 1357 in

95 1395 490 1463 Normanniam,
511 1404 567 1450 et
594 1396 804 1452 evocati
828 1395 1097 1451 Brittanni
1121 1402 1554 1466 properaverunt
1580 1394 1649 1448 ad

94 1504 222 1544 eum.
251 1487 440 1543 Catina
481 1488 676 1543 civitas
715 1487 916 1543 Siciliae
959 1497 1258 1543 terremotu
1299 1502 1568 1544 concussa
1595 1494 1650 1542 et

95 1586 339 1648 prostrata
358 1586 464 1644 est,
489 1587 545 1632 et
565 1578 723 1632 multi
746 1579 800 1632 in
831 1594 894 1633 ea
922 1581 1200 1650 perierunt
1230 1579 1322 1634 ⁸⁸³.

154 1667 255 1722 Rex
297 1667 568 1724 Henricus
624 1667 753 1724 fecit
801 1677 1045 1725 castrum
1106 1669 1543 1724 munitissimum
1593 1675 1649 1725 et

96 1760 300 1830 burgum
326 1759 634 1831 pergrande
659 1760 818 1831 juxta
848 1760 1031 1815 haiam
1078 1761 1146 1816 de
1199 1759 1463 1826 Malaffre,
1498 1759 1645 1830 quod

97 1845 317 1904 vocatum
353 1859 440 1906 est
468 1849 745 1906 Bealveer.
779 1849 918 1906 Cum
948 1850 1217 1924 Rogerius
1241 1851 1645 1907 Malabranchia

97 1943 200 1998 dolo
221 1944 445 2014 cepisset
480 1944 672 2000 urbem
698 1943 1075 2013 Biteriensem,
1103 1961 1268 2016 quam
1305 1946 1453 2001 cives
1474 1945 1646 2015 ipsius

97 2043 259 2088 contra
273 2050 394 2090 eum
418 2036 700 2105 tenebant,
729 2053 921 2094 omnes
949 2047 1062 2094 tam
1087 2038 1236 2094 viros
1258 2053 1422 2110 quam
1454 2038 1649 2093 mulie-

100 2141 171 2181 res
215 2127 294 2182 vel
335 2128 635 2198 suspendio
669 2130 756 2185 vel
797 2130 906 2186 alio
951 2139 1226 2187 tormento
1262 2131 1427 2186 morti
1474 2129 1648 2186 tradi-
1679 2162 1694 2174 ε

99 2217 178 2284 dit,
203 2227 250 2273 et
272 2220 425 2275 novis
454 2220 862 2279 habitatoribus
917 2223 1064 2278 illam
1095 2222 1507 2279 inhabitandam
1543 2232 1653 2278 tra-

101 2309 230 2364 didit.
254 2309 530 2382 Siquidem
560 2314 790 2384 predicti
816 2315 966 2371 cives
991 2315 1276 2371 dominum
1307 2331 1471 2370 suum
1495 2314 1650 2371 Guil-

101 2398 298 2457 lermum
346 2403 519 2472 (655).
561 2405 918 2475 Trenchevel,
955 2418 1166 2479 patrem
1221 2407 1439 2480 Rogerii
1484 2408 1650 2464 Male-

103 2489 328 2559 branche,
360 2493 415 2548 in
467 2496 710 2566 quadam
766 2499 1001 2554 ecclesia
1049 2515 1175 2554 cum
1212 2500 1324 2555 lilio
1357 2515 1460 2556 suo
1480 2515 1649 2571 parvo

104 2583 358 2641 crudeliter
406 2587 740 2645 occiderant.
807 2591 922 2646 Rex
996 2589 1267 2648 Henricus
1319 2590 1449 2648 fecit
1528 2591 1647 2648 Mo-

104 2672 287 2732 lendina
327 2685 380 2733 et
422 2680 754 2749 piscatorias
801 2682 1110 2754 Andegavis
1159 2683 1216 2738 in
1262 2683 1490 2740 ﬂumine
1537 2683 1661 2740 Me-’

106 2763 270 2822 duaae.
305 2767 437 2824 Cum
462 2770 804 2830 Guillermus
836 2775 1013 2830 Goeth
1055 2776 1282 2831 obiisset
1337 2777 1394 2831 in
1452 2777 1647 2834 itinere

106 2853 386 2928 Jerusalem,
416 2870 473 2916 et
520 2877 708 2920 comes
735 2864 1082 2921 Theobaldus
1131 2867 1293 2922 vellet
1341 2867 1542 2922 habere
1591 2868 1647 2922 in

109 2963 240 3005 manu
262 2966 354 3006 sua
376 2951 617 3009 Montem
647 2954 948 3011 Mirabilem
970 2966 1025 3012 et
1052 2957 1187 3014 alias
1210 2958 1512 3026 firmitates,
1541 2975 1649 3030 que

109 3037 288 3099 fuerant
317 3044 602 3100 Guillermi
625 3046 819 3115 Goeth,
857 3049 924 3104 de
964 3051 1165 3119 quibus
1218 3051 1442 3106 saisitus
1471 3052 1642 3121 (656),

867 363 1237 422 CHHONICA.
1279 390 1350 402 —
1387 357 1794 432 AUCTARIUH
1835 357 2135 418 ROBERTI
2169 358 2258 413 DE
2295 358 2530 418 MONTE

1677 472 1726 532 A
1759 478 1937 525 tamen
1970 472 2088 526 sine
2116 471 2451 526 discrimine.
2511 469 2811 526 Sunmerso
2857 470 2914 524 in
2956 471 3094 525 mari
3152 471 3330 527 Gisle-

3225 362 3331 417 5l0

1753 562 1908 617 berto
1937 563 2002 616 de
2027 563 2339 629 Abrincate,
2364 561 2531 617 Fulco
2569 561 2774 628 Painel,
2819 562 2912 632 qui
2959 563 3194 617 habebat
3214 563 3329 632 pri-

1753 653 2082 722 mogenitam
2108 667 2354 707 sororem
2376 652 2517 722 ejus,
2546 653 2812 707 successit
2845 652 2916 707 ei.
2963 651 3328 708 Vicecomites

1752 759 1848 812 per
1877 743 2147 813 Angliam,
2178 744 2274 814 qui
2309 745 2686 800 exactionibus
2718 751 2774 798 et
2825 743 3032 813 rapinis
3063 745 3324 814 populum

1753 833 2077 899 afﬂixerant,
2106 850 2138 888 a
2175 850 2302 904 rege
2329 835 2564 904 correpti
2611 842 2757 889 sunt.
2800 832 2934 887 Post
2974 840 3324 902 pentecosten

1751 939 1847 979 rex
1891 923 2158 981 Henricus
2206 935 2432 981 evocato
2457 927 2568 980 ﬁlio
2589 941 2691 980 suo
2712 924 2946 979 Henrico
2969 923 3024 977 in
3052 922 3322 994 Angliam,

1750 1016 1876 1071 fecit
1897 1032 2022 1071 eum
2044 1018 2298 1072 coronari
2321 1018 2375 1071 in
2404 1033 2606 1088 regem,
2637 1033 2761 1072 cum
2779 1032 2980 1087 magna
2999 1017 3130 1071 cleri
3152 1032 3324 1086 popu—

1750 1107 1897 1176 lique
1942 1106 2149 1172 leticia,
2194 1105 2479 1162 Lundonie
2527 1107 2668 1177 apud
2748 1106 3322 1163 Westmonasterium.

1751 1193 1907 1252 Hunc
1929 1195 2143 1250 inuuxit
2166 1195 2434 1267 Rogerius
2455 1197 2900 1267 archiepiscopus
2931 1196 3325 1264 Eboracensis;

1751 1301 1876 1340 nam
1896 1284 2139 1341 Thomas
2152 1284 2562 1342 Cantuariensis
2583 1287 2720 1341 citra
2734 1300 2885 1340 mare
2894 1299 2988 1354 per
2999 1283 3327 1338 .continuum

1749 1375 1862 1432 fere
1888 1377 2207 1436 sexennium
2238 1378 2291 1431 in
2307 1377 2496 1432 Galliis
2519 1379 2855 1432 morabatur.
2884 1375 3022 1430 Huic
3035 1389 3328 1430 consecra-

1748 1467 1885 1523 tioui
1911 1467 2277 1523 interfuerunt
2300 1467 2634 1523 Gislebertus
2663 1466 3329 1535 Lundonensis',Gosceli-

1749 1576 1854 1619 nus
1871 1558 2314 1626 Salesberiensis,
2338 1560 2614 1618 Walterus
2635 1559 2912 1627 Rofensis,
2935 1558 3204 1615 Ricardus
3222 1557 3328 1614 Ce-

1749 1652 1998 1720 strensis,
2031 1651 2408 1707 Bartolomeus
2433 1652 2783 1718 Exoniensis,
2807 1650 2963 1722 Hugo
3006 1649 3332 1705 Dunelmen-

1749 1742 1826 1800 sis
1846 1744 2087 1814 episcopi
2112 1761 2126 1809 ;
2155 1742 2423 1814 Rogerius
2465 1743 2864 1814 Wigorniensis
2911 1741 2968 1796 in
2991 1739 3332 1796 Normannia

1748 1835 2085 1902 morabatur,
2142 1834 2408 1891 Henricus
2476 1834 2857 1890 Wintonensis
2903 1841 2958 1888 et
3011 1832 3332 1888 Willermus

1747 1925 2092 1984 Norvicensis
2117 1927 2432 1983 infirmitate
2457 1926 2718 1998 prepediti
2737 1941 2849 1981 non
2874 1925 3164 1981 affuerunt.
3191 1923 3330 1980 Nam

1749 2018 2037 2076 Adelulfus
2075 2018 2437 2086 Carluiensis,
2465 2028 2520 2075 et
2573 2018 2845 2074 Hebenus
2888 2015 3328 2084 Herefordensis,

1749 2117 1803 2164 et
1821 2108 2094 2165 Robertus
2135 2107 2407 2186 Batensis,
2435 2116 2490 2164 et
2537 2106 2809 2163 Robertus
2835 2105 3242 2173 Lincolnensis,
3276 2113 3334 2162 et

1750 2199 1990 2256 Hilarius
2032 2199 2414 2267 Cicestrensis,
2438 2208 2493 2256 et
2515 2197 2756 2271 Nigellus
2793 2196 3066 2253 Heliensis
3089 2196 3332 2267 episcopi

1747 2291 2084 2347 dormierant
2109 2291 2162 2344 in
2209 2290 2481 2356 Domino,
2513 2298 2576 2346 et
2613 2289 2793 2345 adhuc
2840 2287 3096 2344 cathedre
3137 2302 3333 2342 eorum

1748 2380 2038 2435 Vacabant.
2072 2378 2441 2434 [interfuerunt
2467 2393 2598 2434 vero
2649 2378 2718 2434 de
2744 2375 3082 2432 Normannia
3135 2375 3333 2432 Henri-

1749 2491 1849 2531 cus
1879 2460 2197 2546 Bajocensis
2225 2486 2279 2528 et
2302 2473 2596 2543 Frogerius
2620 2471 2900 2543 Sagiensis
2938 2471 3200 2543 episcopi,
3235 2472 3333 2542 qui

1750 2583 1874 2623 cum
1895 2582 1961 2624 eo
1985 2573 2247 2621 venerant
2279 2565 2335 2619 in
2375 2565 2646 2636 Angliam.
2704 2562 2938 2630 Quidam
2972 2564 3201 2619 moleste
3252 2563 3335 2618 fe-

1749 2668 1898 2725 runt,
1935 2658 2082 2728 quod
2127 2653 2571 2726 archiepiscopus
2614 2654 2978 2710 Eboracensis
3023 2653 3242 2709 unxerit
3275 2653 3334 2709 in

1750 2766 1932 2822 regem
1986 2748 2280 2805 Henricum
2336 2747 2634 2818 juniorem.
2695 2743 2801 2800 Sed
2855 2744 3133 2811 noverint,
3184 2743 3335 2813 quod

1748 2843 1960 2912 primus
1993 2841 2346 2908 Guillermus,
2377 2840 2473 2910 qui
2493 2839 2743 2910 Angliam
2783 2836 2951 2892 armis
2995 2833 3232 2906 subegit,
3263 2833 3336 2889 ab

1749 2933 2014 3002 Alveredo
2059 2931 2476 3003 religiosissimo
2520 2930 2640 2985 viro
2691 2926 3024 2983 Eboracensi
3059 2923 3334 2995 archiepi-

1752 3041 1916 3095 scopo
1958 3025 2217 3080 inunctus
2236 3033 2291 3079 et
2327 3031 2577 3079 sacratus
2629 3027 2741 3086 est,
2795 3015 3181 3073 Cantuariensi
3241 3029 3336 3070 ar-

108 3141 201 3186 erat
227 3131 447 3191 Herveus
485 3137 558 3192 de
585 3135 733 3204 lven,
759 3105 853 3208 qui
882 3105 1117 3194 habebat
1158 3105 1508 3212 inconjugio
1672 3147 1720 3209 ο
1751 3117 2098 3212 Chiam“???
2129 3117 2272 3171 imm
2302 3115 2537 3170 insulam
2573 3111 2852 3212 Βτίίθηηξθ
2885 3119 3162 3212 manem“,
3218 3105 3335 3162 ω

109 3227 392 3294 mogenitam
415 3229 588 3284 filiam
636 3229 920 3287 Guillermi
958 3233 1152 3299 Goeth,
1186 3243 1374 3288 natam
1437 3249 1503 3288 ex
1536 3249 1648 3289 una

111 3329 323 3373 sororum
395 3321 624 3376 comitis
693 3322 1031 3392 Thcobaldi;
1112 3325 1306 3380 videns
1370 3326 1649 3396 predictus

109 3401 330 3476 Heneus,
363 3427 419 3467 se
459 3429 576 3468 non
604 3429 770 3484 posse
807 3417 1062 3472 resistere
1091 3418 1278 3472 comiti
1309 3417 1644 3486 Theobaldo,

110 3508 319 3556 cum'rex
340 3503 499 3559 etiam
533 3503 874 3563 Francorum
905 3509 1186 3578 adjuvaret
1222 3519 1406 3580 partes
1432 3511 1648 3567 comitis

112 3585 384 3662 Theobaldi,
411 3604 604 3666 utpote
628 3599 877 3654 sororius
906 3599 1054 3670 ejus:
1084 3600 1224 3656 idem
1249 3600 1512 3669 Herveus,
1562 3602 1647 3657 in-

111 3686 402 3741 tercurrente
425 3703 626 3759 magna
649 3690 878 3760 pecunia
911 3701 964 3746 et
1007 3691 1335 3762 quibusdam
1377 3695 1648 3764 pactioni-

111 3768 209 3838 bus,
235 3775 442 3832 tradidit
463 3778 707 3835 Henrico
738 3782 852 3854 regi
877 3781 1176 3854 Anglorum
1205 3783 1440 3840 Montem
1479 3787 1648 3842 Mira--

111 3861 244 3920 bilem
264 3878 312 3924 et
337 3872 481 3929 aliud
510 3881 777 3942 castrum,
792 3876 1002 3933 scilicet
1025 3876 1287 3933 Sanctum
1303 3877 1574 3936 Anianum
1591 3883 1645 3938 in

110 3951 326 4016 Biturico.
361 3961 516 4020 Unde
556 3964 832 4022 discordia
859 3967 1226 4041 redintegrata
1267 3968 1367 4042 esl|
1394 3970 1536 4026 inter
1561 3987 1650 4028 re—

111 4061 204 4115 gem
223 4059 268 4106 et
286 4056 560 4112 comitem.

146 4141 278 4202 H70.
308 4148 626 4206 Fredericus
657 4152 741 4208 l9.
775 4153 1071 4208 Ludovicus
1110 4155 1198 4209 53.
1227 4153 1490 4209 Henricus
1522 4153 1608 4208 16.

158 4234 225 4292 Ad
248 4243 412 4298 natale
456 4244 566 4299 fuit
605 4260 702 4300 rex
731 4245 1000 4302 Henricus
1056 4247 1110 4300 in
1156 4247 1460 4302 Brittannis
1503 4247 1647 4316 apud

110 4321 358 4389 Nannetes.
428 4335 706 4393 Robertus
755 4337 1216 4394 archidiachonus
1282 4337 1647 4393 Nannetensis

112 4417 346 4480 consensu
391 4429 539 4500 regis
593 4428 774 4485 factus
801 4438 886 4485 est
927 4429 1215 4500 episcopus
1262 4428 1593 4484 Nannetensi

1750 3209 1926 3279 gando
1957 3209 2164 3264 scilicet
2218 3223 2249 3261 a
2277 3221 2416 3277 papa
2468 3202 2964 3260 excommunicato.

1797 3331 2102 3402 Margarita
2126 3311 2236 3384 filia
2263 3329 2402 3399 regis
2430 3316 2682 3392 Francie,
2717 3340 2856 3379 uxor
2881 3320 3105 3377 Henrici
3142 3318 3334 3390 junio—
3377 3339 3380 3342 ·

1750 3423 1828 3478 ris
1855 3423 2018 3494 regis,
2053 3423 2107 3475 in
2141 3420 2391 3492 Angliam
2426 3418 2674 3484 transiit;
2718 3432 2820 3471 nec
2848 3424 2981 3470 tunc
3011 3423 3193 3468 tamen
3230 3411 3336 3465 fuit

1749 3524 2031 3581 coronata,
2079 3513 2208 3584 quia
2270 3527 2365 3567 rex
2409 3512 2524 3582 jam
2564 3515 2860 3564 coronatus
2913 3513 3060 3570 erat,
3109 3511 3162 3558 et
3215 3501 3334 3572 epi-

1749 3609 1900 3679 scopi
1926 3607 2314 3662 discesserant.
2345 3601 2625 3656 Johannes
2664 3611 2848 3652 comes
2869 3593 3137 3649 Aucensis
3165 3591 3335 3646 mori-

1748 3696 1857 3768 tur,
1885 3708 1939 3755 et
1981 3695 2248 3754 successit
2286 3694 2337 3748 ei
2381 3691 2527 3746 filius
2553 3690 2672 3760 ejus
2701 3686 2990 3750 Henricus,
3035 3698 3197 3753 quem
3241 3697 3336 3752 ge-

1749 3800 1943 3846 nuerat
1971 3804 2037 3843 ex
2068 3787 2176 3841 filia
2200 3783 2468 3840 Willermi
2495 3782 2562 3837 de
2586 3777 2836 3834 Albineio
2860 3773 3031 3848 (657),
3053 3787 3214 3842 quem
3240 3786 3335 3825 vo—

1748 3891 1876 3939 cant
1903 3880 2160 3938 comitem
2191 3877 2258 3933 de
2291 3874 2556 3930 Arundel.
2608 3871 2710 3927 Hic
2751 3868 2909 3925 duxit
2943 3865 3147 3920 Elizam
3185 3863 3334 3934 regi-

1747 3989 1897 4040 nam,
1927 3971 2174 4026 relictam
2218 3965 2438 4020 Henrici
2465 3963 2700 4019 senioris
2730 3959 2873 4031 regis
2909 3955 3230 4026 Anglorum,
3266 3967 3335 4007 ex

1749 4081 1857 4136 qua
1908 4063 2088 4135 genuit
2143 4059 2505 4114 Guillermum
2563 4050 2988 4126 primogenitum
3049 4061 3235 4112 suum,
3281 4052 3338 4100 et

1748 4155 2126 4218 Godefridum,
2149 4159 2203 4206 et
2227 4151 2385 4206 istam
2413 4148 2752 4205 comitissam
2799 4157 3024 4199 uxorem
3068 4139 3338 4195 Johannis

1748 4247 2033 4312 Aucensis,
2057 4245 2123 4300 de
2145 4258 2254 4313 quo
2270 4256 2452 4297 sermo
2475 4249 2578 4296 est.
2604 4238 2662 4293 ln
2684 4238 2772 4293 die
2794 4233 3167 4307 apostolorum
3189 4228 3336 4284 Petri
3355 4271 3362 4274 .

1748 4348 1803 4395 et
1829 4338 1984 4393 Pauli
2029 4344 2360 4391 terremotus
2391 4330 2671 4387 horribilis
2720 4327 2896 4382 factus
2929 4332 3014 4378 est
3059 4323 3115 4376 in
3154 4329 3339 4374 trans-

1749 4429 1979 4486 marinis
2003 4427 2272 4498 partibus,
2302 4442 2412 4496 quo
2449 4422 2659 4478 corruit
2692 4419 2886 4476 civitas
2913 4414 3170 4484 Tripolis,
3209 4425 3340 4480 pars

111 4519 210 4574 Post
229 4495 547 4575 Bemardum
564 4521 896 4576 avunculum
922 4495 1201 4578 suum-lu
1229 4495 1646 4593 quadragesim!
1681 4495 1726 4550 Β
1755 4495 2028 4583 Damasci,
2073 4495 2360 4572 Antiochie
2391 4513 2708 4584 plurimum.
2760 4505 2994 4578 Agareni
3023 4503 3187 4593 etiam
3225 4515 3338 4554 non

111 4607 304 4662 excessit
326 4625 470 4668 mare
500 4612 703 4668 limites
731 4629 883 4680 suos,
911 4613 1056 4668 unde
1094 4629 1305 4669 messes
1331 4628 1438 4683 que
1480 4628 1649 4682 prope
1682 4627 1684 4630 '

113 4689 217 4748 illud
258 4703 512 4760 seminate
561 4714 738 4772 erant,
790 4705 845 4758 in
895 4706 1081 4760 multis
1119 4705 1254 4760 locis
1295 4704 1573 4774 perierunt
1617 4720 1648 4759 a

113 4779 325 4847 ﬂuctibus
353 4787 586 4851 absone.
621 4795 757 4852 Ossa
787 4797 1074 4867 cujusdam
1101 4797 1336 4867 gigantis
1371 4796 1426 4850 in
1455 4795 1649 4867 Anglia

113 4885 186 4938 per
211 4879 521 4941 alluvionem
551 4887 765 4942 detecta
795 4896 944 4953 sunt,
991 4886 1150 4957 cujus
1185 4885 1434 4956 corporis
1471 4887 1649 4958 longi—

113 4966 236 5036 ludo,
257 4982 311 5028 ut
327 4973 524 5044 ferunt,
557 4978 628 5033 50
656 4980 854 5049 pedum
877 4987 1013 5034 erat.
1043 4978 1098 5033 In
1133 4979 1321 5034 eadem
1344 4979 1652 5050 quadrage-

114 5056 224 5120 sima
251 5069 608 5128 transfretavit
666 5087 760 5127 rex
806 5070 1074 5130 Henricus
1115 5071 1170 5130 in
1216 5071 1492 5143 Angliam,
1535 5087 1645 5126 non

1757 4612 1979 4666 fuerunt
2010 4615 2262 4678 expertes
2293 4606 2458 4675 hujus
2494 4598 2890 4662 tribulationis;
2931 4609 3056 4648 nam
3084 4592 3335 4662 Halapre,

1753 4719 1861 4774 que
1889 4709 2055 4772 caput
2087 4707 2172 4755 est
2202 4698 2355 4768 regni
2396 4694 2659 4756 Loradin,
2695 4697 2749 4745 et
2784 4687 3017 4759 quedam
3065 4685 3170 4738 alie
3203 4683 3341 4739 civi-

1755 4805 1895 4850 tates
1945 4793 2394 4854 Sarracenorum,
2441 4801 2552 4841 non
2581 4787 2875 4839 evaserunt
2912 4779 3056 4833 hanc
3102 4781 3334 4846 pestem.

1755 4888 2000 4962 Mortuo,
2023 4883 2311 4937 Willermo
2358 4878 2554 4934 comite
2602 4866 2926 4928 Nivernensi
2972 4868 3116 4923 ultra
3164 4879 3336 4929 mare,

1756 4956 2006 5034 Mathcus
2037 4974 2205 5028 frater
2246 4963 2482 5040 Philippi
2517 4965 2736 5023 comitis
2772 4956 3215 5022 Flandrensium,
3245 4968 3341 5009 co-

1758 5085 1873 5124 mcs
1908 5064 2153 5130 Bolonie,
2185 5061 2341 5118 duxit
2361 5073 2588 5118 uxorem
2619 5056 2739 5128 ejus
2771 5051 2942 5126 (658),
2965 5061 3211 5107 sororem
3233 5043 3340 5100 sci-

1376 5156 1610 5241 VARUE
1650 5180 2056 5241 LECTIONES.

201 5289 258 5372 ﬁ"
288 5293 844 5372 Similiter—pertiti.
883 5302 939 5356 in
982 5311 1173 5355 rasura
1210 5303 1290 5356 ita
1333 5301 1610 5372 ampliavit
1673 5299 1948 5372 Robertus.
1986 5296 2214 5372 Adsunt.
2257 5293 2344 5348 7b.
2391 5291 2590 5372 Desunt
2616 5289 2705 5372 81).
2739 5287 2830 5370 8h_.
2857 5294 3156 5372 Cum

677 5350 1172 5426 (difficile-sinunt
1325 5350 1960 5426 €512'z'ilinu's3ééahdd
1982 5350 2038 5422 in
2064 5367 2153 5422 8d.
2177 5375 2226 5420 et
2257 5373 2437 5418 sextus
2461 5362 2765 5415 decurtatus
2791 5359 2848 5411 in
2870 5356 2952 5410 8e.
2985 5352 3078 5406 8h.
3109 5350 3337 5426 [οτιαδδϐ

115 5351 234 5414 Obiit
257 5395 317 5404 —
335 5351 571 5426 abba't'es.

3159 5277 3336 5331 ntibus

116 5428 247 5513 ςξξιιεπ
270 5417 640 5513 n
661 5441 752 5496 8b.
769 5417 2354 5513 Quirinali};Rivali}’rlxiiigniggziénsis.
2385 5433 2684 5489 Combusta
2710 5437 2794 5484 est
2833 5417 3220 5481 Fiscannensis
3245 5433 3339 5474 ec-

115 5496 250 5556 clesia
275 5506 334 5562 14
361 5496 654 5580 Καιυιιιιιίἱ,
692 5514 726 5567 4
756 5496 892 5568 feria
927 5522 1050 5584 post
1092 5496 1340 5569 octavam
1369 5521 1714 5584 pentecostes
1740 5511 1943 5564 addunt
1977 5509 2066 5564 8d.
2099 5507 2191 5563 8h.
2229 5540 2236 5544 -

1562 5620 1793 5680 NOTAE.

178 5701 574 5786 §§§§)'§orrige:
609 5714 984 5771 Raimundum.
1009 5713 1213 5783 BOUQ.

176 5773 304 5846 (656)
332 5773 630 5842 lnvcsﬁtus.
999 5789 1002 5791 ’

1853 5712 1980 5782 657)
2012 5709 2320 5765 Hclisende.
2350 5705 2561 5782 eoeo;
2631 5739 2634 5742 .

1853 5714 1980 5782 657)
2012 5714 2320 5765 Hcliscnde.
2351 5714 2555 5770 BUUQ.

1830 5714 1977 5855 (658)
2012 5783 2354 5839 Eleonoram.
2383 5775 2585 5843 BOUQ.
