3906 6316
527 343 658 400 511⁸

670 465 1017 507 ιιοιιλκοιιυι.
1161 463 1498 505 FBANCOHUM.
1641 463 1942 502 ANGLOBUM.

527 544 656 598 licet
689 542 970 596 comitisse
1002 539 1374 595 Flandrensis.
1429 538 1514 592 Hii
1545 539 1727 606 itaque
1756 538 1868 592 duo
1912 537 2110 592 fratres

529 635 669 690 duas
697 633 976 688 duxerunt
1005 647 1245 698 sorores,
1285 632 1424 687 filias
1456 629 1669 685 Rodulti
1696 630 1912 684 comitis
1957 629 2109 684 Viro-

528 726 880 790 mandorum,
910 731 1100 794 neptes
1129 725 1354 779 Alienor
1383 724 1566 794 regine
1592 721 1889 792 Anglorum
1921 738 1986 774 ex
2024 737 2113 775 so-

527 833 685 883 rore,
721 816 914 872 callide
957 825 1178 886 agentes
1219 816 1272 869 in
1324 813 1608 868 retinendo
1663 822 1863 866 terram
1899 811 2111 866 Radulti

530 911 599 965 de
631 907 879 962 Parrona
925 921 1022 976 per
1073 905 1369 976 quemlibet
1407 905 1660 959 fratrum.
1711 902 1810 958 llic
1867 902 2114 957 Matheus

529 998 686 1072 prius
723 997 988 1051 habuerat
1017 997 1187 1050 tiliam
1236 997 1382 1067 regis
1427 993 1709 1064 Stephani,
1745 1002 1799 1047 et
1843 993 2114 1062 susceptis

531 1089 604 1144 ab
639 1103 707 1144 eo
735 1087 947 1142 duabus
979 1086 1214 1153 filiabus,
1262 1087 1421 1141 rediit
1470 1085 1538 1140 ad
1582 1084 1924 1155 religionem,
1971 1083 2116 1137 unde

532 1179 703 1237 invita
729 1186 1034 1234 recesserat
1059 1177 1228 1249 (659).
1257 1178 1416 1232 Circa
1447 1181 1753 1246 Augustum
1784 1191 1877 1230 rex
1919 1170 2114 1230 Henri-

533 1286 633 1326 cus
659 1270 823 1326 rediit
843 1269 898 1323 in
933 1267 1350 1335 Normanniam,
1390 1269 1582 1323 relicto
1617 1267 1838 1338 juniore
1881 1266 2117 1323 Henrico

533 1362 589 1417 in
613 1361 828 1433 Anglia.
861 1360 973 1415 Rex
995 1360 1265 1416 Henricus
1297 1360 1423 1415 fecit
1465 1375 1651 1430 pacem
1695 1361 1836 1415 inter
1861 1360 2114 1425 comitem

534 1452 866 1508 Tedbaldum
895 1463 951 1508 et
981 1452 1249 1508 Herveum
1281 1455 1347 1508 de
1389 1453 1535 1508 lven.
1582 1452 1766 1508 Mense
1810 1452 2116 1522 Septembri

532 1559 628 1598 rex
658 1543 925 1600 Henricus
955 1545 1263 1600 infirmatus
1303 1557 1388 1600 est
1423 1561 1562 1616 pene
1585 1561 1760 1615 usque
1787 1545 1854 1600 ad
1885 1553 2117 1600 mortem

533 1637 677 1706 apud
711 1636 911 1690 Motam
938 1637 1006 1692 de
1031 1637 1139 1691 Ger
1167 1637 1339 1708 (660),
1393 1637 1486 1692 sed
1531 1637 1888 1692 miseratione
1933 1637 2116 1692 divina

531 1738 588 1786 et
609 1731 1003 1800 supplicatione
1025 1747 1309 1786 servorum
1349 1731 1465 1797 Dei,
1497 1732 1699 1801 quibus
1733 1746 1793 1786 se
1837 1732 2116 1786 humiliter

532 1823 971 1889 commendabat,
1009 1823 1184 1892 50pita
1217 1824 1445 1878 adversa
1482 1823 1791 1878 valetudine
1821 1824 2110 1878 sanitatem

531 1912 757 1968 refovet.
791 1913 1018 1984 Egidius
1048 1913 1508 1985 Rothomagensis
1546 1915 1966 1970 archidiaconus
2003 1916 2114 1970 eleo

531 2013 653 2060 ctus
690 2014 776 2060 est
816 2005 884 2060 ad
934 2006 1307 2076 episcopatum
1349 2005 1759 2073 Ebroicensem,
1807 2005 2112 2062 Richardus

531 2096 952 2151 archidiaconus
1008 2096 1450 2154 Constantiensis
1493 2097 1562 2152 ad
1638 2098 2108 2153 Abrincatensem.

529 2187 752 2241 Alienor
777 2187 886 2242 filia
918 2187 1060 2259 regis
1102 2187 1318 2244 Henrici
1357 2188 1654 2260 Anglorum
1689 2190 1760 2244 ad
1794 2189 2113 2259 Hispaniam

530 2278 694 2334 ducta
721 2289 824 2346 est,
853 2287 908 2334 et
931 2280 998 2334 ab
1027 2279 1288 2336 Amfurso
1318 2282 1647 2352 imperatore
1685 2283 2002 2337 solemniter
2025 2283 2116 2338 de-

532 2379 814 2438 sponsata.
844 2369 1019 2442 Hujus
1049 2372 1394 2442 imperatoris
1430 2374 1520 2429 illa
1549 2389 1679 2444 pars
1708 2373 1986 2443 Hispanie,
2007 2390 2115 2444 que

528 2463 765 2521 Castella
804 2475 1048 2534 vocatur,
1075 2483 1304 2538 regnum
1348 2477 1450 2524 est.
1483 2468 1659 2539 Hujus
1703 2469 1915 2539 imperii
1950 2478 2115 2539 caput

528 2554 724 2611 civitas
748 2555 998 2612 Toletum
1022 2566 1125 2612 est.
1154 2557 1406 2613 Predicto
1443 2559 1558 2628 regi
1587 2566 1811 2628 propter
1836 2556 2113 2611 infirmam

526 2648 1043 2727 etatem—nondum
1070 2649 1215 2704 enim
1249 2650 1639 2720 adimpleverat
1679 2649 1988 2720 quindecim
2022 2665 2116 2703 an-

529 2751 632 2792 nos
651 2739 1094 2795 —adversantur
1153 2741 1265 2796 duo
1303 2757 1478 2812 reges,
1520 2740 1842 2797 Femandus
1889 2741 2114 2797 Gallicie

527 2839 762 2900 patruus
787 2829 927 2900 ejus,
963 2839 1019 2886 et
1044 2832 1343 2889 Amfonsus
1376 2833 1610 2888 Navarie
1638 2834 1941 2889 avunculus
1969 2833 2109 2903 ejus.

528 2921 746 2977 Mortuo
796 2921 1036 2978 Robcrto
1065 2925 1179 2980 tilio
1224 2926 1444 2983 Roberti
1489 2927 1708 2983 comitis
1756 2926 2110 2993 Gloecestrie,

528 3014 859 3072 Amauricus
933 3016 1334 3089 primogenitus
1382 3019 1529 3076 ﬁlius
1587 3019 1862 3092 Symonis'
1895 3019 2112 3075 comitis

1700 333 1808 392 SlG
1817 334 2064 389 EBEHT!
2101 335 2632 395 CEMBLACENSIS
3668 337 3754 395 5H

2142 452 2362 507 Aillius
2400 451 2643 522 regionis
2667 451 2736 506 ad
2771 459 3016 506 extrema
3035 449 3283 516 veniens,
3317 449 3554 519 precepit
3583 448 3756 508 familia

2214 559 2333 604 sue.
2364 543 2548 598 divina
2579 541 2810 598 forsitan
2832 543 3211 613 inSpiratione,
3249 551 3310 596 ut
3340 542 3392 595 in
3420 541 3635 596 introitu
3656 558 3752 598 ora-

2213 635 2339 690 torii
2369 634 2617 704 corporis
2655 635 2740 689 sui
2765 635 2977 705 glebam
3005 634 3321 704 sepelirent.
3375 631 3580 687 Eﬂ'ossa
3607 634 3758 703 itaque

2215 733 2380 790 terra,
2413 738 2614 792 corpus
2646 723 2792 777 beati
2821 722 3099 776 Amatoris
3134 721 3405 791 integrum
3435 721 3757 789 reperitur,et

2215 813 2268 866 in
2300 813 2533 867 ecclesia
2554 812 2723 882 juxta
2769 812 2940 866 altare
2961 811 3224 881 positum,
3263 811 3536 882 integrum
3565 814 3759 881 peregri-

2215 904 2302 960 nis
2343 903 2476 958 illud
2504 903 2831 969 ostendunt;
2878 911 2935 956 et
2977 903 3051 956 ibi
3081 901 3220 956 fiunt
3249 901 3516 956 miracula
3549 902 3697 956 multa
3719 912 3760 956 et

2216 1005 2374 1050 antea
2424 995 2690 1061 inaudita,
2718 1010 2814 1065 per
2845 995 3058 1049 beatam
3097 993 3348 1049 Mariam.
3392 994 3475 1048 Ad
3502 994 3637 1047 hunc
3659 1008 3760 1064 ergo

2216 1089 2420 1153 locum,
2472 1095 2532 1142 ut
2581 1087 2846 1154 diximus,
2885 1103 2983 1142 rex
3028 1085 3297 1142 Henricus
3336 1100 3509 1140 causa
3539 1085 3762 1139 orationis

2215 1182 2462 1248 veniens,
2499 1180 2628 1250 quia
2651 1179 3125 1250 appropinquabat
3143 1188 3288 1234 terre
3309 1178 3649 1232 inimicorum
3666 1194 3764 1232 suo-

2217 1290 2364 1338 rum,
2397 1282 2723 1344 congregata
2753 1272 3102 1327 multitudine
3127 1278 3473 1326 armatorum
3511 1279 3614 1323 tam
3641 1270 3763 1338 equi-

2219 1375 2336 1421 tum
2359 1381 2524 1436 quam
2552 1365 2816 1435 peditum,
2849 1366 2916 1420 ad
2953 1363 3257 1420 orationem
3288 1362 3532 1432 perrexit
3561 1363 3764 1417 munitus

2219 1459 2364 1515 sicut
2393 1459 2459 1513 ad
2483 1459 2739 1528 prelium,
2768 1458 2900 1511 nulli
2933 1456 3135 1511 malum
3159 1453 3432 1530 inferens,
3462 1452 3696 1506 omnibus
3724 1462 3765 1505 et

2218 1551 2456 1605 maxime
2477 1550 2809 1620 pauperibus
2832 1550 2885 1603 in
2913 1547 3226 1604 elemosinis
3247 1545 3760 1617 largiterprovidens.

2220 1640 2463 1695 Thomas
2496 1640 2914 1695 Cantuariensis
2955 1638 3406 1708 archiepiscopus
3437 1634 3763 1691 transfretavit

2219 1731 2276 1785 in
2300 1731 2574 1801 Angliam.
2610 1729 2922 1800 Stephanus
2955 1746 3140 1785 comes
3181 1730 3248 1786 de
3293 1727 3589 1793 Sanceore,
3630 1726 3762 1780 frater

2216 1825 2434 1880 comitis
2467 1823 2709 1890 Tehaldi,
2745 1824 2988 1895 perrexit
3021 1823 3349 1888 Jerusalem,
3399 1821 3580 1876 ferens
3616 1836 3761 1875 secum

2216 1917 2529 1989 pecuniam,
2555 1933 2721 1986 quam
2749 1933 2842 1972 rex
2871 1915 3213 1970 Francorum
3241 1914 3558 1969 Ludovicus
3601 1910 3761 1966 fecerat

2215 2010 2474 2080 colligere
2520 2010 2574 2062 in
2637 2008 2972 2078 adjutorium
3020 2006 3488 2063 Jerosolimitanac
3525 2003 3758 2059 accelesic.

2214 2102 2333 2157 Odo
2399 2101 2549 2170 (662)
2613 2101 2726 2156 dux
2787 2099 3105 2171 Burgundie
3164 2115 3338 2169 nepos
3395 2098 3520 2168 ejus
3569 2096 3760 2168 perrexit

2214 2211 2340 2251 cum
2367 2210 2453 2250 60.
2905 2235 2907 2237 ι

2251 2286 2409 2340 1171.
2451 2283 2768 2339 Fredericus
2788 2284 2879 2339 20.
2919 2282 3219 2338 Ludovicus
3239 2283 3330 2336 54.
3377 2278 3724 2335 Henricus”.

2284 2379 2366 2434 Ad
2394 2378 2574 2432 natale
2598 2377 2701 2432 fuit
2716 2393 2811 2433 rex
2835 2376 3104 2432 Henricus
3127 2376 3194 2431 ad
3214 2375 3326 2428 Bur
3342 2375 3506 2444 juxta
3524 2372 3759 2443 Bajocutn.

2290 2471 2466 2528 Annus
2491 2469 2737 2524 millenus
2760 2478 3006 2524 centenus
3028 2476 3381 2538 septuagenus

2356 2562 2576 2616 Primus
2598 2570 2734 2628 erat,
2758 2563 2961 2632 primas
2983 2565 3086 2633 quo
3112 2561 3220 2614 ruit
3244 2575 3368 2613 ense
3396 2557 3605 2612 Tomos.

2281 2653 2483 2720 Quinta
2505 2653 2618 2707 dies
2643 2653 2843 2707 natalis
2867 2661 3002 2718 erat,
3029 2653 3126 2722 ﬂos
3148 2651 3290 2704 orbis
3311 2649 3379 2703 ab
3403 2650 3528 2703 orbe

2364 2745 2613 2814 Vellitur,
2648 2757 2699 2801 et
2722 2747 2930 2817 fructus
2951 2745 3140 2815 incipit
3163 2759 3272 2798 esse
3295 2742 3410 2812 poli
3434 2741 3525 2796 ‘“.

2213 2840 2451 2912 Agareni
2491 2856 2618 2897 cum
2660 2840 2849 2895 multis
2890 2838 3134 2893 millibus
3162 2843 3506 2892 armatorum
3541 2837 3760 2888 venerunt

2215 2931 2284 2986 ab
2311 2930 2514 2985 Aﬂ’rica
2544 2931 2600 2984 in
2636 2928 2977 3000 Hispaniam.
3019 2927 3194 2983 Hamo
3224 2925 3520 2996 episcopus
3561 2922 3760 2977 Leonen-

2215 3022 2292 3077 sis
2324 3021 2473 3094 (665)
2505 3021 2797 3076 crudeliter
2831 3035 2929 3091 per
2964 3019 3280 3084 consilium,
3315 3026 3402 3094 ut-
3425 3017 3633 3080 dicunt,
3666 3011 3764 3066 Gui-

527 3098 898 3174 Eh'roicensis,
924 3105 1083 3177 jussu
1106 3117 1160 3162 et
1182 3108 1462 3164 voluntate
1482 3108 1702 3165 Henrici
1733 3109 1876 3180 regis
1898 3108 2109 3178 Anglic,
2141 3130 2182 3187 α
2215 3112 2431 3166 homari
2455 3110 2644 3167 fratris
2675 3112 2760 3167 sui
2787 3110 3131 3166 vicecomitis
3152 3109 3462 3165 Leonensis
3493 3117 3547 3162 et
3568 3104 3757 3177 junioris

528 3193 686 3248 duxit
715 3196 1130 3267 primogenitam
1162 3196 1327 3252 filiam
1366 3197 1588 3253 Roberti
1624 3199 1842 3254 comitis
1881 3198 2111 3253 Gloece-

527 3285 682 3340 strie.
717 3285 950 3342 Dederat
975 3289 1140 3343 etiam
1170 3297 1297 3344 ante
1343 3289 1488 3345 idem
1527 3306 1622 3345 rex
1662 3289 1877 3361 llugoni
1925 3289 2113 3344 comiti

525 3375 742 3433 Cestrie
767 3391 1000 3451 cognato
1044 3397 1146 3436 suo
1179 3381 1347 3436 filiam
1375 3382 1594 3437 comitis
1629 3381 1997 3447 Ebroicensis,
2029 3396 2118 3436 co-

530 3476 750 3539 gnatam
805 3486 961 3526 suam
1007 3487 1074 3527 ex
1099 3483 1254 3544 parte
1297 3473 1469 3545 patris
1498 3474 1605 3528 sui.
1642 3472 1786 3529 Urbs
1810 3472 2116 3528 Cenoman-

529 3575 726 3615 norum
772 3561 1022 3633 flagravit
1069 3564 1342 3621 incendio.
1386 3565 1536 3621 Cella
1585 3564 1751 3619 etiam
1803 3564 1978 3618 sancti
2023 3561 2117 3616 Vi-

526 3653 690 3707 cturii
739 3655 1027 3710 combusta
1061 3666 1164 3724 est,
1194 3658 1291 3713 sed
1324 3656 1437 3713 Deo
1485 3656 1778 3726 adjuvante
1823 3656 1878 3709 in
1919 3655 2116 3710 melius

522 3752 613 3798 εει
641 3753 967 3800 restaurata.

600 3832 872 3890 Henricus
898 3850 994 3889 rex
1029 3833 1328 3906 Anglorum
1371 3843 1612 3906 perrexit
1641 3850 1808 3890 causa
1850 3834 2117 3890 orationis

524 3925 598 3981 ad
627 3926 831 3983 Rocam
863 3928 1142 3984 Amatoris
1181 3929 1355 3999 (661),
1391 3929 1486 3999 qui
1522 3930 1677 3985 locus
1707 3929 1762 3983 in
1791 3929 2116 3984 Cadulccnsi

529 4032 671 4088 pago
701 4020 1010 4076 montaneis
1036 4029 1092 4075 et
1124 4020 1377 4074 horribili
1410 4020 1705 4076 solitudine
1741 4019 2112 4075 circundatur.

530 4107 731 4164 Dicunt
751 4112 995 4182 quidam,
1023 4114 1170 4182 quod
1195 4113 1390 4169 beatus
1427 4114 1654 4168 Amator
1690 4112 1931 4167 famulus
1957 4112 2116 4167 beate

530 4197 703 4254 Marie
729 4210 783 4257 et
815 4203 1112 4272 aliquando
1141 4204 1362 4275 bajulus
1384 4214 1440 4261 et
1466 4204 1736 4260 nutricius
1752 4202 1968 4258 Domini
1992 4203 2113 4269 fuit,

527 4297 588 4344 et
630 4300 914 4361 assumpta
969 4293 1225 4361 piissima
1273 4293 1444 4350 Mater
1492 4293 1711 4349 Domini
1758 4293 1826 4347 ad
1868 4293 2116 4348 ethereas

530 4381 869 4449 mansiones,
903 4383 1019 4454 ipse
1047 4386 1275 4442 Amator
1305 4386 1647 4456 premonitus
1687 4386 1757 4441 ab
1787 4401 1848 4442 ea
1876 4386 1942 4440 ad
1985 4383 2116 4439 Gal-

2217 3202 2540 3258 Guihomari
2596 3203 2812 3274 nepotis
2835 3203 2922 3258 sui
2964 3202 3186 3257 occisus
3233 3209 3337 3255 est.
3396 3199 3646 3254 Conanus
3676 3195 3756 3248 dux

2215 3292 2522 3348 Brittannie
2549 3293 2804 3359 moritur,
2843 3301 2898 3347 et
2928 3301 3038 3347 tota
3081 3289 3388 3344 Brittannia
3421 3297 3479 3343 et
3518 3286 3755 3343 comitatus

2216 3384 2284 3440 de
2311 3383 2588 3454 Gippewis
2611 3393 2667 3439 et
2699 3385 2876 3439 honor
2901 3382 3051 3453 (664)
3078 3379 3498 3446 Richemundie,
3522 3393 3610 3448 per
3628 3376 3756 3430 ﬁliam

2217 3475 2434 3530 comitis
2463 3473 2696 3540 Conani,
2733 3489 2840 3544 que
2869 3474 3204 3543 desponsata
3240 3480 3362 3527 erat
3399 3469 3650 3526 Gaufrido
3674 3467 3756 3520 tilio

2216 3567 2360 3637 regis
2381 3565 2600 3622 Ilenrici
2635 3557 2990 3621 transierunt.
3039 3564 3388 3619 Haimericus
3424 3563 3589 3617 abbas
3611 3557 3755 3613 Sancti

2217 3656 2464 3712 Audoeni
2489 3658 2746 3713 moritur.
2796 3657 3067 3713 Henricus
3099 3673 3198 3711 rex
3236 3656 3390 3710 venit
3413 3656 3473 3710 in
3512 3653 3742 3725 quadrage

2217 3747 2356 3802 sima
2388 3747 2455 3802 ad
2491 3747 2718 3802 Pontem
2753 3745 3006 3814 Ursonis,
3042 3757 3096 3802 et
3125 3747 3199 3802 ibi
3223 3763 3321 3817 per
3341 3746 3638 3817 quindecim
3673 3742 3756 3796 fele

2217 3840 2336 3895 dies
2364 3841 2681 3896 demoratus
2706 3849 2806 3896 est.
2843 3839 2959 3896 Hoc
2978 3841 3144 3895 etiam
3184 3839 3315 3894 fecit
3350 3839 3406 3893 in
3427 3835 3756 3909 rogationibus

2217 3941 2276 3987 ct
2294 3932 2347 3986 in
2377 3940 2710 4001 pentecoste,
2739 3947 2867 3988 cum
2913 3931 3291 3988 Guihomarus
3318 3931 3472 3985 venit
3492 3929 3554 3984 ad
3579 3943 3685 3983 eum
3716 3933 3755 3976 et

2219 4021 2452 4075 reddidit
2498 4037 2558 4076 se
2601 4021 2653 4076 ci
2697 4030 2751 4080 et
2785 4038 2884 4076 sua
2917 4021 3161 4088 castella,
3194 4022 3521 4091 perterritus
3562 4016 3754 4073 multitu-

2218 4112 2345 4167 dine
2379 4111 2612 4166 militum
2658 4122 2712 4167 et
2758 4112 2990 4168 aliorum
3021 4121 3386 4176 armatorum,
3417 4128 3553 4181 quos
3581 4126 3659 4164 rex
3686 4108 3754 4160 illo

2218 4203 2493 4258 direxerat
2521 4203 2588 4257 ad
2617 4219 2745 4258 eum
2773 4203 3274 4273 comprimendum,
3304 4203 3413 4258 nisi
3438 4203 3576 4274 regis
3603 4200 3752 4254 volun-

2217 4295 2315 4349 tati
2345 4295 2607 4350 obediret.
2635 4294 2893 4366 Sequenti
2917 4311 3063 4348 anno
3092 4295 3452 4350 canonizatus
3479 4300 3753 4350 estsanctus

2219 4385 2462 4441 Thomas
2499 4403 2528 4439 a
2557 4402 2696 4456 papa
2725 4386 3036 4442 Alexandro
3062 4387 3154 4440 ⁸⁵⁵.
3200 4385 3457 4441 Castrum
3489 4383 3660 4439 Pontis
3680 4378 3750 4434 Ur-

520 4471 635 4534 .‘ias
675 4475 1068 4545 transfretavit,
1104 4486 1160 4534 et
1200 4479 1257 4534 in
1299 4479 1544 4550 predicto
1577 4478 1698 4534 loco
1737 4476 2114 4532 heremiticam
2146 4463 2194 4522 Ι)
2221 4461 2374 4532 εῶἰε
2404 4477 2752 4532 combustum
2797 4486 2902 4533 est.
2949 4475 3094 4533 Urbs
3136 4474 3504 4532 Norwicensis
3551 4471 3749 4528 similiter

528 4565 701 4624 vitant
736 4567 829 4622 diu
858 4571 1142 4642 transegit.
1187 4571 1309 4638 Quo
1336 4579 1658 4627 transeunte
1691 4579 1746 4625 et
1788 4570 1842 4624 in
1885 4569 2111 4624 introitu

526 4657 758 4712 oratorii
786 4658 942 4715 beate
970 4659 1138 4718 Marie
1166 4664 1398 4733 sepulto,
1427 4664 1583 4718 locus
1608 4662 1700 4717 ille
1729 4662 1822 4717 diu
1856 4661 2114 4734 ignobilis

524 4743 656 4814 fuit,
684 4759 914 4819 excepto
948 4753 1099 4822 quod
1133 4755 1296 4826 vulgo
1335 4755 1621 4811 dicebatur
1659 4754 1734 4808 ibi
1773 4754 1916 4808 beati
1953 4754 2117 4809 Ama-

523 4839 670 4897 toris
689 4855 891 4910 corpus
910 4844 1276 4913 requiescere,
1301 4847 1426 4902 licet
1447 4847 1791 4918 ignoraretur
1813 4846 1905 4901 ubi
1943 4857 2108 4902 esset.

2219 4569 2505 4623 combusta
2531 4577 2635 4634 est,
2685 4585 2813 4624 cum
2841 4569 3139 4638 episcopali
3187 4568 3422 4624 ecclesia
3475 4575 3529 4622 et
3565 4560 3747 4620 otlicinis

2220 4661 2635 4715 monachorum.
2660 4659 2995 4715 Humbertus
3018 4676 3202 4716 comes
3230 4659 3508 4715 Morienne
3532 4657 3664 4712 misit
3683 4651 3745 4706 ab-

2217 4753 2398 4808 batem
2427 4752 2612 4808 Sancti
2634 4753 2913 4809 Michaelis
2933 4753 3001 4808 de
3029 4752 3192 4808 Clusa
3215 4754 3283 4808 ad
3302 4751 3588 4808 Henricum
3607 4759 3744 4817 regem

2217 4846 2432 4917 Anglie,
2469 4861 2570 4915 pro
2608 4845 2988 4915 componendo
3026 4845 3381 4899 matrimonio
3426 4845 3561 4898 inter
3589 4838 3745 4893 Johan-

525 4929 692 4989 Δηιιο
714 4931 784 4988 ab
797 4932 1175 4992 incarnatione
1196 4936 1412 4993 Domini
1435 4939 1592 5005 1166,
1617 4939 1838 5009 quidam
1858 4937 2110 5009 indigena
2219 4952 2342 4992 nem
2368 4936 2540 4989 filium
2581 4935 2727 5007 regis
2757 4943 2812 4989 et
2847 4934 3015 4989 filiam
3047 4950 3227 5001 suam,
3259 4934 3489 4990 offerens
3527 4931 3576 4987 ei
3612 4936 3742 4984 totam

1831 5028 2070 5084 VARUE
2108 5026 2514 5084 LECTIONES.

601 5111 673 5144 ‘“
699 5112 888 5189 desunt
914 5115 968 5168 Ιιὶ
996 5133 1173 5172 versus
1202 5117 1286 5173 7b.
1365 5119 1433 5150 ⁸⁸⁵
1475 5117 2119 5189 Sequenti—Alexandro
2146 5121 2203 5173 in
2227 5136 2444 5184 rasura,
2471 5116 2534 5189 al?
2564 5115 2678 5189 alia
2703 5133 2898 5189 manu.
2922 5115 3000 5189 In
3015 5117 3249 5189 margine
3273 5116 3487 5189 additur
3505 5129 3523 5166 :
3549 5105 3737 5189 Canoni-

531 5192 710 5260 aatus,
741 5184 794 5240 id
828 5195 915 5241 est
941 5183 1578 5260 sanctorumcathalogo
1601 5201 2019 5244 annumeratus.
2057 5189 2121 5244 Et
2151 5183 2470 5260 preceptum
2504 5187 2609 5241 fuit
2638 5195 2700 5242 ut
2734 5187 2934 5260 natalis
2952 5187 3069 5260 dies
3098 5183 3326 5260 festivus
3346 5187 3414 5240 ab
3432 5183 3740 5238 omnibuset:-

529 5255 858 5323 lebraretur,
890 5258 1130 5314 maxime
1157 5260 1227 5315 ab
1253 5259 1464 5320 Anglis.

353 5407 362 5414 κ
469 5389 481 5407 ,Ι
527 5333 684 5383 ratus
705 5329 871 5382 etiam
899 5327 984 5384 8h.

1533 5261 1648 5314 dem
1673 5277 1892 5330 prorsus
1916 5260 2109 5314 habent
2141 5257 2226 5314 7b.
2257 5257 2344 5315 δεῖ.
2376 5270 2426 5314 et
2453 5268 2648 5331 praeter
2670 5257 2827 5313 verba
2849 5259 3210 5313 canonizatus
3235 5257 3272 5311 i.
3303 5272 3353 5312 e.
3378 5271 3422 5312 s.
3445 5270 3492 5314 c.
3524 5261 3739 5306 annume-

2022 5417 2254 5478 NOTAE.

494 5573 500 5581 .
603 5529 753 5601 (659)
781 5530 1070 5589 Abbatissa
1117 5533 1264 5589 enim
1306 5531 1636 5588 Rummesite
1687 5531 1864 5588 fuerat
1907 5531 2107 5600 Maria,

531 5609 826 5670 antequam
855 5601 1139 5659 Matthaaus
1171 5623 1221 5658 a.
1258 5604 1396 5660 1160
1429 5620 1549 5660 eam
1576 5602 1750 5659 duxit.

602 5671 754 5742 (660)
785 5670 958 5742 Prope
986 5673 1291 5731 Domfront.

625 5672 754 5811 660)
785 5672 958 5742 Prope
986 5673 1291 5731 Domfront.

625 5741 721 5794 661
780 5740 1214 5803 Rochamadour.

2291 5526 2441 5600 (66?)
2473 5523 2631 5600 0.0";-
2668 5523 2842 5600 Ηριθρο
2863 5521 3062 5600 βξ)υο

2291 5591 2443 5669 (665)
2472 5591 3031 5669 §t.-Paul-de-Léon,
3047 5596 3114 5669 _in
3153 5591 3445 5669 Finisterre

2289 5664 2438 5741 (664)
2471 5667 2714 5724 Feudum
2740 5667 2824 5724 vel
2852 5665 3155 5722 manerium
3188 5664 3434 5720 nobilius.
