3906 6316
100 327 193 387 513
851 318 1221 378 summa.
1261 306 1335 362 '—
1367 320 1784 388 AUCTARIUM
1825 317 2125 375 ROBERTI
2166 319 2253 374 nr:
2294 321 2554 381 MONTE.
3239 325 3345 383 δη

221 451 562 496 κοιλκοιιωι.
709 450 1045 491 ῖιιλκεοιιωι.
1071 498 1076 504 ,
1171 450 1497 492 Ἀκςιοιιυι
1688 438 1742 500 Δ

1805 434 1865 489 ia:
1907 433 2309 502 Wintonensis,
2333 436 2386 489 in
2421 435 2760 492 ornamentis
2788 437 2910 492 auri
2947 445 3002 493 et
3043 440 3258 510 argenti
3291 449 3347 496 et

99 545 278 590 terram
306 544 487 583 suam.
543 524 669 580 Fuit
692 526 839 605 enim
873 527 1016 582 idem
1059 541 1246 582 comes
1288 526 1434 582 ﬁlius
1482 525 1665 582 Amati
1766 527 2067 582 sericarum
2089 528 2346 582 vestium.
2380 527 2619 582 Divicias
2643 526 2808 582 etiam
2835 544 2966 584 suas
3007 531 3255 586 ecclesiis
3293 539 3352 588 et

99 622 315 685 comitis,
356 628 412 674 et
441 617 746 673 ditissimus
775 617 832 671 in
860 620 1218 688 possessione
1247 618 1468 672 urbium
1499 626 1552 674 et
1575 632 1664 673 ca—
1763 619 2096 689 pauperibus
2123 621 2275 691 larga
2318 634 2485 673 manu
2531 619 2830 674 distribuit.
2881 621 2963 674 Ad
2990 632 3348 693 augmentum

98 715 391 776 stellarum;
425 725 526 765 nec
547 708 746 779 aliquis
776 716 954 779 potest
985 707 1140 788 adire
1161 707 1396 775 Italiam,
1431 708 1537 764 nisi
1565 724 1664 779 per
1765 710 2028 766 virtutum
2054 715 2216 766 etiam
2243 727 2493 778 suarum,
2519 727 2614 781 per
2651 712 3050 782 aliquantulum
3085 717 3349 784 temporis

96 816 282 860 terram
312 801 506 872 ipsius.
1087 847 1090 850 .
1764 811 1891 856 ante
1916 811 2146 856 mortem
2176 818 2332 856 suam
2358 802 2564 857 lumine
2589 804 2858 872 corporali
2882 804 3126 873 privatus
3148 808 3346 860 fuerat.

157 893 459 949 Teobaldus
491 906 676 947 comes
712 889 1071 947 Caruotensis
1107 892 1295 962 plures
1339 891 1670 960 Judeorum,
1764 891 1952 948 Mense
1980 892 2229 969 Augusto
2256 910 2353 948 rex
2376 895 2634 950 transivit
2672 895 2729 948 in
2765 894 3038 966 Angliam,
3080 905 3136 952 et
3167 913 3354 968 aggre-

99 989 177 1060 qui
199 987 368 1040 Blesis
404 985 747 1051 habitabant,
777 984 890 1055 igni
921 985 1165 1040 tradidit.
1212 983 1499 1058 Siquidem.
1537 999 1662 1041 cum
1766 985 1906 1054 gatis
1943 993 2052 1039 tam
2093 985 2360 1040 militibus
2401 1001 2569 1055 quam
2611 985 2946 1056 sumptibus,
2975 1003 3098 1056 qua:
3134 987 3201 1041 ad
3236 997 3353 1041 tan-

98 1079 340 1134 infantem
371 1076 645 1146 quendam
686 1075 743 1129 in
779 1075 1166 1146 solempnitate
1208 1075 1456 1144 paschali
1493 1075 1666 1131 cruci-
1766 1083 1876 1131 tam
1900 1075 2300 1146 expeditionem
2321 1085 2480 1130 erant
2501 1078 2808 1132 necessaria
2837 1077 3022 1148 vigilia
3043 1077 3182 1132 beati
3207 1076 3352 1132 Luce

99 1171 326 1225 inissent
356 1167 426 1222 ad
469 1165 825 1236 opprobrium
875 1165 1326 1231 christianorum,
1367 1174 1555 1234 postea
1607 1163 1662 1220 in
1765 1169 2098 1239 evangeliste
2122 1169 2378 1224 transivit
2410 1169 2467 1224 in
2505 1167 2822 1224 Hiberniam
2851 1169 2995 1240 (Oct.
3028 1169 3139 1241 17).
3175 1168 3351 1234 Quam

98 1275 240 1314 sacco
262 1258 501 1328 positum
538 1258 593 1312 in
621 1256 846 1311 ﬂuvium
884 1254 1093 1326 Ligeris
1127 1255 1493 1326 proiecerunt.
1543 1253 1666 1322 Quo
1766 1270 1948 1316 autem
1977 1277 2237 1331 prospere
2257 1260 2655 1327 translretavit,
2682 1262 2962 1331 applicuit,
2988 1269 3237 1330 receptus
3259 1261 3350 1327 sit,

101 1352 318 1414 invento,
351 1363 450 1403 eos
475 1347 756 1402 convictos
778 1347 846 1401 de
879 1345 1105 1412 scelere,
1135 1353 1192 1400 ut
1215 1360 1379 1414 supra
1401 1345 1672 1412 diximus,
1766 1352 1959 1408 littera:
1982 1368 2121 1422 quas
2151 1353 2220 1408 ad
2250 1367 2431 1424 regem
2463 1352 2760 1408 Henricum
2788 1351 2958 1407 ﬁlium
2989 1369 3149 1408 suum
3182 1353 3351 1419 misit,

99 1439 195 1508 igni
227 1437 464 1502 tradidit,
494 1436 736 1506 exceptis
782 1434 908 1500 illis,
959 1432 1055 1504 qui
1104 1433 1265 1488 ﬁdem
1307 1433 1665 1488 cbristianam
1767 1446 2032 1501 indicant,
2362 1489 2366 1495 ,

101 1536 417 1599 receperunt.
448 1526 562 1582 Hoc
585 1527 750 1581 etiam
782 1524 1033 1580 fecerunt
1057 1523 1126 1579 de
1158 1533 1353 1580 sancto
1378 1524 1643 1580 Willermt

1838 1539 1996 1593 1172.
2040 1537 2358 1593 Freden'cus
2383 1539 2474 1593 2L
2515 1538 2813 1593 Ludovicus
2835 1539 2924 1592 55.
2976 1537 3238 1592 Henricus
3265 1537 3351 1592 18.

102 1623 147 1675 in
190 1620 376 1690 Anglia
433 1618 578 1688 apud
628 1616 831 1672 Norviz
875 1625 1120 1686 tempore
1179 1614 1437 1686 Stephani
1484 1617 1662 1688 regis;
1835 1629 2104 1687 Henricus
2142 1647 2237 1686 rex
2260 1631 2452 1701 junior
2501 1632 2566 1685 ad
2600 1631 2779 1686 natale
2809 1629 2912 1685 fuit
2949 1630 3016 1684 ad
3065 1629 3354 1700 Burjuxta

101 1726 196 1782 quo
224 1711 432 1779 sepulto
462 1710 518 1763 in
560 1708 790 1764 ecclesia
833 1706 1153 1778 episcopali,
1193 1706 1365 1760 multa
1401 1705 1643 1762 miracul:

1826 1723 2067 1792 ijoeum;
2096 1731 2152 1778 et
2179 1722 2308 1792 quia
2358 1731 2490 1777 tunc
2531 1722 2770 1792 primum
2803 1719 3021 1774 tenebat
3045 1719 3254 1773 curiam
3298 1719 3368 1772 ini

105 1776 222 1856 ﬁunt
252 1776 315 1856 ad
349 1801 705 1870 sepulchrum
740 1776 884 1870 ejus:
931 1776 1195 1852 Similiter
1227 1795 1437 1852 factum
1475 1806 1562 1853 est
1601 1797 1647 1851 d4

1812 1811 2090 1880 ‘ormania,
2126 1813 2383 1868 voluitut
2423 1813 2712 1884 magniﬁce
2752 1810 3021 1866 festivitas
3062 1810 3354 1864 celebrare-

105 1894 194 1948 alio
223 1892 359 1963 apud
396 1889 861 1946 Glovescestriam
906 1897 1149 1959 tempore
1193 1886 1414 1944 Henrici
1442 1887 1646 1945 secund

1810 1920 1878 1958 ir.
1897 1902 2070 1960 lnterf
2069 1921 2198 1960 ueru
2207 1915 2266 1961 nt
2282 1905 2547 1976 episcopi,
2571 1904 2817 1969 abbates,
2831 1903 3082 1969 comites,
3097 1903 3352 1966 barones,

104 1986 245 2056 regis-
284 1983 388 2038 sed
413 1992 470 2038 ει
506 1982 561 2038 in
593 1982 846 2050 FranCiai
887 1982 1113 2038 (Σθεῐθιίο
1147 1980 1243 2051 (Ni
1279 1981 1483 2036 diem"
1522 1979 1687 2036 Ροηε·
1769 2005 1824 2051 et
1851 1997 2024 2051 multa
2052 1997 2242 2053 multis
2267 1997 2498 2068 largitus
2522 2004 2628 2052 est.
2674 1995 2744 2050 Et
2787 2003 2848 2049 ut
2891 2005 3154 2064 appareat
3177 1992 3357 2047 multi-

106 2075 250 2143 lsare,
274 2076 339 2131 de
367 2083 566 2130 sancto
609 2074 846 2130 Ricardo
881 2073 1032 2146 impii
1059 2071 1219 2128 Judei
1245 2072 1498 2140 similiter
1522 2070 1648 2127 fece-

1815 2088 1904 2144 tdo
1939 2104 2130 2144 eorum
2159 2090 2253 2160 qui
2294 2088 2662 2145 interfuerunt
2692 2107 2704 2142 :
2738 2103 2866 2143 cum
2915 2086 3237 2141 Willermus
3287 2085 3357 2140 de

109 2173 248 2231 runt;
293 2165 387 2234 qui
441 2164 660 2220 delatus
693 2163 964 2230 Parisius,
1013 2164 1070 2218 in
1117 2162 1351 2218 ecclesia
1397 2162 1651 2232 sepultus

1819 2189 1976 2237 ancto
2005 2180 2253 2237 Johanne
2289 2180 2626 2236 Normannie
2662 2189 3008 2251 procurator,
3047 2187 3105 2235 et
3137 2177 3361 2233 Willer-

109 2256 271 2311 multis
297 2255 586 2311 miraculis
623 2256 939 2311 cboruscat.
975 2253 1044 2308 Et
1078 2252 1411 2324 frequenter,
1449 2261 1511 2307 ut
1534 2253 1673 2308 dici-
1771 2291 1898 2331 mus
1915 2275 2060 2331 ﬁlius
2083 2272 2348 2330 ﬂamonis
2371 2273 2707 2330 scnescauus
2734 2269 3168 2342 Brittannieﬂui
3197 2283 3380 2324 vene...

110 2359 201 2414 ων,
228 2347 428 2403 tadum
450 2349 562 2404 hoc
587 2349 643 2402 in
685 2357 931 2419 tempore
955 2347 1222 2418 PaSChalis
1251 2346 1298 2403 Si
1328 2345 1673 2419 oliorum“?
1771 2375 1862 2422 rat
1893 2382 2019 2422 cum
2050 2365 2316 2422 Gaufrido
2356 2365 2496 2421 duce
2522 2363 2828 2419 Brittannie
2867 2363 3092 2418 domino
3139 2375 3240 2417 suo
3269 2360 3361 2426 ⁸⁸⁸,

111 2451 200 2496 teni
225 2441 552 2495 invenerint.
803 2503 808 2508 _

1822 2455 2121 2512 )mederent
2166 2457 2223 2510 in
2272 2456 2511 2526 quadam
2553 2471 2791 2523 camera,
2821 2455 3246 2525 prohibuerunt,
3291 2466 3364 2506 ne

164 2532 294 2587 Obiit
335 2531 675 2587 Guillermus
723 2530 1049 2587 Talavacius
1094 2545 1279 2586 comes
1326 2529 1579 2604 Pontivi,
1619 2537 1674 2585 et
1772 2535 2084 2617 quis‘miies
2131 2547 2443 2601 comedere;
2485 2547 2541 2600 in
2590 2547 2780 2601 eadem
2833 2559 3073 2611 camera,
3115 2543 3210 2614 qui
3251 2557 3364 2597 υοη

113 2625 348 2680 successit
370 2625 421 2680 ei
450 2623 737 2680 Iohannes
767 2638 938 2694 nepos
967 2639 1103 2679 suus
1147 2624 1204 2678 in
1244 2625 1508 2680 comitatu
1535 2622 1655 2678 Poni

1824 2646 2064 2694 icaretur
2092 2636 2446 2704 Willermus;
2474 2645 2529 2693 et
2561 2637 2750 2707 ejectis
2780 2637 2904 2692 aliis
2929 2637 2996 2691 de
3028 2649 3248 2690 camera
3278 2648 3366 2687 re—

114 2716 212 2783 tivi,
246 2731 308 2771 ex
342 2715 599 2772 Guidone
646 2715 1014 2786 primogenita
1064 2730 1184 2771 suo.
1242 2714 1302 2768 In
1335 2725 1481 2770 terra
1515 2728 1656 2769 vero.

1825 2737 2102 2785 uanserunt
2128 2730 2230 2784 117
2255 2729 2481 2795 milites,
2515 2729 2611 2798 qui
2643 2744 2837 2783 omnes
2863 2727 3201 2782 vocabantur
3225 2723 3367 2778 Wil-

114 2823 250 2880 ‘luam
277 2809 499 2864 “nebat
523 2809 590 2864 de
615 2823 742 2878 τθεθ
770 2807 1070 2879 Anglorum
1102 2807 1158 2862 in
1182 2805 1516 2864 Νοηῐιθηηίθ
1543 2815 1597 2861 εἴ
1619 2807 1673 2860 in
1776 2819 1953 2886 lermi,
1984 2819 2229 2890 exceptis
2266 2819 2523 2890 plurimis
2549 2819 2674 2874 aliis
2703 2818 2949 2888 ejusdem
2974 2817 3235 2883 nominis,
3270 2815 3388 2884 qui.

115 2900 412 2955 CenomanSi
441 2913 610 2970 P380.
641 2897 909 2954 success“
934 2897 984 2953 εἰ
1007 2896 1285 2964 Iohannes
1307 2912 1494 2952 comes
1530 2895 1677 2952 ﬁlius
1777 2912 2136 2968 comederunt
2180 2912 2236 2966 in
2284 2912 2408 2967 aula
2459 2926 2584 2966 cum
2610 2925 2736 2981 rege
2780 2911 2894 2965 ⁸⁸⁸⁸.
2948 2908 3216 2964 Henricus
3256 2905 3370 2962 dux

115 2989 232 3061 ejus.
271 2991 372 3048 Iste
396 2992 559 3046 duxit
587 2990 755 3045 ﬁliam
791 2989 1011 3045 comitis
1045 2987 1232 3055 Helias,
1276 2986 1464 3043 fratris
1510 2987 1679 3043 comi-
1780 3003 2061 3060 Saxonum
2082 3012 2140 3060 ει
2165 3003 2514 3074 Baiacomm,
2548 2996 2713 3073 gener
2748 3000 2967 3056 Henrici
2990 3001 3133 3072 regis
3164 3000 3392 3070 Αιιειο.Δ

120 3083 179 3138 tis
203 3081 430 3138 Gaufridi
472 3080 887 3152 Andegavensis
921 3088 976 3135 et
1005 3079 1164 3135 ducis
1210 3076 1662 3141 Normannorum.

1828 3111 1926 3162 im,
1956 3095 2196 3165 perrexit
2214 3094 2521 3150 Jerusalem
2543 3109 2670 3149 cum
2697 3107 2898 3164 magno
2924 3093 3188 3147 comitatu
3223 3091 3370 3145 mili-

123 3173 216 3230 Rex
242 3174 508 3230 Henricus
537 3174 724 3229 senior
759 3173 890 3229 fecit
931 3171 1252 3242 investigari
1280 3186 1378 3241 per
1405 3169 1678 3225 Normau—
1713 3169 1749 3175 “
1784 3193 1921 3250 tu",
1947 3195 2003 3241 ει
2019 3201 2217 3256 magna
2241 3185 2317 3239 ibi
2337 3185 2653 3256 incepissei’
2675 3183 2979 3239 eiforsiian
3011 3184 3224 3252 incepta
3247 3199 3371 3253 per.

123 3266 245 3320 “iam
292 3275 490 3332 terras.
535 3265 603 3321 de
647 3266 849 3336 (illiblls
896 3280 994 3320 re!
1038 3262 1308 3319 Πθηΐίουε
1367 3279 1504 3319 avus
1558 3262 1679 3332 ei“
1782 3274 2026 3344 fecisset,
2071 3277 2307 3332 nisi-rex
2332 3284 2390 3332 et
2423 3257 3080 3346 templariiobstitissent.
3120 3274 3370 3330 Thesau-

124 3356 275 3412 l’uerat
322 3357 552 3413 saisitus
601 3359 690 3414 die
732 3373 841 3429 qua
872 3357 1024 3414 obiit.
1070 3356 1220 3412 Fecit
1244 3357 1406 3412 etiam
1451 3355 1676 3426 inquiri,
1782 3385 1876 3426 ιιοε
1905 3378 2108 3436 tamen,
2135 3385 2278 3441 quos
2307 3384 2494 3425 secum
2523 3367 3029 3438 ρονιανεηι,ιατε³
3060 3382 3225 3421 manu
3257 3367 3374 3423 dis.

125 3463 241 3519 quas
265 3457 432 3504 “mas
466 3457 524 3503 ει
549 3464 690 3520 quas
721 3450 888 3505 Silvas
915 3457 971 3504 εί
1002 3463 1110 3519 que
1145 3447 1252 3502 alia
1280 3446 1555 3503 dominica
1575 3446 1682 3501 ω’
1782 3462 1974 3518 tribuit
2002 3462 2334 3533 pauperibus
2372 3470 2427 3516 et
2467 3459 2716 3515 ecclesiis
2759 3458 2959 3514 Sancte
3005 3457 3191 3514 Terre.
3241 3457 3395 3514 Post

126 3555 265 3596 rones
288 3552 338 3598 et
366 3542 462 3598 alii
494 3541 746 3620 homines
773 3549 1174 3611 occupaverant
1194 3547 1318 3610 post
1345 3547 1578 3594 mortem
1601 3552 1668 3593 re

1832 3555 1988 3610 ischa
2009 3570 2105 3608 rex
2127 3553 2376 3620 audiens,
2405 3553 2544 3608 duos
2570 3552 2800 3623 legatos,
2825 3549 3183 3605 Albertumret
3201 3549 3374 3605 Theo-

127 3636 195 3703 εἰς
235 3633 445 3691 Ηεῐιτίοί
493 3634 578 3688 alii
623 3635 746 3700 δυίὲ
788 3641 843 3688 ει
871 3633 976 3689 hoc
1021 3633 1204 3698 ωοάο.
1225 3631 1340 3688 fere
1385 3630 1684 3702 (ιυριίοξινίι
1783 3649 1996 3714 dinum,
2028 3663 2095 3703 ex
2124 3654 2278 3718 parte
2303 3645 2472 3700 donni
2508 3638 2969 3715 pape'Alexandi-i
3003 3643 3070 3695 ad
3092 3656 3150 3696 se
3174 3641 3375 3698 missos

128 3721 337 3812 redditus
369 3723 609 3777 ducatus
651 3718 1007 3812 Normannie.
1049 3719 1150 3812 llis
1200 3719 1679 3812 rex_\V’aleiisium
1783 3755 2087 3812 procausa
2139 3738 2226 3808 pie
2268 3735 2534 3792 memorie
2573 3734 2782 3790 Thomc
2819 3733 3094 3804 quondam
3129 3731 3374 3786 Canum-

128 3811 412 3880 paciﬁcatus
463 3820 553 3866 est
587 3827 713 3865 cum
759 3826 885 3882 rese
928 3809 1225 3882 Anglorum
1277 3809 1531 3866 Ηειινίοο·
1565 3809 1679 3880 “ex
1783 3809 1986 3888 ricnsis
2015 3828 2436 3899 archiepiscopi,
2463 3843 2589 3882 cum
2622 3833 2769 3881 esset
2810 3824 2865 3878 in
2895 3822 3174 3885 Hibernia,
3219 3821 3400 3876 citis—-

129 3899 284 3958 Oenus
328 3903 636 3958 avunculus
685 3903 804 3974 ejus
836 3904 1111 3972 prazterito
1155 3919 1302 3958 anno
1345 3904 1576 3972 obierat,
1627 3911 1671 3959 el

1837 3937 1923 3977 me
1972 3920 2121 3976 venit
2147 3918 2215 3973 de
2268 3915 2528 3972 Hibernia
2561 3916 2618 3970 in
2659 3905 2933 3985 Angliam,
2977 3911 3044 3966 de
3083 3911 3274 3982 Anglia
3319 3910 3375 3963 in

132 3992 207 4046 ﬁlii
239 3996 349 4065 ejus
376 3995 497 4067 regi
527 3994 764 4051 Henrico
795 3995 1000 4050 subditi
1035 4003 1184 4051 sunt.
1225 3995 1514 4068 Margarita
1543 4012 1681 4052 uxor
1784 4011 2214 4077 Normanniam;
2263 4017 2319 4063 ει
2367 4006 2654 4079 iii-emissis
2700 4006 2770 4061 ad
2816 4019 2912 4060 eos
2965 4001 3378 4058 honorabilibus

126 4085 331 4153 iunioris
356 4089 506 4160 regis
537 4087 756 4144 llenrici
789 4087 1164 4144 transfretavit
1188 4089 1242 4142 in
1265 4088 1677 4145 Normanniam.
1784 4107 2058 4178 personis,
2103 4107 2322 4161 locutus
2374 4112 2462 4159 ρει
2509 4117 2636 4158 cum
2691 4101 2799 4167 eis,
2849 4099 3029 4170 primo
3079 4095 3376 4167 Savigneii,

186 4181 351 4239 M91158
379 4184 528 4239 ³111ίο
565 4200 659 4238 rex
697 4187 1045 4256 congregavit
1087 4187 1324 4242 barones
1359 4204 1490 4243 SllOS
1539 4190 1682 4258 ιιι)υά
1785 4207 1975 4269 postea
2004 4197 2281 4264 Abrineis,
2313 4187 2484 4251 tercio
2510 4193 2762 4259 Cadomi,
2794 4192 2887 4247 ubi
2913 4204 3078 4246 causa
3114 4189 3203 4243 illa
3225 4187 3380 4242 ﬁnita

131 4270 520 4342 Argentonium,
551 4283 606 4329 et
633 4290 758 4329 cum
792 4275 864 4329 ibi
893 4284 1220 4330 tractaretur
1248 4278 1314 4331 de
1347 4276 1685 4347 profectione
1787 4299 1891 4355 est,
1925 4290 2070 4345 sicut
2091 4289 2302 4355 linem,
2329 4289 2561 4358 publica:
2590 4295 2878 4352 testantur,
2910 4299 3033 4354 qua:
3073 4283 3200 4337 inde
3223 4280 3381 4336 factae

133 4378 214 4416 sua
245 4365 292 4418 in
326 4365 668 4432 Hiberniam,
715 4367 878 4438 legati
918 4367 1138 4422 comitis
1170 4363 1387 4423 Ricardi
1417 4378 1685 4424 venerunt
1789 4391 1937 4446 sum,
1980 4389 2035 4437 ei
2066 4397 2096 4435 a
2129 4383 2316 4437 multis
2349 4381 2603 4452 personis
2651 4395 2774 4450 quae
2818 4379 2948 4433 illuc
2989 4381 3377 4439 convenerant,

133 4456 186 4510 ad
217 4473 349 4526 cum,
380 4461 625 4516 dicentes
673 4476 741 4515 ex
775 4469 926 4530 parte
967 4461 1207 4526 comitis,
1259 4461 1404 4530 quod
1448 4461 1675 4516 traderet

1837 4475 2094 4529 etinentur
2145 4473 2317 4543 (665).
2385 4473 2500 4527 Rex
2548 4470 2818 4526 Henricus
2855 4469 3074 4522 locutus
3120 4473 3207 4520 est
3253 4479 3379 4518 cum

134 4548 175 4599 ei
198 4550 455 4607 civitatem
501 4551 780 4616 Duveline,
816 4561 870 4605 et
905 4549 1238 4616 Waterford,
1264 4559 1318 4604 et
1346 4550 1484 4604 alias
1508 4551 1681 4605 ﬁrmi-
1723 4548 1734 4549 ί
1793 4579 1922 4636 rege
1955 4563 2314 4629 Francorum,
2343 4573 2397 4618 ει
2432 4562 2580 4617 misi;
2607 4575 2768 4616 suum
2804 4573 2987 4630 regem
3022 4557 3296 4628 juniorem
3325 4555 3381 4609 in

135 4647 252 4695 ῑθιθδ
294 4660 442 4711 8033,
493 4661 631 4714 quas
679 4643 913 4698 habebat
957 4659 1125 4698 causa
1173 4643 1364 4698 “xoris
1412 4658 1531 4708 sue,
1564 4659 1687 4713 qua?
1793 4656 2066 4728 Angliam,
2099 4665 2159 4710 ut
2188 4655 2480 4726 Margarita
2517 4653 2625 4707 lilia
2651 4651 2798 4720 regis
2828 4649 3057 4721 Francie
3095 4664 3236 4703 uxor
3259 4648 3382 4719 ejus

135 4732 286 4792 fuerat
307 4741 411 4795 ﬁlia
438 4741 585 4811 regis
611 4737 1012 4805 Duvelinensis,
1042 4737 1136 4807 qui
1159 4736 1270 4806 jam
1296 4738 1526 4792 obierat.
1571 4736 1686 4793 Rex
1795 4758 2212 4803 consecraretur
2265 4747 2321 4801 in
2377 4745 2643 4816 reginam.
2704 4742 2858 4797 Hanc
2927 4742 3264 4796 iniunxerunt
3300 4755 3382 4795 ex

137 4825 293 4898 itaque
329 4833 516 4887 audito
567 4831 672 4885 hoc
708 4827 933 4894 nuncio,
967 4827 1247 4882 mandavit
1284 4828 1503 4894 comiti,
1539 4827 1679 4898 quod

1841 4835 2024 4890 insilio
2058 4835 2202 4905 regis
2232 4833 2463 4888 Francie
2492 4831 2769 4887 Rotrodus
2797 4830 3244 4900 archiepiscopus
3273 4829 3383 4884 Ro-

137 4921 358 4979 redderet
384 4926 437 4979 ei
466 4933 668 4978 terram
698 4938 855 4977 suam
890 4922 946 4975 in
991 4919 1183 4992 Anglia
1217 4928 1272 4974 et
1317 4919 1374 4974 in
1423 4917 1690 4974 Norman—
1798 4923 2170 4993 thomagcnsis
2207 4930 2262 4976 et
2303 4921 2530 4992 Egidius
2573 4920 2865 4991 episcopus
2905 4918 3281 4988 Ebroieensis,
3329 4927 3385 4975 ct

138 5013 232 5079 nia,
253 5025 302 5070 et
321 5017 537 5086 planam
566 5024 766 5069 terram
812 5013 865 5068 in
885 5012 1180 5083 ,Hibernia,
1213 5027 1378 5082 quam
1409 5019 1695 5081 acceperat
1796 5022 2204 5070 coronaverunt
2232 5030 2416 5085 regem
2458 5022 2513 5070 et
2540 5028 2772 5070 uxorem
2807 5014 2948 5085 ejus.
2977 5012 3139 5071 Circa
3179 5013 3382 5070 festum

138 5119 245 5160 cum
275 5125 440 5164 uxore
478 5123 607 5172 sua;
645 5115 700 5161 et
729 5105 1002 5162 concessit
1033 5105 1115 5171 ei,
1144 5113 1206 5160 ut
1239 5112 1388 5160 esset
1427 5113 1693 5159 comesta-
1795 5106 1968 5162 sancti
1999 5104 2279 5161 Michaelis
2309 5106 2661 5178 congregavit
2681 5121 2779 5162 rex
2794 5105 3082 5178 episcopos
3108 5104 3381 5161 Norman-

140 5195 235 5252 buli
273 5201 353 5255 vel
395 5200 728 5256 seneseallus
779 5197 954 5254 tocius
997 5195 1290 5252 Hiberniae.
1350 5195 1692 5252 Venerabilis
1796 5199 1886 5254 nie
1933 5207 1988 5254 et
2035 5197 2338 5265 Britannic,
2367 5206 2421 5254 et
2450 5199 2602 5254 venit
2645 5198 2763 5270 ipse
2811 5207 2866 5254 et
2902 5199 3065 5270 legati
3106 5193 3380 5260 Abrineis,

140 5287 380 5350 Henricus
409 5295 696 5364 episc0pus
726 5291 1124 5346 Wintonicnsis
1165 5298 1220 5345 et
1263 5290 1434 5345 abbas
1476 5289 1693 5345 Glasto-
1796 5293 2086 5348 tractaturi
2119 5291 2186 5348 de
2213 5292 2618 5349 aecclesiasticis
2646 5292 2892 5363 negociis
2914 5309 2930 5357 ;
2949 5289 3054 5345 .sed
3083 5286 3382 5342 obsistente

143 5383 305 5438 nensis
335 5383 563 5438 decessit
594 5383 649 5436 in
686 5381 816 5437 fata.
850 5381 959 5437 Iste
988 5382 1160 5436 multa
1190 5382 1333 5437 bona
1365 5380 1494 5436 fecit
1526 5383 1696 5438 cccle-
1796 5385 1942 5455 regis
1966 5383 2283 5442 inﬁrmitate
2316 5400 2511 5456 parum
2541 5383 2909 5457 profecerunt.
2942 5378 3116 5449 Hujus
3141 5391 3380 5434 conven-

1434 5475 1666 5530 V’AHUE
1702 5476 2108 5533 LECTIONES.

201 5565 265 5598 “'
289 5577 387 5623 tres
409 5585 551 5623 voces
577 5576 692 5639 post
716 5567 850 5621 hanc
871 5582 1058 5622 eram.
1135 5567 1224 5598 ⁸⁸⁸⁸
1256 5566 1341 5621 hic
1368 5583 1554 5620 manus
1579 5576 1834 5622 mutatur.

203 5745 342 5816 (665i
374 5747 600 5813 Exhibet
623 5765 720 5806 eas
740 5747 944 5819 Boucq.
971 5746 1114 5817 Xlll,
1145 5748 1271 5804 155.
1589 5806 1597 5813 ,
1657 5658 1888 5720 NOTAE.
