3906 6316
535 329 642 388 515

673 457 1016 499 BOIANOBUI.
1159 456 1493 496 FBANCOBUN.
1637 453 1939 492 ANGLOBUN.

530 541 620 589 tus
648 548 817 589 causa
852 541 1121 589 venerunt
1147 546 1322 601 usque
1350 532 1417 586 ad
1451 529 1686 585 Montem
1719 529 1786 583 ad
1817 543 1918 583 nos
1937 527 2114 582 hono-

528 623 731 678 rabiles
760 636 995 693 persone
1023 621 1211 686 multe,
1242 620 1383 674 inter
1411 633 1551 690 quas
1576 617 1798 672 fuerunt
1817 615 2115 687 religiosis-

527 712 652 768 simi
679 713 805 778 viri,
834 713 1091 769 dominus
1120 710 1431 780 Stephanus
1452 707 1831 763 Cluniacensis
1855 713 1910 760 et
1938 705 2116 760 domi-

527 821 634 859 nus
661 804 988 860 Benedictus
1017 803 1276 858 Clusinus
1308 801 1564 867 abbates;
1591 808 1647 854 et
1671 806 1860 853 mutua
1881 798 2002 854 vice
2023 812 2114 853 so-

525 895 777 950 eietatem
808 910 963 951 suam
1006 894 1165 949 nobis
1211 900 1266 947 et
1302 891 1405 947 sibi
1435 899 1680 945 nostram
1725 887 2109 958 impendimus,

526 987 671 1042 sicut
692 987 871 1042 littere
899 999 1108 1051 eorum,
1133 999 1254 1054 qua:
1275 999 1305 1038 a
1333 982 1492 1038 nobis
1517 982 1808 1047 habentur,
1832 990 1884 1036 et
1910 987 2113 1035 nostra;

524 1093 649 1148 quae
671 1079 740 1133 ab
766 1080 900 1149 ipsis
922 1086 1211 1149 asportata
1231 1084 1380 1142 sunt,
1397 1075 1775 1131 testiﬁcantur.
1806 1073 1920 1129 Hoc
1945 1073 2111 1127 etiam

526 1168 730 1224 fecerat
755 1171 912 1225 nobis
939 1170 1041 1241 pia;
1072 1169 1350 1225 memoriae
1374 1167 1694 1224 Willermus
1719 1165 2111 1221 Vizeliacensis

524 1261 694 1316 abbas
730 1261 784 1315 in
829 1261 1069 1330 capitulo
1113 1260 1514 1328 Vezeliacensi;
1549 1268 1603 1315 et
1636 1275 1762 1314 cum
1803 1258 1892 1312 his
1935 1257 2110 1312 tribus

521 1350 790 1416 ecclesiis,
807 1351 1014 1406 scilicet
1037 1348 1406 1417 Cluniacensi,
1431 1347 1704 1413 Clusensi,
1723 1344 2106 1411 Vizeliacensi,

521 1443 787 1499 habemus
813 1443 1103 1512 specialem
1129 1443 1465 1508 societatem,
1488 1451 1544 1497 et
1581 1441 1814 1496 multum
1852 1438 2012 1493 nobis
2055 1445 2110 1492 et

519 1533 630 1590 illis
660 1535 982 1605 placentem.
1010 1532 1396 1589 Circa'festum
1419 1532 1594 1589 sancti
1615 1531 1834 1586 Martini
1855 1528 2108 1598 venitju-

520 1627 644 1681 nior
677 1643 772 1682 rex
823 1643 950 1682 cum
981 1643 1149 1684 uxore
1178 1643 1278 1682 sua
1325 1627 1392 1682 de
1431 1626 1644 1698 Anglia,
1674 1635 1729 1681 et
1767 1624 1936 1681 locuti
1980 1633 2108 1680 sunt

436 1738 449 1751 '
519 1735 646 1776 cum
675 1736 800 1792 rege
835 1720 1195 1787 Francorum,
1237 1721 1357 1791 ipse;
1388 1721 1530 1791 apud
1569 1720 1781 1786 Gisorz,
1817 1719 1935 1789 ipsa
1976 1731 2106 1777 vero

519 1813 661 1882 apud
689 1813 916 1868 Calvum
947 1813 1215 1881 Montem;
1256 1827 1396 1884 quos
1435 1828 1531 1868 rex
1563 1812 1824 1868 letissime
1866 1810 2108 1881 suscepit

519 1903 663 1959 sicut
691 1905 832 1962 ﬁlios
858 1920 1010 1961 suos.
1511 1923 1516 1930 '

591 1995 750 2049 “75.
795 1994 1111 2050 Fredericus
1142 1995 1234 2050 22.
1271 1994 1570 2050 Ludovicus
1591 1994 1680 2050 56.
1714 1993 1978 2048 Henricus
2010 1993 2102 2048 19.

592 2085 709 2141 Rex
737 2086 1004 2143 Henricus
1038 2103 1162 2142 cum
1209 2088 1398 2158 regina
1445 2088 1668 2142 Alienor
1708 2087 1816 2157 egit
1869 2086 2103 2140 natalem

521 2179 740 2237 Domini
787 2180 932 2250 apud
969 2180 1206 2235 Chinum
1261 2179 1534 2251 regaliter.
1589 2178 1784 2234 Iunior
1831 2193 1960 2233 vero
2011 2193 2107 2232 rex

519 2288 645 2328 cum
714 2287 885 2330 uxore
941 2286 1041 2326 sua
1095 2271 1389 2341 Margarita
1456 2271 1685 2326 eandem
1758 2269 2106 2325 festivitatem

519 2363 664 2434 apud
698 2361 904 2421 Bonam
932 2361 1128 2416 Villam
1167 2361 1480 2417 celebravit.
1521 2360 1732 2416 Exinde
1772 2369 1994 2416 secutus
2022 2368 2108 2415 est

514 2463 728 2526 patrem
751 2469 913 2510 suum
931 2454 1001 2508 in
1027 2441 1474 2529 Andegaveusem
1515 2468 1736 2524 pagum,
1762 2460 2104 2507 moraturum

519 2546 575 2600 in
613 2546 721 2600 illis
742 2545 989 2617 partibus
1020 2561 1194 2615 usque
1239 2545 1308 2600 ad
1352 2544 1792 2615 puriﬁcationem
1816 2544 1974 2599 beate
1993 2534 2109 2598 Ma-

515 2636 619 2701 rie,
641 2636 866 2705 quando
910 2651 1008 2689 rex
1042 2635 1274 2690 debebat
1304 2635 1457 2705 loqui
1485 2650 1611 2690 cum
1639 2648 1765 2704 rege
1807 2632 2108 2704 Arragonie

515 2735 722 2782 etcum
744 2726 946 2782 comite
969 2726 1036 2780 de
1059 2725 1342 2781 Morienna
1369 2737 1423 2780 et
1448 2741 1573 2781 cum
1610 2725 1811 2780 comite
1849 2725 1916 2780 de
1962 2724 2104 2778 San-

516 2825 606 2872 cto
635 2816 844 2888 Egidio,
875 2832 975 2886 pro
1009 2831 1176 2871 causa
1212 2815 1426 2872 Tolosa:
1451 2816 1543 2871 ⁸⁸⁷.
1576 2815 1910 2872 Guillermus
1937 2815 2106 2871 abbas

516 2906 886 2980 Radingensis
916 2905 1096 2962 factus
1122 2915 1206 2961 est
1250 2906 1697 2976 archiepiscopus
1729 2905 2106 2978 Burdegaren-

514 2997 614 3053 sis.
641 2996 840 3053 Comes
867 2997 934 3052 de
974 2995 1176 3053 Sancto
1221 2996 1413 3070 Egidio
1443 2997 1592 3068 (666)
1621 2999 1938 3068 paciﬁcatur
1978 3017 2104 3056 cum

513 3101 644 3157 rege
681 3087 874 3158 Anglic
908 3087 977 3142 de
1013 3085 1235 3154 Tolosa,
1284 3086 1429 3142 facto
1474 3087 1577 3142 sibi
1621 3087 1880 3160 humagio
1925 3099 1978 3145 et
2011 3089 2106 3145 Bi-

513 3177 680 3232 cardo
726 3177 835 3232 tilio
877 3193 978 3232 suo
1021 3178 1150 3233 duci
1175 3177 1600 3248 Aquitanorum.
1643 3177 1905 3234 Promisit
1947 3179 1998 3234 ei
2042 3195 2104 3236 se

514 3268 773 3324 daturum
822 3285 997 3339 equos
1037 3270 1217 3340 magni
1250 3271 1441 3340 precii,
1471 3271 1766 3340 quotannis
1796 3270 1921 3338 40;
1952 3280 2008 3326 et
2054 3271 2101 3326 si

512 3375 740 3416 necesse
786 3361 1058 3428 habuerit,
1098 3361 1338 3417 inveniet
1375 3362 1425 3417 ei
1479 3377 1812 3433 unoquoque
1857 3379 2004 3418 anno
2033 3363 2102 3438 ad

511 3451 797 3519 servitium
829 3468 990 3508 suum
1017 3468 1114 3523 per
1138 3452 1208 3507 40
1235 3453 1353 3509 dies
1385 3453 1486 3508 100
1524 3455 1744 3510 milites.
1773 3453 1833 3508 In
1857 3455 2100 3524 quadra-

513 3544 742 3614 gesima,
770 3545 899 3615 quia
929 3560 1026 3599 rex
1051 3542 1319 3601 Henricus
1359 3545 1542 3601 senior
1571 3555 1875 3602 removerat
1911 3562 1943 3601 a
1968 3560 2101 3601 con-

513 3636 638 3692 silio
662 3645 717 3692 et
738 3636 1002 3692 famulatu
1038 3638 1132 3693 lilii
1169 3637 1256 3694 sui
1281 3638 1566 3695 Asculfum
1593 3641 1661 3697 de
1695 3639 1898 3696 Sancto
1937 3640 2101 3712 Hyla-

511 3728 597 3782 rio
626 3736 682 3783 et
707 3729 845 3784 alios
866 3730 1081 3800 equites
1105 3729 1376 3800 iuniores,
1413 3731 1537 3786 ideo
1561 3732 1652 3788 ille
1678 3732 1851 3788 iratus
1874 3732 2101 3788 recessit

509 3833 543 3872 a
578 3826 751 3888 patre,
790 3828 846 3874 et
879 3819 1022 3875 venit
1061 3820 1586 3892 Argenthomagum,
1628 3831 1683 3877 et
1712 3823 1938 3878 recessit
1975 3822 2100 3878 inde

509 3919 699 3976 noctu,
730 3925 964 3979 pergens
1006 3910 1074 3964 ad
1113 3925 1296 3982 regem
1329 3910 1690 3979 Francorum,
1728 3913 2099 3971 nescientibus

508 4001 776 4057 ministris
802 4001 939 4068 suis,
973 4017 1114 4070 quos
1139 4011 1294 4072 pater
1317 4019 1454 4058 suus
1481 4005 1708 4060 servitio
1735 4021 1839 4061 suo
1871 4007 2100 4076 deputa-

505 4101 679 4148 verat.
714 4092 888 4158 Quem
933 4103 1157 4149 secutus
1192 4102 1279 4150 est
1303 4110 1490 4151 comes
1521 4095 1798 4152 Bobertus
1844 4098 2094 4165 Bellenti,

507 4182 824 4253 relinquens
869 4186 1090 4240 castella
1123 4199 1223 4242 sua
1278 4187 1396 4242 sine
1441 4189 1792 4257 custodibus;
1843 4206 1950 4260 que
2000 4207 2095 4246 rex

507 4272 779 4331 Henricus
817 4277 1124 4347 occupavit.
1171 4278 1370 4334 Comes
1413 4280 1582 4335 etiam
1629 4280 1839 4336 Cestrie
1881 4280 2036 4353 Hugo
2062 4299 2094 4338 a

509 4364 712 4422 Sancto
741 4365 945 4434 Jacobo
971 4367 1282 4426 Galliciensi
1307 4370 1545 4438 rediens,
1577 4382 1796 4428 secutus
1817 4382 1902 4429 est
1929 4390 2090 4440 eum;

1699 318 2061 383 SIGEBEBTI
2101 319 2624 383 GEMBLACENSIS

3657 335 3739 393 516

2141 437 2184 494 Α
2214 435 2496 507 elegerunt
2520 437 2814 510 Rogerium
2841 437 3091 497 abbatem
3128 439 3288 497 Becci
3329 442 3395 498 ad
3438 444 3748 517 archiq‘m.

2217 536 2404 596 patum
2435 527 2911 586 Cantuariensem.
2939 531 3032 586 Ille
3058 546 3190 586 vero
3222 533 3544 602 pretendens
3563 535 3749 594 inﬁrmis

2219 628 2384 674 tatem
2425 635 2603 688 suam,
2658 623 2832 677 noluit
2882 624 3236 694 adquiescere
3283 625 3531 680 electioni
3573 643 3744 687 eorum.

2215 709 2320 776 Qui
2348 709 2471 766 inde
2505 712 2796 767 redeuntes
2831 712 2889 766 in
2933 712 3208 785 Angliam,
3252 714 3562 770 convocatis
3584 718 3748 786 episco-

2214 801 2300 871 pis
2337 810 2393 857 et
2433 803 2555 859 aliis
2600 803 2873 874 religiosis
2903 805 3174 875 personis,
3203 807 3485 877 elegerunt
3521 808 3571 862 in
3613 812 3750 866 archi-

2213 895 2531 966 episcopum
2556 894 2852 952 Ricardum
2881 896 3121 966 priorem
3150 898 3219 953 de
3241 897 3444 953 Duvira
3466 902 3746 958 monachum

2213 1001 2396 1042 suum.
2450 986 2733 1051 Ricardus-
2765 989 2932 1043 etiam
2988 989 3411 1046 archidiaconus
3464 985 3749 1050 Pictavensis

2211 1076 2418 1132 electus
2446 1084 2530 1132 est
2551 1076 2620 1130 ad
2663 1077 3036 1148 episcopatum
3070 1078 3543 1147 Wintonicnsem;
3580 1081 3750 1138 Gaufri-

2212 1163 2316 1240 dus
2368 1163 2517 1220 filius
2562 1165 2707 1236 regis
2760 1164 2984 1222 Henrici
3034 1169 3325 1236 naturalis,
3380 1170 3749 1230 archidiaconus

2211 1252 2593 1328 Lincoliensis,
2630 1257 2699 1311 ad
2732 1255 3164 1326 Lincoliensem;
3197 1259 3498 1318 Gaufridus
3527 1260 3662 1318 Bidel
3683 1281 3751 1319 ar-

2211 1343 2567 1400 chidiaconus
2605 1343 3020 1403 Cantuariensis
3061 1350 3130 1403 ad
3186 1349 3492 1417 Eliensem;
3529 1351 3750 1411 Robertus

2209 1433 2389 1491 Foliot
2434 1436 2856 1494 archidiaconus
2903 1438 3268 1498 Lincoliensis
3321 1443 3394 1497 ad
3446 1441 3751 1500 Hereforden-

2211 1542 2358 1597 sem;
2393 1528 2703 1601 Ragnerius
2733 1531 2802 1562 ⁸⁸⁸
2848 1530 3197 1589 Lumbardus
3243 1534 3649 1592 archidiaconus
3680 1535 3751 1592 Sa-

2209 1619 2562 1676 lesberiensis
2591 1622 2660 1676 ad
2709 1621 3031 1702 Batensem;
3073 1623 3404 1683 Goscelinus
3443 1628 3662 1684 decanus
3687 1631 3751 1684 Ci-

2209 1712 2441 1767 strensis
2479 1713 2548 1767 ad
2573 1712 3027 1770 Ciscestrensem.
3071 1715 3261 1772 Posita
3313 1728 3503 1775 autem
3528 1720 3626 1786 die,
3669 1738 3748 1791 qua

2208 1810 2627 1858 consecraretur
2664 1804 2867 1860 electus
2911 1804 3326 1864 Cantuariensis
3364 1819 3424 1865 et
3454 1821 3750 1868 consecraret

2207 1905 2346 1961 eque
2375 1892 2512 1949 alios
2545 1886 2770 1961 electos,
2817 1895 2872 1948 in
2907 1898 3146 1966 generali
3187 1908 3465 1954 conventu
3509 1900 3748 1972 episcopo-

2208 1999 2331 2037 rum
2358 1993 2412 2039 et
2432 1985 2664 2040 aliorum
2697 1986 2793 2056 qui
2835 1999 3226 2057 convenerant,
3263 1991 3421 2060 prior
3448 1990 3750 2048 Cantuarien-

2208 2077 2287 2132 sis
2317 2078 2541 2146 protulit
2567 2078 2775 2134 litteras
2799 2077 3018 2136 Henrici
3042 2083 3189 2153 regis
3204 2082 3477 2153 junioris,
3513 2085 3565 2138 in
3592 2086 3750 2155 quibus

2206 2169 2422 2224 dicebat
2445 2185 2541 2226 eos
2565 2185 2676 2226 non
2705 2186 2827 2227 esse
2846 2173 3176 2241 sacrandos;
3217 2183 3271 2231 et
3297 2175 3344 2231 si
3376 2177 3506 2247 quis
3547 2177 3749 2248 impone-

2207 2272 2291 2318 ret
2310 2264 2390 2319 eis
2418 2280 2636 2332 manus,
2672 2250 2936 2321 invitabat
2970 2282 3098 2322 eum
3140 2267 3208 2322 ad
3235 2269 3570 2324 audientiam
3602 2270 3748 2324 domui

2207 2369 2362 2424 pape.
2389 2354 2454 2410 Et
2481 2356 2556 2410 ita
2606 2355 2809 2411 infecto
2837 2358 3065 2428 negocio
3103 2358 3458 2416 recesserunt
3504 2363 3748 2432 unusquis-

2206 2461 2313 2516 que
2339 2448 2406 2502 ad
2429 2447 2667 2518 prepria.
2695 2447 2852 2504 Prior
2875 2448 3273 2507 Wintonicnsis
3309 2451 3496 2510 factus
3519 2463 3594 2510 est
3618 2455 3748 2509 abbas

2207 2537 2508 2594 Clastonie.

2276 2629 2410 2686 Post
2442 2632 2647 2702 pascha
2684 2632 2995 2691 Bcrnardus
3035 2634 3104 2691 de
3147 2635 3387 2693 Feritate
3439 2636 3592 2693 vertit
3632 2653 3680 2693 se
3710 2646 3749 2691 et

2207 2723 2491 2778 castellum
2525 2741 2686 2780 suum
2721 2726 2834 2796 regi
2884 2725 3113 2796 juniori.
3159 2721 3430 2784 Similiter
3465 2729 3749 2785 Galerandus

2206 2815 2274 2870 de
2308 2814 2480 2884 lbera,
2529 2815 2849 2873 Goscelinus
2895 2816 3203 2888 Crispinus,
3227 2819 3556 2876 Gillebertus
3601 2822 3656 2875 de
3673 2819 3749 2874 Te-

2207 2907 2456 2978 gulariis,
2485 2907 2757 2963 Robertus
2795 2909 2863 2964 de
2890 2907 3224 2978 Monteforti,
3249 2910 3523 2968 Radulfus
3551 2914 3610 2968 de
3631 2911 3744 2977 Faie,

2207 2997 2502 3054 Gaufridus
2551 2998 2619 3054 de
2663 2998 2958 3068 Lizenone,
2988 2999 3146 3074 Hugo
3173 3001 3241 3057 de
3282 3001 3486 3060 Sancta
3527 3004 3746 3058 Mauraet

2208 3088 2381 3158 ipsius
2411 3089 2579 3157 ﬁlius,
2609 3098 2663 3144 et
2691 3088 3010 3146 Willermus
3038 3094 3380 3150 eamcrarius
3416 3096 3484 3151 de
3513 3094 3744 3150 Tanchar-

2208 3182 2333 3236 villa
2361 3181 2587 3238 veniens
2619 3182 2687 3238 de
2717 3181 2931 3254 Anglia.
2971 3183 3253 3255 Philippus
3283 3201 3474 3243 comes
3499 3187 3744 3242 Flandren—

2206 3273 2284 3328 sis
2333 3273 2478 3342 cepit
2517 3281 2760 3329 castrum
2796 3275 2862 3329 de
2890 3275 3187 3331 Aubimare
3223 3277 3398 3348 (667),
3441 3278 3570 3334 etin
3595 3277 3742 3332 eodem

2203 3365 2459 3420 comitem
2522 3365 2862 3420 Willeimum
2917 3366 3201 3422 dominum
3271 3368 3450 3438 ipsius
3497 3368 3662 3433 castri,
3706 3375 3744 3418 et

2203 3457 2458 3512 comitem
2485 3455 2765 3513 Simonem
2789 3457 2960 3530 (668).
2985 3451 3115 3514 lnde
3144 3475 3331 3515 comes
3353 3459 3613 3516 Aucensis
3635 3457 3744 3513 Πευ-

2203 3546 2354 3603 ricus
2390 3547 2634 3603 subdidit
2681 3563 2741 3604 se
2781 3556 2836 3605 et
2863 3549 3085 3605 castella
3115 3565 3212 3606 sua
3241 3549 3354 3621 regi
3377 3549 3583 3620 juniori
3609 3557 3654 3604 et
3679 3562 3744 3602 co-

2202 3641 2320 3696 miti
2372 3640 2716 3696 Flandrensi.
2759 3635 3121 3719 Post_festum
3166 3643 3341 3697 sancti
3387 3641 3640 3697 Johannis
3672 3654 3743 3694 rex

2200 3731 2538 3788 Francorum
2583 3731 2915 3800 Ludovicus,
2967 3733 3290 3790 coadunatis
3337 3734 3627 3789 baronibus
3656 3731 3742 3787 suis

2198 3839 2264 3880 ex
2291 3823 2442 3880 omni
2467 3839 2638 3895 regno
2660 3839 2783 3891 suo,
2814 3823 3026 3880 obsedit
3057 3833 3302 3880 castrum
3332 3821 3619 3878 Vernolum
3656 3819 3742 3875 fere

2198 3931 2296 3986 per
2326 3931 2498 3970 unum
2524 3931 2789 3971 mensem.
2832 3913 2889 3969 In
2929 3931 3041 3987 quo
3080 3917 3349 3982 exercitu,
3389 3926 3451 3971 ut
3473 3915 3741 3972 dictumest

2198 4025 2230 4064 a
2264 4009 2566 4075 nonnullis,
2599 4007 2822 4064 fuerunt
2850 4018 3057 4078 septem
3088 4009 3242 4063 milia
3275 4009 3538 4075 militum,
3558 4013 3738 4074 excepta

2199 4101 2412 4171 reliqua
2491 4100 2862 4157 multitudine.
2916 4099 3130 4166 Quibus
3184 4101 3506 4156 restiterunt
3553 4097 3740 4151 viriliter

2197 4192 2354 4266 Hugo
2391 4194 2460 4249 de
2505 4193 2635 4249 Laci
2663 4203 2720 4249 et
2760 4193 2916 4267 Hugo
2952 4194 3020 4250 de
3047 4193 3195 4249 Bello
3244 4193 3454 4264 Campo
3478 4187 3737 4249 constabuli

2196 4286 2370 4355 ipsius
2399 4286 2566 4351 castri
2597 4294 2651 4341 et
2675 4285 2875 4340 milites
2897 4285 2978 4340 eis
3009 4285 3212 4340 subditi
3236 4300 3360 4340 cum
3397 4283 3733 4356 burgensibus.

2195 4377 2392 4432 Juuior
2411 4394 2508 4432 rex
2534 4377 2801 4433 Henricus
2822 4386 2878 4432 et
2904 4376 3184 4450 Philippus
3217 4389 3405 4432 comes
3430 4370 3735 4429 Flandrensis

2131 3113 2174 3170 C

503 4465 561 4512 et
610 4456 927 4516 Willermus
977 4458 1160 4516 Patric
1218 4463 1420 4529 senior,
1467 4473 1523 4518 et
1576 4472 1685 4520 tres
1739 4465 1834 4534 filii
1865 4466 2005 4535 ejus,
2041 4476 2094 4522 et
2126 4464 2252 4528 Det
2296 4471 2547 4526 Matheus
2589 4470 2758 4526 frater
2787 4471 2908 4540 ejus
2945 4486 3130 4525 comes
3178 4468 3405 4525 Bolonie
3449 4468 3735 4524 obsederunt

505 4547 664 4603 multi
697 4549 790 4604 alii
821 4550 1050 4606 minoris
1096 4552 1367 4620 nominis;
1414 4569 1649 4624 quorum
1697 4557 1942 4611 omnium
1992 4557 2092 4612 do-

504 4653 628 4694 mos
656 4647 710 4694 et
748 4641 982 4712 virgulta
1015 4650 1070 4696 et
1107 4643 1272 4699 silvas
1298 4661 1393 4699 rex
1424 4647 1637 4701 evertit.
1697 4646 1960 4704 Similiter
2001 4665 2090 4705 re-

501 4727 630 4800 gina
653 4728 876 4784 Alieuor
917 4731 1094 4799 etﬁlii
1123 4734 1230 4800 sui,
1263 4733 1532 4801 Ricardus
1575 4752 1760 4794 comes
1805 4738 2090 4795 Pictaven-

503 4819 583 4876 sis
637 4828 692 4874 et
740 4819 1034 4879 Gaufridus
1076 4839 1263 4881 comes
1311 4825 1622 4896 Britannic,
1683 4830 1906 4886 alienati
1957 4841 2088 4888 sunt

501 4910 575 4967 ab
594 4927 678 4966 eo.
715 4932 717 4934 ·

572 5002 732 5058 Feria
753 5004 787 5058 4
813 5015 941 5061 ante
968 5021 1160 5062 cenam
1189 5008 1402 5066 Domini
1428 5012 1574 5082 prior
1595 5015 2006 5073 Cantuariensis
2031 5027 2087 5074 et

501 5095 606 5149 alie
632 5110 864 5164 persone
902 5097 1132 5154 honeste
1176 5111 1443 5157 venerunt
1475 5105 1542 5158 ad
1578 5103 1836 5161 Sanetam
1880 5107 2086 5163 Barba-

499 5203 618 5241 ram
648 5188 703 5242 in
731 5189 1049 5260 episc0patu
1080 5190 1431 5260 Luxoviensi,
1460 5197 1526 5252 ad
1558 5205 1740 5266 regem
1785 5198 2080 5256 Henricum

497 5287 553 5332 et
573 5281 641 5334 ad
663 5280 871 5352 legatos
901 5281 1180 5341 Romanos
1205 5284 1488 5342 Albertum
1533 5297 1588 5343 et
1623 5288 1995 5359 Theodinum;
2027 5302 2082 5349 et

2194 4577 2398 4617 novum
2424 4569 2689 4627 castrum,
2725 4561 2870 4630 quod
2915 4561 3115 4615 dicitur
3159 4560 3470 4632 Dringcurt,
3501 4575 3612 4614 cum
3644 4570 3727 4610 ma-

2193 4668 2300 4725 gno
2351 4654 2616 4708 exercitu.
2652 4652 2754 4707 Cui
2795 4661 2978 4708 castro
3014 4663 3266 4722 preerant
3303 4652 3455 4707 Douu
3486 4646 3731 4704 Burdulfazs

2191 4754 2248 4802 et
2275 4744 2518 4799 Thomas
2547 4744 2668 4814 ejus
2717 4732 2902 4798 frater.
2935 4742 3040 4811 Qui
3092 4761 3217 4799 cum
3253 4746 3530 4809 vidissent,
3564 4756 3616 4795 se
3646 4752 3729 4792 non

2191 4851 2355 4908 posse
2403 4835 2658 4891 resistere
2685 4835 2893 4891 crebris
2935 4835 3232 4891 assultibus
3267 4851 3450 4890 eorum
3495 4844 3546 4889 et
3573 4830 3711 4886 suﬁ‘os

2194 4929 2337 4984 sioni
2386 4942 2694 4992 murorum,
2741 4927 2981 4996 acceptis
3030 4926 3269 4982 induciis
3307 4929 3643 4996 perrexerunt
3675 4917 3726 4972 ad

2192 5033 2374 5089 regem
2405 5017 2597 5088 Anglic
2635 5016 2917 5071 dominum
2957 5031 3141 5081 suum,
3168 5016 3486 5070 nunciantes
3517 5012 3585 5078 ei,
3611 5006 3725 5078 quod

2191 5124 2300 5162 non
2330 5114 2582 5177 poterant
2618 5106 2872 5160 resistere
2915 5105 3126 5159 viribus
3174 5105 3537 5158 inimicorum.
3581 5097 3726 5164 Quare

2189 5200 2464 5257 concessit
2521 5199 2602 5255 eis
2666 5214 2784 5264 rex,
2850 5206 2910 5252 ut
2933 5207 3176 5253 castrum
3234 5197 3512 5252 redderent
3569 5183 3722 5246 comiti

2188 5293 2527 5348 Flandrensi.
2586 5292 2834 5348 Mathcus
2879 5283 3063 5348 comes
3116 5289 3364 5358 Bolonie,
3417 5287 3573 5342 frater
3615 5279 3720 5334 Phi-

1777 5401 2010 5457 VARUE
2051 5375 2452 5460 moriones.

476 5506 490 5514 -
568 5482 638 5516 “"
675 5485 869 5540 desinit
901 5484 1013 5540 lucc
1043 5503 1265 5552 manus;
1295 5490 1429 5544 redit
1455 5507 1708 5562 quamam
1729 5494 2000 5564 pra-cedit.
2076 5497 2147 5529 ⁸⁸⁸
2186 5497 2320 5570 Rng.
2360 5497 2475 5550 cod.

2008 5628 2238 5684 NOTAE.

567 5729 714 5804 (666)
757 5731 1114 5791 Raimundus.
1148 5734 1350 5803 BOUQ.

1603 5739 1767 5811 [(667)
1807 5741 2134 5797 Albemarlc.
2171 5741 2380 5810 BOUQ.

2676 5743 2824 5812 (668)
2866 5742 3274 5801 Ebroicensem.
3312 5740 3491 5808 110ῦο-
