3906 6316
126 327 222 389 517

251 446 596 490 κοιλιεοιιωι.
619 487 625 495 _
741 444 1073 484 FRANCORUI.
1222 442 1522 484 ANGLORUI.

123 527 242 600 lippi
277 524 496 581 comitis
523 520 894 588 Flandrensis,
924 538 991 576 ex
1028 517 1248 576 vulnere
1287 519 1434 590 quod
1467 516 1688 587 accepit

128 621 178 674 in
208 615 487 672 obsidione
534 610 701 668 castri
753 609 1063 680 Dringourt,
1121 618 1371 664 mortuus
1399 617 1499 663 est.
1532 604 1687 661 Unde

120 722 290 766 comes
318 701 673 758 Flandrensis
709 699 876 754 frater
902 700 1022 770 ejus
1065 699 1278 767 dolens,
1323 697 1557 753 accinxit
1584 696 1688 750 mi-

120 793 356 851 litaribus
383 791 558 846 armis
585 787 803 844 Petrum
849 786 1074 843 fratrem
1116 802 1302 855 suum,
1346 786 1441 857 qui
1483 786 1687 842 electus

123 884 322 942 eratad
371 882 749 953 episcopatum
803 880 1276 959 Kamaracensem.
1329 879 1364 933 5
1399 876 1528 933 ldus
1575 877 1688 962 Auf

123 977 251 1050 gusti
277 975 360 1030 vir
404 973 855 1044 religiosissimus
897 972 1112 1052 donnus
1170 969 1478 1040 Stephanus
1519 968 1688 1024 abbas

122 1065 485 1125 Cluniacensis
567 1063 712 1118 viam
798 1064 1052 1118 universe
1143 1062 1325 1118 carnis
1408 1060 1688 1131 ingressus

123 1168 197 1216 est
219 1155 394 1227 (669);
427 1162 484 1209 et
518 1161 782 1209 successu
831 1153 882 1208 ei
932 1149 1199 1206 Radulfus
1236 1151 1384 1221 prior
1417 1141 1686 1205 dc‘Cari-

121 1257 218 1303 tate
259 1244 447 1317 (670),
497 1241 860 1297 consobrinus
910 1240 1127 1297 comitis
1175 1238 1491 1294 Theobaldi.
1543 1235 1688 1291 Obiit

123 1339 269 1393 etiam
297 1333 568 1405 ltogerius
589 1347 774 1388 comes
799 1333 866 1387 de
899 1331 1091 1399 Clara;
1116 1331 1203 1386 cui
1227 1329 1494 1386 successit
1524 1327 1688 1383 Gille-

123 1429 291 1482 bcrtus
321 1425 468 1480 filius
496 1425 636 1494 ejus,
665 1423 760 1494 qui
798 1423 956 1478 duxit
981 1423 1149 1477 ﬁliam
1176 1421 1458 1477 Guillermi
1489 1420 1557 1452 ⁶⁶⁹
1592 1435 1688 1476 60-

120 1517 255 1574 mitis
287 1516 625 1573 Glaeeestrie.

183 1609 288 1664 Rex
340 1607 633 1674 Henricus,
702 1615 984 1662 contracto
1039 1620 1235 1678 magno
1286 1603 1526 1660 exercitu
1571 1599 1689 1659 tam.

123 1699 346 1770 equitum
395 1713 565 1768 quam
616 1697 890 1767 peditum,
937 1697 1088 1752 venit
1127 1689 1450 1763 Britolium,
1495 1695 1684 1750 volens

877 313 1248 373 CHRONICA.
1286 341 1358 354 ——
1390 307 1801 368 AUCTARIUM
1840 306 2140 363 ROBERTI
2178 308 2267 364 DE
2302 308 2564 367 MONTE.

1714 426 1761 483 Α
1786 421 1996 490 Quibus
2019 423 2374 480 obviaverunt
2399 440 2582 480 comes
2611 424 2838 502 Gesti-ie,
2866 427 3132 490 Radulfus
3153 435 3220 493 de
3239 437 3365 493 Ful-

3255 326 3389 382 518-

1786 513 1970 586 geriis,
2000 512 2293 570 Hasculfus
2317 514 2383 569 de
2413 514 2611 570 Sancto
2645 514 2884 588 llylario,
2916 520 3230 582 Willcrmus
3259 527 3376 592 Pa-_

1789 605 1912 674 tric,
1943 613 1998 660 et
2041 604 2284 661 universi
2322 607 2519 662 milites
2563 608 2630 662 de
2660 616 2802 663 terra
2835 609 3045 669 Radulfi
3073 617 3140 672 de
3168 596 3374 690 Fulgc-I

1786 695 1905 763 riis,
1935 710 2061 750 cum
2105 711 2303 767 magna
2351 696 2696 752 multitudine
2743 700 3004 768 peditum.
3055 703 3158 771 Qui
3203 709 3366 777 quasi

1786 787 1844 842 in
1869 795 2144 842 momento
2172 786 2426 856 dispersi,
2450 788 2648 844 milites
2674 804 2732 845 se
2762 789 2887 862 fuge
2925 795 3280 866 tradiderunt,
3309 809 3366 856 et

1787 879 1945 935 multi
1971 879 2038 935 de
2072 879 2227 950 plebe
2268 879 2436 934 occisi
2470 889 2616 935 sunt.
2657 881 2854 938 Comes
2894 900 3023 939 vero
3050 887 3279 957 Cestrie,
3310 899 3366 946 et

1787 968 2054 1026 Radulfus
2075 969 2142 1024 de
2185 967 2475 1040 Fulgeriis,
2503 977 2557 1024 et
2587 969 2656 1025 60
2701 971 2900 1028 milites
2946 990 3070 1029 cum
3103 977 3204 1043 eis,
3237 995 3364 1034 cum

1787 1077 1895 1116 non
1923 1069 2148 1130 possent
2175 1059 2430 1130 effugere,
2455 1062 2815 1132 quia°inimici
2849 1081 3039 1121 eorum
3077 1069 3367 1126 obstruxe-

1787 1158 1911 1205 rant
1943 1151 2087 1204 viam
2114 1148 2376 1222 fugiendi,
2416 1150 2754 1207 incluserunt
2779 1169 2836 1208 se
2863 1155 2915 1208 in
2951 1157 3107 1224 turri,
3141 1168 3367 1229 excepto

1787 1238 2044 1294 Hasculfo
2069 1241 2136 1295 de
2184 1239 2386 1296 Sancto
2419 1239 2639 1312 llylario
2675 1253 2728 1298 et
2772 1243 3054 1301 Willermo
3086 1247 3268 1304 Patric
3314 1263 3370 1305 et

1786 1327 2113 1399 quibusdam
2161 1331 2306 1396 aliis,
2354 1332 2449 1402 qui
2499 1335 2641 1404 capti
2670 1335 2817 1390 ducti
2871 1349 2998 1393 sunt
3042 1341 3109 1394 ad
3139 1340 3366 1398 Pontem

1787 1417 2036 1476 Ursonis.
2071 1419 2260 1491 Itaque
2294 1422 2518 1478 ohscssa
2548 1432 2631 1479 est
2656 1426 2824 1481 turris
2849 1427 2966 1482 Doli
3010 1445 3040 1484 a
3073 1430 3369 1487 Brebcnzo-

1785 1509 1948 1566 nibus
1992 1519 2045 1565 et
2078 1512 2344 1567 militibus
2374 1513 2516 1584 regis
2551 1524 2602 1569 et
2627 1517 2780 1585 plebe
2826 1517 3242 1576 Abrincantina.
3269 1523 3372 1578 Co-

1786 1616 1903 1656 mes
1927 1617 2053 1657 vero
2079 1595 2233 1658 Eudo
2254 1619 2378 1660 cum
2411 1606 2652 1661 venisset
2677 1607 2743 1662 de
2778 1606 3030 1676 Francia,
3060 1612 3235 1664 noluit
3257 1628 3370 1666 mo-

1785 1691 1896 1745 rari
1923 1707 2049 1746 cum
2075 1691 2307 1750 Badulfo
2337 1696 2404 1751 de
2431 1696 2721 1768 Fulgeriis,
2749 1698 2843 1753 sed
2884 1699 3016 1753 abiit
3040 1700 3091 1754 in
3118 1699 3378 1771 Porroet,‘

123 1761 564 1845 hominibus-suis
601 1761 658 1843 in
699 1761 957 1843 Vernolio
988 1804 1018 1842 a
1044 1803 1169 1859 rege
1196 1761 1535 1843 Francorum
1565 1786 1686 1841 'Lu-
1719 1761 1759 1820 Β
1787 1793 1840 1836 et
1884 1781 2121 1838 firmavit
2165 1788 2448 1842 castellum
2504 1761 2797 1855 G'oscclini,
2823 1797 2877 1843 et
2916 1791 3059 1860 cepit
3083 1761 3367 1849 castellum

122 1879 293 1934 dovico
321 1877 566 1934 obsessis
591 1877 731 1934 ferre
747 1879 1034 1934 auxilium.
1053 1877 1208 1944 Quod
1239 1894 1365 1933 cum
1388 1893 1481 1933 rex
1508 1876 1684 1932 Fran-

126 1986 290 2026 corum
319 1969 584 2036 audisset,
617 1985 752 2026 usus
781 1970 1014 2025 consilio
1061 1969 1388 2040 sapientum,
1431 1984 1464 2025 a
1505 1978 1687 2024 castro

124 2061 340 2127 recessit,
396 2061 592 2115 relicta
647 2061 818 2115 multa
870 2069 1025 2132 parte
1075 2060 1588 2130 impedimentorum
1633 2068 1688 2115 et

126 2150 432 2206 victualium.
482 2150 601 2207 Rex
659 2149 961 2218 Henricus,
1015 2150 1327 2207 convocatis
1387 2151 1686 2206 baronibus

127 2239 392 2308 Britannic,
429 2242 614 2313 exegit
643 2243 712 2296 ab
735 2228 1288 2316 'eis,sacramentum
1311 2256 1409 2296 sue
1454 2240 1687 2296 ﬁdelita-

128 2332 202 2386 tis.
230 2331 374 2398 Quod
400 2348 527 2387 cum
565 2333 658 2386 alii
694 2342 974 2402 utcunque
1011 2332 1385 2398 observarent,
1417 2331 1684 2388 Radulfus

128 2422 182 2476 de
207 2423 454 2495 Fulgcriis
486 2411 639 2493 (67f)
671 2423 961 2479 infideliter
997 2439 1183 2494 agens,
1232 2431 1457 2478 vocatus
1500 2439 1531 2478 a
1557 2438 1684 2496 rege

130 2528 290 2580 parere
332 2515 536 2580 noluit;
597 2515 693 2568 sed
747 2515 1032 2570 castellum
1079 2514 1146 2568 de
1187 2513 1486 2585 Fulgeriis,
1535 2513 1682 2583 quod

131 2601 227 2670 ipsc
256 2617 342 2657 rex
387 2605 543 2672 prius
566 2603 934 2671 destruxerat,
976 2604 1116 2673 cepit
1139 2599 1486 2658 'reedilicarc.
1525 2601 1682 2669 Quod

131 2693 325 2748 audiens
365 2693 660 2751 Hasculfus
684 2697 752 2751 de
796 2694 1000 2750 Sancto
1025 2693 1248 2767 Hylario
1279 2703 1334 2749 et
1363 2693 1682 2749 Willermus

129 2781 283 2842 Patrio
319 2794 371 2841 et
403 2795 512 2842 tres
565 2787 660 2842 filii
710 2787 818 2855 sui,
874 2787 968 2842 leti
1003 2786 1178 2842 effecti
1225 2801 1321 2856 per
1362 2786 1680 2841 diverticula

131 2887 360 2932 venerunt
384 2878 449 2933 ad
473 2893 624 2934 eum.
652 2878 852 2934 Comes
873 2879 1037 2934 etiam
1071 2878 1280 2933 Cestrie
1304 2877 1454 2948 (672)
1490 2885 1544 2932 et
1578 2893 1676 2932 co-

133 2980 227 3020 nes
246 2965 386 3023 Eudo
418 2968 575 3040 (675)
622 2969 796 3024 secuti
833 2977 961 3025 sunt
1003 2984 1117 3025 eos.
1157 2961 1296 3024 Cum
1339 2984 1436 3023 rex
1478 2967 1682 3039 Anglo-

1792 1870 2082 1928 Ploasmel.
2114 1873 2171 1929 ln
2219 1879 2465 1947 sequenti
2491 1895 2655 1950 opere
2688 1889 2866 1949 potest
2903 1882 3071 1936 videri
3101 1884 3383 1958 probitas,"

1786 1961 2158 2019 industria‘et
2183 1967 2395 2036 agilitas
2449 1969 2592 2040 regis
2619 1968 2809 2040 Anglic
2863 1968 3099 2026 chrici.
3149 1972 3368 2028 Audivit

1750 2115 1752 2118 τ
1785 2054 2041 2108 nuntium
2089 2055 2156 2110 de
2184 2057 2505 2114 obsessione
2543 2061 2712 2116 turris
2748 2059 2888 2127 Doli,
2917 2077 3042 2117 cum
3085 2073 3228 2118 esset
3253 2063 3369 2117 Ro—

1784 2145 2048 2218 thomagi,
2077 2156 2236 2203 nocte
2265 2151 2588 2219 precedente
2609 2152 2752 2207 diem
2786 2151 3061 2208 Mercurii.
3097 2153 3218 2224 lp‘so
3237 2172 3369 2211 vero

1783 2237 1872 2292 die
1903 2237 2178 2307 Mercurii,
2203 2257 2327 2295 cum
2363 2243 2485 2313 jam
2513 2243 2605 2298 lux
2648 2253 2812 2309 esset,
2850 2247 3077 2301 recessit
3105 2263 3135 2301 a
3162 2247 3367 2302 Rotho-

1782 2344 1964 2401 mago,
1995 2339 2051 2386 et
2076 2332 2224 2387 venit
2245 2331 2436 2387 Dolum
2476 2336 2723 2405 sequenti
2753 2335 2841 2390 die
2867 2336 3010 2391 circa
3040 2339 3285 2405 terciam,
3313 2347 3367 2393 et

1782 2422 2001 2478 obsedit
2049 2425 2264 2478 turrim.
2316 2423 2381 2478 Et
2418 2441 2541 2479 cum
2592 2436 2938 2496 preparasset
2981 2428 3262 2483 machinas
3297 2427 3364 2481 ad

1782 2522 1990 2567 turrem
2013 2513 2355 2592 capiendam,
2383 2515 2579 2570 inclusi
2611 2517 2713 2572 sibi
2739 2517 3087 2587 providentes
3118 2519 3366 2573 reddide-
3469 2573 3477 2582 ,

1780 2611 1910 2657 rant
1931 2590 2122 2658 turrim
2155 2590 2208 2658 et
2237 2620 2296 2659 se
2330 2605 2397 2659 ad
2427 2607 2760 2661 voluntatem
2788 2608 2951 2678 regis.
2981 2605 3106 2663 Inde
3135 2624 3227 2662 rex
3256 2599 3376 2662 mi--

1783 2694 1855 2749 sit
1884 2695 2104 2750 eosdem
2137 2711 2232 2764 per
2280 2695 2565 2752 firmitates
2614 2714 2764 2765 suas,
2798 2708 2858 2753 ut
2908 2699 2980 2752 ibi
3027 2701 3364 2755 custodiren-

1781 2790 1891 2836 tur.
1925 2782 2202 2850 Quosdam
2227 2786 2377 2850 vero,
2408 2787 2647 2855 acceptis
2689 2787 2993 2854 obsidibus,
3022 2803 3205 2842 secum
3235 2789 3368 2844 reti-

1781 2863 1902 2928 nuit
1930 2875 2034 2930 sub
2054 2875 2222 2929 libera
2253 2877 2522 2932 custodia.

1849 2964 2049 3021 Comes
2073 2965 2343 3022 Robertus
2370 2968 2436 3023 de
2463 2967 2767 3024 Leccestria
2798 2970 2986 3025 volens
3028 2968 3247 3027 turbare
3275 2988 3364 3026 rc-

134 3071 234 3110 rum
255 3056 506 3116 Henricus
540 3060 784 3115 misisset
810 3060 1184 3115 Brebenzones
1227 3074 1355 3115 suos
1401 3059 1469 3115 ad
1514 3058 1679 3113 deva-
1704 3095 1750 3158 C
1782 3072 1948 3126 gnum
1981 3057 2194 3127 Anglic,
2249 3058 2364 3128 ipse
2395 3067 2465 3114 'ct
2511 3075 2650 3114 uxor
2673 3060 2793 3130 ejus
2829 3069 2882 3116 et
2929 3060 3083 3133 Hugo
3122 3064 3188 3118 de
3211 3062 3365 3118 Novo

136 3151 347 3206 standam
375 3162 579 3208 terram
609 3151 823 3208 Radulfi
847 3153 914 3208 de
938 3151 1226 3223 Fulgeriis,
1251 3159 1306 3206 et
1328 3151 1433 3206 hoc
1459 3166 1528 3206 ex
1556 3166 1676 3204 ma-

137 3251 220 3304 gna
244 3249 380 3309 parte
404 3239 690 3307 fecissent,
722 3256 920 3312 magna
947 3256 1074 3312 pars
1101 3254 1314 3306 eorum,
1345 3240 1439 3310 qui
1467 3241 1678 3295 victua—

138 3327 194 3382 lia
214 3331 272 3384 ad
294 3334 589 3390 exercitum
617 3331 950 3400 deferebant,
991 3347 1117 3388 cum
1156 3346 1266 3386 non
1296 3331 1557 3386 haberent
1583 3331 1679 3386 du-

136 3433 232 3474 cem
272 3438 435 3494 neque
486 3432 879 3502 protectorem,
911 3423 1092 3479 occisa
1120 3430 1205 3479 est
1251 3425 1392 3478 inter
1416 3421 1676 3478 Sanctum

137 3509 357 3569 Iacobum
387 3526 440 3572 et
465 3517 782 3588 Fulgerium
829 3531 861 3571 a
907 3516 1173 3571 militibus
1207 3513 1421 3572 Radulfi
1449 3514 1516 3570 de
1543 3513 1675 3568 Ful-

138 3603 289 3671 geriis.
323 3606 590 3662 Radulfus
611 3608 679 3662 (16
714 3606 982 3678 Fulgeriis
1010 3617 1252 3662 castrum
1281 3606 1455 3663 sancti
1487 3605 1674 3662 Jacobi

138 3696 319 3752 ndidit
373 3699 654 3766 incendio;
708 3700 958 3755 similiter
1004 3708 1244 3754 castrum
1293 3697 1474 3753 Tilioli
1501 3696 1670 3769 (674).

139 3782 230 3840 Rex
254 3787 503 3848 Henricus
537 3793 768 3847 latenter
795 3791 1018 3846 veniens
1046 3789 1380 3860 Fulgerium,
1411 3798 1471 3844 ut
1513 3788 1677 3842 inter-

138 3873 303 3944 ἀρεῖς(
330 3879 639 3949 Radulfum,
666 3881 853 3936 audito
901 3880 1022 3951 ejus
1070 3881 1305 3935 adventu
1343 3879 1468 3950 fuge
1520 3877 1674 3948 petiit

137 3971 411 4028 remedium.
448 3974 682 4030 Predam
719 3982 899 4028 tamen
928 3981 1152 4038 tantam,
1183 3979 1445 4042 quantam
1473 3971 1672 4040 aliquis

139 4056 180 4112 in
204 4073 368 4118 nostro
405 4067 496 4122 vix
543 4065 770 4132 viderat,
813 4064 955 4136 regis
986 4064 1235 4119 homines
1275 4072 1552 4132 ceperunt.
1587 4061 1674 4116 Si-

137 4151 317 4218 quidem
351 4155 615 4234 Radulfus
641 4157 709 4212 de
751 4155 1019 4226 Fulgeriis
1068 4162 1382 4225 preceperat
1430 4153 1669 4208 homini-

138 4240 219 4297 bus
241 4245 299 4300 de
323 4251 462 4303 omni
513 4258 660 4303 terra
713 4264 832 4315 sua,
885 4247 1029 4318 quod
1059 4262 1230 4317 cquos
1255 4253 1308 4300 et
1329 4254 1575 4299 armenta
1617 4253 1671 4299 et

137 4335 331 4397 Pecudes
352 4347 402 4393 et
427 4355 652 4394 omnem
703 4338 1062 4394 substantiam
1111 4351 1268 4392 suam
1304 4335 1566 4389 ducerent
1612 4333 1667 4386 in

1779 3146 2020 3202 Castello
2079 3149 2443 3205 consobrinus
2486 3150 2638 3220 ejus,
2683 3167 2807 3207 cum
2837 3153 3044 3208 'multis
3097 3155 3380 3211 militibus

1779 3236 2153 3294 transfretavit
2203 3239 2259 3294 in
2305 3238 2578 3311 Angliam.
2615 3241 2720 3297 Sed
2765 3243 3098 3314 interceptus
3145 3246 3260 3316 ipse
3307 3257 3362 3301 ct

1777 3343 1920 3382 uxor
1947 3329 2068 3398 ejus
2115 3337 2170 3384 et
2209 3328 2366 3401 llugo
2395 3331 2463 3386 de
2507 3330 2661 3386 Novo
2695 3331 2952 3401 Castello,
2984 3336 3126 3404 capti
3175 3345 3302 3391 sunt
3329 3353 3386 3391 a‘

1776 3417 2026 3474 fidelibus
2061 3421 2206 3491 regis
2227 3421 2382 3490 juxta
2415 3421 2676 3478 Sanctum
2704 3422 3072 3492 Edmundum,
3097 3434 3153 3480 et
3175 3435 3361 3481 custo-

1775 3510 1864 3565 dic
1888 3511 2104 3577 traditi;
2159 3521 2214 3566 et
2255 3512 2412 3566 multi
2464 3511 2878 3568 Flandrensium
2913 3516 2986 3569 ibi
3017 3517 3183 3572 occisi
3209 3526 3358 3583 sunt,

1775 3609 1829 3656 et
1856 3602 2011 3656 multi
2055 3602 2148 3657 alii
2198 3603 2342 3672 capti
2384 3611 2438 3658 et
2485 3604 2682 3672 occisi;
2713 3613 2768 3659 et
2817 3605 3046 3661 forsitan
3078 3607 3200 3661 ideo
3228 3608 3357 3678 quia

1776 3694 2024 3763 rapinam
2058 3703 2418 3750 exercuerant
2458 3695 2513 3750 in
2558 3707 2700 3750 terra
2737 3697 2910 3750 sancti
2956 3697 3226 3753 Edmundi
3272 3713 3354 3753 re-

1775 3785 1857 3856 gis
1888 3794 1941 3839 et
1967 3786 2247 3857 martyris,
2276 3787 2424 3856 quod
2471 3803 2580 3840 non
2611 3787 2766 3842 licuit
2795 3788 2956 3843 alicui
2988 3789 3226 3858 impune.
3258 3788 3350 3842 Ra-

1773 3875 1960 3930 dulfus
1992 3876 2059 3932 de
2078 3876 2349 3948 Fulgeriis
2372 3878 2518 3932 dedit
2548 3879 2766 3934 obsides
2795 3879 2906 3950 regi
2940 3879 3132 3950 Anglic
3162 3895 3261 3949 pro
3299 3896 3356 3934 se
3409 3905 3417 3912 -

1774 3965 1916 4021 filios
1943 3980 2096 4030 suos,
2140 3965 2363 4021 lvellum
2391 3975 2446 4020 ct
2487 3965 2850 4022 Willermum.
2881 3967 2999 4037 Ipse
3028 3983 3158 4022 vero
3187 3969 3352 4022 nulla-

1772 4067 1933 4114 tenus
1958 4058 2259 4133 adquievit,
2309 4069 2368 4114 ut
2397 4075 2456 4114 se
2496 4060 2748 4129 potestati
2797 4061 2942 4133 regis
2972 4062 3228 4126 traderet,
3260 4062 3353 4116 sed
3415 4070 3417 4072 '

1771 4130 2030 4220 fugiendo
2052 4165 2150 4219 per
2179 4165 2402 4213 nemora
2430 4151 2716 4206 delitescit.
2760 4130 3057 4208 Gaufridus
3087 4155 3152 4208 de
3186 4153 3351 4209 Poen-

1773 4241 1866 4308 tio,
1893 4249 1947 4296 et
1983 4240 2169 4298 Bonus
2217 4243 2386 4298 abbas
2414 4242 2480 4298 dc
2507 4242 2734 4314 Rugeio,
2770 4252 2824 4298 et
2869 4244 2959 4298 alii
2981 4245 3352 4300 ~exhcrcditati

1769 4333 1835 4388 de
1865 4332 2038 4387 Media
2073 4343 2129 4388 et
2169 4334 2236 4388 de
2281 4334 2658 4406 Andegavensi
2703 4350 2862 4407 pago,
2909 4343 2964 4389 et
2995 4336 3259 4391 Radulfus
3286 4338 3354 4391 de

139 4435 263 4480 suam
293 4427 581 4498 forestam;
632 4432 727 4487 sed
773 4441 1064 4500 antequam
1113 4431 1380 4484 intrarent
1427 4428 1666 4482 nemoris
1700 4425 1744 4486 D
1770 4423 1904 4478 Haia
1930 4424 2262 4491 Nortnanus,
2293 4426 2359 4480 de
2388 4428 2704 4482 nemoribus
2740 4427 2999 4484 infestant
3027 4437 3229 4484 terram
3261 4445 3351 4486 re-

137 4511 339 4587 latibula,
385 4525 451 4579 ab
485 4523 722 4578 inimicis
767 4524 1060 4591 intercepta
1103 4529 1250 4586 sunt,
1272 4530 1326 4574 et
1358 4519 1540 4574 omnia
1571 4534 1670 4573 sua

139 4606 409 4668 amiserunt.
457 4614 729 4671 Radulfus
761 4615 828 4669 de
871 4613 1156 4684 Fulgeriis,
1201 4611 1437 4666 delinitis
1479 4618 1667 4665 custo-

137 4693 266 4754 dibus
316 4709 490 4774 precio
531 4717 586 4763 et
639 4707 919 4778 precibus,
959 4704 1053 4774 qui
1100 4703 1374 4756 custodire
1401 4702 1670 4757 debebant

139 4799 337 4850 castrum
363 4798 426 4855 dc
445 4800 722 4856 Cumhurc
746 4809 800 4854 et
826 4799 1098 4853 civitatem
1132 4795 1417 4848 Dolensem
1441 4794 1507 4846 ad
1530 4809 1669 4862 opus

140 4879 253 4947 τρεῖς
273 4885 468 4958 Anglic,
523 4891 666 4960 cepit
695 4889 814 4944 illas
843 4889 1194 4943 munitiones.
1243 4884 1397 4952 Quod
1447 4901 1543 4939 rex
1571 4901 1670 4938 au-

141 4965 282 5040 diens,
309 4980 449 5035 misit
486 4981 861 5036 Brebenzoues
888 4996 1019 5035 suos
1047 4989 1101 5034 et
1133 4978 1399 5049 quosdam
1429 4976 1496 5031 de
1524 4975 1668 5030 mili-

143 5057 256 5118 ιίὺιιε
276 5070 379 5125 suis
411 5075 476 5130 ad
501 5090 690 5130 eorum
718 5073 1004 5138 auxilium,
1037 5073 1084 5127 si
1118 5087 1344 5127 necesse
1381 5071 1661 5124 haberent.

199 5243 254 5281 "’
282 5250 339 5308 G.
364 5257 509 5314 habet
534 5259 595 5313 E.
624 5258 947 5314 Wilhelmus
973 5255 1059 5311 8".

1769 4517 1874 4586 gis,
1903 4524 2155 4571 carentes
2205 4517 2603 4572 munitionibus
2648 4518 3016 4572 castellorum.
3046 4517 3348 4589 Siquidem

1769 4608 2148 4663 Brebenzones
2217 4608 2360 4678 regis
2431 4609 2812 4664 destruxerant
2883 4618 3122 4664 castrum
3187 4610 3350 4678 Quir-

1767 4716 1829 4756 ce
1871 4700 2044 4771 (675),
2092 4699 2236 4754 sicut
2301 4707 2428 4752 ante
2467 4699 2953 4768 pessumdederant
3013 4701 3345 4772 Fulgerium,

1765 4801 1821 4848 et
1849 4801 2058 4847 ceteras
2113 4788 2450 4844 munitiones
2515 4788 2746 4843 Radulfi.
2818 4789 3089 4848 Robcrtus
3147 4793 3215 4847 de
3261 4793 3350 4847 Vi-

1768 4884 1906 4937 treio
1935 4881 2090 4948 obiit,
2119 4891 2172 4936 et
2193 4881 2462 4936 successit
2482 4880 2532 4935 ci
2566 4879 2709 4934 filius
2738 4897 2872 4936 suus
2897 4882 3163 4949 Andreas,
3186 4893 3346 4938 natus

1767 4989 1832 5028 ex
1865 4989 2054 5028 sorore
2088 4973 2337 5028 Rollandi
2389 4973 2456 5027 de
2516 4971 2732 5027 Dinam.
2771 4971 2917 5028 Idem
2959 4989 3089 5030 vero
3126 4974 3346 5029 Bollan-

1769 5067 1893 5131 dus,
1918 5065 2046 5134 quia
2078 5066 2298 5120 carebat
2341 5064 2448 5121 alio
2489 5065 2690 5122 herede
2749 5064 2876 5122 fecit
2903 5066 3152 5122 heredem
3177 5067 3342 5120 alium

1349 5161 1583 5218 VARIIE
1623 5155 2026 5218 LECTIONES.

1575 5343 1806 5402 NOTE.

198 5424 322 5501 (669)
354 5432 482 5490 Cum
512 5445 699 5492 nostro
729 5435 856 5490 facit
902 5432 1106 5487 Chron.
1139 5431 1196 5486 S.
1255 5430 1511 5501 Stephani
1559 5432 1656 5486 Ni-

143 5498 380 5576 .Viet'nénsis
403 5508 537 5576 apud
558 5506 798 5576 Martene
821 5505 959 5558 thes.
993 5501 1079 5567 lll,
1109 5501 1266 5554 1587.
1283 5498 1494 5576 Reliqui
1512 5518 1655 5556 mor-

143 5567 450 5697 mitiga
465 5582 608 5632 anno
633 5575 790 5641 1174,
807 5583 1094 5645 postquam
1116 5587 1262 5625 anno
1295 5567 1437 5627 1175⁷
1470 5581 1660 5645 sponte

199 5703 324 5776 (670)
355 5709 423 5769 La
444 5714 998 5782 Charité-sur-Loire,
1034 5713 1086 5768 d.
1121 5710 1419 5769 Autissiod.

1834 5430 1985 5506 (62-!)
2023 5427 2317 5506 Εοιιεύνεξ·

1836 5498 1984 5570 (672)
2023 5498 2194 5570 Hugo.
2228 5499 2414 5566 BOUQ

1858 5518 1984 5638 343$
2023 5518 2472 5625 ’ὗὲῗάτῖἷὲὲέἓεη

1862 5641 1990 5708 674)
2028 5640 2185 5711 Tilly.
2216 5640 2276 5693 B.

1863 5707 1988 5782 675)
2029 5710 2101 5766 La
2137 5707 2401 5766 Cucrche.
2431 5707 2490 5764 Β.
