3906 6316
481 354 588 415 519

622 475 967 516 ROMANORUH.
1112 436 1446 512 FRANCORUI.
1592 469 1894 509 ANGLORUH.

482 561 734 623 nepotem
761 567 922 606 suum
952 549 1186 604 Alanum
1227 550 1294 603 de
1340 547 1492 602 omni
1521 555 1663 602 terra
1692 562 1811 612 sua,
1845 544 1900 600 in
1937 560 2064 616 pre-

481 644 655 698 sentia
695 643 857 714 regis.
2066 634 2069 635 ν

550 734 708 787 1174.
761 733 1073 788 Fredericus
1094 733 1185 787 23.
1233 731 1527 786 Ludovicus
1552 731 1639 786 37.
1684 728 1945 790 Henricus
1974 727 2065 782 20.

545 825 662 880 Rex
718 824 984 880 Henricus
1045 827 1156 897 egit
1194 826 1373 880 natale
1419 824 1634 879 Domini
1683 823 1739 877 in
1784 821 2070 892 Bajocensi

482 932 624 988 pago
671 917 814 987 apud
859 917 1084 972 Burum.
1135 917 1466 972 Guillermus
1510 917 1801 986 episcopus
1847 915 1913 971 de
1944 913 2070 968 Tri-

484 1003 569 1074 gel
594 1003 742 1074 (676)
773 1005 1010 1059 humane
1036 1006 1142 1059 vite
1173 1005 1334 1059 finem
1368 1004 1520 1070 fecit,
1560 1005 1650 1058 cui
1685 1003 1950 1059 successit
1978 1001 2070 1058 lvo

483 1093 654 1160 Brito,
687 1095 1109 1165 archipresbiter
1135 1096 1487 1151 Turonensis.
1511 1095 1571 1149 In
1595 1096 1718 1152 loco
1747 1095 1910 1150 etiam
1939 1093 2068 1148 Hai-

484 1187 665 1241 mouis
691 1189 930 1258 episcopi
954 1188 1250 1244 Leonensis
1279 1189 1486 1243 electus
1531 1197 1613 1243 est
1640 1187 1861 1258 quidam
1890 1186 2072 1240 archi-

482 1278 746 1334 diaconus
770 1281 1012 1349 ejusdem
1043 1280 1292 1348 ecclesie,
1325 1296 1432 1334 non
1462 1280 1742 1346 canonice,
1776 1277 1871 1333 sed
1904 1277 2072 1333 simo-

482 1370 640 1426 niace
666 1389 681 1438 ;
729 1380 784 1427 et
811 1388 937 1427 cum
965 1373 1189 1428 haberet
1217 1372 1445 1444 gratiam
1477 1380 1586 1426 tam
1617 1371 1747 1426 cleri
1776 1385 1940 1440 quam
1972 1384 2072 1439 po-

483 1463 636 1531 puli,
687 1480 792 1519 non
840 1466 1143 1534 promeruit
1191 1464 1658 1520 consecrationem
1685 1504 1702 1530 ,
1747 1457 2071 1532 impediente

483 1564 661 1611 morte
683 1555 820 1613 Jocii
855 1557 1250 1628 archiepiscopi
1280 1556 1650 1623 Turonensis;
1687 1555 1740 1610 in
1773 1555 1931 1624 cujus
1953 1554 2071 1610 loco

486 1647 768 1718 elegerunt
802 1647 1151 1705 Turonenses
1180 1650 1362 1706 clerici
1394 1651 1660 1704 decanum
1693 1648 1864 1718 ipsius
1893 1647 2070 1702 cccle-

483 1738 564 1793 sie
588 1738 1057 1806 Bartholomeum,
1079 1743 1335 1811 juvenem
1368 1751 1652 1798 strenuum
1679 1751 1732 1797 et
1754 1757 1951 1812 genere
1973 1757 2070 1796 no-

1646 338 2008 400 SlGEBERTl
2045 335 2574 396 GEMBLACENSIS

2096 451 2144 508 A
2170 449 2318 521 quiis
2345 457 2401 505 et
2429 449 2588 506 donis
2616 464 2714 507 eos
2742 450 2847 507 sibi
2892 449 3192 511 familiares
3235 453 3463 523 fecerat,
3512 453 3620 512 hoc
3661 472 3747 513 co-

2171 542 2322 614 gnito
2349 558 2446 613 per
2471 557 2587 610 eos,
2616 544 2840 599 castella
2869 561 2967 600 sua
2995 562 3104 616 que
3129 557 3286 602 erant
3317 547 3370 601 in
3399 546 3600 602 ﬁnibus
3628 546 3750 604 Nor-

2171 635 2392 689 mannie
2415 633 2574 704 juxta
2599 634 2912 702 Franciam,
2947 637 3138 703 armis,
3168 637 3440 692 militibus
3469 647 3526 693 et
3553 639 3747 693 vietua-

2171 728 2316 807 libus
2364 727 2617 784 munivit.
2672 728 2924 784 Removit
2977 731 3142 786 etiam
3188 732 3461 802 quosdam
3514 736 3750 790 custodes

2171 822 2542 888 castellorum,
2573 828 2644 876 'ne
2674 822 2914 892 aliquam
2957 823 3062 878 sibi
3092 823 3338 880 fraudem
3381 823 3629 880 facerent
3670 841 3751 896 per

2173 914 2537 984 receptionem
2569 913 2914 969 inimicorum
2943 930 3170 970 suorum
3195 922 3249 970 et
3275 916 3501 986 longam
3533 931 3748 971 moram.

2172 1003 2302 1060 Inde
2333 1003 2549 1060 locutus
2575 1020 2704 1060 cum
2744 1005 3044 1061 baronibus
3070 1005 3430 1072 Normannie,
3454 1022 3555 1062 eos
3584 1008 3752 1062 admo-

2171 1097 2313 1161 nuit,
2351 1097 2678 1162 obsecravit,
2711 1106 2772 1152 ut
2819 1097 3048 1153 viriliter
3077 1107 3318 1169 agerent,
3347 1107 3404 1152 et
3434 1114 3755 1155 rememora-

2171 1195 2382 1254 rentur,
2414 1187 2562 1258 quod
2610 1196 2867 1257 parentes
2921 1204 3110 1244 eorum
3155 1189 3441 1244 multoties
3468 1189 3752 1247 Francos:

2173 1277 2377 1333 finibus
2422 1279 2540 1334 suis
2587 1279 2815 1349 turpiter
2861 1280 3257 1336 eliminassent.
3305 1279 3442 1336 Inde
3477 1282 3758 1352 assumptis

2171 1372 2384 1442 paucis,
2417 1372 2587 1428 immo
2630 1371 2744 1428 fere
2791 1374 2955 1431 nullis
2982 1375 3051 1430 de
3078 1375 3379 1432 baronibus
3408 1374 3756 1444 Normannie,

2171 1481 2297 1521 cum
2324 1464 2767 1520 Brebenzonibus
2812 1467 2928 1521 suis
2957 1465 3213 1521 transivit
3245 1467 3300 1520 in
3348 1467 3632 1538 Angliam.
3657 1467 3760 1534 Qua

2173 1563 2354 1610 autem
2384 1554 2692 1610 humilitate
2720 1557 3034 1626 sepulcrum
3078 1557 3222 1612 beati
3269 1558 3540 1629 martyris
3572 1557 3758 1614 Thome

2173 1645 2492 1714 visitaverit,
2523 1647 2824 1703 notandum
2855 1656 2958 1704 est.
2992 1647 3062 1704 Ut
3090 1659 3272 1704 autem
3300 1650 3444 1704 vidit
3487 1652 3759 1706 ecclesiam

2173 1737 2626 1794 Cantuariensem
2653 1779 2668 1807 ,
2717 1739 2977 1795 desiliens
3024 1756 3198 1812 equo,
3253 1741 3308 1795 in
3355 1751 3519 1797 veste
3546 1743 3694 1797 lanea
3716 1753 3761 1798 et

481 1826 666 1883 bilem.
699 1829 1032 1888 Guillermus
1061 1833 1243 1890 Patric
1267 1835 1456 1905 junior
1476 1836 1710 1890 moritur
1731 1833 1997 1900 Parisius,
2017 1842 2073 1889 et
2103 1822 2147 1882 Β
2174 1830 2338 1886 nudis
2383 1820 2616 1901 pedibus
2641 1832 2806 1902 pedes
2844 1848 3019 1902 usque
3047 1833 3115 1887 ad
3158 1833 3306 1888 illam
3336 1849 3440 1904 per
3469 1835 3694 1905 paludes
3717 1844 3762 1888 et

482 1917 816 1978 Guillermus
850 1923 1034 1980 Patric
1065 1935 1216 1995 pater
1241 1927 1394 1997 ejus,
1444 1928 1534 1982 cui
1575 1927 1842 1983 successit
1890 1924 2074 1997 Inger-

481 2023 689 2070 rannus
718 2012 900 2069 Patric
929 2014 1070 2070 ﬁlius
1101 2017 1242 2086 ejus,
1275 2018 1370 2088 qui
1421 2017 1575 2072 duxit
1607 2017 1772 2071 tiliam
1814 2016 2074 2072 Ricbardi

483 2109 580 2162 filii
611 2106 848 2162 comitis.
900 2104 1047 2161 Obiit
1094 2109 1264 2165 abbas
1297 2107 1480 2165 Sancti
1523 2109 1785 2164 Florentii
1819 2108 1989 2179 (677),
2021 2117 2076 2164 et

483 2199 751 2254 successit
781 2198 830 2252 ei
872 2198 1138 2254 Radulfus
1179 2199 1629 2256 Normannus”.
1678 2199 1941 2255 Similiter
1985 2216 2075 2256 sa-

482 2290 687 2345 tisfecit
711 2291 817 2344 vite
852 2291 1088 2345 humane
1117 2289 1366 2346 Nutritus
1397 2293 1665 2359 reclusus,
1695 2293 1780 2346 vir
1809 2293 2075 2348 honestus

484 2389 541 2436 et
571 2397 766 2451 magne
798 2381 1097 2452 religionis,
1128 2383 1194 2436 ad
1246 2383 1404 2452 cujus
1431 2384 1724 2450 tumulum,
1761 2392 1821 2437 ut
1849 2383 2072 2453 quidam

483 2472 694 2540 dicunt,
722 2472 813 2543 qui
847 2482 931 2528 est
950 2473 1106 2542 juxta
1152 2475 1443 2529 ecclesiam
1491 2484 1678 2530 sancte
1700 2474 1869 2529 Marie
1898 2475 2073 2530 Arde-

485 2566 749 2620 voncnsis
771 2607 786 2630 ,
837 2564 981 2620 Deus
1012 2567 1391 2636 magnilicatur
1420 2567 1473 2620 in
1520 2567 1804 2622 curatione
1831 2567 2076 2622 infirmo-

483 2673 629 2712 rum.
660 2656 806 2711 Obiit
830 2657 993 2711 etiam
1023 2673 1170 2711 anno
1199 2659 1480 2727 superiore
1503 2657 1678 2712 Hamo
1699 2658 1765 2712 de
1787 2657 2076 2727 Landecop

484 2750 794 2803 monachus
836 2746 1195 2814 Saviniensis,
1245 2749 1340 2818 qui
1383 2756 1604 2819 propter
1655 2748 1970 2819 religionem
2023 2756 2078 2803 et

483 2842 630 2896 bona
658 2856 825 2912 opera
862 2841 916 2894 in
948 2856 1219 2910 pauperes
1243 2856 1406 2896 carus
1433 2849 1550 2895 erat
1590 2839 1701 2894 Deo
1752 2848 1808 2894 et
1836 2839 2076 2894 homini-

483 2931 624 2989 bus.'
651 2932 1111 3002 Archiepiscopus
1127 2931 1443 2987 Tarentasie
1455 2932 1624 3004 (678),
1640 2931 1734 3002 qui
1758 2929 1934 2985 fuerat
1960 2946 2079 2986 mo-

486 3025 701 3080 nachus
734 3025 802 3078 de
829 3024 1020 3079 ordine
1045 3023 1427 3091 Cistercicnsi,
1474 3039 1571 3094 per
1594 3039 1756 3094 quem
1787 3023 1842 3077 in
1873 3024 2078 3080 nostris

2175 1931 2336 1979 acuta
2365 1937 2498 1979 saxa
2524 1938 2650 1979 cum
2683 1939 2899 1978 summa
2933 1924 3222 1980 devotione
3248 1925 3521 1996 perrexit.
3569 1924 3626 1979 In
3655 1942 3762 1980 ora-

2179 2017 2325 2072 tione
2369 2017 2438 2072 ad
2487 2017 2798 2086 sepulcrum
2855 2017 3079 2088 gloriosi
3127 2018 3388 2093 martyris
3440 2017 3501 2071 in
3538 2017 3761 2073 lacrimis

2177 2117 2287 2163 tam
2315 2108 2544 2164 devotus
2570 2108 2766 2186 ex.titit,
2790 2117 2849 2163 ut
2876 2108 3123 2164 videntes
3145 2110 3212 2163 ad
3240 2109 3515 2164 lacrimas
3543 2119 3758 2180 cogeret.

2175 2199 2337 2256 Feria
2386 2209 2542 2257 sexta
2589 2201 2721 2256 illuc
2765 2210 3008 2267 venerat,
3041 2209 3095 2255 et
3126 2201 3428 2270 inpransus
3464 2209 3579 2255 tcta
3623 2209 3760 2254 nocte

2176 2291 2251 2345 ibi
2277 2291 2541 2361 vigilavit.
2571 2290 2731 2347 Mane
2755 2299 2937 2346 autem
2967 2291 3133 2357 facto,
3160 2292 3216 2345 in
3245 2292 3560 2360 capitulum
3588 2305 3758 2344 mona-

2178 2384 2409 2438 chorum
2457 2399 2719 2455 pergens,
2753 2384 2938 2440 subdit
2969 2399 3026 2439 se
3053 2383 3376 2438 verberibus
3401 2399 3625 2450 eorum,
3656 2383 3760 2436 imi-

2177 2481 2324 2528 tatus
2355 2473 2793 2544 Redemptorem,
2824 2475 2918 2545 qui
2945 2475 3169 2535 dorsum
3208 2491 3374 2530 suum
3401 2475 3560 2530 dedit
3588 2475 3650 2530 ad
3674 2474 3758 2530 lla-

2177 2563 2336 2633 gella.
2363 2560 2469 2618 Sed
2497 2564 2585 2619 ille
2612 2563 2741 2620 fecit
2769 2576 2990 2636 propter
3017 2573 3237 2636 peccata
3269 2574 3488 2630 nostra,
3525 2566 3626 2621 iste
3648 2579 3758 2635 pro-

2177 2663 2298 2723 pter
2324 2657 2565 2726 propria.
2599 2655 2800 2713 Eadem
2831 2667 3014 2713 autem
3050 2659 3160 2723 die,
3189 2673 3295 2728 qua
3327 2659 3570 2714 recessit
3596 2674 3625 2712 a
3653 2673 3760 2714 sane

2178 2753 2268 2800 cto
2300 2747 2452 2812 loco,
2489 2757 2681 2818 captus
2725 2757 2812 2804 est
2857 2749 3192 2804 Guillermus
3244 2763 3344 2802 rex
3397 2745 3592 2802 Scotie
3638 2746 3758 2815 apud

2178 2836 2389 2892 Anvich
2437 2854 2468 2894 a
2517 2839 2819 2895 baronibus
2866 2839 3342 2906 Eboracensibus;
3395 2838 3499 2909 qui
3551 2855 3640 2892 rex
3665 2847 3757 2892 tota

2178 2938 2352 2985 estate
2377 2946 2502 2985 cum
2529 2930 2764 3002 Rogerio
2793 2932 2860 2986 de
2881 2931 3129 2987 Moubrai
3175 2939 3229 2986 et
3257 2932 3382 2987 aliis
3415 2932 3759 3001 complicibus

2180 3021 2297 3087 suis
2325 3032 2636 3078 vastaverat
2665 3023 3138 3092 septemtrionales
3184 3031 3371 3092 partes
3398 3022 3620 3093 Anglic,
3651 3037 3758 3092 per-

484 3115 826 3184 temporibus
859 3115 912 3168 in
944 3114 1280 3171 exhibitione
1308 3115 1698 3170 miraculorum
1729 3113 1874 3170 Deus
1912 3115 2079 3170 bene-
2100 3154 2152 3217 c
2182 3112 2454 3184 tingentes
2485 3115 2552 3169 ad
2585 3114 2846 3170 Scotiam.
2875 3113 3081 3181 Quarta
3115 3114 3250 3170 feria
3281 3116 3546 3185 sequenti
3577 3114 3760 3169 audivit

484 3207 708 3274 dicitur,
736 3222 863 3262 cum
891 3207 1088 3262 abbate
1135 3207 1488 3264 Cisterciensi
1535 3207 1847 3263 Alexandro
1874 3209 2079 3265 missus

485 3314 517 3353 a
545 3299 728 3354 donno
755 3315 890 3369 papa
917 3299 1069 3366 venit
1093 3298 1162 3354 ad
1189 3315 1369 3371 regem
1394 3299 1754 3366 Francorum,
1780 3315 1880 3370 pro
1906 3299 2082 3356 refor-

486 3391 686 3445 manda
713 3405 847 3460 pace
871 3390 1013 3445 inter
1042 3406 1222 3462 regem
1263 3390 1456 3463 Anglic
1483 3389 1780 3448 Henricum
1825 3400 1880 3446 et
1907 3391 2079 3448 ﬁlium

485 3481 608 3552 ejus
643 3497 825 3554 regem
849 3482 1161 3552 juniorem;
1213 3484 1307 3539 sed
1336 3483 1759 3554 impedientibus
1789 3484 2077 3540 hominum

487 3573 764 3641 peccatis,
816 3589 1010 3643 parum
1061 3573 1311 3644 profecit.
1362 3574 1522 3634 Circa
1551 3576 1754 3646 pascha
1809 3575 2078 3633 Ilicardus

484 3664 692 3721 electus
718 3663 1151 3732 Cantuariensis,
1180 3667 1274 3738 qui
1302 3683 1449 3724 anno
1471 3670 1738 3740 superiori
1768 3679 2082 3739 perrexerat

488 3753 746 3822 Romam,
783 3773 814 3811 a
845 3773 983 3828 papa
1028 3759 1340 3814 Alexandro
1389 3770 1639 3816 sacratus
1685 3770 1771 3817 est
1813 3763 2076 3835 Anagnie.

486 3844 900 3917 Raginerumm
949 3849 1182 3904 electum
1235 3849 1546 3916 Batensem,
1578 3853 1789 3907 socium
1816 3853 1956 3922 ejus,
1987 3870 2079 3909 sa-

485 3937 661 3992 cravit
682 3938 1132 4008 archiepiscopus
1156 3937 1494 3996 Tarentasie.
1523 3939 1640 3996 Due
1660 3942 1846 4012 regine
1871 3942 2082 3998 ducun-

486 4038 576 4084 tur
606 4030 660 4083 in
701 4031 973 4101 Angliam.
1981 4081 1984 4083 _

559 4121 719 4176 Circa
769 4121 909 4177 idem
962 4130 1175 4193 tempus
1217 4123 1531 4181 Ludovicus
1595 4141 1692 4195 rex
1742 4124 2076 4182 Francorum

485 4210 833 4280 congregavit
875 4210 1117 4268 Parisius
1145 4229 1338 4270 omnes
1384 4215 1618 4271 barones
1665 4217 1817 4286 regni
1847 4217 1954 4283 sui,
1984 4219 2079 4287 qui

487 4301 539 4355 ei
569 4303 855 4370 parebant,
888 4312 943 4358 et
968 4320 1093 4360 cum
1122 4306 1202 4361 eis
1248 4307 1440 4362 habuit
1465 4315 1736 4362 secretum
1786 4307 2078 4364 ministerii

489 4394 598 4446 sui.
653 4392 985 4452 Juraverunt
1034 4413 1164 4470 ergo
1217 4415 1403 4456 comes
1452 4400 1840 4468 Flandrensis,
1895 4419 2078 4459 comes

2182 3219 2277 3259 rex
2310 3205 2565 3260 nuntium
2590 3205 2729 3261 tanti
2758 3205 2962 3278 gaudii.
2991 3205 3108 3260 Rex
3137 3205 3411 3262 Henricus
3441 3206 3758 3261 exhilaratus

2181 3304 2336 3351 tanto
2365 3299 2580 3363 nuntio,
2609 3298 2747 3354 facta
2777 3313 2909 3368 pace
2934 3314 3060 3355 cum
3083 3299 3284 3354 comite
3307 3297 3544 3368 Hugone
3565 3298 3756 3368 Bigoth.

2181 3395 2234 3442 et
2261 3387 2456 3458 positis
2488 3389 2540 3442 in
2570 3389 2727 3444 ﬁrma
2755 3389 3004 3446 custodia
3033 3389 3334 3446 Guillermo
3362 3406 3494 3460 rege
3527 3389 3760 3445 Scotieet

2181 3478 2418 3552 Rogerio
2466 3482 2664 3538 comite
2710 3481 3058 3549 Leeeestrie,
3112 3499 3239 3538 cum
3307 3482 3612 3538 comitibus
3659 3482 3757 3536 suis

2181 3571 2558 3628 transfretavit
2584 3573 2640 3627 in
2669 3571 3083 3639 Normanniam,
3107 3575 3425 3643 relinquens
3445 3574 3692 3643 Angliam
3711 3572 3756 3624 in

2180 3679 2335 3734 pace,
2370 3680 2534 3734 quam
2573 3663 2685 3720 fere
2716 3665 2983 3734 perditam
3029 3666 3084 3719 in
3117 3666 3335 3736 triginta
3371 3665 3575 3720 diebus
3618 3679 3756 3719 recu-

2180 3762 2483 3823 peraverat.
2522 3752 2758 3808 Veniens
2784 3754 2966 3824 itaque
2992 3753 3419 3825 Rothomagum,
3447 3754 3602 3809 misit
3633 3767 3757 3805 mar-

2182 3844 2368 3900 chisos
2400 3859 2531 3900 suos
2556 3844 2841 3901 Walenses
2868 3855 3020 3900 trans
3048 3846 3384 3916 Sequanam,
3416 3854 3479 3901 ut
3524 3844 3754 3930 victitalia

2181 3952 2288 4007 que
2313 3937 2606 3992 veniebant
2632 3937 2701 3992 ad
2732 3938 3033 3992 exercitum
3063 3938 3400 3994 Francorum
3428 3980 3443 4003 ,
3494 3939 3552 3992 in
3585 3952 3754 3992 nemo-

2180 4027 2335 4081 ribus
2359 4027 2676 4097 diriperent.
2708 4027 2906 4084 Franci
2933 4029 3098 4100 igitur
3119 4045 3186 4085 ex
3213 4045 3321 4084 una
3343 4038 3501 4100 parte
3527 4029 3755 4084 timentes

2180 4132 2384 4188 regem,
2415 4133 2482 4173 ex
2530 4118 2636 4173 alia
2685 4117 2993 4186 Walcnses,
3045 4120 3114 4175 de
3158 4136 3289 4190 pace
3318 4120 3561 4176 locuturi
3593 4120 3658 4174 ad
3683 4134 3756 4173 re-

2181 4225 2300 4280 gem
2333 4211 2684 4266 conveniunt.
2716 4210 2870 4267 Unde
2895 4227 2992 4266 rex
3020 4211 3354 4268 exhilaratus
3389 4214 3678 4268 terminum
3697 4211 3754 4266 de

2179 4316 2313 4370 pace
2345 4301 2485 4355 lnter
2530 4317 2627 4358 eos
2678 4301 3028 4358 reformanda
3075 4304 3259 4373 posuit
3311 4304 3382 4359 ad
3434 4305 3750 4359 nativitatem

2182 4403 2370 4448 sancte
2398 4393 2568 4449 Marie
2595 4394 2738 4464 apud
2767 4393 2981 4450 Gisorz.
3033 4394 3154 4462 Quo
3185 4396 3423 4452 termino
3459 4396 3662 4467 elapso,
3693 4409 3750 4448 ex

487 4479 856 4552 Theobaldus,
904 4503 1090 4544 comes
1136 4489 1202 4545 de
1248 4489 1598 4549 Claromonte
1645 4499 1699 4546 et
1750 4493 1908 4546 multi
1960 4493 2074 4558 alii,
2110 4498 2154 4552 Ι)
2181 4493 2413 4554 utraque
2442 4495 2596 4556 parte
2624 4496 3025 4554 convenerunt;
3067 4489 3162 4544 sed
3192 4489 3361 4544 nichil
3401 4488 3748 4559 profecerunt.

486 4573 634 4641 quod
684 4575 1103 4635 transfretarent
1131 4597 1256 4636 cum
1281 4581 1506 4651 juniore
1551 4597 1677 4652 rege
1723 4583 1778 4636 in
1824 4582 2074 4656 Angliam

484 4661 632 4718 circa
661 4662 1066 4741 festum_sancti
1091 4669 1380 4738 Johannis,
1411 4681 1465 4727 et
1489 4687 1589 4743 pro
1618 4688 1780 4742 posse
1808 4690 1910 4728 suo
1939 4676 2073 4730 sub-

479 4751 736 4823 jugarent
756 4757 806 4809 ei
831 4757 972 4813 idem
1002 4776 1252 4830 regnum.
1285 4762 1391 4816 Alii
1420 4777 1550 4818 vero
1569 4761 1664 4833 qui
1695 4763 2073 4830 remanebant,

479 4845 805 4916 juraverunt
827 4851 974 4920 quod
996 4868 1121 4908 eum
1151 4855 1393 4910 exercitu
1416 4871 1513 4925 per
1537 4854 1928 4911 Normanniam
1953 4872 2075 4926 per-

485 4945 694 5007 gerent,
720 4946 775 4992 et
804 4956 1148 5012 queeumque
1173 4945 1396 5000 castella
1435 4955 1678 5014 possent,
1712 4953 1987 5015 caperent,
2017 4955 2073 5001 et

481 5027 716 5096 patriam
749 5039 1066 5100 vastarent,
1119 5044 1214 5090 aut
1240 5036 1431 5091 urbem
1463 5035 1868 5106 Rothomagum
1919 5036 2070 5091 obsi-

481 5119 644 5177 dione
674 5122 972 5194 cingerent.
1002 5125 1158 5193 Quod
1180 5136 1234 5182 et
1263 5127 1528 5196 fecerunt,
1557 5144 1750 5200 parum
1779 5127 2071 5198 proficien-

484 5215 582 5264 tes.
620 5209 733 5267 Rex
771 5224 954 5270 autem
986 5215 1257 5273 Henricus
1288 5218 1492 5285 senior,
1523 5218 1616 5288 qui
1645 5218 1847 5272 multos
1875 5218 1942 5272 de
1969 5217 2071 5273 ba-

482 5302 711 5359 ronibus
754 5304 988 5364 Francie
1036 5309 1290 5371 oberatos
1319 5310 1554 5367 habebat
1578 5317 1633 5365 et
1661 5309 1876 5381 magnis
1907 5309 2070 5365 obse-

2180 4574 2288 4628 nisi
2320 4576 2466 4644 quod
2511 4576 2679 4632 alium
2721 4579 3014 4635 terminum
3045 4580 3191 4636 circa
3242 4580 3445 4637 festum
3475 4583 3644 4638 sancti
3666 4579 3750 4634 lli-

2180 4663 2386 4720 chaelis
2432 4677 2734 4737 posuerunt
2787 4669 2930 4726 inter
2985 4671 3267 4728 Turonum
3319 4682 3374 4729 et
3423 4675 3743 4728 Ambasium.

2179 4755 2299 4823 Quo
2344 4759 2486 4826 loco,
2538 4759 2651 4816 Deo
2681 4762 2914 4831 favente,
2947 4781 3052 4836 pax
3100 4767 3374 4837 provenit,
3405 4775 3460 4822 et
3488 4766 3581 4821 lilii
3626 4762 3746 4832 regis

2179 4857 2290 4904 tres
2322 4866 2381 4905 se
2409 4852 2550 4921 patri
2577 4869 2678 4909 suo
2702 4856 2981 4913 humiliter
3006 4859 3384 4925 subdiderunt,
3407 4866 3461 4914 et
3482 4872 3573 4913 rex
3596 4855 3742 4909 Fran-

2178 4956 2367 5020 corum
2395 4952 2450 4998 et
2476 4960 2662 5001 comes
2692 4947 3046 5007 Flandrensis
3097 4951 3386 5007 ﬁrmitates
3431 4965 3566 5021 quas
3603 4960 3744 5016 cepe-

2176 5045 2300 5090 rant
2330 5036 2384 5090 in
2434 5036 2768 5096 Normannia
2793 5085 2809 5110 ,
2861 5045 2974 5116 regi
3012 5045 3205 5116 Anglic
3233 5045 3598 5102 reddiderunt.
3645 5039 3744 5107 ξομ

2176 5143 2307 5183 vero
2332 5145 2524 5200 pacem
2556 5133 2714 5189 istam
2743 5137 2960 5193 ascribo
2985 5138 3215 5194 Domine
3241 5147 3422 5195 nostre
3448 5135 3573 5191 Jcsu
3602 5129 3743 5186 Chri-

2178 5219 2250 5276 sti
2277 5224 2547 5292 genitrici,
2579 5227 2707 5296 quia
2753 5228 2808 5283 in
2838 5230 3023 5301 vigilia
3051 5230 3442 5302 assumptionis
3483 5226 3604 5294 ejus
3629 5219 3739 5275 uni-

2176 5325 2370 5370 versus
2399 5318 2672 5374 exercitus
2699 5320 2769 5376 ab
2798 5322 3084 5381 obsidione
3123 5323 3370 5391 recessit,
3399 5329 3451 5377 et
3471 5317 3617 5374 cives
3645 5310 3740 5365 Ro-

1784 5444 2016 5500 VARUE
2055 5447 2463 5508 LECTIONES.

553 5537 623 5568 "°
646 5535 807 5592 Guill.
837 5533 1021 5591 Patric
1043 5565 1118 5575 —
1145 5531 1495 5592 Normannus
1521 5552 1576 5591 ιη
1607 5552 1799 5592 rasura
1828 5553 1986 5591 manu
2011 5538 2215 5594 eadem.

2295 5543 2360 5575 δτι
2386 5543 2522 5616 Rag.
2554 5545 2708 5599 habet
2735 5543 2798 5601 E.

1984 5646 2212 5704 NOTAE.

553 5732 704 5808 (376)
741 5734 1020 5809 Tréguier.
1053 5733 1261 5804 BOlJQ.

1718 5737 1868 5811 (677)
1907 5738 2320 5799 Salmuriensis.

2643 5742 2792 5814 (678)
2826 5742 3020 5803 Petrus
3045 5743 3250 5813 BOUQ.
