3906 6316
84 372 172 434 im
856 358 1224 427 CHRONICA.
1261 387 1333 398 —-
1371 350 1783 415 AUCTABIUM
1824 349 2140 409 ROBEBTI
2177 347 2268 404 DE
2304 347 2562 407 MONTE.

1682 473 1727 530 Α
1754 476 1956 525 cert-nt.
1994 462 2248 534 Episcopi
2276 479 2405 519 vero
2432 471 2484 519 et
2512 462 2739 519 abbates
2787 463 3103 536 homaglum
3133 478 3243 521 non
3274 467 3338 524 fe.

703 492 1039 533 FRANCORUI.
1183 489 1485 532 ANGLOBUH.

210 496 556 541 BOIANOBUI.

82 580 457 649 thomagenses
484 573 655 627 letum
682 570 826 626 diem
859 577 1091 641 egerunt
1118 567 1173 623 in
1205 566 1435 624 ecclesia
1458 565 1655 649 ipsius,

79 670 213 725 sicut
242 665 538 729 debebant,
565 662 638 717 ab
668 660 954 716 obsidione
981 657 1216 714 liberali.

139 759 266 815 Post
315 757 519 812 festum
557 754 732 810 sancti
757 751 1028 809 Johannis
1052 750 1286 806 moritur
1310 747 1659 804 Ammaricus

77 868 164 908 rex
227 848 750 912 Jcrosolimitanus,
796 853 853 900 et
918 842 1186 899 successit
1216 840 1271 896 ei
1312 839 1658 897 Baldewinns

78 950 292 1014 quartus
321 940 472 995 tilius
497 938 634 1009 ejus.
662 934 812 993 Obiit
837 934 1000 991 etiam
1031 931 1270 988 Loradin
1298 935 1393 986 rex
1416 929 1654 1000 Alaprie,
1692 983 1703 989 ,

76 1046 125 1091 et
152 1033 422 1091 successit
445 1031 496 1087 ei
524 1030 669 1086 ﬁlius
699 1038 863 1085 natus
905 1043 973 1083 ex
1001 1039 1194 1082 sorore
1218 1023 1440 1080 comitis
1463 1022 1657 1078 Sancti

76 1125 260 1199 Egidii,
291 1140 464 1197 quam
490 1128 778 1193 acceperat
805 1119 1079 1192 captivam
1130 1118 1186 1172 in
1213 1117 1408 1172 itinere
1435 1113 1657 1170 Jeroso-

76 1217 332 1272 limitano.
396 1213 519 1286 Ipsa
575 1228 703 1269 vero
749 1210 1028 1291 et‘tilius,
1076 1208 1375 1280 assumptis
1422 1206 1657 1263 induciis

76 1325 233 1381 usque
271 1308 342 1363 ad
393 1315 606 1378 septem
653 1320 850 1369 annos,
903 1302 1279 1375 promiserunt
1323 1315 1383 1356 se
1429 1300 1657 1356 daturos

74 1401 351 1472 plurimam
380 1414 657 1456 summam
684 1396 811 1452 auri
834 1395 948 1467 regi
977 1393 1440 1451 Jerosolimitano.
1492 1389 1657 1446 Sara-

74 1500 251 1565 gnntat
293 1506 470 1562 nepos
538 1489 714 1561 ipsius
762 1486 1001 1543 Loradin
1048 1484 1249 1541 occidit
1300 1481 1654 1537 Anmlanium

75 1582 353 1655 Babylonis
376 1623 395 1650 ,
464 1591 521 1638 et
586 1566 766 1636 factus
817 1587 901 1635 est
948 1577 1204 1650 princeps
1253 1575 1550 1647 Babylonio
1597 1580 1654 1630 et

75 1672 403 1729 Alexandrie.
458 1671 676 1727 Mortuo
708 1669 960 1742 Drogone
1000 1669 1200 1725 abbate
1247 1666 1445 1725 Sancte
1473 1665 1656 1723 Trini-

77 1764 206 1832 tatis,
234 1763 511 1821 suecessit
556 1763 607 1819 ei
655 1762 991 1819 Gnillcrmus
1034 1761 1102 1817 de
1127 1760 1428 1835 Espervila,
1460 1776 1655 1816 mona-

75 1856 195 1913 chus
241 1855 399 1913 Bccci
427 1898 444 1923 ,
495 1856 648 1928 prior
676 1855 743 1911 de
788 1853 1039 1912 Evermo.
1094 1853 1310 1909 Mortuo
1338 1854 1502 1910 etiam
1540 1852 1649 1907 Ro-

77 1948 211 2004 herto
236 1947 439 2005 abbate
485 1945 847 2003 Cormeliensi
866 1988 882 2014 ,
909 1946 1179 2003 successit
1202 1945 1250 2001 ei
1290 1944 1652 2006 Hardevvinns

77 2039 357 2096 monachus
386 2038 571 2106 Becci,
603 2038 756 2111 prior
782 2039 959 2097 sancti
982 2036 1438 2095 Tlteodemiri‘".

134 2134 278 2189 1175.
326 2132 654 2189 Fredericus
673 2132 768 2189 24.
818 2132 1118 2188 Ludovicus
1140 2131 1230 2189 58.
1272 2129 1536 2188 Henricus
1557 2131 1649 2189 21.

135 2224 241 2282 Rex
263 2225 545 2284 Henricus
575 2226 686 2299 egit
713 2226 895 2281 natale
920 2224 1147 2282 Bomin'r
1164 2224 1311 2296 apud
1342 2223 1654 2296 Argentho-

81 2335 295 2391 magum.
338 2318 672 2375 Fredericus
711 2318 1014 2390 imperator
1041 2317 1494 2382 Alcmannornm,
1523 2332 1653 2373 cum

80 2426 226 2465 uxore
249 2420 304 2466 et
322 2410 521 2467 liberis
548 2419 604 2466 et
627 2426 755 2466 cum
799 2410 1042 2467 maximo
1070 2410 1311 2466 exercitu
1339 2409 1567 2468 veniens
1595 2411 1652 2467 in

79 2501 261 2559 italiam
329 2502 530 2576 (679),
596 2503 816 2560 obsedit
882 2503 1270 2559 Alexandriam
1345 2519 1523 2575 usque
1584 2502 1654 2559 ad

83 2596 257 2663 pascha
282 2594 433 2666 (680)
459 2638 482 2663 ,
533 2595 704 2652 nichil
752 2595 1082 2668 proﬁciens,
1133 2596 1228 2652 sed
1264 2596 1436 2652 multa
1480 2595 1652 2652 detri-

86 2694 239 2741 menta
289 2687 592 2744 sustinens.
662 2687 940 2745 Guarinus
990 2687 1058 2743 de
1111 2685 1427 2754 Gelardnn,
1481 2687 1652 2743 abbas

85 2775 515 2847 Pontiniacensis,
544 2779 725 2837 factus
750 2789 834 2837 est
856 2781 1305 2854 archiepiscopus
1343 2779 1651 2836 Bituricen-

86 2868 165 2936 sis,
194 2872 325 2928 sicut
348 2873 549 2941 abbas,
578 2872 676 2944 qui
720 2873 869 2929 idem
916 2875 1313 2930 monasterium
1338 2881 1466 2929 ante
1496 2873 1650 2929 illum

86 2973 269 3018 rexerat
292 2964 471 3037 (681),
522 2963 703 3022 factus
747 2963 928 3021 fuerat
952 2966 1403 3037 archiepiscopus
1429 2963 1653 3036 Lugdu-

89 3055 266 3113 nensis.
288 3055 455 3115 Circa
491 3060 699 3130 pascha
719 3058 911 3130 jnnior
937 3075 1034 3115 rex
1064 3059 1385 3131 paciﬁcatus
1417 3066 1504 3114 est
1523 3074 1650 3114 cum

3245 349 3352 409 522

1759 569 1986 627 cernnt;
2034 558 2129 614 sed
2156 564 2505 614 sacramento
2536 571 2595 613 se
2626 559 3104 627 constrinxerunt,
3154 575 3213 616 se
3246 561 3353 618 hoc

1761 654 2166 719 observaturos,
2201 659 2255 707 et
2279 650 2425 722 quod
2455 650 2635 706 forent
2659 650 2864 708 subditi
2889 652 3117 708 ecclesie
3141 651 3352 710 Ebora-

1758 744 1907 800 censi
1948 753 2002 799 et
2025 743 2460 815 archiepiscopo,
2507 751 2561 805 et
2590 742 2685 797 illo
2709 742 2851 798 irent
2875 758 3042 799 causa
3073 746 3349 814 sacrandi,

1757 836 2021 908 quociens
2096 850 2321 892 necesse
2371 843 2534 893 esset.
2587 833 2818 907 Insuper
2866 828 2965 892 rex
3016 835 3350 897 Gnillermus

1759 929 1981 986 tradidit
2009 930 2342 986 munitiones
2371 945 2523 997 suas,
2554 930 2762 986 scilicet
2803 928 3129 988 Bocheburc
3157 940 3211 988 et
3239 932 3348 990 Ca-

1758 1031 1934 1080 strum
1958 1022 2270 1079 Puellarum
2303 1031 2359 1079 et
2384 1023 2606 1079 tertium
2622 1024 2712 1091 ⁸⁷³,
2743 1024 2857 1097 regi
2883 1024 3097 1097 Anglic,
3128 1027 3222 1097 qui
3252 1042 3352 1098 po-

1758 1116 1871 1170 suit
1899 1114 1955 1169 in
1984 1115 2066 1170 eis
2095 1114 2353 1171 custodes
2381 1130 2546 1182 suos;
2596 1115 2800 1186 quibus
2847 1116 3013 1171 etiam
3041 1131 3137 1172 rex
3168 1115 3352 1174 Scotie

1758 1206 1998 1262 inveniet
2023 1207 2352 1264 necessaria.
2376 1206 2630 1263 Prcterea
2657 1224 2751 1264 rex
2781 1208 2974 1280 Anglic
3001 1209 3151 1265 dabit
3176 1210 3352 1267 hono-

1757 1316 1866 1371 res,
1896 1299 2264 1370 episcopatus,
2296 1299 2566 1367 abbatias,
2598 1307 2654 1354 et
2681 1300 2821 1357 alios
2852 1301 3093 1358 honores
3124 1302 3178 1359 in
3210 1300 3350 1360 Sco-

1759 1391 1853 1459 tia,
1880 1391 1963 1447 vel
2010 1399 2072 1446 ut
2112 1391 2298 1448 minus
2349 1392 2550 1458 dicam,
2602 1392 2836 1448 consilio
2881 1392 3002 1464 ejus
3050 1392 3346 1451 dabuntur.

1755 1479 1916 1537 Prior
1943 1481 2360 1537 Cantuariensis
2391 1480 2570 1537 factus
2599 1491 2683 1538 est
2709 1482 2877 1539 abbas
2904 1483 2971 1539 de
3005 1482 3154 1539 Bello
3179 1503 3193 1551 ;
3247 1484 3353 1543 Pe-

1754 1580 1876 1630 trus
1900 1573 2053 1644 prior
2080 1572 2281 1630 Montis
2312 1573 2495 1641 Acuti,
2528 1572 2723 1648 Hydae;
2772 1575 2925 1645 prior
2943 1570 3349 1642 Bermendesie,

1754 1665 2138 1733 Abbendonie;
2187 1666 2339 1737 prior
2373 1665 2677 1733 Wintonie,
2714 1665 3213 1724 Westmonasterii.
3273 1667 3352 1725 De

1754 1756 2083 1828 quihusdam
2117 1756 2486 1814 minutaribus
2514 1757 2805 1815 abbatibus
2836 1766 3100 1815 tacemus.
3140 1757 3350 1815 Johan-

1754 1865 1853 1905 nes
1878 1848 2262 1928 Oxenefordie,
2284 1850 2527 1907 decanos
2556 1849 3001 1920 Salesheriensis,
3032 1852 3239 1907 electus
3265 1858 3352 1908 est

1753 1942 1822 2000 ad
1852 1943 2226 2014 episcopatum
2253 1940 2681 1999 Norvvicensem.
2709 1942 2857 1999 Obiit
2886 1942 3218 2015 Raginaldns
3258 1960 3350 2000 Jo-

1754 2051 1872 2092 mes
1910 2034 2209 2103 Cornnbie,
2232 2035 2432 2106 prioris
2461 2034 2682 2092 llenrici
2710 2036 2855 2107 regis
2884 2036 3031 2093 ﬁlius
3057 2036 3347 2105 naturalis,

1752 2136 1808 2186 et
1832 2130 2079 2200 sepultus
2112 2137 2198 2185 est
2230 2127 2518 2202 Radingie.
2566 2127 2901 2186 Comitatum
2932 2127 3348 2185 Cornnbcnsem

1752 2230 1999 2280 citatam
2024 2231 2250 2289 terram,
2276 2238 2443 2293 quam
2477 2219 2711 2280 habth
2745 2228 2854 2278 tam
2880 2221 2935 2276 in
2965 2221 3156 2293 Anglia
3180 2237 3348 2292 quam

1753 2311 1812 2369 in
1841 2312 2176 2371 Normannia
2202 2324 2256 2370 et
2284 2314 2340 2369 in
2362 2312 2799 2380 Walis,retinnit
2824 2329 2919 2369 rex
2946 2314 3001 2368 in
3032 2328 3199 2369 manu
3224 2330 3347 2381 sua,

1752 2406 1823 2462 ad
1858 2423 1996 2478 opus
2044 2406 2314 2463 Johannis
2363 2406 2460 2461 filii
2508 2407 2594 2462 sui
2636 2407 2896 2477 jnnioris,
2923 2417 3149 2479 excepta
3179 2425 3351 2481 parva

1754 2500 2027 2571 portione,
2057 2515 2222 2570 quam
2253 2500 2403 2556 dedit
2452 2499 2667 2555 ﬁliabus
2713 2499 2890 2571 ipsius
2937 2501 3176 2558 comitis.
3231 2501 3349 2557 Ro-

1754 2590 1941 2646 bertus
1988 2592 2160 2649 a'hbas
2210 2591 2438 2659 Montis,
2484 2593 2717 2663 scriptor
2765 2594 2961 2649 horum
3011 2602 3348 2667 temporum,

1753 2703 1987 2760 pergens
2018 2689 2072 2744 in
2102 2688 2354 2760 Angliam
2386 2688 2689 2759 promeruit
2714 2705 2747 2744 a
2776 2688 2962 2745 donno
2987 2706 3114 2765 rege
3140 2700 3350 2747 cartam

1752 2786 1800 2834 et
1831 2778 2069 2850 sigillum
2096 2780 2349 2835 omnium
2378 2778 2803 2835 elemosinaer
2849 2780 3096 2837 ecclesia:
3124 2781 3348 2850 Montis,

1752 2888 1862 2944 que
1885 2872 2011 2929 date
2032 2871 2251 2929 fuerant
2277 2870 2517 2944 prcdictc
2545 2872 2774 2928 ecclesie
2805 2888 2982 2944 usque
3023 2873 3091 2929 ad
3120 2891 3348 2947 presens

1749 2973 1970 3035 tempus
1998 2973 2054 3019 et
2081 2964 2360 3019 dabuntur
2387 2962 2443 3017 in
2484 2960 2728 3018 futurum
2747 2961 2835 3017 ⁸⁷⁸.
2867 2960 3177 3019 llichardus
3205 2963 3350 3019 ﬁlius

1751 3056 1974 3112 comitis
2002 3055 2334 3113 Glocccstrie
2379 3054 2538 3120 obiit,
2586 3062 2641 3109 et
2677 3053 2946 3110 successit
2970 3054 3021 3110 ei
3063 3053 3349 3126 Philippus

86 3155 215 3217 patre
251 3165 366 3216 suo,
408 3158 646 3223 accepto
691 3152 762 3207 ab
803 3167 871 3208 eo
915 3160 971 3208 et
1016 3151 1278 3208 fratribus
1318 3151 1437 3208 suis
1465 3166 1652 3208 sacra-
1678 3172 1724 3236 ο
1753 3147 1901 3204 ﬁlius
1928 3147 2072 3219 ejus,
2102 3155 2263 3203 natus
2291 3162 2361 3202 ex
2392 3160 2582 3202 sorore
2612 3144 2837 3201 Boberti
2872 3146 2939 3201 de
2967 3144 3150 3202 Monte
3174 3145 3345 3202 Furti.

88 3252 263 3311 metuo,
281 3243 430 3315 quod
459 3243 654 3299 voiuit.
682 3242 812 3299 Inde
836 3258 931 3299 rex
959 3242 1108 3299 misit
1131 3243 1323 3299 ducem
1348 3240 1647 3298 Ricardum

91 3332 232 3391 ﬁliam
257 3352 416 3393 suum
476 3336 530 3392 in
569 3335 953 3408 Aquitaniam;
1005 3346 1066 3393 et
1106 3335 1431 3393 Gaufridnm
1475 3338 1647 3394 ﬁlium

91 3442 224 3483 suum
248 3429 506 3485 comitem
535 3428 815 3485 Britannic
858 3428 915 3485 in
959 3428 1333 3497 Britanniam;
1356 3429 1649 3503 assignans

92 3520 132 3574 ei
156 3519 465 3579 Bollaan
496 3521 565 3577 de
592 3520 807 3589 Dinam,
857 3530 919 3577 ut
962 3530 1111 3577 esset
1153 3531 1478 3594 procurator
1504 3532 1651 3579 terre

93 3627 187 3667 sse.
212 3612 530 3671 Fredericus
556 3612 856 3684 imperator
877 3612 1304 3669 Alemannon
1332 3616 1561 3671 recessit
1581 3615 1651 3672 ab

94 3701 403 3775 Alexandria,
453 3713 513 3762 et
553 3714 847 3762 tractatum
893 3704 997 3761 fuit
1024 3706 1093 3762 de
1141 3705 1487 3763 reformanda
1517 3723 1650 3779 pace

94 3795 207 3853 inter
228 3800 486 3857 domuum
520 3815 719 3871 papam
747 3807 803 3855 et
853 3798 1068 3871 ipsum;
1096 3799 1197 3856 sed
1228 3800 1527 3872 imperator
1550 3817 1651 3857 no-

95 3888 175 3945 luit
193 3893 536 3965 adquiescere
564 3892 686 3965 paci
715 3900 894 3950 stante
917 3892 1278 3962 Alexandria,
1311 3910 1477 3965 quam
1502 3894 1652 3951 Lon-

96 3980 284 4048 gohardi
308 3986 607 4041 noluerunt
636 3985 972 4052 subvertere,
1003 3993 1059 4042 ct
1104 3985 1179 4042 ita
1223 4003 1326 4057 pax
1364 3988 1647 4045 remansit.

96 4070 195 4142 ipse
218 4093 331 4135 vero
362 4079 549 4136 adhuc
577 4087 827 4136 mOratnr
860 4078 1047 4152 Papic.
1084 4097 1194 4136 non
1242 4081 1432 4138 valens
1458 4098 1651 4154 proce-

95 4160 201 4222 dere
240 4185 332 4227 nec
361 4171 584 4228 reverti.
633 4169 931 4227 Ganfridns
980 4170 1092 4228 dux
1120 4171 1404 4229 Britannic
1448 4189 1511 4230 ea
1545 4191 1653 4246 que

98 4270 252 4315 comes
276 4259 426 4318 Endo
449 4261 688 4317 habebat
711 4261 779 4317 de
807 4261 1053 4317 dominio
1083 4277 1208 4329 suo,
1236 4262 1446 4319 scilicet
1469 4261 1651 4319 Vene-

97 4353 212 4416 tum,
236 4350 523 4423 Ploasmel,
554 4353 746 4422 Aurai,
773 4354 1118 4411 medietatem
1156 4354 1458 4424 Cornubie,
1488 4374 1650 4413 revo-

96 4440 217 4497 cavit
237 4443 286 4500 in
310 4446 584 4503 dicionem
632 4461 813 4502 suam.
844 4443 977 4502 Post
1008 4447 1214 4518 pascha
1260 4464 1354 4505 rex
1384 4447 1653 4506 llcnrims

1749 3237 1899 3295 Obiit
1926 3237 2092 3293 etiam
2122 3234 2413 3303 Henricus,
2442 3234 2614 3292 frater
2641 3235 2900 3292 Ludovici
2928 3236 3074 3310 regis
3100 3235 3347 3293 Franco-

1752 3347 1897 3399 rum,
1927 3329 2370 3401 archiepiscopns
2408 3328 2717 3386 Remensis.
2748 3328 3015 3387 Similiter
3033 3346 3224 3387 mmes
3251 3328 3351 3386 Ni-

1749 3424 2037 3482 vernensis
2058 3421 2231 3495 (682).
2257 3421 2325 3478 Et
2347 3423 2495 3495 quod
2523 3423 2818 3479 dolendum
2844 3432 2947 3491 est,
2969 3433 3025 3479 et
3056 3422 3346 3481 tacendum

1751 3515 1856 3571 nisi
1905 3515 1979 3570 ob
2020 3513 2342 3570 memoriam
2386 3513 2523 3585 justi
2558 3512 2683 3581 viri,
2713 3513 2886 3569 abbas
2927 3513 3348 3572 Clarevallensis

1751 3596 2017 3664 Girardns
2040 3623 2073 3663 a
2101 3607 2340 3678 quodam
2386 3605 2872 3678 pscudomonacho
2904 3605 3150 3677 ejusdem
3196 3606 3348 3666 ordi-

1752 3703 1840 3759 nis
1880 3709 2041 3758 nocte
2070 3700 2247 3757 cultro
2281 3708 2365 3755 ter
2402 3697 2699 3770 appetitus,
2748 3698 2981 3754 letaliter
3026 3699 3348 3756 vulneratus

1750 3807 1854 3855 est.
1884 3796 1991 3854 Per
2018 3794 2262 3852 triduum
2291 3801 2474 3849 tamen
2503 3792 2651 3864 quod
2697 3791 3019 3864 supervixit,
3046 3790 3344 3848 confessio-

1754 3906 1913 3960 nem,
1964 3886 2329 3962 penitcnciam
2360 3893 2416 3943 et
2448 3894 2792 3943 sacramenta
2845 3882 3093 3959 corporis
3136 3880 3348 3938 Christi

1754 3985 2034 4055 suscipere
2080 3979 2486 4054 promeruit‘".
2541 3978 2852 4034 Richardus
2895 3973 3348 4046 archiepiscopus

1751 4073 2169 4130 Cantuariensis
2217 4071 2569 4144 congregavit
2620 4083 2881 4141 magnum
2934 4063 3233 4120 concilium
3289 4062 3346 4118 in

1754 4167 1969 4240 Angl'ul,
1993 4166 2220 4222 civitate
2252 4162 2629 4221 Lnndonensi.
2667 4160 2734 4217 Et
2782 4160 2963 4215 adlmc
3009 4165 3167 4213 vetns
3214 4172 3349 4228 que-

1754 4262 1865 4319 rela
1894 4261 1960 4317 dc
1985 4260 2226 4330 primatu
2276 4256 2558 4312 Britannic
2587 4256 2729 4311 inter
2757 4254 2937 4325 ipsum
2963 4258 3018 4307 et
3048 4249 3346 4322 Rogerinm

1753 4353 2228 4424 archiepiscopum
2257 4350 2661 4409 Eboracensem
2712 4352 3040 4417 perseverat.
3083 4341 3350 4397 Similiter

1755 4445 2172 4503 Bartholomcns
2205 4442 2652 4514 archiepiscopus
2681 4436 3022 4493 Turonensis
3046 4435 3346 4509 concilium

99 4539 141 4585 et
177 4532 302 4592 ﬁlius
336 4553 476 4594 suus
522 4553 620 4592 rex
644 4537 854 4607 junior,
884 4536 1263 4596 transfretavit
1289 4538 1344 4594 in
1376 4541 1647 4612 Angliam.
1685 4559 1730 4616 υ
1754 4539 1947 4597 habuit
1972 4554 2097 4593 cum
2125 4536 2399 4607 episcopis
2424 4531 2704 4589 Britannic
2737 4529 2993 4586 Bcdonis.
3047 4527 3206 4601 Hugo
3238 4526 3345 4582 Pe-

98 4620 211 4690 Qlia
232 4645 351 4687 vero
395 4630 583 4688 clerici
625 4639 681 4687 et
722 4630 869 4699 laici,
899 4631 1134 4688 barones
1157 4641 1212 4688 et
1246 4633 1466 4700 milites,
1497 4650 1655 4706 cepe-

101 4724 201 4770 rant
219 4717 279 4776 de
300 4721 479 4777 cervis
507 4720 625 4777 suis
651 4720 770 4778 sine
804 4719 978 4793 ipsius
1006 4706 1530 4789 licentia,'emunxit
1556 4739 1655 4779 cos

101 4806 243 4865 multo
261 4822 503 4887 argento.
541 4812 656 4869 Rex
702 4812 886 4871 Scotie
911 4814 1229 4885 paciﬁcatus
1254 4824 1338 4872 est
1372 4832 1498 4872 cum
1530 4832 1654 4889 rege

102 4894 260 4971 Anglic
282 4903 382 4963 hoc
410 4904 599 4962 modo.
649 4903 801 4962 Fecit
853 4906 905 4961 ci
943 4905 1259 4978 homaginm
1288 4915 1344 4964 et
1372 4907 1653 4980 ligantiam

103 4989 161 5045 de
179 4998 311 5054 omni
340 5007 484 5055 terra
515 5014 637 5066 sua,
661 5007 723 5054 nt
744 4997 967 5070 proprio
995 4999 1251 5067 domino;
1278 5008 1334 5056 et
1357 5001 1653 5068 concessit,

101 5087 151 5133 ut
168 5096 339 5143 omnes
360 5087 605 5159 episcopi
633 5096 778 5144 terre
801 5085 991 5155 illius,
1022 5090 1119 5159 qui
1147 5100 1277 5145 sunt
1305 5107 1534 5147 munero
1557 5092 1654 5147 de-

102 5185 217 5243 cem.
241 5187 288 5235 et
310 5180 533 5238 abbates
561 5187 617 5237 et
643 5179 873 5238 comites
900 5188 956 5240 et
1000 5180 1239 5239 barones
1265 5182 1369 5240 hoc
1395 5183 1539 5239 idem
1571 5183 1654 5240 fa-

1749 4633 1820 4691 tri
1862 4632 2086 4698 Leonis,
2112 4630 2325 4703 legatus
2372 4625 2520 4684 sedis
2570 4624 2845 4690 Romane,
2891 4620 3089 4677 transit
3119 4620 3176 4675 in
3232 4618 3346 4674 An-

1755 4725 1919 4798 gliam
1937 4724 2027 4779 ⁸⁷⁸.

1830 4818 1851 4872 1
1872 4816 1987 4871 176.
2277 4813 2368 4870 25.
2657 4809 2746 4865 59.
3036 4804 3128 4860 22.

2277 4813 2368 4870 25⁸.
2657 4809 2746 4865 59.

1825 4908 1926 4964 Nix
1957 4918 2013 4964 et
2039 4907 2161 4980 gelu
2186 4907 2520 4963 duraverunt
2554 4919 2585 4959 a
2614 4900 2894 4959 nativitate
2918 4895 3139 4954 Domini
3166 4913 3345 4970 usque

1753 5000 1824 5054 ad
1850 4999 2286 5070 puriﬁcationem
2318 4996 2477 5053 beate
2513 4994 2701 5052 Marie.
2744 4991 2896 5058 Obiit
2938 4986 3232 5047 Richerins
3278 4989 3347 5049 de

1755 5091 1973 5162 Aquila,
2000 5098 2055 5145 et
2100 5089 2367 5145 successit
2395 5087 2447 5144 ei
2495 5086 2793 5143 Bieherius
2835 5083 2983 5141 ﬁlius
3026 5083 3166 5155 ejus.
3196 5079 3346 5138 Obiit

1758 5180 2066 5238 lticltardus
2092 5196 2279 5239 comes
2305 5180 2375 5238 de
2403 5179 2653 5254 Stregnel
2674 5220 2691 5248 ,
2732 5177 2879 5235 ﬁlius
2905 5175 3125 5234 comitis
3166 5174 3345 5231 Gisle-

1375 5276 1607 5334 VABLIE
1646 5274 2044 5336 LECTIONES.

166 5431 229 5513 ’Ὗ
245 5441 648 5513 αρβνκνίρικρ
666 5440 735 5495 ab
761 5442 946 5497 eadem
973 5456 1137 5513 manu
1160 5455 1182 5513 7:
1210 5439 1297 5495 vel
1323 5436 1569 5513 Himerii.
1598 5436 1714 5492 Hoc
1734 5436 2001 5513 accerst:
2079 5435 2153 5469 οη

2173 5444 2292 5507 post
2313 5435 2451 5493 hanc
2480 5450 2654 5491 manu
2673 5438 2909 5506 spatium
2922 5431 3125 5490 nomini
3150 5445 3342 5486 tum-

105 5496 242 5583 ieudo
261 5496 569 5583 re'lictsmfin
599 5510 658 5566 E.
690 5496 994 5583 puellarum
1020 5512 1059 5568 i.
1088 5496 1523 5577 ’Edemesbnrch,
1548 5517 1605 5583 et
1633 5496 1864 5583 tercium
1894 5507 1932 5564 i.
1964 5496 2203 5583 Berewic
2233 5508 2318 5583 7P.
2395 5506 2466 5540 ’τι
2487 5496 2993 5571 Ιιαόῑιαεόιιαιαηινς
3032 5518 3124 5559 nec
3159 5509 3338 5557 tamen

108 5582 265 5629 W8
284 5579 410 5649 ipsa.
486 5582 561 5615 ⁸⁷⁸
590 5578 779 5644 manus
799 5583 1016 5637 habitus
1046 5592 1307 5650 mutatu,
1326 5592 1437 5638 non
1464 5580 1717 5652 scriptor.
1795 5580 1867 5616 ⁸⁷⁸
1886 5588 2003 5650 post
2022 5579 2132 5635 hac
2155 5578 2374 5634 habitus
2395 5594 2584 5633 mnus
2611 5586 2867 5633 mutetur.

1595 5670 1829 5733 ΝΟΤΔ.

182 5754 292 5827 679)
327 5759 438 5821 Oct.
473 5764 630 5820 tm.

183 5826 293 5903 680)
325 5832 444 5893 Inde
468 5853 500 5892 a
537 5837 592 5892 ιι.
621 5835 693 5892 29
721 5834 841 5892 Oct.
876 5836 1035 5895 1174.

458 5930 735 5992 Panos.
773 5930 956 5994 CLX.

1833 5762 1983 5835 (681)
2020 5759 2606 5835 βυὶοιιβιξάειξςβουρ

2610 5807 2624 5820 .
2657 5759 2729 5819 cf.
2761 5775 2925 5835 supra
2952 5774 3005 5815 a.
3036 5755 3197 5814 116⁸5.

1824 5831 1975 5899 (682i
2010 5832 2221 5893 Guido.‘
2243 5831 2449 5902 BOUQ.
2521 5841 2531 5852 ‘
2831 5831 2850 5835 ⁷
3146 5860 3149 5863 -

2945 5924 3022 5989 17
