3906 6316
712 427 1060 468 ιιοωκθῐωη.
1210 427 1544 489 ηίικεοηιῖιι.
1628 462 1631 467 λ
1693 425 1995 489 ΑΝϐιιΟΒΙἮ.

564 506 742 574 berti,.
762 488 1077 577 relinquens
1107 487 1397 576 parvulum
1442 505 1612 559 lilium
1642 518 1708 558 ex
1737 503 1845 559 filia
1875 487 2017 575 regis
2041 504 2154 559 Du-

562 582 761 658 veline.
790 584 893 655 Iste
914 599 1213 669 adquisivit
1231 598 1498 669 quasdam
1525 598 1772 653 civitates
1795 597 1850 652 in
1874 596 2155 664 Hibernia,

563 693 774 752 scilicet
802 693 1119 771 Duvelinam
1147 700 1201 771 et
1228 678 1548 769 \Vatrefelth
1578 698 1634 746 et
1660 691 1815 757 alias,
1847 706 1985 762 quas
2015 690 2154 748 ch-

499 806 503 810 '
563 787 717 851 ricus
746 803 841 842 rex
871 770 1199 863 Anglorum,
1227 801 1351 841 cum
1406 783 1463 839 in
1508 784 1736 839 eandem
1766 784 2004 839 insulam
2030 799 2157 853 per-

569 863 742 953 geret,
771 862 978 949 accepit
1001 877 1054 932 in
1079 862 1244 957 manu
1266 893 1384 933 sua.
1408 874 1774 935 lliberhenses
1785 875 2157 958 promiserunt

565 969 683 1043 regi
720 968 963 1024 Henrico.
986 968 1247 1031 tributum
1283 968 1348 1022 de
1391 966 1542 1021 omni
1592 965 1794 1032 insula,
1826 965 2037 1021 scilicet
2091 964 2158 1019 de

569 1042 906 1132 unaquaque
931 1042 1096 1115 domo
1116 1060 1324 1116 corium
1357 1058 1512 1114 bovis
1539 1058 1622 1113 vel
1648 1047 1936 1114 duodecim
1969 1072 2159 1128 argen-

562 1160 700 1209 teos.
715 1151 774 1206 In
790 1151 973 1223 vigilia
986 1151 1189 1222 pasche
1206 1151 1351 1207 circa
1377 1148 1657 1207 meridiem
1674 1147 1852 1204 factus
1866 1156 1949 1204 est
1961 1156 2157 1204 ventus

572 1236 891 1306 vehemens,
908 1234 1184 1312 dissipans
1203 1242 1396 1296 domos
1408 1249 1463 1296 et
1475 1241 1639 1296 silvas
1654 1241 1942 1296 eradicans
1957 1241 2046 1294 “7’.

630 1333 790 1388 H77.
832 1333 1151 1413 Fredericus
1184 1334 1275 1388 9.6.
1308 1333 1621 1411 Ludovicus
1639 1334 1728 1388 40.
1762 1333 2027 1413 Henricus
2063 1332 2154 1388 9.3.

574 1420 575 1423 “
636 1427 696 1482 In
744 1410 1050 1499 septimana
1099 1415 1445 1499 pentecostes
1495 1410 2160 1499 Letthbardi,‘ntaxittie

558 1519 1013 1586 Mediolanenses,
1029 1520 1438 1577 debellaverunt
1450 1520 1751 1576 exercitum
1770 1519 2043 1576 Frederici
2064 1521 2161 1574 im-

558 1604 825 1681 peratoris
854 1609 1303 1676 Alemannorum,
1333 1594 1429 1682 qui.
1464 1620 1594 1669 tunc
1625 1611 1941 1666 morabatur
1980 1610 2033 1664 in
2065 1609 2162 1665 Pa-

558 1690 900 1772 piensiurbe.
928 1690 1187 1772 Ipse-vero
1206 1702 1293 1756 vix
1314 1700 1773 1774 fugiendoevasit.
1803 1700 2156 1767 Guillermus,

1732 293 2089 378 SlGEBElt’fl
2130 278 2654 379 ccutiLACENsts

3701 304 3779 363 ω

2191 412 2233 470 Α
2263 410 2455 464 tissam
2512 426 2638 466 cum
2691 410 2884 465 eodem
2937 411 3196 467 comitatu
3226 411 3371 483 (687)
3394 414 3593 485 accepit
3641 432 3782 477 conm

2262 500 2558 569 Robcrtus,
2590 496 2735 558 lilius
2791 498 3010 559 comitis
3063 503 3314 571 Boberti,
3352 504 3536 560 fratris
3578 505 3784 567 Ludovici

2260 594 2404 665 regis
2428 592 2799 663 Francorum;
2837 605 2892 650 et
2917 597 2989 651 ita
3018 596 3160 653 facta
3185 605 3270 653 est
3300 598 3658 669 quadrigam.
3679 600 3788 660 Obiit

2259 686 2590 743 venerabilis
2616 687 2702 742 vir
2724 686 3000 745 Robertus
3041 689 3212 745 abbas
3242 688 3467 760 Majoris
3508 688 3786 761 Mouasterii,

2258 781 2313 829 et
2336 775 2603 831 successit
2622 776 2671 832 ei
2696 775 2914 844 Petrus,
2944 778 3251 834 monachus
3280 772 3528 849 ejusdem
3569 780 3679 836 loci.
3710 782 3784 839 De-

2259 867 2439 937 posito
2462 866 2611 939 (688)
2636 868 2874 925 Radulfo
2893 872 3089 926 abbate
3110 870 3483 938 Cluniacensi,
3519 875 3789 934 consobrino

2259 957 2478 1016 Comitis
2497 958 2806 1030 Thebaudi,
2837 960 3134 1020 Gauterius
3155 963 3307 1040 prior
3329 961 3518 1019 Sancti
3544 962 3728 1021 Martini
3744 968 3790 1024 de

2258 1052 2481 1127 Campis
2523 1057 2791 1113 successit
2818 1057 2890 1125 ei,
2927 1065 2981 1112 et
3005 1057 3095 1113 ille
3131 1057 3374 1112 exabbas
3426 1056 3599 1112 factus
3631 1069 3700 1113 est
3717 1060 3789 1115 ite-

2260 1162 2381 1200 rum
2406 1146 2555 1216 prior
2584 1142 2867 1204 Caritatis.
2903 1146 3084 1203 Cessit
3108 1147 3276 1203 etiam
3334 1147 3391 1201 in
3444 1144 3552 1203 fata
3581 1145 3791 1206 Robertus

2259 1239 2326 1294 de
2352 1239 2632 1311 Blangeio,
2670 1241 2755 1296 vir
2789 1241 3060 1297 honestus
3104 1250 3158 1296 et
3202 1232 3518 1314 reiigiosus,
3550 1242 3791 1297 monachus

2258 1331 2420 1405 Βροοί
2447 1342 2503 1387 et
2532 1334 2703 1390 abbas
2748 1332 2937 1390 Sancti
2985 1332 3213 1389 Ebrulfi.
3245 1333 3637 1390 Nichilominus
3668 1335 3789 1390 etiam

2261 1421 2532 1479 satisfecit
2561 1423 2800 1480 humane
2819 1427 2929 1481 vite
2956 1421 3223 1482 Osbertus
3246 1426 3422 1481 abbas
3445 1425 3586 1494 Lirc,
3609 1423 3683 1481 cui
3700 1442 3792 1481 sue-

2261 1516 2429 1588 cessit
2476 1515 2648 1573 frater
2683 1516 2804 1588 ejus
2857 1516 3151 1574 Cauterius
3181 1519 3416 1590 junior;
3462 1516 3599 1575 sicut
3638 1528 3683 1574 et
3710 1517 3791 1589 ipse

2261 1614 2606 1663 successerat
2631 1606 2832 1663 seniori
2866 1605 3023 1662 fratri
3058 1623 3161 1663 suo
3200 1604 3548 1675 Guillermo;
3590 1608 3712 1679 quod
3730 1609 3791 1665 vix

2261 1706 2356 1753 aut
2400 1690 2684 1769 nunquam
2734 1697 3002 1766 invenies,
3031 1708 3222 1756 uttres
3247 1699 3453 1756 fratres
3490 1700 3589 1757 sibi
3612 1700 3789 1756 invicem

557 1791 728 1848 frater
754 1793 970 1848 comitis
1007 1792 1272 1850 Thebaldi
1309 1794 1709 1864 archiepiscopi
1741 1792 2077 1848 Senonensis
2102 1801 2155 1848 et
2184 1802 2225 1860 ξι
2259 1782 2558 1846 succedant
2578 1791 2632 1845 in
2661 1790 2929 1863 regimine
2959 1791 3055 1846 alit
3068 1792 3195 1863 ujus
3233 1792 3488 1849 ecelesie.
3521 1789 3655 1848 Obiit
3680 1791 3791 1864 [lngo

556 1883 848 1955 episcopus
875 1882 1255 1951 Carnotcnsis,
1288 1885 1587 1941 translatus
1617 1885 1796 1945 estad
1829 1882 2155 1939 Remenscm

556 1976 1121 2048 archiepiscopatum;
1149 1987 1203 2033 et
1236 1978 1504 2064 successit
1525 1977 1574 2034 ei
1605 1976 1823 2033 Senone
1847 1977 2169 2047 prepositus

556 2063 1024 2126 Autisiodorensis
1050 2079 1104 2125 et
1123 2064 1568 2141 archiepiscopus
1596 2071 1953 2136 Senonensis,
1979 2070 2156 2129 Cuiio

560 2154 802 2216 nomine.
858 2160 916 2216 In
947 2160 1269 2218 Carnotensi
1304 2162 1439 2218 urbe
1464 2159 1742 2218 Johanncs
1773 2152 2154 2242 Salesberieuj

559 2251 660 2322 sis,
709 2253 792 2307 vir
822 2253 1086 2310 honestus
1114 2262 1168 2309 et
1197 2255 1438 2325 sapiens,
1466 2255 1560 2325 qui
1588 2254 1741 2325 prius
1787 2253 1967 2311 fuerat
1994 2254 2154 2311 cleri-

560 2360 662 2401 cus
690 2343 950 2400 Thcbaldi
980 2344 1397 2403 Cautuariensis
1426 2347 1846 2418 archiepiscopi,
1874 2356 1928 2403 et
1946 2340 2151 2418 postea

555 2438 730 2495 sancti
764 2437 971 2495 Thomc
1000 2441 1278 2512 martyris,
1312 2440 1649 2496 successoris
1694 2439 1940 2509 ejusdem
1974 2426 2153 2495 ΤΙιροέ

555 2527 985 2589 δειιίιί.’Μοιἰιιο
1015 2533 1273 2604 episc0po
1316 2532 1629 2588 Belracensi
1682 2532 1853 2602 (685),
1889 2533 2156 2589 successit

555 2621 606 2675 ei
635 2620 919 2693 Philippus
944 2664 960 2689 ,
1010 2622 1155 2677 filius
1200 2620 1420 2677 comitis
1462 2620 1682 2677 Roberti
1711 2663 1727 2688 ,
1778 2621 1966 2678 fratris
2010 2623 2155 2694 regis

556 2709 917 2768 Francorum.
949 2711 1285 2768 Guillermus
1312 2730 1406 2768 rex
1440 2712 1644 2778 Sieilie,
1675 2714 1907 2769 ducatus
1935 2713 2159 2784 Apulie,’

514 2845 521 2849 .
556 2804 897 2876 principatus
930 2789 1137 2876 Capue,
1170 2822 1268 2877 per
1297 2806 1645 2865 honorabiles
1675 2806 1883 2878 legatos
1914 2808 2153 2881 requisi—

557 2895 634 2951 vit
659 2894 969 2952 Johaunam
1000 2897 1164 2952 filiam
1190 2896 1411 2953 Henrici
1439 2898 1583 2969 regis
1608 2892 1905 2970 AnglOrum
1930 2897 1987 2955 in
2019 2915 2156 2955 uxo-

498 3003 502 3013 '
554 3003 695 3056 rem,
721 2997 777 3044 et
803 2989 1029 3061 accepit.
1061 2984 1207 3044 Obiit
1253 2989 1522 3063 Roget-ius
1555 2991 1723 3046 abbas
1754 2990 2155 3075 Gemmeticcnf

553 3078 634 3135 sis
657 3120 672 3146 ,
724 3078 1032 3136 monachus
1062 3078 1241 3136 Bccci.
1289 3078 1435 3135 Obiit
1482 3081 1646 3136 etiam
1678 3079 1953 3151 Radulfus'
1982 3083 2153 3151 abbas

2260 1881 2652 1953 Bigotcomes,
2702 1891 2758 1938 et
2779 1884 3047 1940 successit
3090 1884 3141 1939 ei
3196 1883 3473 1958 Bogerius
3518 1885 3649 1941 filius
3689 1884 3789 1955 ejus.

2256 1973 2528 2047 Rogerius
2574 1976 2642 2032 de
2693 1975 2903 2047 Cripta,
2950 1978 3257 2034 monachus
3309 1977 3518 2034 Sancte
3572 1975 3792 2034 Trinitatis

2255 2059 2695 2133 Cantuariensis,
2724 2065 2902 2123 factus
2945 2076 3031 2123 est
3071 2062 3243 2125 abbas
3300 2067 3497 2126 Sancti
3540 2069 3789 2141 Augustini,

2255 2157 2430 2239 ejecto
2450 2152 2832 2215 Clarénbaudo
2858 2159 3032 2216 electo
3059 2156 3208 2218 illius
3245 2162 3590 2227 monasterii,
3615 2163 3692 2233 qui
3722 2177 3791 2216 no-

2255 2252 2361 2307 luit
2418 2253 2669 2325 aecipere
2708 2253 3145 2310 benedictionem
3203 2270 3235 2310 a
3295 2249 3507 2312 Sancto
3534 2254 3791 2321 Thoma,et

2255 2338 2378 2401 ideo
2400 2346 2649 2417 elongata
2674 2355 2758 2402 est
2782 2347 2851 2403 ab
2872 2362 2958 2404 eo.
2987 2345 3188 2414 Quinta
3216 2346 3352 2403 feria
3386 2349 3444 2403 in
3475 2364 3608 2404 cena
3628 2347 3787 2404 Domini

2255 2437 2476 2507 occisus
2519 2447 2604 2494 est
2644 2437 2882 2495 Sanctus
2912 2432 3247 2496 Guillermus
3285 2456 3316 2495 a
3338 2438 3535 2497 Judeis
3578 2424 3788 2505 Fat-ishis,

2255 2530 2350 2611 qui
2390 2531 2723 2586 concremati
2754 2540 2883 2587 sunt
2907 2531 3050 2604 igne.
3078 2531 3409 2588 Benedictus
3436 2532 3582 2603 prior
3600 2530 3786 2587 Cantua-

2254 2623 2457 2680 riensis
2502 2622 2682 2680 lactus
2714 2632 2799 2679 est
2840 2625 3012 2680 abbas
3043 2625 3111 2680 de
3153 2622 3317 2697 Burc.
3350 2623 3418 2679 In
3439 2620 3604 2680 estate
3637 2633 3685 2678 et
3715 2638 3786 2677 au-

2256 2723 2487 2787 tumpno
2533 2714 2638 2771 fuit
2678 2719 2920 2772 maxima
2940 2716 3185 2790 siccitas,
3221 2700 3369 2773 unde
3414 2727 3471 2773 et
3511 2716 3639 2773 satio
3664 2726 3784 2779 terre,

2255 2808 2456 2865 messis
2482 2807 2764 2881 et‘fenum
2806 2825 2873 2865 ex
2907 2810 3103 2881 majori
3131 2818 3283 2880 parte
3305 2811 3495 2881 periit,
3528 2818 3577 2866 et
3597 2808 3785 2865 collectio

2256 2901 2519 2957 messium
2547 2910 2602 2957 et
2621 2901 3012 2958 vindimiarum
3036 2903 3197 2959 solito
3240 2901 3421 2958 cicius
3458 2903 3644 2957 evenit.
3665 2900 3692 2956 9
3708 2897 3784 2953 iia-

2256 2994 2448 3051 lendas
2510 2994 2745 3068 Augusti
2832 2997 3148 3053 concordati
3212 3005 3344 3053 sunt
3422 2997 3630 3052 donnns
3687 3007 3785 3064 papa

2255 3087 2564 3144 Alexander
2590 3097 2646 3144 et
2671 3088 2997 3146 Fredericus
3036 3089 3336 3163 imperator
3364 3088 3640 3146 Romanus
3665 3088 3707 3141 in
3729 3085 3785 3139 ri-

556 3169 973 3239 Salmuriensis,
1009 3171 1096 3228 cui
1128 3160 1395 3240 successit
1431 3172 1708 3230 Manerius
1742 3176 1973 3233 sacrista
2004 3177 2152 3247 ejus-
2180 3151 2227 3216 θ
2257 3178 2425 3236 vitate
2460 3178 2701 3247 Venetie,
2729 3180 2782 3236 in
2819 3181 2983 3237 domo
3022 3158 3335 3252 patriarche
3370 3181 3549 3253 ipSius
3587 3175 3783 3235 civitatis.

551 3263 678 3319 dem
707 3260 837 3320 loci.
872 3263 1020 3320 Obiit
1049 3266 1215 3321 etiam
1249 3265 1583 3324 Cuillcrmus
1611 3267 1678 3323 de
1702 3268 1957 3336 Curceio,
1989 3270 2153 3326 relin-

553 3367 732 3423 quens
758 3354 1049 3425 parvulum
1098 3354 1267 3409 liliqu
1298 3371 1364 3411 ex
1402 3354 1511 3410 filia
1546 3350 1801 3412 ‘Riehcrii
1832 3357 1899 3426 de
1928 3357 2157 3438 Aquila.

551 3443 735 3501 Cessit
780 3445 945 3503 etiam
993 3444 1047 3501 in
1096 3444 1203 3502 fata
1241 3446 1562 3525 Willerntus
1590 3449 1656 3504 de
1685 3449 1958 3516 Albineio,
1989 3467 2154 3522 quem

550 3536 821 3592 vocabant
850 3538 1105 3595 comitem
1131 3540 1483 3605 d'Araundel,
1514 3541 1830 3612 relinquens
1854 3542 1994 3597 filios
2017 3559 2155 3614 qua-

512 3694 517 3701 ,
550 3624 713 3699 tuor,’
724 3629 939 3705 scilicet
955 3629 1314 3690 Guillermum
1332 3632 1403 3689 de
1426 3633 1677 3688 Albineio
1704 3634 2151 3707 primogenitum,

549 3718 749 3780 etalios
766 3731 877 3780 tres
895 3734 1053 3783 natos
1067 3741 1133 3780 ex
1150 3725 1328 3782 {Eliza
1348 3725 1555 3797 regina,
1571 3742 1742 3782 uxore
1760 3727 1919 3798 primi
1936 3727 2151 3786 llenriei

548 3816 700 3888 regis
712 3815 1035 3887 Anglorum.
1063 3815 1166 3884 Qui
1189 3817 1523 3875 Guillermus
1538 3817 1694 3874 duxit
1713 3818 1954 3875 relictam
1981 3818 2155 3891 linge-

549 3907 619 3961 rii
631 3907 849 3964 comitis
859 3906 1119 3979 chlara,
1135 3907 1299 3964 filiam
1314 3906 1499 3965 JacObi
1514 3908 1581 3966 de
1594 3906 1798 3965 Sancto
1813 3907 2151 3965 llilariornm

555 3999 709 4054 omni
731 3996 896 4065 terra,
918 4015 1083 4070 quam
1106 3999 1245 4055 idem
1283 3998 1522 4057 Jacobtts
1558 4001 1822 4058 habuerat
1850 4000 1902 4055 in
1937 4000 2148 4073 Anglia.

573 4088 576 4092 ’
619 4088 907 4160 Philippus
931 4106 1118 4146 eomes
1153 4090 1515 4148 Flnndrensis
1564 4092 1790 4169 accepta
1830 4108 1993 4148 cruce
2043 4091 2151 4147 lto-

556 4180 697 4236 mini
718 4197 844 4238 cum
868 4182 1066 4255 magna
1095 4201 1258 4240 manu
1292 4185 1524 4242 tuiliUttn
1547 4186 1789 4258 perrexit
1823 4184 2146 4241 Jerusalem.

551 4272 851 4330 Ilascuifus
879 4273 948 4330 dc
984 4273 1193 4333 Sancto
1233 4275 1445 4333 llilario
1484 4277 1720 4352 perrexit
1742 4277 2069 4345 Jerusalem,
2097 4289 2151 4334 et

530 4379 780 4436 .pcregre
802 4358 1052 4422 mortuus
1075 4376 1176 4423 est.
1209 4367 1406 4424 Petrus
1444 4368 1612 4425 frater
1659 4367 1888 4440 Philippi
1929 4368 2149 4424 comitis

550 4447 999 4529 Flandrensium,
1027 4456 1269 4534 accepta
1302 4461 1584 4518 eomitissa
1619 4460 1937 4517 Nive‘rncnsi
1970 4459 2146 4531 (68.2),

551 4538 660 4625 que
689 4549 865 4607 luerat
901 4569 1040 4609 uxor
1087 4554 1293 4610 domini
1345 4552 1746 4610 lssoldnnensis
1775 4552 1941 4610 castri
1973 4552 2144 4622 (685),

550 4651 806 4701 mortuus
855 4654 940 4702 est
979 4646 1149 4718 (686),
1180 4656 1235 4703 et
1290 4646 1413 4703 idco
1439 4645 1689 4710 forsitan,
1722 4645 1852 4717 quia
1886 4643 2157 4700 tuilieiatn'

2255 3270 2442 3328 Mense
2488 3273 2743 3343 Augusto
2798 3272 3070 3353 IIem-iens
3093 3289 3189 3331 rex
3224 3272 3533 3345 Anglorum
3574 3272 3720 3328 senior
3748 3278 3785 3323 et

2254 3360 2568 3420 Gaufredus
2593 3365 2705 3419 dux
2738 3363 3153 3434 Britannorum,
3182 3367 3329 3422 lilius
3352 3367 3502 3438 ejus,
3515 3381 3641 3422 .cum
3655 3362 3782 3417 maxi-

2256 3472 2347 3512 mo
2369 3456 2632 3528 apparatu
2665 3457 3159 3516 transfretavernnt
3185 3461 3240 3514 in
3275 3458 3676 3524 Normanniam,
3698 3456 3784 3528 qui-

2255 3547 2359 3603 bus
2375 3548 2940 3620 obviaveruntjunior
2956 3567 3049 3606 rex
3066 3550 3337 3607 Henricus
3357 3560 3418 3607 et
3446 3550 3685 3608 Ricardus
3706 3548 3785 3602 dux

2252 3638 2677 3709 Aquitanorum,
2701 3642 2845 3699 filius
2866 3642 3010 3713 ejus,
3034 3658 3159 3699 cum
3175 3642 3362 3700 multis
3380 3643 3784 3707 baronibus,cun

2252 3730 2454 3801 gaudio
2471 3747 2670 3804 magno
2688 3735 2954 3790 etltonore
2990 3733 3102 3791 Rex
3121 3730 3391 3797 Henricus
3415 3734 3688 3806 assumptis
3699 3730 3785 3785 lilii:

2253 3823 2371 3880 suis
2417 3822 2656 3881 Henrico
2684 3826 2908 3898 juniore
2945 3839 2994 3885 et
3031 3824 3312 3886 Richardo
3354 3831 3500 3888 duce
3537 3830 3782 3900 Aquitano-

2254 3908 2409 3982 rum,
2430 3925 2487 3973 et
2523 3920 2868 3991 congregatis
2926 3922 3231 3979 baronibus
3265 3922 3384 3980 suis
3442 3923 3581 3995 apud
3626 3919 3782 3975 Vadam

2253 4009 2429 4064 sancti
2461 4008 2714 4083 Remigii,
2732 4012 2873 4081 cum
2897 4030 3023 4087 rege
3045 4014 3388 4072 Francorum
3417 4017 3629 4089 loqutus
3649 4020 3715 4068 est
3738 4024 3784 4063 ει

2252 4114 2359 4169 que
2382 4101 2449 4155 ad
2476 4116 2663 4172 pacem
2696 4115 2848 4171 sunt,
2872 4106 2930 4162 'et
2963 4107 3030 4164 de
3046 4108 3415 4180 susceptione
3441 4108 3614 4173 crucis
3627 4105 3683 4160 ad
3701 4117 3783 4157 ser-

2252 4190 2453 4249 viciutn
2490 4194 2604 4250 Dei.
2642 4194 2768 4253 Inde
2803 4198 3020 4256 donnns
3063 4216 3160 4255 rex
3184 4201 3334 4257 misit
3355 4200 3531 4256 lilium
3558 4211 3694 4256 suum
3717 4206 3784 4249 c0-

2252 4283 2438 4340 ntitetn
2476 4284 2757 4345 Britannic
2807 4305 2933 4346 cum
2983 4293 3184 4348 ceteris
3229 4291 3546 4348 Britonibus
3570 4289 3631 4345 ad
3654 4299 3774 4355 expu-

2251 4382 2524 4448 gnandam
2551 4382 2863 4451 superbiam
2886 4382 3207 4440 Guihontari
3228 4386 3296 4442 de
3315 4378 3518 4442 Lectis.
3547 4377 3781 4439 Mauricius

2251 4468 2547 4541 episcopus
2565 4470 2636 4527 Pa
2646 4473 2898 4532 risiensis
2919 4475 3031 4547 jam
3050 4477 3143 4533 diu
3167 4464 3413 4548 estquod
3442 4469 3654 4533 multum
3671 4470 3780 4526 labo-

2256 4569 2337 4615 rat
2364 4567 2417 4616 et
2460 4563 2676 4632 prolicit
2714 4566 2767 4623 in
2797 4564 3147 4625 cdiflcatione
3181 4571 3431 4626 ecclesia:
3470 4568 3696 4642 predictx
3724 4559 3779 4614 ci-

2252 4651 2456 4722 vitatis,
2480 4654 2641 4726 cujus
2662 4668 2828 4728 eaput
2843 4659 2958 4730 jam
2988 4656 3292 4732 perfectum
3323 4660 3430 4727 est,
3459 4667 3665 4729 excepto
3693 4666 3777 4706 ωι-

552 4733 923 4805 spiritualcm,
956 4737 1007 4793 id
1030 4747 1116 4794 est
1140 4739 1481 4805 clericatum,
1505 4738 1811 4801 dimiserat,
1844 4743 2027 4806 utpote
2053 4734 2149 4806 qui
2248 4743 2359 4813 jm-i
2397 4748 2648 4804 tectorio.
2675 4748 2834 4817 Quod
2883 4767 3024 4824 Opus
3069 4754 3115 4809 si
3158 4753 3473 4825 perfectum
3517 4750 3676 4813 fuerit,
3698 4756 3774 4797 non

550 4827 952 4885 faeratelcctus
974 4829 1041 4886 ad
1062 4831 1437 4905 episcopatum
1460 4833 1937 4892 Caineracensetn,
1963 4827 2149 4883 relicta
2251 4835 2356 4891 crit
2382 4853 2522 4909 opus
2569 4840 2707 4896 citra
2732 4852 2970 4910 montes,
3003 4844 3092 4901 cui
3128 4855 3256 4917 apte
3286 4845 3483 4901 debeat
3508 4832 3772 4909 comparari-

552 4919 824 4990 spirituali
866 4921 1075 4979 milicia
1108 4924 1266 4979 miles
1301 4924 1467 4981 seculi
1502 4924 1676 4980 factus
1723 4923 1919 4978 fuerat.
1951 4918 2048 4976 llic
2081 4935 2146 4975 ex
2254 4926 2470 4984 Mortuo
2512 4929 2846 4990 watcrmmo
2901 4937 3015 4994 ﬁlio
3065 4938 3349 4997 Gutum-mi
3405 4935 3621 5008 Lupelli,
3652 4926 3775 4984 turris

550 5011 745 5068 eadem
775 5012 1058 5070 comitissa
1099 5015 1289 5086 genuit
1319 5032 1483 5074 unatn
1527 5017 1714 5074 filiam.
1753 5015 1930 5083 Quam
1971 5015 2147 5069 comi—
2257 5017 2415 5075 llzroii
2458 5024 2607 5079 venit
2652 5025 2705 5082 in
2744 5047 2968 5087 manuni
2999 5030 3187 5087 domui
3214 5030 3380 5101 regis,
3406 5043 3563 5102 quam
3597 5020 3774 5079 multum

636 5200 639 5201 ν
730 5194 735 5202 λ
792 5194 831 5201 ..
873 5192 876 5200 λ
927 5194 935 5201 .
1228 5198 1236 5211 ,
1376 5216 1379 5221 ί
1500 5202 1503 5205 λ
1550 5202 1565 5214 ,.
1853 5147 2092 5213 ,δ’ΛΒΙτΕ
2141 5147 2548 5211 LECTIONES.

622 5239 693 5273 ⁸⁷⁷
723 5237 810 5294 hic
836 5237 1032 5292 desinit
1061 5239 1340 5308 quaternio
1368 5249 1419 5320 et
1455 5257 1672 5297 "tuitus.
2380 5271 2389 5279 ο

2101 5334 2331 5422 ΝΟΤᾹᾷ.
3200 5420 3202 5422 ὶ
3550 5411 3747 5422 γ-.

2284 5420 2472 5509 ,(θβσ)
2506 5422 2570 5476 Λ.
2603 5421 2758 5491 1176,
2805 5420 3379 5503 secundum'Gontin.
3426 5421 3595 5495 Sigei).
3640 5419 3772 5486 Aqui-

2248 5505 2470 5635 ωέἓέη
2500 5563 2751 5628 Falsum;
2783 5566 3106 5622 comitatum
3152 5568 3473 5625 ltenditavit
3518 5564 3644 5619 ﬁlius
3686 5552 3771 5610 Πιο

2202 5699 2207 5703 ,
2247 5624 2632 5712 tlri‘ltlisfatqtte
2658 5624 2927 5712 Guidonis
2949 5624 3301 5712 Gu’illekltnus.
3330 5637 3525 5703 BOUQ.
3645 5699 3673 5712 Α

2245 5780 2295 5835 d'
2319 5708 2468 5832 (688)
2502 5706 2607 5760 Alii
2647 5715 2775 5762 eum
2801 5706 2915 5779 jant
2948 5724 3000 5762 a.
3046 5709 3217 5778 “76,
3260 5720 3450 5782 sponte
3487 5706 3768 5763 renuntiasse

2285 5794 2409 5835 tcun
2442 5819 2453 5831 .

480 5434 487 5439 ’
554 5422 775 5505 n
806 5420 1232 5489 Bartholomteo,
1258 5420 1353 5492 qui
1384 5419 1523 5505 obiit
1550 5416 1642 5477 xvt
1674 5421 1791 5478 Kal.
1823 5422 1951 5480 Jun.
1979 5418 2139 5483 H73.

554 5491 774 5636 “33%)
798 5526 1080 5636 Mathilde,
1103 5524 1531 5636 ﬁlia-Baimundi
1549 5526 1767 5636 centius
1789 5529 2140 5636 Burgundire,

554 5633 734 5703 primo
757 5632 930 5703 nupta
960 5633 1137 5690 0.loni
1167 5632 1211 5688 ιι
1243 5632 1637 5703 Issoldunensi,
1668 5634 1863 5692 deinde
1903 5632 2140 5694 Cuidoui

554 5702 743 5759 comiti
771 5702 1112 5761 Nivernensi.
1145 5702 1351 5772 BOUQ.
1744 5742 1749 5747 -

630 5772 780 5843 (683)
812 5772 1104 5841 IssouJuu,
1134 5775 1188 5829 in
1216 5774 1394 5846 Berry.
