3906 6316
84 442 91 449 .
222 473 557 518 BOIANORUI.
618 520 623 523 τ
707 470 1043 512 ῖιιλκεοιιυιι.
1069 498 1084 511 .
1194 470 1497 512 ωοιοιιωι.

97 552 366 623 cupierat;
405 564 568 621 quam
622 563 723 604 nec
750 555 906 619 pater
935 548 1093 620 ejus,
1133 563 1236 605 nec
1277 563 1413 604 avus
1455 547 1661 604 habue-

98 654 231 700 τυηι.
248 660 257 665 ’

160 737 265 792 Rex
313 733 584 792 Henricus
622 734 866 806 perrexit
898 735 956 790 in
999 732 1398 790 Bituriceusem
1436 750 1660 807 pagum,

95 838 142 885 et
170 828 374 899 accepit
416 828 471 881 in
501 843 668 883 manu
703 842 805 883 sua
849 835 1095 884 castrum
1127 826 1345 883 Radulli
1383 827 1452 883 de
1490 826 1663 893 Dolis,

95 923 208 994 quia
244 930 364 977 erat
407 919 495 990 de,
518 917 682 977 feudo
712 921 856 992 ejus,
892 929 947 976 et
970 920 1153 975 ﬁliam
1191 920 1411 976 unicam
1453 918 1664 975 domini

91 1015 315 1084 ejusdem
332 1014 527 1081 castri,
548 1030 675 1070 cum
699 1022 813 1070 tota
842 1015 1142 1071 hereditate
1165 1014 1359 1086 ipsius,
1384 1028 1551 1086 quam
1577 1014 1665 1070 di-

92 1113 208 1159 cunt
229 1104 453 1175 quidam
478 1112 693 1160 tantum
724 1105 925 1172 valere,
958 1113 1226 1176 quantum
1256 1105 1401 1165 valet
1419 1104 1666 1160 redditus

92 1198 242 1253 totius
276 1194 634 1254 Normannie.
673 1194 1034 1254 Isoidunense
1073 1198 1241 1254 etiam
1268 1206 1515 1254 castrum
1539 1213 1667 1253 cum

91 1289 327 1345 omnibus
350 1290 696 1361 pertinentiis
711 1290 849 1358 suis,
862 1291 991 1362 quia
1002 1288 1123 1347 Odo
1136 1290 1398 1347 dominus
1414 1290 1669 1363 ejusdem-

90 1381 238 1437 castri
262 1396 438 1451 nuper
473 1383 786 1438 decesserat
810 1390 866 1437 et
902 1382 1193 1452 parvulum
1222 1382 1393 1438 tilium
1434 1383 1668 1454 relique-

91 1482 180 1536 rat,
205 1480 256 1526 et
277 1471 346 1526 ad
381 1472 705 1529 comitatum
733 1472 1183 1543 Andegavensem
1213 1473 1540 1544 pertinebat,
1566 1475 1666 1529 ba-

92 1577 255 1628 rones,
284 1562 381 1632 qui
405 1561 540 1617 illud
579 1562 981 1630 custodiebant,
1010 1564 1337 1629 obtulerunt
1377 1564 1469 1620 ei:
1516 1564 1667 1635 quod

91 1653 247 1708 noluit
282 1654 554 1725 recipere,
584 1656 714 1726 quia
755 1670 867 1711 non
908 1656 1146 1714 habebat
1190 1656 1470 1724 heredem,
1496 1672 1663 1728 quem

92 1746 185 1800 dux
209 1744 542 1816 Burgundie,
567 1746 695 1817 quia
719 1757 990 1823 cognatus
1018 1748 1140 1820 ejus
1152 1756 1292 1815 erat,
1320 1748 1513 1804 furtim
1537 1748 1665 1804 absv

854 340 1225 399 CHRONICA.
1268 372 1339 382 —
1373 338 1785 396 AUCTARIUM
1828 337 2133 419 ROBERTI
2173 339 2262 394 DE
2303 337 2562 397 MONTE.

1698 460 1737 519 Α
1770 454 1901 537 quia
1936 452 2133 511 comes
2174 448 2528 511 Flandrensis
2558 451 2790 511 duxerat
2832 456 2946 514 fere
2987 475 3180 517 omnes
3202 461 3363 520 chri-

3254 296 3362 421 526

1768 547 1978 602 stiauos
1997 547 2199 603 milites
2218 546 2287 602 ad
2304 546 2645 602 obsidionem
2678 544 2909 605 Harenc.
2934 549 3039 606 Sed
3067 560 3246 609 tamen
3264 571 3359 610 rex

1765 637 2067 694 Jerusalem
2092 646 2146 694 et
2174 638 2487 709 patriarcha
2523 648 2576 695 et
2611 638 2704 693 alii
2732 640 2970 711 religiosi
3004 643 3128 711 viri,
3153 645 3364 701 haben-

1765 736 1847 785 tes
1875 722 2082 801 paucos
2108 729 2308 784 milites
2328 736 2383 783 et
2405 729 2723 797 servientes,
2748 745 2844 810 per
2878 731 3133 788 virtutem
3162 747 3351 793 sancte

1767 822 1949 879 crucis
1989 823 2240 878 vicerunt
2277 822 2727 902 innumerabilem
2771 823 3072 879 exercitum
3108 842 3352 899 pagano-

1769 930 1926 982 rum;
1965 914 2125 985 cujus
2147 910 2331 970 crucis
2366 914 2648 986 longitudo
2671 930 2701 969 a
2723 922 2867 969 terra
2894 930 3068 986 usque
3092 917 3159 971 ad
3179 917 3356 973 celum

1767 1004 1994 1078 paganis
2018 1006 2293 1076 apparuit,
2327 1006 2472 1062 sicut
2496 1006 2597 1078 ipsi
2621 998 2898 1062 dixerunt.
2917 1006 2975 1062 In
3002 1009 3104 1064 hac
3131 1009 3366 1069 victoria

1768 1086 2058 1153 christiani
2082 1114 2220 1153 auro
2241 1108 2294 1154 et
2322 1109 2567 1170 argento,
2584 1099 2742 1170 equis
2767 1109 2820 1154 et
2840 1101 3010 1157 armis
3031 1109 3085 1156 et
3106 1104 3364 1159 victuali-

1767 1189 1872 1247 bus
1892 1190 2207 1262 locupletati
2238 1184 2387 1246 sunt.

1840 1282 1999 1338 1178.
2044 1281 2361 1338 Frcdericus
2387 1282 2476 1338 27.
2526 1282 2826 1342 Ludovicus
2844 1286 2933 1342 41.
2980 1270 3245 1343 Henricus
3268 1288 3360 1347 25.

1842 1372 1959 1430 Rex
1998 1372 2268 1430 Henricus
2295 1375 2479 1431 senior
2516 1378 2690 1432 tenuit
2718 1378 2930 1434 curiam
2966 1394 3123 1435 suam
3160 1380 3227 1435 ad
3266 1395 3365 1435 na-

1766 1466 1875 1523 tale
1897 1467 2239 1539 Andegavis;
2273 1475 2328 1522 et
2381 1467 2456 1522 ibi
2504 1483 2630 1524 cum
2659 1470 2751 1525 illo
2800 1470 3026 1526 fuerunt
3047 1472 3234 1543 junior
3267 1487 3365 1541 rex

1769 1557 2038 1615 demicus
2067 1568 2123 1614 et
2145 1559 2455 1616 Riehardus
2489 1559 2599 1614 dux
2622 1561 2918 1631 Aquitauie
2961 1570 3016 1618 et
3054 1561 3365 1617 Caufredus

1767 1650 1879 1707 dux
1900 1649 2226 1718 Brittanuie,
2254 1650 2348 1705 ﬁlii
2373 1652 2514 1722 ejus,
2545 1661 2601 1707 et
2619 1654 2708 1707 vix
2745 1654 2800 1708 in
2851 1654 3034 1726 aliqua
3066 1653 3368 1725 festivitate

1770 1752 1850 1799 tot
1875 1744 2078 1800 milites
2111 1760 2298 1830 secum
2351 1742 2564 1811 habuit,
2598 1745 2704 1801 nisi
2750 1746 2807 1801 in
2851 1747 3211 1803 coronatione
3232 1763 3364 1815 sua,

93 1837 283 1891 tulerat.
333 1834 597 1891 Castrum
645 1838 811 1893 etiam
852 1840 1286 1895 munitissimum
1337 1848 1393 1895 et
1447 1849 1566 1894 arte
1617 1848 1672 1895 ct
1703 1831 1747 1891 Β
1776 1837 1891 1893 sive
1910 1837 1966 1891 in
1998 1837 2354 1892 eoronatione
2378 1836 2474 1891 ﬁlii
2500 1837 2585 1892 sui
2617 1838 2764 1909 regis
2787 1838 3041 1913 junioris.
3069 1835 3218 1893 Obiit
3245 1837 3367 1894 Ste-

95 1935 264 1982 natura
284 1926 617 1996 Toranium,
644 1929 951 1985 viceeomes
992 1930 1239 2000 ejusdem
1281 1931 1448 1986 castri
1483 1929 1666 1986 reddi-

94 2011 162 2075 dit
188 2019 255 2073 ei.
283 2018 484 2075 Totam
523 2020 690 2076 etiam
719 2029 924 2076 terram
952 2022 1176 2079 comitis
1199 2021 1267 2078 de
1311 2020 1534 2078 Marcha
1569 2035 1664 2077 rex

96 2108 335 2167 Henricus
356 2111 389 2167 6
418 2106 649 2168 milibus
688 2114 894 2179 marcis
931 2114 1141 2185 argenti
1186 2114 1341 2181 emit,
1370 2115 1664 2179 valentem,

96 2211 146 2256 ut
169 2203 298 2259 idem
331 2220 428 2259 rex
458 2204 620 2273 dixit,
649 2203 721 2259 20
749 2204 901 2260 milia
937 2221 1154 2263 marcas
1173 2206 1404 2279 argenti.
1432 2205 1666 2277 Episco-

97 2308 185 2364 pus
230 2288 641 2352 Lemovieensis
669 2296 843 2368 (689),
875 2297 971 2368 qui
1019 2294 1139 2353 erat
1184 2313 1373 2363 comes
1421 2298 1667 2369 ejusdem

98 2387 322 2455 civitatis,
359 2403 492 2444 eum
538 2404 635 2460 per
678 2388 1008 2444 decennium
1048 2389 1278 2446 vixisset
1315 2391 1371 2444 in
1415 2391 1664 2458 ceeitate,

100 2487 319 2535 mortuus
351 2489 460 2536 est.
493 2479 751 2536 Castrum
778 2481 1119 2553 etiamjuxta
1142 2481 1443 2553 predictam
1467 2482 1664 2537 civita-

99 2580 187 2624 tem
224 2572 403 2641 situm,
429 2573 489 2627 in
546 2588 656 2644 quo
685 2573 993 2644 requiescit
1026 2566 1249 2630 sanctus
1290 2574 1553 2630 Martialis
1610 2574 1664 2629 in

100 2663 398 2719 monasterio
421 2668 561 2732 suo,
575 2664 883 2722 Richardus
897 2666 1005 2722 dux
1021 2667 1418 2737 Aquitanorum
1442 2667 1669 2724 abstulit

100 2753 371 2810 viceeomiti
393 2756 647 2828 ejusdem
676 2758 840 2813 castri
868 2756 1051 2829 (690);
1084 2767 1138 2832 et
1173 2758 1392 2827 merito,
1417 2760 1546 2830 quia
1570 2761 1667 2816 ad—

101 2845 288 2915 iuvabat
322 2859 510 2920 partes
556 2846 774 2906 comitis
822 2848 1318 2922 Engolismeusium
1363 2852 1535 2924 (691),
1572 2853 1667 2924 qui

109 2936 368 2994 infestabat
406 2936 592 3011 ipsum
618 2941 834 2996 ducem.
866 2939 1012 2997 Obiit
1041 2939 1307 2998 Ruaudus
1347 2941 1665 3001 Venetcnsis

103 3028 374 3100 episcopus,
397 3031 491 3085 vir
535 3032 864 3102 religiosus,
916 3034 1229 3111 monachus
1267 3034 1662 3092 Cistertieusis.

105 3117 433 3180 Guihomarus
491 3122 559 3180 de
610 3123 780 3180 Leion
838 3124 986 3181 venit
1030 3125 1099 3181 ad
1144 3127 1406 3182 domuum
1460 3145 1664 3201 regem,

106 3216 391 3281 promittens
422 3233 490 3273 se
513 3218 581 3273 de
619 3212 775 3273 omni
810 3227 962 3298 terra
988 3214 1085 3275 sua
1120 3218 1299 3275 facere
1327 3221 1661 3277 voluntatem
1691 3211 1733 3268 C

105 3305 217 3372 ejus.
263 3306 545 3381 larnagem
603 3311 671 3366 de
724 3309 873 3366 [toea
930 3311 1167 3367 reddidit
1214 3313 1357 3368 idem
1419 3322 1665 3370 castrum

105 3395 275 3452 domno
304 3402 412 3473 regi
441 3409 499 3456 et
529 3403 721 3459 comiti
748 3401 1011 3459 Gaufrido
1046 3404 1158 3461 tilio
1196 3405 1334 3476 ejus.
1370 3403 1523 3462 Sicut
1547 3404 1667 3461 fue-

108 3501 175 3545 rat
198 3492 246 3547 in
265 3486 432 3552 estate
458 3497 701 3552 maxima
737 3497 982 3566 siccitas,
1011 3498 1086 3554 ita
1102 3497 1206 3553 fuit
1226 3499 1405 3555 hieme
1426 3499 1665 3555 maxima

108 3581 353 3642 inundatio
398 3584 694 3660 aquarum.
749 3589 865 3646 Hoc
913 3604 1060 3648 anno
1108 3592 1254 3647 circa
1313 3591 1665 3647 festivitatem

108 3678 250 3731 sancti
278 3677 542 3737 Johannis
575 3681 730 3737 multi
760 3682 1053 3738 summersi
1091 3683 1298 3753 suntin
1324 3681 1662 3740 ﬂuminibus.

111 3760 157 3818 ln
176 3770 298 3824 mari
332 3772 500 3826 etiam
559 3774 729 3829 multo
772 3789 943 3830 naves
1002 3774 1302 3845 perierunt,
1333 3774 1475 3829 inter
1527 3790 1666 3845 quas

112 3870 217 3926 una,
243 3877 340 3933 que
386 3859 649 3935 portdbat
699 3864 1026 3921 Gaufridum
1064 3867 1405 3937 prepositum
1454 3867 1521 3923 de
1560 3865 1665 3922 Be-

112 3951 247 4019 verle,
280 3969 532 4027 nepotem
579 3956 794 4027 Rogerii
833 3957 1233 4029 archiepiscopi
1280 3939 1664 4026 Eboracensis,
1696 4002 1705 4015 .

111 4046 457 4105 cauccllarium
493 4048 916 4120 regisjnuioris,
944 4059 998 4105 et
1030 4049 1168 4106 alios
1210 4051 1412 4125 multos
1436 4050 1665 4119 nobiles,

111 4144 219 4203 aput
243 4138 496 4196 Sanctum
534 4140 839 4197 Valericum
885 4142 1066 4213 periit.
1109 4141 1399 4213 Perierunt
1422 4153 1665 4214 pretcrea

112 4238 250 4281 naves
289 4231 610 4302 multe,que
659 4231 958 4288 aﬂ‘erebant
1005 4233 1196 4287 vinum
1240 4234 1307 4289 de
1358 4232 1671 4290 Pictavensi

113 4328 241 4385 page,
275 4323 569 4392 utquidam
599 4324 811 4391 dicunt,
844 4324 953 4380 fere
967 4326 1188 4397 triginta
1214 4326 1297 4380 vel
1319 4342 1385 4382 eo
1410 4327 1664 4398 amplius.

113 4402 160 4458 lu
191 4407 464 4470 festivitate
488 4417 663 4471 sancti
698 4416 915 4472 Martini
966 4419 1218 4487 canonici
1258 4417 1521 4475 Doleuses
1555 4420 1667 4476 ele-

115 4490 275 4563 gerunt
341 4505 394 4559 in
443 4507 923 4578 archiepiscopum
997 4507 1328 4565 Rollandum
1398 4510 1664 4566 decanum

114 4582 696 4663 Abrincensem,virum
741 4598 1054 4670 religiosum
1101 4610 1150 4656 et
1200 4602 1527 4668 litteratum;
1575 4603 1665 4659 cui

115 4680 329 4742 electioni
354 4690 1006 4750 interfueruntllcuricus
1027 4693 1341 4766 Bajocensis
1363 4706 1417 4752 et
1439 4695 1667 4751 Richar-

123 4771 206 4831 dus
246 4778 595 4840 Abrincensis
645 4786 908 4858 episcopi,
941 4796 994 4841 et
1050 4785 1324 4843 Robertus
1387 4788 1556 4844 abbas
1600 4788 1667 4844 de

122 4869 292 4937 flente,
315 4885 366 4929 et
389 4877 546 4931 multi
575 4877 670 4932 viri
694 4878 972 4950 relligiosi.
992 4877 1048 4933 ln
1079 4888 1237 4935 nocte
1262 4881 1436 4935 sancti
1457 4880 1671 4938 Audrce

116 4958 265 5020 factus
294 4979 372 5023 est
398 4979 597 5025 ventus
630 4954 954 5037 vehemens;
984 4982 1034 5027 et
1065 4971 1119 5025 in
1146 4970 1263 5042 ipsa
1300 4970 1588 5028 festivitate
1617 4982 1674 5028 et

117 5052 159 5106 in
180 5059 399 5124 predicta
433 5062 618 5133 vigilia
663 5063 918 5133 apparuit
945 5063 1037 5117 lux
1086 5064 1324 5119 maxima
1350 5080 1531 5131 mane,
1569 5081 1662 5120 ve-

117 5145 246 5204 niens
269 5152 334 5206 ab
355 5154 566 5209 oriente
597 5170 770 5224 usque
794 5154 847 5208 in
878 5154 1216 5211 occidentem
1247 5174 1262 5223 ;
1310 5172 1417 5227 qua
1449 5156 1537 5211 die
1558 5172 1663 5226 ρυ-

117 5251 387 5305 gnarerunt
425 5244 726 5301 Christiani
763 5262 887 5301 cum
936 5248 1166 5319 paganis
1216 5248 1361 5317 apud
1401 5246 1666 5304 Sanctum

118 5325 378 5405 Georgium
429 5319 497 5393 de
538 5337 793 5393 Ramula.
818 5338 1052 5395 Putabat
1078 5339 1226 5395 enim
1257 5338 1538 5408 Saaladin,
1572 5339 1668 5411 qui

118 5420 320 5482 duxerat
352 5447 573 5487 uxorem
602 5431 843 5488 Noradin
869 5433 984 5504 jam
1008 5431 1270 5501 defuncti,
1300 5433 1447 5504 quod
1484 5442 1685 5503 posset»

118 5525 286 5584 capere
322 5522 507 5577 urbem
546 5523 849 5581 Jerusalem
895 5525 1277 5583 defensoribus
1310 5526 1665 5583 destitutam:

1765 1930 1983 1999 phanus
2005 1929 2089 1983 vir
2122 1929 2388 1984 honestus
2426 1937 2481 1985 et
2522 1928 2817 1997 litteratus,
2851 1931 3141 2000 episcopus
3177 1929 3365 2003 Rcdo-I

1765 2022 1977 2077 nensis.
2013 2018 2151 2075 Huic
2183 2019 2389 2075 accidit
2427 2020 2660 2090 quedam
2691 2020 2832 2076 visio
2879 2020 3165 2088 mirabilis,
3195 2037 3364 2092 quam

1767 2106 1885 2185 ipse
1927 2113 2222 2184 episcopus
2273 2102 2494 2166 euidam
2537 2112 2813 2168 monacho
2854 2110 3111 2166 familiari
3168 2122 3360 2167 nostro

1766 2215 1894 2263 ante
1916 2215 2148 2269 mortem
2176 2220 2335 2262 suam
2366 2190 2757 2261 manifestavit.
2793 2203 3034 2271 Quedam
3055 2205 3200 2259 enim
3229 2222 3359 2275 per-

1767 2314 1903 2353 sona
1951 2297 2001 2352 ei
2050 2312 2344 2368 apparens,
2370 2296 2476 2351 levi
2512 2277 2671 2351 sibilo
2707 2297 2809 2351 hos
2838 2311 3030 2350 versus
3073 2296 3125 2350 ei
3163 2296 3300 2351 dixit
3341 2316 3357 2352 :

1767 2392 1959 2446 Desine
2004 2390 2185 2445 ludere
2231 2400 2442 2457 temere,
2467 2391 2634 2443 nitere
2675 2405 2890 2459 surgere
2916 2405 3134 2459 propere
3153 2389 3218 2443 de
3238 2389 3363 2461 pul-

1765 2501 1900 2539 uere.
1935 2482 2054 2555 Ipse
2092 2484 2242 2539 enim
2284 2483 2452 2537 multa
2479 2481 2694 2536 ritmico
2725 2480 2969 2536 carmine
2994 2489 3049 2536 et
3083 2496 3248 2552 prosa
3269 2482 3360 2552 jo-

1767 2577 1946 2635 cunde
1987 2587 2041 2633 et
2075 2577 2142 2633 ad
2189 2576 2416 2648 plausus
2438 2574 2724 2629 hominum
2755 2574 3051 2645 scripserat
3079 2593 3094 2642 ;
3149 2583 3204 2630 et
3230 2574 3376 2648 quia.

1767 2673 2058 2743 miserator
2103 2669 2391 2725 hominum
2434 2682 2566 2739 cum
2620 2666 2675 2721 in
2724 2666 2975 2737 proximo
3028 2652 3377 2745 moriturum:

1768 2764 1998 2839 sciebat,
2023 2762 2239 2818 monuit
2269 2776 2393 2816 eum
2430 2768 2488 2815 ut
2516 2774 2545 2813 a
2580 2758 2781 2814 talibus
2815 2757 3116 2833 abstineret
3135 2768 3185 2813 et.
3207 2758 3362 2839 perii-

1767 2859 1992 2914 tentiam
2021 2865 2224 2931 ageret,
2260 2853 2674 2926 Scripsitetiam
2703 2852 2871 2907 vitam
2918 2852 3092 2907 sancti
3131 2850 3381 2931 Firmati’

1767 2947 2031 3021 episcopi,
2064 2955 2118 3003 et
2138 2947 2303 3001 vitam
2328 2946 2504 3021 sancti
2532 2944 2727 3001 V'italis
2758 2944 2921 3015 primi
2946 2943 3161 3000 abbatis
3199 2934 3361 3000 Savi-

1768 3039 1932 3110 gueii.
1967 3029 2199 3108 Scripsit
2235 3020 2398 3092 etiam
2431 3035 2601 3090 michi
2638 3035 3036 3107 quinquaginta
3076 3050 3269 3091 versus
3291 3034 3361 3091 de

1770 3140 2068 3198 senectute,
2107 3131 2161 3185 in
2196 3145 2434 3201 quorum
2467 3129 2661 3184 ultimo
2699 3116 3067 3200 predictOrum
3093 3144 3356 3185 versuum
3405 3197 3408 3200 ἢ

1768 3240 1932 3278 uuam
1948 3222 2249 3279 clausulam
2269 3219 2471 3292 posuit.
2489 3218 2589 3274 Cui
2606 3220 2769 3274 etiam
2788 3228 2964 3274 mater
2981 3208 3362 3275 misericordia

1768 3316 2018 3387 apparuit
2049 3315 2102 3369 in
2127 3314 2277 3370 obitu
2304 3328 2438 3379 suo,
2469 3312 2555 3368 cui
2579 3312 2770 3367 devote
2817 3327 3032 3382 semper
3066 3311 3383 3368 servierat..
3478 3336 3481 3341 ί

1767 3406 1913 3463 Obiit
1944 3405 2253 3463 Gaufrcdus
2283 3404 2575 3474 episcopus
2606 3392 3049 3475 Andegavcnsis.
3086 3399 3143 3456 In
3172 3392 3381 3467 media:

1767 3491 2210 3569 quadragesima,
2241 3495 2294 3548 4.
2318 3491 2437 3546 Kal.
2469 3491 2693 3562 Aprilis,
2728 3492 2975 3548 dedicata
3004 3501 3087 3549 est
3119 3492 3348 3548 ecclesia

1767 3584 1927 3646 Becci
1978 3606 2010 3643 a
2065 3587 2308 3643 Rotrodo
2361 3584 2778 3657 archiepiscopo
2834 3584 3268 3658 Rothomagensi
3305 3593 3360 3640 et

1768 3682 2011 3740 Henrico
2034 3680 2321 3752 Bajocensi
2344 3687 2398 3735 et
2437 3677 2716 3733 Richardo
2740 3678 3067 3734 Abriucensi
3089 3688 3143 3733 et
3163 3676 3385 3750 Egidio.

1768 3771 2092 3831 Ebroicensi
2139 3770 2433 3843 episcOpis.
2467 3767 2607 3825 Huic
2631 3769 2962 3827 dedicationi
2990 3768 3361 3825 interfuerunt

1767 3882 1927 3939 reges
1954 3864 2277 3935 Anglorum,
2305 3872 2460 3933 pater
2492 3870 2547 3919 et
2577 3862 2743 3931 ﬁlius,
2778 3871 2833 3919 et
2868 3861 3148 3920 Johannes
3176 3862 3359 3939 minor

1768 3937 1915 4014 ﬁli—us
1927 3956 2091 4028 regis.
2120 3954 2279 4011 Dedit
2299 3963 2481 4010 autem
2503 3970 2599 4009 rex
2628 3954 2815 4010 senior
2838 3954 2892 4008 in
2917 3955 3098 4009 dotem
3127 3937 3357 4011 ecclesie

1770 4050 1875 4106 100
1885 4051 2054 4106 libras
2067 4047 2491 4121 Andegavenses
2509 4048 2816 4117 annuatim,
2832 4048 2884 4102 in
2897 4046 3227 4103 molendinis
3241 4046 3362 4101 suis

1768 4142 1836 4199 de
1862 4141 2082 4199 Roobec
2106 4140 2281 4215 (692).
2308 4140 2584 4199 Robertus
2607 4140 2674 4196 de
2704 4139 3005 4212 Argentiis,
3042 4138 3361 4195 eellerarius

1770 4230 2245 4303 Gemmeticensis,
2281 4231 2461 4306 factus
2485 4241 2570 4288 est
2608 4231 2778 4288 abbas
2818 4231 3064 4301 ejusdem
3095 4230 3388 4298 ecclesiam.

1770 4327 2043 4384 Galterius
2065 4325 2488 4385 subcellerarius
2511 4324 3143 4396 SanetiWandregisilii,
3177 4314 3358 4379 factus

1770 4420 2049 4476 estabhas
2097 4420 2345 4490 ejusdem
2390 4418 2732 4474 monasterii.
2779 4416 3049 4473 Hadulqu
3071 4417 3137 4472 de
3163 4415 3363 4471 Sancta

1771 4510 2041 4565 Columba
2061 4508 2240 4566 factus
2265 4517 2349 4565 est
2379 4510 2549 4565 abbas
2577 4508 2766 4565 Sancti
2795 4507 3024 4576 Ebrnlli,
3059 4509 3364 4564 monachus

1760 4600 2020 4687 .ejusdem
2046 4600 2174 4656 loci.
2203 4597 2351 4655 Obiit
2376 4598 2652 4681 Jordanus
2674 4598 2911 4667 Tessun,
2943 4607 2996 4654 et
3020 4600 3288 4654 successit
3312 4598 3380 4655 ei.

1774 4692 2043 4748 Hadulqu
2109 4692 2255 4748 ﬁlius
2309 4692 2452 4763 ejus,
2488 4692 2585 4763 qui
2644 4690 2774 4747 fecit
2821 4690 3130 4747 hominium
3182 4692 3367 4747 abbati

1775 4783 1974 4839 Montis
2005 4782 2149 4855 apud
2177 4781 2415 4838 Montem
2440 4782 2507 4838 de
2530 4781 2754 4839 castello
2779 4781 2846 4837 de
2872 4780 3059 4838 Roeha
3089 4789 3144 4838 et
3172 4781 3239 4837 de
3258 4780 3363 4838 Co-

1776 4876 1982 4931 lumba.
2041 4862 2376 4932 Guillermus
2432 4891 2528 4931 rex
2587 4874 2774 4931 Sicilie
2826 4873 2956 4929 fecit
3008 4882 3218 4943 caltam
3244 4874 3368 4935 ﬁeri

1776 4967 2027 5023 Johanne
2069 4966 2255 5046 regine
2305 4981 2403 5022 sue
2443 4965 2622 5033 uxori,
2656 4965 2723 5022 de
2749 4964 3003 5024 dotalilio
3025 4981 3127 5025 suo
3151 4986 3179 5037 ;-
3210 4969 3369 5043 cujus

1778 5071 1986 5133 partem
2042 5059 2131 5115 hic
2183 5059 2470 5131 posuimus
2496 5048 2865 5118 :Cuillcrmus
2921 5061 3105 5117 divina
3164 5061 3370 5140 favente

1773 5154 2050 5209 clementia
2106 5169 2198 5233 rea:
2239 5151 2708 5232 Sicilie,ducatt_ts
2749 5156 2941 5228 Apulie
2971 5155 3366 5227 ,.principatut

1771 5247 1973 5319 Cupite,
2011 5263 2104 5318 per
2128 5246 2225 5299 hoc
2252 5262 2467 5319 presens
2497 5249 2757 5319 scriptum
2775 5249 2967 5304 damus
2999 5256 3051 5303 et
3079 5248 3136 5301 in
3165 5243 3384 5299 dotali-.

1772 5343 1907 5395 tium
1955 5338 2292 5395 concedimus
2337 5339 2896 5398 Joltanne-karissime
2941 5340 3099 5396 uxori
3164 5346 3362 5405 nostre,

1773 5430 2000 5488 Henrici
2044 5433 2319 5505 magniﬁci
2363 5433 2498 5503 regis
2542 5432 2835 5504 Anglorum
2888 5433 3036 5503 ﬁlie,
3094 5430 3365 5485 civitatem

1778 5524 1977 5582 Montis
2003 5528 2175 5581 sancti
2214 5524 2425 5597 Angeli,
2452 5525 2723 5581 civitatem
2768 5525 2997 5598 Siponti,
3019 5534 3068 5607 et
3099 5523 3371 5581 civitatem

1607 5617 1836 5677 ΝΟΤᾸΕ.

177 5699 313 5777 (ego)
339 5705 597 5777 Ceraldus
620 5708 827 5777 BOUQ-

179 5770 315 5867 (690)
337 5776 599 5838 Adelnaro
627 5770 833 5849 BOUQ.

1858 5709 2007 5853 E69!)
2036 5709 2309 5765 Guillelmi
2338 5707 2567 5779 BOUQ.
2658 5777 2670 5790 .

1880 5781 2004 5852 692)
2038 5780 2318 5836 Fluviolus
2346 5779 2670 5849 Rothomagt

1880 5779 2004 5852 692)
2038 5780 2318 5836 Fluviolus
2346 5779 2694 5849 Rothomagi.
