3906 6316
519 280 620 338 52':
710 297 734 319 λ

500 389 508 402 ”
656 410 998 451 ιιοδιλκοκυν.
1150 402 1483 452 rusconuu.
1627 401 1929 453 auctionum.

454 513 460 521 ν
522 483 714 553 Vestae,
751 503 867 541 cum
896 488 1139 541 omnibus
1166 487 1332 558 justis
1374 489 1678 543 teuementis
1705 487 1817 543 suis
1850 497 1901 543 et
1928 489 2094 560 perti-

510 580 705 636 nentiis
732 585 935 634 earum.
954 578 1021 633 In
1043 581 1265 634 serricio
1295 590 1473 635 autem
1497 581 1830 636 concedimus
1857 582 1907 636 ei
1931 582 1994 635 de
2018 591 2094 637 lea-

510 672 765 726 nemeutis
787 670 997 725 comitis
1015 669 1254 741 Cofredi,
1271 670 1503 741 Alesine,
1523 671 1855 740 Peschizam,
1878 672 2090 739 Bizum,

509 760 746 832 Caprile,
775 762 1073 827 Baranum,
1097 772 1146 816 et
1170 761 1419 830 Silizum,
1443 773 1492 818 et
1508 765 1687 818 omnia
1712 764 1823 818 alia
1839 782 1937 837 que
1952 764 2092 819 idem

507 852 679 917 comes
715 852 780 907 de
815 853 1012 908 honore
1057 854 1296 924 ejusdem
1348 857 1631 910 comitatus
1682 855 1879 911 Montis
1918 856 2092 912 sancti

504 940 697 1013 Ληρειί
722 952 893 998 tenere
917 940 1234 998 dinoscitur.
1268 942 1614 999 Concedimus
1638 946 1800 999 etiam
1821 946 1871 1000 ei
1895 945 2092 1000 simili-

508 1044 588 1089 ter
631 1036 687 1089 in
718 1036 936 1090 servicio
969 1035 1378 1103 Caudelarium,
1407 1034 1661 1091 Sanctum
1685 1036 1969 1105 Clericuni,
2000 1055 2092 1092 ca-

504 1127 716 1183 stellum
744 1128 1037 1199 Paganum,
1061 1128 1411 1196 Bisentinum,
1438 1139 1487 1201 et
1511 1128 1841 1201 Cognanum.
1868 1129 2092 1203 Insuper

501 1219 860 1297 concedimus,
883 1228 940 1273 ut
985 1219 1091 1273 sint
1133 1219 1198 1273 de
1242 1229 1532 1275 lonemento
1554 1222 1719 1292 ipsius
1744 1221 1944 1277 dotarii
1979 1239 2090 1297 mo-

501 1292 794 1364 nasterium
820 1310 992 1362 sancti
1021 1308 1283 1363 Johannis
1307 1310 1371 1365 de
1409 1310 1600 1377 Lamo,
1620 1321 1670 1366 et
1710 1313 2089 1367 monasterium

498 1410 681 1455 sancte
724 1400 894 1455 Μανία
932 1401 997 1456 de
1036 1400 1300 1468 Pulsano,
1331 1419 1451 1456 cum
1479 1404 1722 1458 omnibus
1759 1405 2085 1468 tenementis,

498 1508 598 1565 que
619 1495 735 1564 ipsa
759 1495 1084 1548 monasteria
1121 1504 1291 1549 tenent
1317 1494 1380 1549 de
1399 1494 1595 1550 honore
1622 1496 1847 1569 predicti
1867 1496 2089 1550 comita-

501 1594 586 1641 tus
611 1584 811 1640 Montis
843 1586 1019 1641 sancti
1044 1586 1253 1658 Angeli.
1277 1586 1361 1640 Ad
1382 1587 1539 1657 hujus
1562 1596 1738 1642 autem
1781 1589 2086 1645 donationis

496 1686 548 1733 et
571 1678 921 1733 concessionis
965 1687 1142 1733 nostra
1164 1681 1473 1734 memoriam
1494 1687 1543 1734 et
1565 1680 1870 1735 inviolabile
1895 1681 2085 1752 firma-

1694 279 2048 342 SlGEBEBTI
2089 279 2229 340 GEM
2238 285 2618 344 BLACENSIS

2125 397 2174 455 A
2198 397 2334 454 dies.
2367 398 2426 457 lu
2464 401 2586 456 loco
2607 386 2727 472 ejus
2753 402 2960 458 electus
2998 414 3081 459 est
3130 403 3439 460 Gaufredus
3467 402 3621 472 Lais,
3644 404 3793 464 ﬁlias

2194 500 2478 571 cujusdam
2508 502 2797 574 burgensis
2827 502 3073 574 ejusdem
3101 503 3339 559 nominis
3368 503 3437 560 de
3452 503 3789 577 Guingamp.

2193 597 2460 658 Henricus
2532 620 2628 660 rex
2687 604 2985 676 Anglorum
3070 607 3255 661 senior
3302 606 3451 661 circa
3512 607 3793 665 nundim

2192 698 2394 757 Montis
2418 700 2639 759 Martini
2698 704 3073 761 transfretavit
3126 705 3181 760 in
3210 707 3485 778 Angliam.
3519 707 3790 766 Radulfns

2191 804 2362 862 frater
2385 805 2501 863 vice
2514 807 2732 863 comitis
2759 808 2827 864 de
2862 807 3222 876 Bcllomonte,
3256 821 3527 880 cognatus
3569 826 3786 881 genia.

2191 922 2299 962 nus
2318 904 2538 963 Henriei
2570 907 2716 979 regis
2755 908 3083 979 Anglorum,
3112 909 3320 965 electus
3347 918 3434 981 est
3466 910 3537 965 ad
3571 910 3779 981 epicos»

2191 1017 2378 1080 patum
2391 1009 2860 1082 Andegavensem.
2894 1009 3144 1083 Eclypsis
3171 1011 3308 1068 solis
3335 1010 3479 1067 facta
3508 1010 3788 1068 estldibu

2192 1100 2549 1173 Septembris.
2580 1102 2765 1159 Abbas
2785 1102 3035 1159 Gresteni
3057 1112 3313 1159 mortuus
3341 1112 3428 1159 est
3455 1104 3572 1175 (an.
3596 1103 3783 1175 M78),

2190 1193 2279 1248 cui
2334 1193 2603 1249 successit
2652 1193 2989 1250 Guillermus
3037 1194 3107 1250 de
3156 1193 3366 1252 Exonia
3401 1238 3417 1262 ,
3479 1196 3783 1252 monachus

2189 1284 2367 1341 Becci.
2423 1284 2571 1342 Obiit
2617 1285 2926 1342 Richardus
2993 1286 3441 1344 Constantiensis
3494 1289 3781 1360 episcopus

2190 1377 2364 1449 (695).
2408 1376 2614 1433 Eodem
2662 1392 2808 1433 arino
2843 1378 2979 1434 obiit
3026 1376 3304 1436 Robertus
3325 1380 3498 1436 abbas
3563 1380 3781 1451 Ilajoris

2187 1468 2524 1538 Monasteril,
2552 1478 2603 1526 et
2627 1470 2954 1529 successitci
2970 1469 3187 1539 Petrus,
3212 1472 3523 1528 monachus
3542 1472 3777 1543 ejusdem

2189 1560 2318 1628 luci,
2346 1560 2442 1632 qui
2479 1571 2732 1618 mortuus
2752 1570 2857 1631 est,
2887 1578 3014 1619 cum
3039 1563 3270 1620 vixisset
3307 1564 3365 1619 in
3401 1564 3778 1637 regimineab—

2187 1654 2333 1710 batie
2358 1653 2474 1711 fere
2492 1668 2774 1726 perunum
2810 1671 3047 1723 annum;
3078 1655 3778 1713 cuisuccessitﬂervensde

496 1777 729 1824 mentum
751 1786 962 1840 presens
981 1769 1317 1841 privilegium
1340 1787 1434 1841 per
1463 1787 1651 1825 manus
1675 1744 1970 1826 Alexandri
1992 1788 2087 1826 no-
2122 1752 2164 1807 Β
2194 1744 2555 1816 “ﬂammai,
2571 1747 2880 1841 monachus
2898 1747 3144 1841 eiusde
3162 1748 3290 1804 ὶοοίο
3302 1747 3690 1841 Βίθωυείθαθ
3702 1760 3787 1804 δελ

444 1922 445 1925 η
498 1861 628 1915 tarii
651 1864 821 1916 nostri
846 1862 1030 1930 scribi,
1056 1872 1106 1916 et
1129 1860 1275 1917 bulla
1303 1880 1467 1917 aurea
1493 1864 1688 1935 tipario
1718 1865 1975 1934 impressa
2000 1881 2088 1919 ro-

497 1954 742 2009 boratam
773 1963 952 2010 nostro
972 1955 1151 2027 sigillo
1165 1944 1425 2026 jussimus
1446 1957 1708 2012 decorari.
1735 1955 1912 2028 Hujus
1938 1967 2086 2013 certe

494 2052 551 2100 et
569 2052 738 2102 testes
770 2055 825 2102 et
854 2047 1001 2120 regis
1026 2047 1265 2120 sigillum
1300 2047 1547 2105 invenies
1573 2048 1628 2104 in
1654 2049 1925 2121 principio
1957 2048 2086 2105 libri

495 2133 746 2209 Origenis
768 2154 934 2210 super
958 2137 1259 2194 Numerum
1285 2140 1455 2211 (693).
1648 2144 1653 2153 ‘

568 2229 882 2288 Ludovicus
930 2249 1023 2289 rex
1071 2232 1300 2289 Francie
1348 2243 1403 2289 et
1447 2230 1718 2291 Henricus
1764 2249 1860 2290 rex
1892 2232 2085 2305 Anglic

494 2325 831 2381 conveniunt
875 2325 943 2382 ad
992 2326 1326 2398 colloquium
1374 2328 1511 2383 haut
1556 2328 1748 2399 procul
1787 2343 1818 2383 a
1855 2326 2083 2383 Nonan-

491 2418 751 2483 tiscurte;
778 2428 831 2474 et
861 2418 933 2474 ibi
969 2428 1342 2477 tractaverunt
1361 2420 1428 2476 de
1449 2436 1582 2492 pace
1605 2429 1662 2477 et
1680 2421 1837 2476 ﬁrma
1854 2434 2085 2476 concor-

498 2512 590 2568 dia
620 2512 760 2568 intcr
779 2528 898 2581 eos,
921 2514 1064 2569 etde
1092 2514 1440 2584 susceptione
1462 2514 1676 2582 crucis,
1712 2523 1765 2570 et
1787 2514 1854 2570 de
1888 2513 2085 2569 itinere

489 2619 683 2661 eorum
743 2605 800 2660 in
847 2602 1194 2673 Jerusalem;
1226 2606 1348 2660 etsi
1397 2605 1599 2676 aliquis
1643 2621 1833 2677 regum
1862 2604 2083 2659 illorum

489 2697 643 2753 cedat
668 2697 721 2751 in
747 2696 858 2753 fata
894 2696 948 2752 in
980 2698 1101 2769 ipso
1138 2698 1353 2763 itinere,
1386 2698 1531 2767 quod
1561 2696 1705 2753 Deus
1733 2705 1960 2764 avertat,
1985 2712 2082 2752 su-

488 2797 702 2862 perstes
724 2803 943 2843 omnem
979 2789 1301 2844 thesaurum
1348 2797 1401 2842 et
1429 2803 1620 2844 omnes
1670 2787 1923 2843 homines
1950 2803 2082 2844 suos

487 2888 545 2936 et
580 2880 765 2935 omnia
805 2879 1026 2954 mobilia
1071 2895 1170 2936 sua
1211 2880 1435 2935 habebit
1458 2880 1602 2936 sicut
1628 2880 1870 2952 propria,
1894 2889 1948 2937 et
1979 2881 2083 2936 iter

491 2973 741 3045 perﬁciet
761 2989 860 3045 pro
884 2989 944 3030 se
966 2981 1022 3028 et
1049 2988 1148 3044 pro
1173 2971 1453 3029 defuncto.
1488 2972 1748 3042 Deretici,
1771 2989 1910 3044 quos
1935 2972 2081 3045 Age-

489 3082 688 3122 nenscs
712 3074 930 3131 vocant,
958 3073 1013 3120 et
1034 3065 1126 3120 alii
1166 3065 1320 3119 multi
1349 3073 1724 3121 convenerunt
1749 3066 1895 3121 circa
1926 3064 2078 3122 Tho-
2105 3100 2151 3161 Ο

483 3156 688 3223 iosam,
730 3157 873 3212 male
907 3156 1208 3212 sentientes
1230 3156 1296 3210 de
1325 3165 1672 3212 sacramento
1712 3154 1905 3212 altaris
1932 3156 2079 3213 etde

483 3250 745 3322 conjugio
776 3259 832 3304 et
869 3250 992 3305 aliis
1024 3250 1407 3317 sacramentis,
1432 3249 1499 3304 ad
1544 3264 1780 3320 quorum
1825 3248 2080 3305 confuta-

484 3342 695 3398 tionem
738 3341 938 3399 Petrus
975 3343 1186 3413 legatus
1224 3341 1509 3397 Romanus
1537 3350 1590 3398 et
1612 3343 1781 3398 multo
1820 3342 1924 3398 alie
1950 3343 2079 3398 reli-

486 3434 892 3507 giose.persone
916 3451 1041 3491 cum
1073 3434 1331 3506 predictis
1362 3434 1584 3507 regibus
1606 3442 2000 3501 convenerunt,
2026 3445 2082 3491 et

484 3541 680 3596 parum
721 3523 1092 3598 proiecerunt.
1121 3523 1271 3581 Obiit
1297 3524 1570 3581 Robertus
1593 3526 1660 3582 de
1693 3524 1875 3581 Monte
1903 3525 2077 3594 Forti,

486 3618 837 3682 etsuccessit
855 3618 905 3673 ei
933 3616 1094 3689 liugo
1126 3618 1272 3674 ﬁlius
1297 3618 1440 3688 ejus,
1466 3628 1629 3673 natus
1648 3634 1715 3673 ex
1739 3634 1934 3673 sorore
1964 3616 2077 3673 Ra-

484 3707 614 3763 dulﬁ
645 3709 713 3765 de
740 3707 1029 3780 Fulgeriis.
1056 3706 1264 3763 Civitas
1306 3706 1611 3763 Carnutum
1660 3706 1948 3761 combusta
1976 3714 2077 3773 est,

486 3808 541 3856 et
562 3802 959 3856 monasterium
983 3800 1126 3856 beati
1153 3799 1386 3857 Pctride
1399 3797 1584 3863 Valle;
1609 3797 1875 3854 remansit
1896 3806 2078 3852 tamen

483 3889 580 3946 Dei
614 3889 993 3947 misericordia
1015 3888 1250 3945 ecclesia
1275 3897 1462 3942 sancte
1491 3886 1680 3955 Mario,
1702 3894 1756 3942 et
1777 3887 2077 3942 claustrum

484 3984 835 4040 clericorurn.

555 4074 714 4129 H79.
756 4071 1072 4127 Fredericus
1100 4071 1191 4126 28.
1225 4069 1523 4126 Ludovicus
1558 4070 1648 4126 42.
1686 4070 1950 4127 Henricus
1981 4072 2074 4128 26.

554 4162 843 4234 Philippus
866 4178 1051 4219 comes
1082 4162 1434 4219 Flandrensis
1466 4163 1626 4218 rediit
1667 4180 1699 4219 a
1750 4162 2075 4221 Jerusalem.

485 4254 610 4327 (An.
639 4255 797 4311 H78.
848 4254 992 4324 Oct.)
1022 4255 1233 4311 Manuel
1278 4254 1575 4326 imperator
1618 4255 2080 4328 Constantinum-

482 4347 692 4403 litanus
738 4346 883 4402 misit
911 4347 978 4401 ad
1018 4361 1200 4419 regem
1240 4344 1578 4401 Francorum
1625 4346 1974 4404 honorabiles
2002 4341 2091 4402 le-'

2187 1840 2450 1907 maxima,
2474 1849 2529 1895 et
2564 1840 2784 1895 duravit
2806 1840 2901 1895 nix
2929 1840 3042 1896 fere
3058 1840 3317 1911 usquead
3341 1840 3772 1911 puriﬁcationem

2187 1939 2376 1986 sancte
2394 1928 2584 1998 Marie,
2625 1945 2734 2001 que
2775 1930 2983 2001 incepit
3037 1930 3181 1986 infra
3230 1929 3265 1986 8
3300 1931 3423 1987 dies
3451 1940 3579 2003 post
3610 1933 3773 1987 natals

2186 2021 2426 2078 Domini.
2444 2021 2733 2079 lnundatio
2757 2038 3027 2094 aquarum
3058 2025 3297 2080 maxima
3329 2024 3457 2092 fuit,
3479 2026 3773 2084 etmaxims

2185 2123 2318 2185 aput
2352 2115 2541 2171 urbem
2586 2114 3120 2185 Cenomannensem,
3166 2126 3365 2190 pontes
3418 2129 3478 2174 et
3511 2119 3772 2177 domoset

2185 2208 2497 2264 molendina
2523 2209 2844 2265 subvertens
2858 2250 2873 2277 ,
2902 2218 2959 2265 et
2981 2210 3232 2268 homines
3254 2212 3463 2269 multos
3486 2215 3765 2286 periment.

2186 2296 2302 2354 lloe
2341 2298 2508 2355 etiam
2563 2299 2763 2357 accidit
2804 2299 3137 2373 Andegavis,
3182 2312 3238 2359 et
3296 2303 3354 2359 in
3403 2304 3597 2363 multis
3659 2307 3765 2364 aliis

2184 2390 2341 2448 locis.

2256 2504 2566 2563 Gaufredus
2610 2506 2756 2564 ﬁlius
2787 2508 2935 2580 regis
2998 2506 3244 2576 Henrici,
3297 2511 3410 2568 dux
3482 2510 3758 2578 Britannic,

2184 2597 2413 2655 viriliter
2448 2598 2578 2671 egit.
2610 2597 2748 2656 Nam
2783 2599 3181 2657 Guihomarum
3214 2602 3598 2660 vicecomitem
3638 2604 3756 2660 Leo-

2184 2705 2434 2758 nensem,
2469 2691 2564 2761 qui
2587 2706 2686 2747 nec
2711 2691 2882 2747 Deum
2928 2692 3157 2748 timebat
3181 2708 3284 2750 nec
3313 2694 3598 2752 hominem
3623 2712 3754 2750 vere-

2183 2781 2364 2848 batur,
2388 2791 2444 2839 et
2474 2783 2616 2838 ﬁlios
2639 2783 2761 2854 ejus
2784 2784 2861 2839 ita
2884 2784 3138 2858 subegit,-
3152 2785 3302 2857 quod
3333 2787 3524 2843 omnia
3560 2788 3754 2844 castella

2182 2890 2374 2932 eorum
2405 2884 2460 2932 et
2479 2884 2681 2932 terram
2702 2877 2757 2931 in
2788 2892 2957 2933 manu
2982 2894 3084 2934 sua
3107 2878 3270 2950 cepit,
3294 2888 3351 2935 et
3375 2879 3519 2936 duas
3540 2889 3755 2936 tanturn-

2183 2966 2348 3024 modo
2390 2966 2714 3038 parrochias
2787 2966 3189 3024 Guihummaro
3249 2969 3457 3026 seniori
3509 2970 3752 3043 permisit,

2184 3074 2362 3131 usque
2384 3060 2454 3115 ad
2479 3059 2790 3131 proximum
2835 3062 3018 3117 natale
3042 3059 3283 3130 Domini,
3312 3078 3426 3135 quo
3449 3073 3608 3120 erant
3628 3062 3757 3119 Jeni-

2182 3151 2353 3207 salem
2386 3151 2514 3207 ituri
2539 3151 2656 3222 ipse
2699 3160 2755 3208 et
2805 3168 2948 3209 uxor
2978 3162 3102 3222 sua,
3140 3164 3196 3210 et
3220 3154 3599 3212 forsitan’non
3636 3156 3753 3212 redi-

2179 3245 2310 3301 turi.
2344 3245 2745 3303 Guihummaro
2787 3246 2997 3318 juniori
3048 3247 3306 3304 undecim
3353 3249 3671 3320 parrochias
3699 3249 3754 3304 de

2179 3344 2325 3391 terra
2358 3337 2529 3408 patris
2557 3335 2954 3405 suiconcessit,
2992 3345 3207 3393 retento
3234 3354 3426 3395 secum
3477 3340 3547 3395 de
3574 3339 3753 3395 familia

2181 3444 2280 3485 sua
2316 3428 2528 3486 Herveo
2560 3428 2730 3486 fratre
2789 3431 2930 3501 ejus.
2984 3429 3250 3487 Similiter
3300 3429 3434 3488 fecit
3470 3430 3751 3489 Richardus

2178 3524 2290 3579 dux
2320 3524 2633 3596 Aquitanie,
2658 3523 2829 3580 frater
2869 3524 3043 3596 ipsius
3090 3522 3377 3592 Gaul’redi,
3405 3525 3478 3581 de
3504 3523 3747 3581 Gauri-dc

2178 3613 2245 3669 de
2270 3612 2501 3669 Rancun
2529 3632 2545 3682 ;
2570 3630 2698 3669 nam
2729 3613 2985 3670 Castrum
3030 3612 3338 3681 Talleborc,
3363 3614 3513 3687 quod
3558 3612 3751 3670 videba-

2182 3714 2270 3761 tur
2293 3705 2735 3778 inexpugnabile,
2766 3706 3038 3762 munitum
3069 3712 3188 3763 arte
3203 3714 3258 3761 et
3279 3715 3505 3776 natura,
3543 3706 3750 3771 obsedit,

2179 3800 2341 3871 cepit,
2366 3800 2563 3857 diruit:
2587 3810 2642 3856 et
2657 3800 2908 3857 similiter
2927 3810 3169 3872 quatuor
3188 3802 3294 3857 alia
3318 3803 3544 3859 castella
3574 3801 3744 3873 ipsius.

2182 3888 2447 3948 Similiter
2473 3891 2597 3949 fecit
2626 3882 2812 3948 donno
2866 3893 2933 3949 de
2975 3892 3144 3960 Ponz,
3188 3894 3528 3950 destruendo
3572 3895 3747 3949 δοῦναι

2179 3987 2464 4042 castellum
2502 4004 2663 4044 suum
2705 3986 2890 4053 Pons;
2932 3986 3027 4059 qui
3073 3997 3192 4043 erat
3237 3986 3618 4045 confcderatus

2180 4076 2475 4134 Gaufredo.
2527 4079 2726 4135 Comes
2769 4077 3082 4135 llichardus
3122 4080 3270 4135 ﬁlius
3340 4081 3488 4153 regis
3526 4079 3742 4142 llenrici,

2179 4182 2304 4242 post
2334 4172 2764 4228 destructionem
2808 4170 3115 4228 Taillcborc
3167 4188 3293 4227 cum
3343 4174 3663 4244 perrexisset
3699 4171 3742 4224 in

2178 4262 2428 4335 Angliam
2459 4263 2526 4318 ad
2568 4271 2818 4319 sanctum
2863 4261 3132 4319 Thomam
3163 4272 3217 4319 et
3251 4264 3319 4319 ad
3355 4264 3637 4321 videndum
3664 4278 3742 4333 pa-

2182 4363 2317 4411 trem
2348 4372 2541 4423 suum,
2578 4357 2804 4429 quidam
2864 4356 3045 4412 Bascli
3087 4366 3141 4413 et
3191 4355 3539 4416 Navarcnses
3564 4367 3613 4414 et
3638 4355 3744 4411 Bre-

481 4447 668 4510 gatos,
697 4448 758 4494 ut
790 4441 944 4496 daret
967 4440 1133 4495 ﬁliam
1157 4454 1313 4494 suam
1334 4438 1446 4493 lilio
1472 4439 1626 4509 ejus;
1653 4440 1905 4510 quodrcx
1940 4455 2076 4494 (ξοη-
2111 4456 2157 4518 D
2184 4447 2459 4503 benzones
2488 4457 2756 4502 venerunt
2798 4447 2865 4503 ad
2895 4448 3084 4503 urbem
3114 4447 3598 4520 Burdcgulenscm,
3617 4458 3663 4504 et
3684 4448 3744 4517 ip-

481 4532 669 4589 cessit.
695 4532 1004 4589 Alexander
1028 4548 1168 4606 papa
1194 4532 1346 4587 misit
1379 4530 1737 4589 Octavianum
1778 4534 2077 4590 subdiaco-

482 4640 615 4691 num
650 4623 897 4682 Romane
919 4624 1180 4682 ecclesiae
1210 4624 1278 4680 ad
1317 4621 1816 4697 Rothomagensem
1848 4625 2065 4697 provin-
2086 4654 2113 4677 .

480 4715 645 4783 clam,
674 4727 735 4773 ut
766 4726 1092 4774 convocaret
1112 4717 1585 4788 archiepiscopum
1615 4726 1669 4773 et
1701 4717 2075 4789 suﬁ‘raganeos

479 4807 604 4879 ejus
632 4816 688 4864 et
715 4808 940 4865 abbates
995 4810 1145 4865 illius
1170 4809 1472 4880 provincie.
1501 4807 1568 4866 Et
1619 4810 1772 4866 misit
1824 4810 2077 4866 similiter

480 4898 622 4955 alios
649 4900 1016 4956 subdiaconos
1044 4901 1111 4956 ad
1149 4901 1413 4956 orientem
1454 4909 1509 4956 et
1549 4902 1908 4969 occidentem,
1960 4919 2078 4959 me-

479 4990 676 5047 ridiem
703 5000 758 5047 et
786 4993 1235 5062 septentrionem,
1275 5001 1337 5048 ut
1387 4995 1744 5050 convenirent
1774 4995 1843 5050 ad
1892 4996 2078 5052 conci-

479 5081 618 5138 lium
656 5085 929 5156 generale,
949 5085 1096 5155 quod
1137 5097 1256 5141 erat
1284 5085 1530 5141 futurum
1560 5086 1810 5158 proxima
1841 5087 2079 5159 quadra-

479 5174 686 5245 gesima
715 5173 771 5229 in
794 5174 1013 5230 civitate
1047 5173 1253 5231 Romae.
1269 5174 1576 5248 Episcopus
1602 5178 1669 5233 de
1690 5176 1869 5251 Trigel
1902 5178 2074 5250 (695),

479 5281 605 5322 cum
631 5275 883 5340 pergeret
904 5262 1160 5337 Romam,
1204 5269 1403 5326 ablatis
1440 5270 1605 5327 rebus
1653 5272 1911 5329 omnibus
1958 5273 2074 5328 suis

477 5369 533 5417 et
559 5361 739 5434 equis,
764 5361 1084 5419 verberatus
1127 5371 1230 5432 est,
1269 5363 1344 5418 ita
1398 5372 1456 5419 nt
1484 5362 1741 5420 deﬁceret
1779 5363 1920 5421 inira
1949 5374 2074 5423 octo

2180 4553 2297 4593 sam
2328 4538 2517 4593 urbem
2554 4546 2909 4594 vastaverunt
2942 4539 2994 4593 in
3018 4539 3297 4595 suburbiis
3343 4539 3582 4596 flammis
3604 4551 3651 4595 et
3674 4556 3743 4593 ra-

2180 4631 2330 4702 pina.
2362 4629 2695 4687 Guillermus
2716 4647 2901 4688 comes
2925 4630 2991 4687 de
3017 4629 3211 4703 Magna
3264 4630 3430 4699 Villa,
3479 4633 3632 4689 ducta
3657 4631 3743 4684 lilia

2182 4720 2463 4777 Guillermi
2496 4723 2714 4779 comitis
2738 4721 3067 4788 Albcmarle,
3093 4722 3272 4777 factus
3319 4732 3408 4779 est
3450 4738 3630 4779 comes
3667 4720 3745 4774 Al-

2181 4815 2440 4871 bclnarlc.
2470 4813 2778 4870 Richardus
2838 4814 2904 4869 de
2935 4812 3081 4869 Luce
3126 4816 3474 4871 renunciavit
3515 4813 3744 4870 scculoet

2183 4909 2351 4981 regiis
2383 4907 2648 4980 negociis,
2680 4916 2734 4963 et
2768 4907 3036 4962 successit
3081 4908 3131 4963 ei
3172 4906 3487 4963 Richardus
3521 4920 3670 4977 nepos
3685 4917 3738 4955 ει

2183 4999 2460 5056 Gaufredo
2487 4999 2600 5054 ﬁlio
2628 5014 2747 5054 suo.
2780 4996 2918 5054 Cum
2953 4998 3060 5053 ﬁlia
3086 4999 3229 5068 regis
3259 4997 3591 5055 Francorum
3613 4994 3736 5063 (696)

2180 5091 2476 5145 duceretur
2495 5090 2562 5144 ad
2602 5088 2918 5160 coniugium
2955 5088 3051 5144 ﬁlii
3082 5089 3431 5159 imperatoris
3452 5082 3729 5142 Constanti-

2181 5181 2507 5253 nopolitani,
2533 5179 2806 5253 hospitam
2834 5164 2919 5237 est
2960 5190 3091 5252 aput
3131 5178 3394 5235 Sanctum
3420 5177 3724 5235 Benedictum

2179 5291 2344 5346 super
2367 5274 2635 5348 Ligerim;
2667 5289 2904 5344 eumque
2933 5271 3157 5343 quidam
3180 5288 3244 5327 ex
3270 5272 3488 5328 famulis
3516 5269 3619 5339 ejus
3637 5262 3720 5317 vel-

2177 5367 2251 5422 let
2273 5366 2579 5421 acceierare
2610 5366 2790 5438 ignem
2825 5364 3026 5436 injecto
3053 5363 3196 5429 oleo,
3229 5363 3444 5417 ﬁannua
3467 5356 3612 5414 exivit
3635 5364 3712 5421 per

2039 5502 2273 5561 NOTAE.

574 5659 701 5728 694)
722 5659 813 5716 lvo
843 5659 1048 5728 BOUQ.

574 5589 700 5650 693)
732 5590 951 5646 Scilicet
1004 5591 1058 5646 in
1086 5590 1324 5647 armario
1354 5588 1554 5648 Montis
1576 5591 1635 5647 S.
1661 5590 1961 5650 Michaelis.

574 5589 680 5645 693
732 5590 951 5646 Scilicet
1004 5591 1058 5646 in
1086 5590 1324 5647 armario
1354 5589 1554 5648 Montis
1576 5591 1635 5647 S.
1661 5590 1961 5650 Michaelis.

550 5589 701 5802 $694;
722 5659 813 5716 lvo
843 5659 1048 5728 BOUQ.
1739 5733 1751 5747 .
1982 5734 1994 5748 .

573 5730 679 5785 695
733 5729 793 5787 D.
838 5731 904 5787 18
929 5729 1065 5789 Nov.
1126 5733 1426 5790 secundum
1479 5733 1818 5807 necrologia;
1856 5734 1951 5791 sed
1983 5750 2062 5790 me

2168 5602 2399 5659 certum,
2427 5601 2608 5648 utrum
2639 5592 2743 5650 hoc
2766 5605 2913 5647 anno
2941 5605 3011 5645 an
3036 5605 3086 5645 a.
3126 5587 3280 5646 “78.
3304 5583 3485 5652 110130

2244 5664 2393 5736 (696)
2419 5666 2618 5735 Agnes.
