3906 6316
211 549 549 591 ιοιλκοκωί.
642 521 649 526 ”
694 549 1026 589 τηλκευιιω.
1176 549 1477 589 Ακθιυιιωι.
1678 539 1720 592 Α

66 698 69 702 ι
90 627 332 683 foramina
352 626 579 693 camini,
604 635 657 681 et
677 625 873 682 cecidit
899 642 1064 695 super
1104 635 1314 703 tectum
1347 625 1568 690 camini,
1593 633 1647 679 et

90 723 176 776 hoc
195 734 321 774 casu
344 727 458 773 tota
477 718 692 773 abbatia
723 718 1005 774 combusta
1037 727 1138 772 est.
1304 720 1307 721 ⁷

146 810 272 866 Cum
307 826 402 865 rex
437 808 775 866 Francorum
801 810 962 865 vellet
990 825 1256 865 coronare
1291 809 1458 864 lilium
1486 825 1647 864 suum

90 902 394 974 Philippum,
424 901 610 972 posuit
636 903 816 958 locum
864 901 1070 969 Remis,
1114 901 1402 957 terminum
1434 917 1651 956 assum-

91 996 301 1066 ptionem
330 994 489 1049 beate
516 992 716 1061 Marie;
762 1002 817 1049 et
836 993 1180 1066 congregatis
1207 1008 1314 1064 que
1345 992 1409 1049 ad
1439 1001 1648 1048 tantum

88 1085 340 1157 negotium
370 1085 686 1141 necessaria
738 1095 914 1150 erant,
969 1093 1025 1140 et
1053 1074 1368 1142 convocatis
1394 1086 1651 1141 omnibus

86 1172 367 1233 baronibus'
387 1176 559 1233 totius
579 1177 733 1249 regni
757 1176 984 1234 Francie
999 1219 1015 1243 ,
1038 1184 1101 1233 ut
1120 1177 1187 1233 ad
1214 1176 1445 1233 eundem
1467 1177 1649 1233 locum

87 1269 437 1335 convenirent,
487 1268 706 1339 juvenis
751 1270 1100 1325 coronandus
1132 1268 1309 1325 obiter
1361 1285 1485 1326 cum
1535 1269 1654 1324 suis

88 1362 331 1417 similibus
359 1360 416 1415 in
441 1362 637 1417 silvam
660 1371 914 1418 venatum
944 1361 1257 1430 divertit,et
1286 1361 1507 1418 amissis
1533 1378 1653 1416 om-

88 1452 229 1506 nibus
254 1451 441 1517 sociis,
464 1467 564 1521 per
591 1468 757 1507 unam
781 1462 993 1509 noctem
1049 1453 1103 1508 in
1137 1453 1273 1509 silva
1297 1453 1652 1525 vagabundus

88 1542 378 1614 permansit.
409 1542 656 1598 Tandem
701 1543 922 1600 invento
970 1544 1208 1615 quodam
1262 1544 1504 1612 homine,
1555 1545 1649 1617 qui

88 1636 142 1689 ad
161 1650 288 1705 Opus
336 1633 623 1705 fabrorum
668 1636 935 1692 carbones
986 1637 1236 1706 parabat,
1296 1653 1392 1707 per
1420 1652 1546 1692 eum
1581 1637 1650 1692 ad

91 1726 246 1782 socios
268 1741 396 1783 suos
417 1727 683 1784 reductus
703 1737 806 1783 est.
832 1726 909 1784 Ex
934 1727 1229 1786 solitudine
1253 1738 1432 1785 tamen
1474 1737 1528 1785 et
1548 1746 1649 1801 pa-

93 1833 198 1873 rore
227 1826 426 1873 tantam
458 1818 832 1875 i..tirmitatem
868 1820 1128 1901 incurrit,
1171 1822 1319 1893 quod
1367 1823 1649 1879 coronatio

93 1907 191 1977 ejus
208 1914 331 1962 tunc
359 1909 646 1974 remansit.
669 1908 832 1966 Pater
857 1919 1040 1965 autem
1084 1910 1204 1981 ejus
1238 1910 1431 1979 iratus,
1472 1920 1527 1967 et
1549 1927 1648 1982 pro

91 2015 138 2054 se
154 2008 201 2053 et
223 2015 316 2069 pro
342 1998 454 2055 lilio
489 2009 807 2072 rogaturus,
834 2002 902 2058 ad
931 2004 1252 2059 memoriam
1274 2004 1417 2060 beati
1440 2004 1649 2062 Thome

95 2087 138 2139 iu
161 2086 390 2159 Angliam
415 2089 676 2159 perrexit,
723 2090 810 2146 cui
860 2092 1087 2147 multam
1127 2092 1520 2149 humanitatem
1547 2084 1645 2149 ex-

95 2177 403 2244 hibuit,cum
454 2179 512 2233 in
562 2178 752 2235 Galliis
779 2182 1043 2237 exularet.
1087 2181 1245 2238 Dedit
1268 2193 1449 2239 autem
1503 2182 1647 2240 idem

94 2288 188 2338 rex,
218 2273 282 2329 ob
304 2290 551 2331 amorem
581 2285 636 2332 et
687 2276 949 2333 honorem
996 2276 1094 2333 Dei
1122 2285 1177 2332 et
1221 2278 1365 2333 beati
1414 2276 1645 2347 Thome,

95 2366 344 2422 monachis
367 2366 421 2422 in
444 2367 835 2425 Cantuariensi
883 2370 1111 2425 ecclesia
1155 2370 1360 2441 jugiter
1428 2368 1540 2426 Deo
1561 2369 1648 2426 fa--

96 2456 393 2513 uolantibus
415 2466 638 2513 centum
671 2459 884 2517 modios
911 2460 1051 2527 vini,
1080 2460 1311 2532 singulis
1344 2462 1506 2517 annis
1524 2477 1650 2534 pre-

99 2547 201 2604 iatis
221 2551 494 2607 monachis
522 2552 890 2622 accipiendos.
914 2548 1035 2620 Quo
1059 2563 1242 2608 autem
1281 2553 1515 2622 honore,
1537 2569 1651 2625 quo

100 2639 284 2709 gaudio,
305 2652 359 2697 et
392 2659 564 2714 quam
600 2643 886 2714 multiplici
947 2644 1216 2700 donorum
1263 2645 1513 2718 largitate
1553 2662 1649 2702 rex

100 2728 325 2789 lienricus
355 2748 481 2789 eam
506 2736 843 2807 susceperit,
867 2722 978 2792 non
1020 2744 1106 2793 est
1125 2745 1375 2792 nostrum
1413 2736 1644 2793 edicere.

98 2820 275 2878 lanuel
319 2824 623 2896 imperator
667 2825 1306 2899 Constantinopolitanus
1352 2828 1649 2885 vindicavit

102 2927 150 2967 se
167 2913 256 2971 hoc
281 2931 419 2972 anno
434 2918 502 2973 de
544 2916 826 2975 Solimano
871 2918 1060 2988 lconii,
1091 2920 1184 2992 qui
1207 2933 1354 2975 anno
1376 2920 1648 2990 superiori

101 3002 224 3059 illum
248 3005 546 3080 fugaverat,
575 3019 631 3065 ct
656 3011 860 3066 multos
889 3010 956 3067 de
976 3010 1244 3068 militibus
1271 3012 1387 3068 suis
1408 3020 1645 3081 ceperat,

102 3096 287 3169 insuper
303 3110 354 3156 et
380 3118 604 3158 crucem
634 3102 966 3159 dominicam
1009 3104 1060 3159 ei
1088 3103 1405 3160 abstulerat.
1431 3102 1648 3159 Manuel

102 3190 219 3245 enim
244 3192 532 3264 imperator
562 3193 771 3267 fugavit
788 3212 935 3264 eum,
975 3205 1028 3253 et
1068 3197 1271 3253 multos
1290 3197 1357 3253 de
1378 3196 1646 3252 militibus

104 3283 200 3354 eius
229 3287 375 3359 cepit,
399 3297 454 3346 et
480 3289 602 3362 ipse
626 3287 944 3348 Solimanus
992 3290 1184 3347 urbem
1214 3289 1383 3347 lconii
1417 3305 1647 3345 vacuam

101 3375 297 3448 reliquit.

161 3467 409 3528 Sententia
437 3473 732 3546 cujusdam
795 3474 1056 3547 astrologi
1097 3474 1164 3531 de
1191 3475 1370 3549 plagis
1409 3470 1646 3531 futuris:

104 3559 165 3612 Ab
181 3578 300 3617 anno
339 3566 571 3634 presenti
626 3567 1014 3621 incarnationis
1061 3568 1262 3622 domini
1308 3568 1477 3623 nostri
1520 3566 1649 3622 Iesu

108 3648 270 3708 Christi
289 3655 418 3712 H79
462 3659 521 3712 in
563 3668 758 3729 septem
806 3660 983 3725 annis,
1013 3675 1187 3714 mense
1212 3658 1526 3731 Septembri,
1581 3660 1649 3714 12

106 3742 364 3817 indictione,
392 3751 503 3806 sole
530 3751 790 3806 existente
831 3752 888 3806 in
943 3752 1103 3821 libra,
1146 3769 1216 3809 .er
1240 3761 1280 3819 t,
1312 3754 1358 3806 si
1391 3751 1650 3806 Dominus

106 3833 312 3905 miserit,
337 3840 641 3910 conjunctio
701 3842 938 3896 omnium
977 3841 1312 3913 planetarum
1349 3844 1405 3895 in
1440 3841 1578 3896 libra
1599 3852 1646 3896 et

108 3926 245 3981 cauda
262 3933 570 4002 scorpionis.
604 3932 695 3987 Ibi
718 3942 797 3988 est
819 3933 1158 3988 admirabiiis
1201 3950 1376 3988 rerum
1411 3934 1648 3988 mutabi-

106 4014 209 4070 lium
246 4026 546 4081 mutationis
597 4028 961 4098 signiﬁcantia
992 4041 1011 4081 :
1040 4036 1284 4098 sequetur
1329 4026 1467 4081 enim
1514 4035 1648 4080 terre

108 4117 245 4164 motas
271 4115 547 4186 mirabilis,
576 4127 628 4173 et
652 4119 990 4174 destruentur
1016 4119 1133 4174 loca
1185 4127 1436 4173 consueta
1470 4119 1647 4189 perdi-

108 4195 230 4266 ιίθηί,
251 4204 334 4264 βὰν
364 4205 656 4262 Saturnum
694 4218 746 4264 et
800 4207 1034 4265 Martem
1068 4216 1339 4263 manentes
1397 4208 1451 4261 in
1479 4208 1646 4279 signis

108 4288 313 4355 aeris;et
339 4298 433 4350 erit
453 4298 764 4354 mortalitas
793 4308 843 4354 et
865 4301 1174 4370 inﬁrmitas.
1207 4298 1450 4355 Ostendit
1479 4299 1645 4353 etiam

108 4382 250 4439 eadem
268 4393 558 4461 conjunctio
583 4403 792 4450 ventum
817 4395 1055 4451 validum
1084 4395 1448 4467 denigrantem
1470 4408 1645 4448 aerem

109 4482 146 4525 et
168 4476 413 4539 obscurum
453 4486 780 4556 reddentem,
827 4497 878 4542 et
927 4487 1135 4543 venenis
1184 4487 1470 4558 infectum;
1507 4485 1644 4540 etin

110 4578 226 4622 tento
246 4588 334 4628 rex
353 4577 607 4633 terribilis
638 4579 909 4646 audietur,
951 4588 1000 4634 et
1032 4579 1247 4634 terrebit
1280 4578 1442 4634 corda
1469 4578 1643 4631 homi-
1674 4584 1723 4644 ι)

113 4671 289 4725 "libet
330 4683 360 4721 a
411 4671 711 4742 regionibus
756 4672 990 4726 arenosis
1046 4671 1351 4726 sabulonem
1386 4670 1642 4739 accipiet;

112 4748 281 4809 harenis
314 4761 547 4818 civitates
598 4765 873 4835 proximas
902 4766 957 4819 in
998 4764 1229 4835 planicic
1271 4765 1551 4835 cooperiat,
1592 4771 1642 4818 et

113 4843 248 4906 Primo
290 4852 518 4909 civitates
571 4857 874 4923 orientales,
943 4857 1167 4923 Mecum,
1208 4857 1409 4910 Baldas
1446 4866 1496 4911 et
1533 4855 1645 4911 Ba-

114 4928 340 5005 biloniam,
368 4951 416 4996 et
441 4961 617 4998 omnes
639 4946 877 5000 civitates
901 4947 1171 5016 proximas
1189 4946 1458 4999 harenosis
1480 4945 1609 4999 locis
1621 4961 1643 5012 ;

116 5022 231 5121 ηξιηα
263 5030 457 5121 quidem
503 5037 688 5091 evadet
730 5053 829 5108 que
867 5037 1085 5091 harenis
1126 5045 1178 5091 et
1210 5046 1350 5091 terra
1380 5053 1484 5090 non
1517 5052 1642 5106 ope-

116 5119 269 5200 tjatur.
295 5119 449 5194 Signa
478 5136 657 5183 autem
684 5128 844 5200 lmjus
894 5128 971 5183 rei
1010 5137 1133 5182 sunt
1151 5127 1244 5183 nec
1263 5136 1311 5183 et
1345 5127 1643 5198 precedent.

119 5197 211 5260 Erit
227 5209 275 5265 in
303 5217 473 5274 eodem
509 5238 649 5276 anno
690 5197 976 5293 antequam
1007 5219 1216 5293 planete
1253 5197 1567 5275 conveniant
1592 5219 1649 5273 in

847 418 1219 476 CHBONICA.
1261 450 1330 460 —-—
1371 414 1775 474 AL'CTARIUM
1820 414 2120 470 ROBEliTl
2161 415 2248 468 DE
2286 414 2544 470 MONTE.

3218 414 3328 469 $50

1750 530 1910 599 libra,
1941 529 2152 601 eclipsis
2187 529 2337 598 solis,
2368 546 2472 600 qua
2518 537 2683 582 totum
2720 543 2909 597 corpus
2935 527 3048 596 ejus
3073 510 3326 591 οὐδαμ-

1749 621 1911 686 bitur,
1945 629 1994 674 ct
2040 622 2365 691 oppositione
2403 618 2724 690 precedente,
2778 617 2905 671 luna
2937 627 3046 672 tota
3095 619 3330 689 patietur

1748 715 2014 786 eclipsim;
2052 726 2103 770 et
2130 717 2233 770 erit
2279 715 2488 785 eclipsis
2517 714 2645 769 solis
2672 714 2809 785 ignei
2835 713 3049 779 coloris,
3071 722 3124 768 et
3150 713 3332 783 defor-

1749 809 1869 873 mis,
1893 808 2168 863 ostendens
2219 808 2481 878 majorum
2524 806 2717 861 bellum
2763 806 3003 876 futurum
3043 821 3162 858 cum
3189 806 3332 874 επα-

1748 899 1894 953 sione
1918 900 2217 969 sanguinis,
2245 912 2404 969 prepe
2436 898 2679 968 ﬂuvium,
2720 897 2775 951 in
2802 903 2943 948 terra
2991 895 3232 959 orientis,
3255 895 3334 948 si-

1748 995 1951 1049 militer
1976 1002 2025 1049 et
2054 994 2361 1049 occidentis.
2396 992 2543 1048 Tunc
2585 993 2737 1047 cadet
2777 986 3022 1045 dubietas
3059 989 3200 1043 inter
3230 987 3334 1043 Ju-

1749 1086 1871 1141 deos
1896 1095 1946 1141 et
1982 1085 2332 1154 Sarracenos,
2351 1085 2513 1141 donec
2538 1083 2903 1155 dereiinquant
2940 1081 3146 1160 penitus
3168 1096 3335 1151 syna-

1750 1192 1909 1247 gogas
1929 1185 1978 1231 et
2013 1178 2422 1231 manummerias
2451 1193 2608 1238 suas;
2661 1184 2710 1230 et
2735 1189 2914 1229 eorum
2976 1180 3117 1227 secta
3174 1170 3357 1241 jussis;

1751 1267 1852 1321 Dei
1884 1267 2336 1331 adnicliitabitur;
2366 1269 2502 1322 unde
2561 1267 2705 1322 nobis
2749 1275 2933 1319 notum
2991 1265 3084 1331 sit,
3131 1272 3188 1317 ut
3211 1279 3357 1316 eum~

1749 1359 1985 1439 cctipsim
2056 1360 2319 1427 videritis,
2359 1377 2392 1415 a
2448 1368 2595 1415 terra
2663 1359 2866 1414 ementis
2913 1373 3035 1411 cum
3089 1356 3357 1410 omnibus.

1750 1452 1933 1509 vestris
1955 1450 2044 1506 ⁸⁷⁸.
2888 1464 2893 1470 '

1823 1542 1984 1601 “80.
2009 1542 2326 1598 Fredericus
2351 1543 2442 1598 29.
2484 1541 2785 1597 Ludovicus
2820 1544 2912 1598 45.
2946 1543 3209 1597 Henricus
3236 1535 3331 1590 27.

1818 1634 2005 1710 [1179,
2033 1634 2199 1691 Mart.
2221 1633 2301 1708 5.]
2335 1633 2409 1689 De
2432 1634 2656 1689 conciiio
2677 1633 2821 1705 quod
2867 1629 3167 1685 Alexander
3193 1643 3334 1698 papa

1751 1730 1938 1784 tertius
1968 1728 2136 1783 tenuit
2162 1725 2344 1781 Reme.
2375 1722 2682 1779 Alexander
2710 1738 2848 1794 papa
2890 1721 2973 1783 lll.
3017 1719 3191 1775 tenuit
3233 1734 3363 1788 ger

1751 1820 1935 1876 nerale
1972 1818 2266 1875 concilium
2297 1816 2470 1872 Rome
2497 1815 2672 1871 media
2693 1813 3129 1885 quadragesima.
3156 1811 3358 1878 Cuium

1748 1911 1987 1977 decreta,
2020 1924 2127 1981 que
2157 1910 2227 1965 ab
2258 1924 2325 1964 eo
2365 1915 2420 1963 et
2462 1908 2532 1962 ab
2559 1906 2680 1962 aliis
2725 1904 3062 1975 coepiscopis
3109 1902 3230 1970 ejus
3259 1901 3361 1955 ibi.

1749 2002 2053 2061 constituta
2078 2007 2227 2069 sunt,
2285 1998 2430 2072 apud
2477 2013 2580 2054 nos
2602 1997 2892 2052 habentur.
2919 1993 3359 2062 Manueiimpe-v

1748 2102 1900 2151 rator
1924 2088 2567 2163 Constantinopolitanus
2587 2089 2737 2145 dedit
2771 2087 3029 2143 Rainerio
3060 2085 3172 2139 lilio
3196 2084 3363 2138 Wil-'

1747 2188 1905 2245 lermi
1936 2186 2200 2259 principis
2221 2185 2422 2241 Montis
2452 2182 2662 2238 Ferrati
2696 2181 2862 2236 ﬁliam
2916 2194 3094 2244 suam,
3148 2186 3361 2232 natura

1746 2294 1813 2336 ex
1839 2278 2022 2351 priore
2048 2289 2220 2332 uxore
2246 2290 2367 2333 sua.
2395 2272 2514 2342 Que
2534 2286 2660 2329 cum
2687 2270 2913 2336 diceret,
2946 2283 3006 2325 se
3048 2281 3333 2338 nunquam
3358 2290 3363 2307 τ

1747 2370 1913 2427 alicui
1943 2378 2263 2439 nupturam,
2301 2364 2408 2424 nisi
2457 2373 2604 2420 esset
2640 2378 2735 2419 rex
2762 2379 2775 2417 :
2802 2361 3100 2431 imperator
3124 2358 3368 2413 exhila-t

1748 2471 1922 2529 ratus,
1962 2459 2092 2517 fecit
2120 2475 2178 2517 se
2200 2457 2455 2515 coronari
2480 2464 2536 2512 et
2560 2469 2785 2510 uxorem
2817 2467 2973 2509 suam
3004 2458 3059 2505 et
3082 2447 3366 2504 Alexium:

1715 2582 1719 2589 -
1746 2553 1920 2609 illium
1945 2569 2108 2609 suum
2128 2550 2403 2624 juniorem
2436 2550 2820 2620 imperatorem
2874 2559 3000 2600 cum
3028 2556 3201 2597 uxore
3230 2557 3366 2596 sua:

1747 2645 1859 2702 ﬁlia
1893 2645 2037 2717 regis
2073 2643 2431 2699 Francorum.
2460 2640 2735 2696 Similiter.
2765 2637 2893 2694 fecit
2917 2633 3166 2693 coronari
3205 2630 3367 2687 Bai»

1747 2737 1962 2793 aerium
2016 2735 2189 2791 tilium
2237 2733 2501 2790 marchisi
2535 2731 2736 2788 Montis
2785 2728 2996 2786 Ferrati
3047 2741 3174 2783 cum
3224 2724 3339 2781 ﬁlia

1749 2844 1870 2897 sua,
1896 2844 2062 2901 quam
2084 2826 2134 2883 ei
2163 2828 2415 2893 dederat;
2439 2835 2492 2882 et
2518 2825 2663 2881 dedit
2692 2824 2746 2880 ei
2772 2824 3041 2878 honorem
3071 2816 3366 2874 Theseia»

1747 2921 2072 2989 nicensium,
2095 2921 2299 2993 quiest
2324 2919 2563 2975 maxima
2593 2925 2838 2989 potestas
2874 2914 3029 2986 regni
3082 2912 3171 2969 sui
3210 2917 3361 2982 post

1747 3013 2019 3070 civitatem
2051 3011 2739 3082 Constantinopolitanam.
2788 3005 3001 3080 [ιι-[9,]
3027 3003 3362 3067 Conradus,‘

1747 3104 1917 3160 frater
1950 3104 2196 3174 ejusdem
2220 3101 2483 3169 Rainerii,
2507 3101 2728 3171 cepitet
2775 3093 3137 3152 incarceravit
3174 3091 3363 3148 Chrio'

1749 3195 1987 3251 stianum
2028 3192 2504 3263 archiepiscopum
2554 3189 2983 3261 Maguntiensem
3030 3195 3087 3241 es
3119 3183 3341 3241 cancel-

1751 3287 1948 3343 larium
1973 3285 2320 3356 imperatoris
2364 3284 2815 3339 Alemannorum.
2868 3279 2981 3336 Rex
3010 3277 3252 3343 Marroc,
3278 3274 3361 3332 in'

1748 3389 1910 3461 cujus
1940 3396 2207 3461 potestate
2237 3394 2322 3443 est
2346 3394 2460 3442 tota
2479 3383 2700 3450 Am'ica,
2724 3389 2779 3439 et
2810 3380 2975 3437 etiam
3022 3376 3334 3445 Sarraceni,

1749 3482 1842 3552 qui
1860 3488 1990 3538 sunt
2017 3480 2072 3535 in
2108 3478 2392 3550 Hispania,
2417 3475 2666 3532 mittebat
2713 3474 2878 3528 ﬁliam
2903 3484 3085 3538 suam,
3113 3477 3175 3525 ut
3209 3467 3355 3540 qui-‘

1747 3575 1873 3630 dam
1914 3588 2011 3629 rex
2075 3570 2505 3627 Sarracenorum
2561 3567 2784 3624 duceret
2800 3579 2922 3621 eam
2970 3563 3025 3618 in
3079 3574 3329 3616 uxorem.

1748 3666 1922 3734 Quam
1944 3664 2119 3721 stulus
2144 3674 2199 3720 et
2228 3663 2378 3736 galee
2400 3661 2543 3734 regis
2586 3658 2777 3716 Sicilie
2818 3658 3142 3713 invenerunt
3163 3654 3338 3740 etad.

1746 3760 2023 3815 duxerunt
2042 3755 2111 3812 ad
2141 3755 2653 3834 dominumsuum;
2701 3750 2846 3807 unde
2866 3764 2962 3805 rex
3013 3747 3154 3803 letus
3183 3744 3357 3817 paci-'3

1746 3851 1943 3906 iicatus
1972 3856 2057 3905 est
2077 3864 2201 3906 cum
2231 3855 2388 3918 patre
2407 3847 2548 3918 ejus,
2570 3844 2661 3900 illa
2685 3843 2926 3909 reddita;
2961 3849 3015 3896 et
3042 3848 3195 3911 pater
3213 3837 3363 3908 ejus-

1747 3938 1981 3995 reddidit
2012 3937 2127 4010 regi
2156 3935 2340 3992 Sieilie
2360 3936 2497 3991 duas
2525 3935 2794 4000 civitates,
2846 3930 3055 3987 scilicet
3075 3926 3334 3982 Amicam

1745 4040 1799 4086 et
1821 4030 2091 4094 Sibiliam,
2121 4044 2291 4099 quam
2343 4026 2632 4083 Sarraceni
2676 4023 3016 4081 abstulerant
3047 4019 3363 4075 Willerm0'

1745 4122 1859 4193 regi
1881 4122 2084 4188 Sicilie,
2100 4120 2241 4192 patri
2269 4120 2429 4176 istius
2452 4119 2615 4190 regis.
2634 4115 2845 4192 [ii79.]
2863 4115 2973 4172 ne:
2999 4111 3298 4169 Jerusalem
3319 4130 3363 4177 ,'

1745 4213 1999 4284 princeps
2041 4220 2266 4268 sanctus
2309 4220 2363 4268 et
2415 4211 2700 4277 honestus,
2768 4225 2799 4265 a
2839 4207 2951 4264 Deo
3005 4204 3338 4274 ﬂagellatus,

1745 4305 1872 4376 quia
1900 4302 2131 4375 ﬂagellat
2158 4303 2303 4360 Deus
2336 4318 2555 4358 omnem
2578 4302 2748 4358 ﬁlium
2774 4315 2937 4371 quem
2975 4298 3207 4368 recipit,
3239 4294 3371 4350 δάι’

1739 4392 1895 4464 jutus
1940 4407 1972 4448 a
2016 4391 2423 4449 christianitate
2475 4389 2862 4455 transmarina,
2903 4386 3033 4443 fecit
3087 4394 3333 4441 castrum

1745 4484 2177 4540 munitissimum
2204 4491 2258 4540 et
2283 4492 2400 4539 arte
2443 4493 2498 4538 et
2525 4490 2721 4537 natura
2761 4494 2926 4550 super
2958 4477 3183 4539 ﬂuvium
3213 4474 3338 4529 Jor-

1747 4577 1965 4642 danem,
1989 4563 2135 4646 quod
2154 4585 2383 4632 vocatur
2408 4573 2619 4630 Vadam
2645 4571 2833 4639 Jacob,
2865 4571 2957 4625 ubi
2987 4571 3225 4624 luctatus
3250 4575 3343 4622 est

1747 4665 1917 4719 Jacob
1941 4679 2064 4719 cum
2090 4665 2316 4736 angelo;
2340 4662 2642 4735 jocundum
2665 4661 2958 4717 amenitate
2978 4672 3264 4713 nemorum
3278 4663 3363 4711 et:

1748 4764 2031 4827 pratorum
2061 4764 2115 4809 et
2138 4755 2369 4825 piscium
2384 4762 2438 4809 et
2465 4752 3003 4816 molendinorum,et
3022 4747 3348 4818 proximum.

1748 4847 2063 4904 civitatibus
2086 4846 2302 4903 Belinas
2330 4854 2386 4902 et
2414 4842 2637 4900 Damae.
2672 4842 2739 4897 Et
2765 4841 2894 4913 quia
2945 4838 3214 4911 Agarenis
3240 4850 3349 4907 per

1750 4940 1857 4995 hoc
1886 4939 2085 4993 vadum
2115 4936 2380 4992 transitus
2400 4943 2484 4991 est
2509 4935 2566 4989 in
2603 4943 2753 4989 terra
2786 4932 3241 4993 Christianorum,
3266 4927 3345 4981 ib~

1749 5032 1842 5089 lud
1865 5044 2031 5101 quam
2060 5028 2299 5100 plurimo
2320 5027 2448 5083 odio
2468 5026 2688 5081 habent.
2725 5024 2874 5079 Obiit
2913 5021 3180 5095 Rugerius
3215 5016 3337 5071 Wi-

1753 5121 2043 5195 gornensis
2068 5119 2358 5191 episcopus
2384 5116 2622 5174 Turonis
2646 5116 3129 5189 (697),virgenere
3149 5119 3204 5166 et
3222 5123 3331 5164 mo-

1754 5216 1910 5273 ribus
1929 5214 2227 5283 honestus;
2248 5212 2688 5285 siquidempater
2714 5211 2835 5282 ejus
2856 5209 3125 5265 Robertus
3149 5215 3335 5258 comes
3394 5270 3399 5275 ι

1322 5346 1573 5434 um;
1607 5373 2014 5432 LECTIONES.

122 5562 132 5580 ,
172 5497 232 5580 ’ξ’
250 5507 422 5580 abhinc
450 5514 662 5571 habitus
689 5534 876 5572 manus
905 5513 1185 5577 paululum
1222 5524 1430 5573 tantum
1458 5480 1717 5580 mutatur,

122 5568 165 5619 in
182 5568 272 5629 ﬁne
289 5575 413 5652 rom,
438 5568 1055 5659 missurusne};

1744 5527 1851 5566 non
1876 5526 2067 5567 manus
2089 5510 2226 5583 ipsa.
2260 5506 2319 5566 in
2340 5524 2476 5567 voce
2505 5528 2535 5563 ι
2559 5505 2768 5565 exeatis
2788 5518 2915 5561 cum
2947 5520 2968 5557 ι
3000 5497 3199 5557 desinit
3221 5493 3324 5553 ΕΟ.

1617 5727 1848 5786 NOTAE.

175 5824 379 5903 (697)Ᾱο
417 5837 562 5901 U79.
617 5844 916 5903 secundum
963 5842 1308 5902 Benedictum
1338 5843 1847 5916 Pctt‘uburgcnsem.
1925 5915 1929 5921 ι
2008 5903 2013 5915 ¹
