3906 6316
484 276 591 337 535

629 400 977 443 ILOIANOBL'I.
1119 399 1458 439 FRANCOBLYH.
1598 394 1900 436 ANGI.OBL’I.

489 488 542 537 et
578 479 828 533 continuo
864 461 1122 548 pristinus
1155 475 1370 530 coloret
1407 473 1668 545 fortitudo
1708 472 1764 526 in
1800 480 1848 525 te
1876 487 2077 526 rerrtea-

491 571 643 626 bunt.
680 568 792 625 Hec
817 569 999 624 locuta
1033 575 1118 623 est
1151 567 1306 621 beata
1335 565 1526 631 Maria,
1551 572 1604 619 et
1640 560 1924 618 abscessit.
1957 561 2076 615 Mu—

487 660 593 717 lier
620 675 749 717 vero
777 674 873 731 pre
900 659 1096 714 timore
1124 658 1342 713 turbata
1376 655 1672 727 evigilavit,
1702 663 1754 710 et
1788 654 2076 710 ruminans

489 752 806 822 sompnium
835 766 1018 817 suum,
1043 764 1166 805 eum
1196 764 1391 820 magna
1419 746 1784 825 sollicitudine
1813 744 1947 800 illud
1968 759 2079 799 me-

489 843 665 897 morie
685 840 1105 897 coznmendavit.
1119 838 1371 896 Crastina
1393 848 1575 895 autem
1600 839 1946 895 illucescente
1966 836 2075 905 die,

489 933 636 1005 cepit
654 932 927 989 somnium
941 948 1100 989 suum
1113 932 1332 1006 conjugi
1346 946 1448 987 suo
1458 947 1554 1003 per
1564 931 1811 987 ordinem
1830 943 2073 986 narrare.

490 1024 659 1080 Miser
680 1024 1024 1083 sermonibus
1046 1024 1169 1096 ejus
1187 1040 1294 1081 non
1311 1014 1559 1080 adhibuit
1585 1022 1766 1088 ﬁdem,
1791 1037 1891 1078 nec
1912 1023 2078 1077 etiam

490 1135 619 1175 cum
653 1119 861 1175 videret
901 1119 1154 1190 spiritum
1193 1118 1427 1175 deﬁcere
1464 1117 1518 1173 in
1553 1131 1744 1189 puero,
1777 1116 1842 1172 de
1871 1115 2076 1187 agenda

491 1210 790 1281 penitentia
813 1210 1109 1282 cogitatum
1133 1209 1343 1277 habuit,
1369 1210 1464 1266 sed
1491 1217 1665 1265 morte
1697 1216 1990 1279 preventus
2021 1205 2077 1261 in

491 1301 583 1357 die
603 1311 792 1359 octava
804 1302 960 1373 juxta
975 1310 1348 1372 preostensam
1362 1301 1650 1368 visionem,
1676 1301 1729 1355 in
1752 1299 2078 1371 supplicium

492 1393 683 1465 lapsus
721 1403 804 1451 est
850 1394 1169 1467 gehennale.
1199 1393 1558 1449 Perturbatur
1594 1392 1791 1448 mulier
1823 1392 1881 1446 in
1915 1391 2081 1445 alter-

492 1485 674 1541 ntrius
703 1501 854 1552 nece,
880 1495 933 1541 et
952 1485 1135 1540 omnia
1159 1486 1300 1542 sicut
1325 1501 1422 1557 per
1444 1484 1754 1556 sompnium
1777 1469 2079 1540 monstrata

492 1574 733 1644 fuerant,
774 1573 829 1630 in
880 1591 939 1631 se
985 1576 1376 1633 nichilominus
1432 1576 1740 1647 intelligens
1792 1575 2078 1643 accidisse,

494 1663 730 1722 Romam
798 1667 904 1723 sub
973 1661 1322 1724 festinatione
1367 1668 1733 1740 proﬁciscitur
1759 1709 1775 1735 ,
1855 1676 1909 1723 et
1961 1681 2076 1721 rem

1623 260 1986 322 SIGEBEBTI
2023 258 2553 318 GEMBLACENSIS

2091 379 2141 440 Α
2169 341 2544 448 episcopatum
2556 375 2974 433 Carnotensem.
2991 375 3423 433 Obiitllenricus
3443 377 3754 435 comes'l'ne-

3661 264 3751 321 53‘

2176 473 2359 528 censis
2386 472 2558 543 (711),
2589 480 2644 527 et
2668 471 2934 528 successit
2960 472 3010 527 ei
3041 470 3308 529 Henricus
3329 472 3489 527 ﬁlius
3510 470 3650 543 ejus,
3673 489 3756 529 na-

2175 575 2266 623 tus
2287 582 2353 622 ex
2378 565 2488 621 ﬁlia
2532 564 2793 621 Ludovici
2823 565 2969 637 regis
2986 564 3346 621 Francorum.
3388 562 3549 619 Obiit
3589 564 3756 621 Simos

2176 673 2361 714 comes
2388 656 2760 724 Ebroicensis,
2787 665 2843 713 et
2869 657 3273 714 successiteiin
3295 655 3572 714 comitatu
3591 655 3758 713 Ebroi.
3864 655 3865 733 ξ

2178 749 2329 807 censi
2358 749 2412 804 in
2440 747 2779 805 Normannia
2806 750 3118 806 Amalricus
3137 750 3286 805 ﬁlius
3309 749 3463 820 ejus.
3496 748 3653 804 Circa
3680 767 3758 820 pa-

2176 842 2308 898 scha
2348 840 2572 896 Alienor
2603 840 2714 895 ﬁlia
2736 840 2883 914 regis
2918 839 3243 913 Anglorum,
3266 855 3417 895 uxor
3451 836 3760 896 Anfulsire-

2177 933 2260 1005 gis
2280 933 2348 988 de
2375 931 2629 999 Castella,
2662 932 2871 1004 peperit
2909 932 3103 999 ﬁlium,
3139 943 3195 988 et
3239 941 3484 988 vocatus
3511 940 3598 986 est
3643 930 3762 987 Sea-

2178 1024 2370 1093 cbius;
2401 1032 2685 1096 pepererat
2709 1024 2875 1079 etiam
2918 1033 3045 1081 ante
3077 1023 3242 1080 ﬁliam
3279 1039 3484 1078 unam.
3515 1021 3762 1079 Prion'ssa
3864 1032 3865 1096 l

2178 1116 2246 1172 de
2273 1116 2445 1173 Fonte
2474 1115 2649 1173 sancti
2678 1114 2897 1171 Martini
2938 1115 3114 1187 (712),
3152 1115 3355 1171 mulier
3404 1113 3684 1185 relligiosa
3720 1123 3765 1169 et

2180 1209 2369 1281 magni
2397 1209 2635 1281 generis,
2676 1216 2865 1279 utpote
2907 1223 3067 1265 soror
3091 1207 3309 1262 abbatis
3356 1204 3647 1277 Savignei,
3688 1188 3764 1276 qui

2181 1300 2287 1357 fuit
2310 1288 2480 1373 nepos
2527 1301 2770 1357 Simonis
2820 1301 3039 1357 cornitis
3082 1298 3466 1364 Ebroiccnsis,
3505 1297 3649 1352 facta
3697 1308 3766 1352 est

2181 1394 2461 1450 abbatissa
2499 1392 2698 1450 Sancte
2721 1392 3006 1449 Trinitatis
3026 1391 3278 1448 Cadomi.
3309 1389 3399 1464 [11
3409 1387 3766 1461 81-Βεκη.)

2183 1486 2344 1547 Circa
2368 1486 2532 1543 ﬁnem
2564 1486 2771 1543 mensis
2797 1484 2925 1541 Julii
2955 1483 3226 1539 Henricus
3256 1496 3355 1538 rex
3384 1481 3587 1537 senior
3611 1492 3766 1533 trans-

2182 1573 2403 1631 fretavit
2450 1575 2507 1629 in
2555 1573 2830 1646 Angliam.
2883 1571 3199 1629 Gaufredus
3228 1571 3340 1625 dux
3369 1567 3682 1633 Britannic,
3715 1568 3766 1621 ﬁ-

2182 1668 2290 1725 lius
2324 1667 2468 1740 regis
2491 1666 2734 1734 llenrici,
2763 1665 3115 1738 desponsavit
3141 1678 3372 1719 uxorem
3402 1670 3599 1728 sum,
3621 1659 3764 1716 mia:

497 1772 717 1813 summo
740 1757 945 1813 revelat
972 1757 1235 1829 pontiﬁci.
1283 1730 1537 1814 Pri-eterra
1569 1730 1883 1815 constanter
1927 1773 2080 1813 asse-
2109 1730 2153 1791 "
2180 1730 2642 1816 Conanivcomitis
2667 1730 2965 1814 Britannic.

492 1848 626 1917 ruit,
652 1848 797 1921 quod
837 1848 894 1904 in
921 1848 1115 1921 quinto
1137 1865 1282 1904 anno
1314 1850 1384 1905 ab
1407 1850 1500 1905 illo
1526 1849 1766 1905 maxima
1794 1846 1968 1904 fames
1997 1847 2082 1902 in-

495 1948 735 2012 grueret,
777 1939 924 2011 quod
972 1956 1038 1996 ex
1084 1940 1435 2012 corruptione
1477 1942 1624 2000 aeris
1662 1940 2081 1998 innumerabilis

492 2032 781 2088 hominum
808 2033 1098 2089 multitudo
1140 2034 1407 2089 moritura
1431 2042 1594 2101 esset,
1621 2042 1683 2090 et.
1707 2032 1851 2105 quod
1875 2032 2083 2090 clerum

496 2118 807 2178 Romanum
836 2121 1016 2194 gravis
1042 2122 1447 2180 animadversio
1468 2123 1674 2192 feriret,
1700 2123 1806 2180 nisi
1831 2123 1901 2179 ab
1921 2139 2082 2179 exer-

497 2213 638 2270 cicio
669 2212 779 2270 doli
808 2215 1215 2287 resipiscerent,
1245 2216 1349 2272 sub
1372 2231 1483 2288 quo
1504 2232 1534 2272 a
1558 2214 1746 2272 multis
1775 2222 1922 2271 retro
1947 2221 2057 2285 tem

504 2304 734 2377 poribus
755 2322 931 2379 usque
963 2305 1030 2362 ad
1054 2306 1380 2363 hodiernum
1409 2305 1552 2361 diem
1582 2304 1987 2361 laboraverunt.
2016 2301 2087 2358 At

497 2400 721 2453 donnus
752 2414 890 2468 papa
915 2398 1106 2453 volens
1136 2396 1486 2453 manifestius
1525 2396 1688 2463 scire,
1718 2395 1765 2452 si
1803 2409 2086 2451 sermones

495 2487 750 2545 muneris
779 2491 996 2547 veritati
1019 2492 1407 2563 inniterentur,
1434 2491 1783 2550 commendat
1808 2506 1931 2547 eam
1957 2484 2090 2546 auo-

493 2575 671 2659 decim
700 2581 976 2640 nobilibus
1005 2586 1298 2655 matronis,
1332 2586 1470 2642 dans
1502 2584 1610 2642 illis
1647 2592 1984 2655 preceptum,
2031 2588 2092 2638 ut

492 2676 620 2723 cum
644 2669 736 2726 illa
780 2672 836 2728 in
884 2683 1116 2731 mortem
1149 2676 1512 2745 obdormiret,
1542 2674 1747 2748 plantis
1767 2674 1889 2746 ejus
1916 2673 2093 2741 calen,

495 2787 587 2830 tes
616 2772 842 2829 subulas
871 2772 1177 2846 inﬁgerent,
1211 2782 1266 2829 et
1307 2774 1373 2830 de
1402 2775 1670 2846 sanguine
1703 2774 1772 2829 ab
1813 2775 1960 2833 illius
1999 2793 2094 2834 ore

501 2872 762 2921 manante
796 2872 976 2921 vestes
1004 2879 1137 2921 suas
1174 2865 1477 2922 inﬁcercnt.
1515 2865 1559 2921 Ο
1605 2882 1720 2922 rem
1754 2867 2089 2926 mirabilem!

504 2964 700 3029 quarta
732 2953 897 3026 feria,
957 2957 1101 3014 sicut
1128 2959 1461 3031 predixerat,
1507 2960 1645 3015 hora
1706 2975 1849 3016 nona
1896 2961 2093 3019 mulier

2250 1849 2311 1906 In
2340 1851 2738 1925 sollempnitate
2768 1849 2990 1921 pasche,
3038 1857 3171 1919 aput
3216 1854 3475 1903 castrum
3506 1843 3653 1917 quod
3686 1822 3767 1898 di:

2181 1940 2325 1997 citur
2353 1940 2511 1997 Mons
2551 1939 2768 1996 Aureus
2803 1937 2979 2012 (715),
3004 1937 3241 2011 quedam
3294 1937 3512 1991 mulier
3566 1933 3764 1992 infamis

2181 2044 2306 2086 cum
2351 2029 2624 2101 acciperet
2667 2043 2871 2100 corpus
2901 2025 3114 2084 domini
3158 2035 3214 2083 et
3252 2024 3574 2082 Salvatoris
3606 2025 3659 2081 in
3685 2042 3761 2082 ore

2191 2149 2314 2201 suo,
2339 2148 2449 2188 non
2476 2131 2693 2203 glutivit
2717 2129 2873 2197 illud,
2898 2129 3067 2185 immo
3089 2130 3214 2184 tulit
3241 2136 3297 2184 et
3328 2129 3529 2200 po'suit
3551 2130 3605 2184 in
3634 2131 3772 2187 archa
3864 2130 3865 2203 ξ

2190 2244 2291 2285 sua
2320 2227 2629 2284 involutum
2662 2239 2848 2298 panno
2869 2224 3034 2280 lineo.
3066 2222 3207 2279 Cum
3246 2232 3440 2279 autem
3466 2224 3681 2295 quidam
3698 2226 3769 2296 jo-

2189 2320 2345 2382 renis
2372 2319 2617 2375 amasius
2638 2317 2763 2388 ejus
2791 2316 3028 2389 aperiret
3048 2314 3280 2372 eandem
3304 2316 3567 2381 archam.
3596 2317 3769 2372 iniecit

2189 2412 2426 2469 hostiam
2457 2410 2719 2485 dominici
2763 2409 3014 2482 corporis
3057 2416 3493 2464 transmutatam
3539 2409 3597 2465 iu
3625 2406 3769 2480 eligis

2187 2504 2372 2561 carnis
2410 2512 2466 2559 et
2492 2502 2798 2575 sanguinis.
2847 2499 2964 2557 Hoc
2991 2501 3157 2557 etiam
3200 2501 3404 2558 accidit
3456 2502 3516 2557 in
3562 2501 3766 2572 quadarn

2186 2596 2315 2653 villa
2348 2595 2562 2652 abbatis
2594 2594 2782 2650 Sancti
2808 2592 2955 2650 Petri
2977 2593 3339 2651 Carnotensis
3360 2593 3592 2649 cuidam
3618 2607 3766 2648 sacer-

2177 2687 2321 2756 doti,
2350 2687 2481 2745 dum
2512 2694 2723 2744 teneret
2746 2702 2951 2758 corpus
2977 2684 3197 2741 Domini
3223 2686 3277 2740 in
3297 2686 3567 2741 manibus
3589 2684 3693 2739 suis
3709 2682 3762 2737 ad

2171 2768 2438 2836 intissam.
2473 2777 2664 2836 Simile
2686 2778 3016 2836 miraculum
3049 2777 3247 2834 accidit
3269 2778 3480 2832 iterum
3508 2777 3564 2833 in
3585 2775 3759 2831 Carno-

2187 2872 2329 2928 tensi
2367 2869 2650 2944 episcOpio
2680 2881 2923 2942 tempore
2967 2869 3194 2926 Roberti
3238 2869 3490 2940 episcopi
3521 2866 3758 2930 Britanni,

2188 2964 2336 3038 quod
2365 2965 2589 3038 quidam
2616 2965 2858 3021 rusticus
2887 2964 3071 3034 posuit
3088 2979 3290 3021 cornus
3321 2961 3548 3018 Domini
3572 2962 3624 3016 in
3646 2960 3753 3014 hora

499 3048 764 3119 expalluit
810 3057 867 3105 et
909 3056 1126 3106 mortua
1181 3059 1304 3120 est,
1352 3051 1430 3110 ita
1462 3059 1538 3121 {ut
1581 3052 1765 3111 nullus
1791 3052 1845 3108 in
1887 3069 1952 3110 ea
1998 3070 2089 3111 re-
2116 3085 2162 3145 c
2192 3073 2340 3127 eapse
2387 3072 2521 3122 suae,
2553 3065 2608 3123 et
2654 3055 2728 3110 ibi
2778 3052 3016 3110 servavit
3051 3051 3182 3107 illud
3228 3066 3405 3122 usque
3449 3048 3519 3105 ad
3558 3055 3754 3103 mortem

500 3149 750 3199 maneret
768 3141 952 3198 vitalis
971 3142 1220 3214 spiritus,
1244 3151 1300 3200 et
1329 3144 1398 3201 ab
1424 3144 1547 3216 ejus
1569 3142 1797 3201 naribus
1827 3141 1970 3215 cepit
1995 3142 2090 3199 de-

498 3230 670 3289 ﬂuere
709 3233 933 3306 sanguis
965 3234 1241 3309 copiosus.
1282 3233 1388 3291 Sed
1428 3242 1674 3290 matronc
1710 3241 2087 3305 preceptorum

501 3322 674 3381 donni
711 3338 849 3395 pape
884 3339 998 3381 non
1039 3325 1412 3393 immemores,
1443 3325 1673 3397 pedibus
1725 3324 1972 3380 mulieris
1994 3339 2092 3380 ca-

499 3414 674 3472 lentes
698 3415 925 3474 subulas
959 3416 1210 3490 inﬁgunt,
1246 3434 1348 3474 nec
1370 3418 1441 3473 ob
1463 3417 1518 3474 id
1558 3417 1650 3474 illa
1691 3426 1959 3473 movetur.
1998 3413 2090 3471 1η-

501 3522 671 3589 super
687 3507 756 3563 de
781 3508 1049 3581 sanguine
1076 3509 1200 3581 ejus
1223 3510 1548 3567 vestimenta
1583 3525 1685 3565 sua
1725 3509 1963 3581 tingunt,
1996 3506 2091 3564 sed

507 3599 691 3658 munis
717 3599 940 3660 iniectio
964 3601 1107 3659 facta
1127 3618 1224 3675 per
1258 3602 1602 3675 sanguinem,
1627 3601 1684 3657 in
1709 3601 1937 3658 sabbato
1958 3616 2092 3659 nus-

504 3706 670 3761 quam
696 3694 1026 3765 comparuit,
1059 3708 1186 3749 cum
1214 3693 1440 3765 spiritus
1466 3693 1576 3749 vite
1610 3679 1669 3749 in
1696 3691 1982 3749 mulierem
2006 3708 2092 3747 re-

500 3793 708 3841 mearet
731 3784 819 3841 m.
1240 3813 1251 3822 ρ

534 3875 697 3933 1182.
739 3875 1060 3933 Fredericus
1108 3877 1198 3933 3i.
1237 3875 1521 3949 Philippus
1556 3877 1608 3933 1.
1648 3875 1913 3932 Henricus
1964 3876 2054 3932 29.

572 3966 844 4024 Henricus
867 3968 1049 4024 senior
1073 3984 1165 4024 rex
1190 3968 1491 4041 Anglorum
1511 3968 1689 4025 tenuit
1701 3968 1908 4024 curiam
1935 3984 2092 4024 suam

500 4060 561 4117 in
588 4058 760 4118 natali
783 4056 1000 4114 Domini
1022 4059 1328 4133 Andegavis
1352 4059 1523 4132 (709).
1557 4058 1824 4116 Radulfus
1847 4061 1914 4115 de
1943 4057 2091 4114 Ven-

502 4148 722 4215 nevilla,
755 4148 1176 4205 archidiaconus
1225 4147 1706 4221 Rothomagensis,
1755 4147 2095 4204 renunciavit

502 4241 831 4299 cancellarie
865 4240 1030 4312 regis,
1058 4250 1112 4297 et
1139 4257 1236 4298 rex
1261 4240 1411 4297 dedit
1453 4241 1504 4296 ei
1548 4248 1726 4297 terras
1766 4255 2093 4311 magnorum

506 4333 842 4390 reddituum.
898 4331 1162 4407 [1181-
1190 4332 1389 4389 Besso.
1433 4326 1811 4407 Parnasum]
1859 4329 2092 4389 Gaufre-

2193 3164 2372 3216 suam,
2416 3157 2470 3204 et
2510 3156 2639 3204 tunc
2671 3147 2747 3203 ibi
2796 3146 3079 3203 inventum
3117 3151 3204 3200 est
3248 3143 3302 3198 in
3355 3142 3546 3213 specie
3581 3138 3753 3195 carnis.

2191 3237 2336 3294 ldem
2366 3238 2692 3295 miraculum
2727 3237 2927 3294 accidit
2948 3237 3165 3293 cuidam
3190 3234 3521 3291 muliercule
3549 3231 3603 3291 in
3624 3229 3754 3284 Flau-

2190 3331 2334 3397 dria,
2358 3332 2503 3403 quod
2545 3347 2670 3387 cum
2698 3330 2973 3401 posuisset
2998 3329 3052 3384 in
3085 3328 3222 3385 cista
3265 3342 3395 3393 sua,
3416 3333 3609 3397 postea
3634 3322 3755 3377 inve-

2191 3421 2273 3476 nit
2297 3421 2353 3475 in
2381 3419 2553 3492 elﬁgie
2579 3420 2783 3476 carnis.
2828 3419 3093 3477 Similiter
3114 3418 3296 3474 evenit
3323 3417 3379 3471 in
3406 3408 3753 3485 Andegavensi

2191 3512 2440 3578 civitate,
2483 3527 2610 3566 cum
2650 3510 2875 3583 quidam
2918 3510 3177 3567 sacerdos
3225 3516 3479 3565 cantaret
3528 3506 3753 3567 missam.

2190 3617 2328 3674 puer
2359 3601 2621 3673 parvulus
2669 3601 2932 3655 intererat
2962 3600 3150 3666 misse,
3180 3606 3235 3654 et
3280 3597 3419 3652 vidit
3469 3596 3606 3651 idem
3643 3604 3751 3662 pm

2190 3700 2421 3768 puerum
2455 3710 2682 3766 parvum
2713 3693 3144 3764 pulcherrimum
3190 3691 3244 3746 in
3282 3705 3450 3745 manu
3488 3683 3753 3744 sacerdotia

2191 3788 2461 3846 sacrantis
2496 3803 2695 3858 corpus
2738 3784 2995 3853 Domini;
3026 3784 3120 3856 qui
3146 3784 3399 3855 protinus
3436 3782 3604 3838 exivit
3632 3778 3751 3832 foras

2190 3878 2498 3946 ecclesiam,
2523 3879 2767 3934 clamans
2787 3877 3044 3933 omnibus
3066 3892 3207 3947 quos
3231 3875 3460 3941 invenit,
3482 3883 3538 3931 et
3555 3873 3748 3929 dicens:

2202 3972 2384 4027 Venite
2410 3981 2460 4026 et
2491 3972 2658 4026 videte
2684 3970 2956 4026 mirabilia
2986 3969 3106 4036 Dei,
3146 3980 3201 4024 et
3233 3969 3502 4023 intrantes
3533 3967 3583 4019 in
3607 3961 3747 4018 eccle-

2192 4061 2332 4117 siam
2387 4060 2555 4115 nichil
2603 4060 2860 4115 viderunt
2916 4068 3098 4130 preter
3151 4057 3388 4128 speciem
3439 4056 3615 4127 panis.
3658 4049 3749 4104 llce

2192 4153 2357 4213 etiam
2392 4153 2590 4210 accidit
2640 4153 2857 4209 cuidam
2907 4151 3261 4208 sanctissimo
3301 4150 3599 4221 presbitero
3618 4147 3746 4216 jura

2191 4242 2550 4311 Fiscannum,
2577 4243 2708 4299 dum
2754 4250 3001 4299 cantaret
3025 4242 3253 4297 missam
3296 4241 3352 4295 in
3377 4240 3465 4295 die
3490 4234 3745 4295 dedicatio-

2195 4334 2283 4391 nis
2313 4333 2543 4391 ecclesie
2583 4341 2771 4390 sancte
2798 4332 3084 4388 Trinitatis
3118 4329 3410 4397 Fiscanni;
3436 4328 3532 4401 qui
3559 4327 3743 4382 mittens

505 4431 615 4487 dus
639 4429 784 4486 ﬁlius
810 4429 974 4502 regis,
1011 4429 1217 4486 electus
1245 4427 1609 4495 Liconiensis,
1653 4424 1830 4482 factus
1859 4434 1944 4483 est
1962 4442 2094 4482 can-
2122 4432 2173 4496 ι)
2197 4427 2482 4485 diaconem
2508 4443 2692 4495 suum,
2718 4425 2936 4482 vocavit
2963 4425 3253 4497 episcopos
3274 4423 3369 4493 qui
3398 4423 3466 4477 ad
3490 4416 3742 4477 dedicatio

506 4524 761 4581 cellarius
797 4523 962 4597 regis,
989 4531 1043 4579 et
1081 4521 1416 4580 renuntiavit
1439 4518 1692 4577 electioni
1737 4516 2085 4585 Liconiensi',

508 4628 564 4674 et
591 4634 688 4674 rex
713 4619 861 4675 dedit
886 4619 937 4675 ei
979 4634 1208 4690 magnos
1239 4618 1489 4675 redditus
1522 4617 1578 4671 in
1618 4615 1813 4686 Anglia
1860 4624 1915 4670 et
1954 4612 2092 4669 Nor-

506 4710 732 4767 mannia
751 4718 808 4766 et
838 4710 1169 4783 Andegavia.
1199 4707 1477 4766 Iohannes
1500 4707 1645 4764 ﬁlius
1670 4706 1840 4775 Luce,
1861 4706 2094 4763 clericus

505 4802 677 4876 regis,
697 4802 904 4859 electus
939 4802 1106 4859 estin
1135 4801 1450 4874 episcopum
1487 4799 1897 4859 Ebroicensem.
1931 4797 2094 4870 [1182

505 4895 581 4940 -ῖ-
605 4892 792 4968 idem.]
813 4894 1094 4951 Guihenoc
1140 4892 1560 4950 archidiaconus
1601 4890 1940 4949 Redonensis
1984 4889 2097 4944 cle-

397 5006 425 5053 -,
509 4990 632 5043 ctus
670 4985 844 5043 estad
862 4985 1235 5056 episcopatum
1266 4979 1645 5040 Venetensem.
1678 4981 1864 5037 Abbas
1913 4979 2101 5039 Sancti.

510 5075 747 5162 Ilemigii
775 5074 1061 5135 Bernensis
1092 5074 1240 5147 (710)
1268 5073 1659 5135 nichilominus
1679 5072 1885 5128 electus
1919 5081 2003 5127 est
2030 5062 2099 5126 ad

1803 5184 2039 5245 VARUE
2079 5181 2486 5242 LECTIONES.

588 5303 658 5339 “'
679 5302 815 5362 Post
841 5303 953 5360 haec
991 5309 1348 5358 atramentum
1373 5310 1632 5369 mutatur,
1663 5316 1825 5360 manu
1845 5314 2062 5371 prorsus
2084 5297 2268 5353 eadem
2289 5305 2553 5353 manente.

2016 5409 2251 5468 NOTAE:

576 5503 737 5592 (799)
788 5503 946 5576 Apud
1009 5502 1338 5561 Wintoniam
1409 5501 1735 5559 Benedictus
1797 5501 2097 5560 Petrobur—

507 5591 736 5732 “iiii;
756 5610 961 5732 ιῗειςιξέ
971 5662 987 5732 ξ
1005 5645 1116 5732 βαι
1140 5644 1256 5715 iam
1282 5659 1513 5732 ,φςυξε
1527 5641 1756 5732 ρας)βεὶ
1780 5643 2090 5732 ιρξὶτλίδί

504 5703 805 5789 episcopus
838 5703 1082 5775 chartam
1101 5703 1394 5788 quamdam
1419 5714 1781 5772 conﬁrmavit.
1805 5703 2011 5782 BOUQ.

2190 4535 2315 4575 nem
2347 4527 2744 4586 convenerunt,
2774 4526 2828 4574 et
2850 4524 3147 4584 venerunt;
3179 4524 3234 4571 et
3273 4513 3541 4586 presbiter
3576 4508 3678 4566 tulit
3697 4506 3739 4559 in

2192 4609 2451 4666 manibus
2471 4608 2588 4665 suis
2624 4607 2680 4661 in
2723 4607 2893 4662 calice
2922 4606 2998 4661 ita
3021 4613 3083 4661 ut
3108 4614 3227 4660 erat
3260 4605 3567 4668 revestitus,
3598 4607 3644 4654 et
3665 4611 3742 4667 po-

2196 4706 2427 4754 suerunt
2471 4696 2605 4754 illud
2643 4696 2697 4752 in
2735 4697 2915 4753 altari.
2945 4695 3056 4752 llec
3085 4695 3219 4752 facit
3240 4697 3418 4767 pietas
3459 4690 3654 4748 Domini
3687 4684 3737 4740 ad

2197 4791 2631 4849 conﬁrmandam
2654 4791 2812 4847 ﬁdem
2843 4798 3313 4846 sacramentorum
3343 4803 3564 4845 suorum
3592 4784 3639 4839 in
3662 4794 3738 4836 n0~

2204 4883 2312 4951 bis,
2334 4883 2389 4938 in
2417 4899 2560 4954 quos
2584 4883 2725 4939 ﬁnes
2746 4883 3056 4939 seculorum
3092 4883 3449 4937 devenerunt.

2276 4976 2447 5033 Mater
2473 4975 2706 5034 solidani
2733 4975 2800 5032 de
2828 4973 3012 5030 Iconio
3045 4973 3271 5030 veniens
3298 4972 3368 5029 ad
3412 4981 3654 5031 extrema,
3676 4977 3738 5015 ηδ’

2204 5068 2405 5125 velavit
2449 5067 2561 5122 ﬁlio
2605 5082 2730 5136 suo,
2775 5067 2923 5142 quod
2970 5081 3187 5139 semper
3230 5066 3532 5130 celaverat,
3572 5057 3737 5118 scilitﬂ

2273 5500 2424 5567 (τη)
2456 5497 2523 5553 l7
2547 5495 2706 5567 Mart.
2738 5494 2902 5567 ηδε-ε
2922 5453 3131 5567 seno.
3184 5500 3191 5503 ·

2300 5562 2424 5631 712)
2447 5566 2742 5623 Mathildis.
2769 5562 2975 5631 BOUQ.

2273 5501 2395 5567 (7H
2456 5500 2523 5553 t7
2547 5500 2706 5550 Mart.
2738 5500 2895 5549 1181.
2925 5500 3131 5558 nouo.
3184 5500 3191 5503 ‘

2300 5571 2402 5625 712
2447 5566 2742 5623 Mathildis.
2769 5562 2975 5631 BOUQ.

2273 5500 2426 5712 i7”);
2459 5636 2745 5702 Montoire,
2768 5646 2937 5706 prope
2957 5632 3255 5691 Venddme.
