3906 6316
1450 253 1477 271 ῃ
1534 244 1547 254 ς

75 356 161 413 5M

196 487 551 529 ιοιωωιιυιι.
700 469 1045 533 nascentia.
1185 468 1489 528 taceantur.
1573 466 1579 472 ’

70 564 373 621 Theobaldi.
418 552 700 621 Galterius
741 567 810 621 de
843 548 1180 622 Constantiis
1226 564 1404 619 lactus
1441 552 1693 635 ερίεεοτ

68 672 160 726 pus
196 653 572 722 Liconiensis,
610 665 859 712 sacratus
897 655 1003 711 fuit
1041 671 1072 710 a
1108 654 1382 711 Richardo
1421 645 1672 709 CantuaJ

68 747 221 803 riensi
267 747 693 817 archiepiscopo
732 747 1039 820 Andegavis
1063 789 1079 816 ,
1129 748 1186 802 in
1236 747 1439 818 capella
1485 738 1675 802 donni.

68 839 196 910 regis
242 844 295 893 et
340 838 400 893 in
448 840 725 909 presentia
766 840 905 911 ejus.

128 946 334 1023 [ll'83.]
375 948 531 1007 Obiit
566 950 837 1009 Henricus
879 953 1098 1020 tercius,
1124 952 1450 1020 karissimus
1474 953 1654 1021 domi-

67 1060 161 1098 nus
203 1052 425 1110 noster,
476 1044 699 1115 juvenis
749 1062 884 1115 rex,
942 1045 1090 1102 {ilius
1143 1045 1364 1102 Henrici
1428 1046 1659 1113 secundi,

66 1135 500 1191 excellentissimi
530 1145 585 1192 et
610 1137 967 1195 illustrissimi
995 1140 1138 1212 regis
1164 1140 1486 1207 Anglorum,
1511 1139 1655 1210 apud

67 1237 290 1284 castrum
323 1227 626 1300 Martel°”,
672 1231 706 1285 5
732 1230 860 1287 ldus
889 1230 1058 1299 Junii,
1090 1233 1143 1286 in
1172 1220 1467 1290 festivitate
1509 1233 1657 1311 beati

67 1318 293 1379 Barnabe
343 1325 610 1394 apostoli,
652 1325 738 1380 vir
777 1342 875 1397 per
915 1310 1498 1399 omnia'plangendns,
1545 1344 1653 1383 non

67 1416 224 1470 solum
248 1415 378 1485 quia
416 1426 541 1471 erat
580 1417 725 1473 illius
752 1417 1027 1474 karissimi
1065 1419 1269 1473 domini
1314 1421 1487 1476 nostri
1512 1419 1661 1487 lien:

69 1507 153 1562 rici
181 1506 634 1586 excellentissimi
671 1508 815 1579 regis
846 1508 1142 1579 Anglorum
1182 1509 1430 1579 secundi,
1464 1508 1663 1567 ven’um'

66 1599 211 1654 etiam
255 1599 385 1669 quia
433 1609 557 1655 erat
605 1586 1233 1672 pulclterrimus'facie,
1293 1605 1555 1663 honestus
1600 1607 1653 1663 in

68 1692 310 1759 moribus,
339 1692 580 1763 dapsilis
608 1694 665 1749 in
696 1696 1037 1763 muneribus,
1084 1711 1252 1767 super
1276 1680 1470 1753 omnes
1512 1715 1654 1769 quos
1682 1726 1695 1741 ι

70 1787 114 1840 ἰη
137 1795 314 1841 nostra
349 1795 500 1843 etate
523 1787 782 1855 vidimus,
810 1787 904 1859 qui
933 1797 1133 1844 terram
1159 1790 1400 1859 nondum
1427 1791 1651 1863 haberet

71 1878 401 1950 assignatam,
432 1881 692 1951 quamvis
727 1890 882 1951 pater
909 1881 1029 1951 ejus
1059 1882 1374 1953 quindecim
1410 1882 1558 1938 milia
1589 1884 1661 1955 li-,

74 1972 268 2026 branim
298 1973 785 2044 Andegavensium
817 1982 1035 2030 monete
1069 1984 1123 2031 et
1144 1980 1211 2032 eo
1239 1976 1476 2047 amplius
1497 1986 1653 2047 quot-

74 2062 208 2120 annis
238 2064 423 2137 }daret.
482 2065 594 2120 Sed
644 2066 751 2121 hoc
800 2051 997 2137 parum
1044 2075 1162 2122 erat
1211 2066 1277 2122 aid
1329 2068 1650 2138 explendam

76 2154 397 2210 latitudinem.
433 2156 622 2211 cordis
665 2157 804 2228 ejus.
855 2156 919 2212 In
965 2156 1143 2214 cilicio
1190 2159 1414 2214 militari
1468 2168 1652 2216 tantus

76 2254 191 2313 erat,
232 2254 292 2301 ut
332 2258 445 2301 non
491 2247 723 2304 haberet
765 2265 974 2320 parem,
1022 2249 1117 2305 sed
1159 2250 1433 2321 principes
1473 2259 1527 2307 et
1559 2268 1653 2308 co—

78 2337 214 2392 mites
239 2348 291 2392 et
321 2339 488 2393 etiam
524 2354 684 2410 rcges
712 2356 839 2395 eum
871 2341 1144 2397 timerent.
1177 2338 1414 2398 Veniens
1449 2344 1517 2399 ad
1551 2360 1661 2417 οδε-ς

79 2438 244 2497 trema,
270 2430 397 2501 quia
433 2432 671 2487 consilio
704 2444 1000 2507 pravorum
1031 2435 1318 2489 hominum
1350 2450 1445 2505 per
1490 2451 1652 2507 gner-

81 2538 176 2576 ram
204 2521 308 2577 fere
335 2539 434 2595 per
464 2540 676 2579 annum
720 2524 891 2581 Deum
923 2535 978 2580 et
1006 2533 1252 2581 sanctam
1282 2526 1569 2583 ecclesiam
1599 2535 1653 2583 et

83 2621 257 2681 patrem
280 2631 440 2671 suum
472 2604 798 2686 oﬂ'enderat,
825 2603 1214 2689 poenitenciam
1238 2620 1442 2691 recepit
1466 2637 1497 2677 a
1519 2637 1655 2693 quo-

84 2704 186 2759 dam
207 2709 558 2764 sanctissimo
584 2710 844 2781 episcOpo
865 2721 921 2765 et
944 2700 1129 2768 multis
1150 2712 1293 2780 aliis,
1314 2721 1367 2768 et
1391 2714 1532 2784 patri
1550 2700 1665 2770 suo.

85 2808 127 2846 In
150 2798 410 2865 extremis,
436 2800 763 2869 perlitteras
779 2802 1076 2871 mandavit,
1096 2811 1155 2857 ut
1182 2804 1330 2875 quod
1352 2790 1664 2861 oli‘enderat'

88 2884 290 2943 mDeum
321 2898 373 2945 et
401 2902 653 2948 sanctam
689 2894 1002 2962 ecclesiam,
1029 2910 1207 2966 proeo
1228 2896 1561 2964 emendaret,
1599 2882 1655 2953 et

28 2996 33 3003 α
88 2980 246 3035 matris
265 2984 563 3055 suercgine
574 2985 872 3056 Anglorum
893 2995 947 3041 et
965 2988 1154 3055 uxoris
1180 3003 1278 3053 sue
1305 2990 1516 3044 sororis
1532 2979 1666 3054 Phi?

91 3067 651 3142 lipircgisFrancorum
664 3062 965 3132 etmilitum
982 3090 1212 3134 suorum
1233 3078 1652 3133 etservientium

92 3159 640 3237 misereretur,quibus
669 3169 840 3223 multa
860 3168 1206 3239 promiserat,
1222 3158 1423 3241 neceis
1445 3151 1685 3241 aliquid“

93 3264 312 3320 preventu
338 3260 541 3315 mortis
563 3261 695 3315 dare
721 3269 953 3330 poterat.
979 3252 1335 3332 Disposuerat
1358 3269 1483 3318 ante
1506 3252 1671 3318 mor-1

95 3351 179 3397 tem
192 3359 351 3416 suam,
370 3359 428 3405 ut
472 3365 682 3422 corpus
704 3352 824 3423 ejus
845 3352 901 3407 in
923 3354 1153 3410 ecclesia
1169 3354 1327 3410 beate
1342 3353 1511 3410 Marie
1545 3355 1658 3423 Ro-

96 3434 424 3510 thomagensis
438 3440 788 3514 Sepeliretur,
803 3445 894 3499 ubi
908 3445 1093 3517 jacent
1102 3433 1262 3516 primi
1280 3451 1671 3503 antecessores

95 3528 209 3597 ejus,
244 3532 293 3588 id
330 3542 412 3590 est
442 3535 609 3592 Rollo
640 3544 694 3593 et
727 3536 1046 3595 Willermus
1085 3537 1272 3611 Longa
1309 3536 1475 3610 Spata
1509 3538 1657 3596 ﬁlius

98 3620 213 3691 eius,
239 3624 396 3683 duces
423 3627 891 3699 Normannorum,
923 3631 1256 3688 Guillermus
1285 3633 1447 3688 etiam
1472 3647 1657 3689 comes

100 3722 290 3781 patruus
314 3719 450 3790 ejus,
477 3722 568 3776 vir
606 3738 702 3793 per
747 3724 931 3781 omnia
975 3725 1341 3797 plangendus.
1376 3723 1488 3781 Sed
1529 3725 1676 3781 cum'

100 3802 388 3867 deducerent
420 3813 593 3869 funus
625 3816 745 3886 ejus
780 3812 1088 3873 Richardus
1120 3808 1539 3895 Cantuariensis
1568 3802 1673 3895 ar-VI

102 3896 439 3976 cbiepiscopus
482 3916 543 3965 et
584 3908 754 3964 multe
794 3909 899 3964 alie
927 3910 1297 3966 ecclesiastice
1325 3897 1558 3981 perSone
1603 3920 1659 3967 et

103 3990 230 4045 multi
283 4000 599 4055 consulares
644 4007 698 4055 et
741 3998 1184 4056 excellentissimi
1235 4001 1472 4057 nominis
1530 4001 1654 4069 viri,

104 4094 330 4142 venerunt
357 4088 801 4161 Cenoman'num,
833 4100 887 4148 et
917 4093 972 4147 in
1009 4093 1238 4149 ecclesia
1275 4093 1422 4149 beati
1454 4092 1655 4149 Iuliani

105 4185 270 4244 corpus
308 4180 433 4251 ejus'
462 4193 792 4256 posuerunt.
838 4183 897 4240 In
940 4186 1181 4241 crastino
1210 4185 1658 4241 Cenomanenscs

109 4265 305 4325 maxitne
326 4273 467 4333 cives
502 4275 836 4346 sepelierunt
859 4292 985 4332 eum
1021 4277 1075 4331 in
1103 4276 1295 4333 eodem
1321 4278 1442 4332 loco
1468 4286 1656 4332 contra

108 4357 395 4421 voluntatem
419 4377 475 4425 et
502 4368 922 4439 appellationem
951 4360 1164 4436 eorum,
1193 4370 1285 4440 qui
1317 4385 1517 4440 corpus
1539 4356 1677 4440 ejus

111 4444 421 4512 deducebant.
465 4459 591 4526 Quo
633 4459 820 4515 a‘udito
853 4467 1008 4529 pater
1041 4459 1161 4531 ejus
1192 4459 1385 4527 iratus,
1422 4475 1533 4516 non
1564 4475 1658 4514 so—

853 355 1224 415 CﬂBONlCA.
1252 386 1336 407 .—-—-
1370 349 2127 413 Αεοτωςιηιπ
2150 353 2250 410 DE
2284 354 2549 411 nostra.

3230 354 3337 411 54κέ

1682 472 1731 539 Α,
1757 477 1996 525 terature
2037 479 2092 526 et
2134 470 2459 538 honestatis,
2503 470 2711 527 electus
2747 479 2833 527 est
2879 472 2933 526 in
2975 469 3348 541 episcopatum

1757 559 2142 629 Cestrensem,
2194 563 2289 634 qui
2340 563 2690 633 episcOpatns
2740 562 2903 618 habet
2948 572 3059 619 tres
3124 562 3345 643 sedes‘:

1756 650 2119 723 Cesti-ensem,
2148 642 2579 723 Coveitrensem,
2604 655 3026 711 Licil'ellensem.
3060 642 3349 721 Henricus,

1758 742 1927 799 frater
1958 744 2134 817 Egidii
2168 747 2237 803 de
2277 748 2543 817 Solereio,
2596 734 2768 820 nepos
2817 748 3030 804 abbatis
3069 747 3350 815 Fiscanni,

1756 837 1963 892 electus
1996 848 2080 893 est
2112 839 2179 894 ad
2214 841 2743 913 archiepiscopatum
2784 830 3215 897 BitUricensem.
3248 838 3353 894 lte-

1757 945 1881 983 rum
1912 930 2228 988 Andronius
2255 936 2463 1005 expulit
2494 920 2746 1005 nepotem
2777 917 2938 990 suum
2983 917 3229 988 Alexium
3257 932 3351 1002 ju-

1756 1020 1948 1076 venem
1978 1023 2361 1097 imperatorem
2384 1026 2453 1082 de
2481 1028 2618 1082 urbe
2639 1025 3272 1096 Constantinopolitana,
3300 1030 3356 1080 et

1757 1124 1975 1185 captum
2005 1110 2226 1171 tandem
2254 1110 2516 1173 demersit
2557 1117 2612 1172 in
2648 1132 2802 1171 mare
2830 1116 3009 1186 ipsum
3034 1122 3090 1170 et
3120 1121 3353 1169 matrem

1755 1217 1810 1262 et
1830 1222 2075 1263 sororem
2098 1208 2237 1279 ejus.
2268 1208 2482 1275 Quibus
2503 1211 2570 1265 de
2590 1209 2772 1265 medio
2793 1206 3352 1272 mdriendo‘sublatis,‘

1757 1299 2091 1366 Andronius,
2121 1302 2216 1371 qui
2245 1302 2514 1357 tirannice
2544 1303 2849 1372 arripuerat
2880 1299 3191 1370 imperium,
3227 1312 3355 1369 pre-

1757 1376 1911 1462 cepit'
1943 1392 2323 1463 primogenita
2354 1394 2467 1448 lilio
2516 1410 2620 1451 suo
2639 1394 2921 1459 .Manuel,
2971 1401 3033 1447 ut
3082 1392 3357 1462 acciperet

1758 1501 1985 1556 uxorem
2011 1486 2184 1540 Alexii
2218 1486 2567 1557 imperatoris
2587 1485 2851 1551 defuncti,
2878 1480 3379 1551 sororem'Philipi.

1756 1576 1903 1647 regis
1930 1575 2295 1644 Francorum,
2320 1586 2375 1633 ct
2401 1578 2625 1633 haberet
2655 1593 2782 1651 eum
2808 1592 2876 1631 eo
2901 1575 3221 1647 dignitatem
3251 1573 3381 1647 im-‘

1755 1667 1912 1736 perii.
1936 1651 2095 1733 Quod
2118 1683 2244 1723 cum
2274 1669 2359 1723 vir
2383 1669 2648 1724 honestus
2672 1663 2944 1737 renueret,
2978 1658 3211 1736 proiecit
3226 1679 3356 1720 eum

1757 1759 1812 1813 in
1843 1760 2083 1826 vincula,
2123 1773 2179 1817 et
2222 1762 2430 1831 accepit
2472 1762 2642 1828 illam,
2680 1770 2735 1816 et
2774 1758 3046 1815 contraxit
3083 1759 3354 1816 incestum

1691 1848 2107 1920 Bconjugium,
2156 1849 2203 1905 si
2246 1848 2563 1922 conjugium
2613 1850 2922 1906 vocandum
2971 1858 3075 1916 est,
3126 1858 3182 1904 et
3229 1848 3358 1905 fecit

1757 1940 2218 1999 coronari'secum
2244 1941 2594 1997 liliumisuum
2618 1943 2887 1997 minorem
2900 1942 3354 2012 Calojohannem;

1755 2032 1895 2090 Cum
1943 2040 2127 2088 autem
2174 2028 2354 2088 Latini
2405 2034 2789 2089 occiderentur
2836 2049 2936 2104 per
2974 2034 3355 2100 crudelitatem

1754 2124 1916 2181 istius
1941 2123 2227 2192 Andronii,
2255 2125 2478 2196 quidam
2504 2126 2802 2182 cardinalis
2829 2125 3077 2182 Romane
3104 2122 3356 2193 ecclesie,

1752 2201 2031 2283 Johannes
2056 2215 2305 2283 nomine,
2331 2232 2495 2288 quem
2525 2215 2812 2273 Remanus
2839 2216 3082 2288 pontifex
3121 2218 3348 2273 miserat

1752 2305 2284 2378 Constantinopolim
2312 2310 2377 2365 ad
2404 2309 2733 2379 peticionem
2753 2308 2971 2364 Mannel
2993 2304 3358 2380 imperatoris,

1753 2430 1825 2440 —-
1847 2401 1943 2471 qui
1987 2409 2107 2457 erat
2149 2402 2233 2456 vir
2277 2401 2591 2473 religiosus,
2635 2409 2691 2456 et
2720 2401 2937 2457 volebat
2971 2401 3069 2471 per
3102 2402 3357 2471 pretim-4

1755 2492 1963 2563 tionem
1999 2491 2148 2549 illius
2185 2490 2483 2551 cardinalis
2521 2509 2782 2550 revocare
2818 2494 3109 2550 ecclesiam
3151 2492 3358 2548 Greco-

1754 2599 1877 2655 rum
1906 2584 1975 2639 ad
2006 2576 2258 2641 instituta
2298 2592 2355 2640 et
2395 2570 2792 2656 subjectionem
2836 2584 3086 2641 Romane
3120 2578 3362 2647 ecclesie

1753 2703 1826 2713 ——
1846 2675 1941 2739 hic
1965 2675 2213 2746 inquam.
2233 2675 2535 2745 Iohannes,
2566 2693 2709 2733 eum
2733 2677 2916 2733 Latini
2943 2677 3359 2746 occiderentur,

1754 2779 1874 2826 erat
1907 2770 1962 2825 in
1996 2771 2240 2842 hospitio
2269 2787 2405 2840 suo;
2449 2778 2821 2843 venera‘ntque
2867 2772 2934 2828 ad
2965 2787 3092 2829 eum
3136 2772 3361 2843 quidam

1755 2863 2133 2935 religiosiviri,
2147 2865 2471 2932 suaderezei,
2498 2873 2557 2920 ut
2574 2865 2983 2932 discederet,-ne
2994 2848 3357 2921 occideretur.

1756 2954 1914 3022 Quod
1944 2971 2070 3012 cum
2100 2957 2336 3024 audiret,
2385 2957 2525 3012 dixit
2549 2977 2563 3013 :
2589 2950 2745 3012 Absit
2779 2958 2877 3012 hoc
2902 2974 2966 3013 ne
2992 2960 3110 3029 ﬁat.
3137 2957 3251 3029 Ege
3279 2957 3364 3010 hic

1755 3056 1838 3101 sto
1865 3064 1962 3118 pro
1991 3050 2194 3102 unitate
2229 3049 2445 3104 ecclesia
2476 3060 2539 3104 et.
2560 3059 2802 3121 prec-cpta
2851 3050 3056 3107 domini
3102 3052 3206 3105 mei
3239 3050 3364 3104 Ale-

1755 3138 1953 3192 xandri
1992 3156 2145 3209 pape.
2196 3139 2660 3197 Tuncirruentes
2699 3143 2756 3197 in
2796 3157 2922 3196 eum
2968 3141 3127 3198 G‘reci
3165 3142 3359 3213 perﬁdi

1759 3230 2079 3286 occiderunt
2102 3247 2256 3300 eum,
2280 3242 2340 3289 et
2358 3234 2591 3306 ligentes
2618 3251 2812 3291 canem
2842 3251 2966 3291 cum
2995 3251 3083 3305 eo,
3114 3238 3187 3294 ita
3212 3237 3362 3308 quod

1757 3322 1932 3378 cauda
1970 3324 2124 3380 canis
2157 3334 2307 3380 esset
2353 3325 2409 3380 in
2453 3341 2518 3381 os
2557 3327 2698 3397 ejus,
2746 3335 3033 3384 traxerunt
3076 3327 3363 3400 per,vicps

1758 3414 2025 3482 civitatis,
2053 3424 2109 3470 et
2155 3414 2297 3471 facta
2340 3415 2507 3473 fovea.
2543 3417 2617 3473 ibi
2642 3418 3277 3491 combusserunt‘eum;
3310 3431 3368 3480 et

1758 3515 1946 3577 postea
1977 3507 2079 3563 viri
2116 3504 2360 3580 religiosi
2393 3509 2462 3565 de
2495 3508 2651 3565 fovea
2691 3512 2937 3566 tulerunt
2981 3527 3181 3583 corpus
3218 3510 3367 3584 ejus,‘

1757 3608 1814 3655 et
1840 3600 2046 3656 obtime
2067 3654 2070 3659 ,
2091 3601 2423 3672 sepelierunt
2462 3602 2614 3669 illud,
2659 3603 2752 3675 ubi
2803 3604 2944 3659 ﬁunt
2967 3603 3162 3660 crebro
3194 3602 3365 3661 mira-'

1758 3692 1903 3748 cuia.
1924 3690 2273 3749 Christianus
2292 3692 2698 3764 Magunciensis
2718 3680 3169 3765 archiepiscOpus
3198 3695 3362 3765 obiit,

1666 3798 1675 3805 '
1758 3785 1854 3856 qui
1895 3799 1956 3841 se
2000 3800 2109 3840 non
2156 3786 2392 3840 habebat
2421 3786 2723 3842 secundum
2761 3800 2967 3842 morem
3011 3787 3365 3857 clericorum;

1760 3875 1857 3933 sed
1887 3890 2041 3931 more
2072 3876 2295 3944 tir’anni,
2341 3878 2617 3934 exercitus
2646 3868 2912 3934 ducendo
2946 3889 2999 3935 et
3032 3878 3364 3936 Braibenco-

1759 3983 1878 4035 nes,
1910 3975 1965 4024 et
1993 3969 2164 4023 multa
2201 3969 2345 4024 mala
2376 3969 2507 4026 fecit
2537 3970 2768 4027 ecclesie
2800 3971 3067 4040 Romane,
3101 3982 3156 4028 et
3182 3974 3364 4028 homi-

1674 4076 1677 4085 ν
1758 4059 1924 4115 nibus
1949 4060 2126 4115 sancti
2153 4059 2320 4128 Petri,
2359 4070 2414 4117 et
2443 4063 2772 4132 quibusdam
2801 4050 3119 4121 civitatibus
3145 4065 3369 4143 LangoJ

1759 4150 1967 4219 hardie,
2010 4168 2119 4222 que
2157 4162 2314 4208 erant
2353 4155 2630 4210 contrarie
2672 4157 2989 4226 imperatori
3024 4152 3369 4215 Alemannis

1759 4244 1985 4299 domino
2013 4255 2134 4301 suo.
2162 4245 2398 4319 μηδ]
2423 4244 2568 4302 Obiit
2604 4238 2929 4305 carisSimns
2958 4232 3217 4306 dominus
3263 4252 3370 4304 no-~

1761 4344 1872 4392 ster
1897 4335 2177 4393 Rotrodus
2206 4333 2651 4409 archiepiscopus
2690 4323 3197 4413 Ilothomagensis.1
3218 4340 3366 4398 Obiit

1761 4427 2095 4484 Guillermus
2117 4443 2302 4484 comes
2324 4428 2656 4485 Gloecestrie
2677 4430 2798 4485 sine
2821 4430 3136 4498 heredibus,
3156 4432 3369 4503 absque

112 4536 202 4597 lum
223 4558 311 4614 pro
340 4565 403 4606 eo
429 4518 580 4624 quod
610 4567 812 4622 corpus
840 4518 935 4607 lilii
970 4518 1276 4609 sui'contra
1322 4518 1661 4608 voluntatem
1694 4566 1736 4620 ι)
1763 4518 2205 4624 tribusfniabus’
2232 4535 2465 4624 qui"???
2504 4536 2614 4623 mia
2644 4528 2731 4623 es?
3066 4520 3368 4624 ΕΙ)ΐῷοῴ

115 4633 209 4703 eius
235 4638 299 4695 ibi
325 4646 670 4715 sepelierant,
702 4645 797 4702 sed
823 4661 889 4701 eo
920 4646 1093 4701 multo
1124 4645 1382 4715 amplius,
1416 4646 1561 4716 quod
1591 4646 1661 4701 ab

116 4726 354 4791 obsidione
395 4738 561 4795 castri
599 4737 1005 4795 Lemovicensis
1034 4745 1379 4795 recesserant
1426 4737 1545 4794 sine
1592 4732 1679 4794 Ιί-Δ

120 4823 268 4879 mncia
292 4828 421 4899 ejus,
449 4847 520 4887 ne
550 4830 730 4887 dicam
752 4830 1052 4897 voluntate,
1077 4830 1240 4901 jussit
1272 4844 1472 4900 corpus
1500 4829 1661 4885 eﬂodi

120 4917 163 4964 et
190 4913 234 4967 in
260 4922 528 4980 ecclesiam
566 4922 1067 4994 Rothomagensem
1097 4916 1328 4991 deferri;
1357 4925 1450 4980 ubi
1481 4925 1551 4979 ab
1574 4940 1664 4979 ar-

123 4998 431 5081 Chiepiscopis
464 5015 896 5092 Rothomagcnsi
933 5024 987 5070 et
1016 5015 1420 5083 Cantuariensi,
1465 5026 1519 5072 ct
1545 5017 1661 5087 epi-

125 5093 272 5162 δθοβῖε
311 5097 609 5172 Normanie,
660 5116 715 5162 et
754 5106 1066 5172 abbatibus,
1115 5116 1170 5161 et
1217 5105 1338 5161 aliis
1389 5105 1661 5177 religiosis

127 5189 350 5259 Personis,
378 5196 461 5251 ad
508 5196 787 5252 sinistram
814 5208 1022 5267 partem
1061 5198 1252 5253 altaris
1294 5197 1450 5252 beate
1477 5197 1664 5264 Mario,

127 5268 387 5363 honoriﬁce.
396 5280 533 5344 sicut
557 5298 769 5345 tantum
785 5293 961 5363 virum
972 5292 1220 5358 decebat,
1243 5291 1547 5346 tumulatus
1562 5299 1663 5345 est.

182 5360 308 5425 Obiit
330 5379 648 5435 venerabilis
671 5380 756 5434 vir
776 5360 1031 5440 Albertus
1058 5381 1329 5438 Aletensis
1355 5380 1668 5451 episcopus.

129 5471 259 5527 quem
300 5469 535 5527 moderni
587 5471 655 5527 de
692 5471 896 5528 Sancto
934 5472 1200 5528 Maclovio
1240 5478 1466 5539 vocant,
1511 5471 1670 5542 cujus

132 5552 424 5629 episcopatus
449 5564 757 5634 antiquitus
788 5563 982 5621 civitas
1008 5565 1163 5621 Aleta
1193 5564 1510 5620 vocabatur.
1557 5562 1674 5617 Ma-

1764 4612 1872 4679 sis;
1913 4612 2080 4667 altera
2119 4627 2259 4667 uxor
2300 4610 2586 4667 Guillermi
2615 4611 2837 4667 comitis
2861 4612 2930 4667 de
2956 4611 3148 4679 Clara;
3195 4614 3375 4670 tercia‘

1764 4706 1932 4762 estin
1960 4721 2128 4761 manu
2161 4704 2257 4759 Dei
2288 4713 2344 4760 et
2369 4704 2541 4760 donni
2571 4704 2739 4774 regis,
2769 4712 2822 4759 et
2841 4704 2931 4759 cui
2954 4705 3199 4761 voluerit
3216 4706 3375 4761 dabit

1765 4812 1915 4852 eam.
1941 4795 2277 4851 Guillermus
2304 4788 2548 4850 decanus
2578 4793 2902 4865 Bajocensis
2933 4795 3141 4851 electus
3175 4802 3261 4853 est
3296 4798 3371 4853 ad

1763 4889 2140 4958 episcopatum
2187 4887 2689 4944 Constantiensem.
2746 4887 3079 4945 Guillermus
3125 4891 3368 4947 decanus

1765 4980 2154 5035 canonicorum
2186 4980 2374 5036 Sancti
2398 4980 2547 5036 Petri
2576 4981 2644 5037 de
2666 4980 2853 5050 Curte,
2885 4992 3115 5053 que'est
3159 4985 3366 5054 capella

1768 5073 1912 5144 regis
1926 5073 2071 5144 apud
2092 5072 2564 5130 Cenomanensem
2588 5074 2799 5143 urbem,
2829 5075 3035 5133 electus
3058 5085 3140 5132 est
3160 5076 3229 5131 ad
3252 5077 3366 5147 epi-

1768 5173 2054 5235 scopatum
2082 5165 2498 5239 Abrincensem.

1772 5234 1933 5314 “83.
2009 5234 2327 5313 Fredericus
2350 5234 2440 5313 '51.
2516 5234 2801 5332 Philippus
2840 5259 2901 5347 2.
2976 5256 3239 5345 Henricus
3269 5258 3364 5317 29.
3396 5330 3401 5335 _

1841 5371 1954 5428 Rex
1998 5370 2269 5429 Henricus
2317 5373 2492 5429 tenuit
2534 5375 2748 5429 curiam
2796 5389 2953 5430 suam
3001 5374 3144 5443 apud
3190 5374 3370 5431 Ca.lo-~

1775 5460 1946 5521 mum.
1962 5463 2110 5521 Obiit
2128 5464 2438 5522 Richardus
2459 5465 2873 5545 Cantuariensis
2897 5466 3363 5538 archiepiscopus.

1778 5558 1925 5616 Obiit
1964 5561 2131 5617 etiam
2167 5559 2431 5617 Girardus
2459 5575 2656 5632 magne
2691 5558 2968 5631 religionis
3001 5566 3055 5616 et
3088 5559 3381 5618 literature.

133 5638 268 5707 sister
292 5649 559 5725 Girardus,
598 5650 963 5724 cognomento
1002 5653 1209 5722 Puella,
1245 5655 1330 5709 vir
1370 5668 1567 5721 magne
1605 5651 1671 5706 li-
1779 5653 1883 5722 vir,
1934 5653 2244 5713 Cestrensis
2293 5644 2602 5726 episCOpus.
2653 5650 2867 5726 ["81]
2914 5652 3075 5709 Anno
3099 5652 3379 5755 superiori.

193 5814 250 5851 '”
282 5841 324 5881 c.
349 5827 412 5885 Μ.
442 5833 491 5888 in
541 5848 773 5912 rasuraa
806 5828 909 5886 Hic
945 5829 1137 5886 desinit
1180 5828 1258 5885 8‘.

1357 5744 1594 5803 VARUS
1634 5744 2036 5806 LECTIONES.
