3906 6316
482 241 593 298 διες

603 369 712 410 ιιοι
731 369 947 409 .NOBL’M‘.
1120 368 1456 411 ῖκΑΝεοκυκ.
1626 371 1935 414 Ληςιοιιυκ.

476 445 729 518 apparuit
757 444 979 500 domina
1006 454 1215 512 nostra,
1250 455 1427 502 mater
1460 447 1836 503 misericordic
1875 460 2063 505 sancta

476 536 668 601 Maria,
699 537 915 593 cuidam
944 536 1101 592 fabro
1137 536 1370 608 lignario
1402 554 1541 608 opus
1573 537 1792 594 facienti
1830 539 1883 594 in
1922 556 2063 609 qua-

472 629 602 684 dam
637 631 794 696 silva,
832 638 888 685 et
923 629 1120 685 obtulit
1151 630 1201 685 ei
1233 629 1471 701 sigillum
1517 631 1693 687 iconie
1733 648 1833 688 sue
1875 642 1930 688 et
1966 634 2062 688 ﬁlii

474 722 561 777 sui
603 720 906 779 Salvatoris
943 722 1151 789 nostri,
1195 723 1355 793 cujus
1400 726 1482 782 sic
1520 726 1863 796 conscripcio
1903 736 2063 783 erat:

472 814 659 869 Annus
708 814 834 880 Dei,
885 816 975 886 qui
1024 816 1168 871 (ollis
1209 826 1424 887 peccata
1469 819 1682 885 mundi,
1731 819 1868 874 dona
1913 820 2063 874 nobis

471 924 677 980 pacem,
718 917 775 964 et
801 908 971 978 jussit
1014 910 1064 965 ei
1109 918 1169 965 ut
1201 909 1367 965 ferret
1394 910 1528 967 illud
1559 911 1797 983 sigillum
1845 913 1911 968 ad
1947 914 2063 984 cpia

472 1014 703 1071 scopum
740 1000 1084 1068 Podiensem,
1129 1010 1189 1057 ut
1219 1002 1523 1072 predicarct
1560 1004 1615 1060 in
1653 1005 1931 1076 provincia
1961 1021 2061 1061 sua

471 1103 526 1150 et
553 1094 676 1150 aliis
708 1094 1166 1166 circumquaque,
1212 1105 1271 1150 ut
1303 1111 1496 1152 omnes
1523 1098 1617 1169 qui
1646 1098 1846 1153 vellent
1871 1114 2061 1169 pacem

474 1199 661 1246 tenere
689 1201 877 1249 sancte
901 1193 1131 1250 ecclesie
1160 1204 1217 1250 et
1250 1194 1377 1250 filiis
1408 1194 1545 1260 suis,
1578 1193 1822 1250 facerent
1865 1195 2054 1263 hujus—
2099 1220 2106 1226 -

473 1284 623 1339 modi
654 1283 852 1356 sigilla,
882 1295 938 1341 et
962 1295 1243 1357 portarent
1269 1288 1324 1342 in
1357 1288 1574 1360 signum
1623 1290 1796 1360 pacis,
1825 1298 1881 1345 et
1914 1290 2060 1344 face-

472 1386 598 1434 rent
627 1378 749 1471 alba
788 1396 953 1451 parva
996 1382 1222 1452 capucia
1257 1381 1326 1437 ad
1362 1384 1784 1440 ostentationem
1813 1385 1966 1454 pacis
2008 1395 2065 1441 et

474 1468 813 1538 innocencie,
846 1480 903 1525 et
928 1472 1057 1526 dato
1091 1481 1434 1528 sacramento
1477 1488 1666 1542 pacem
1711 1482 1978 1541 tenerent,
2008 1484 2064 1530 et

474 1558 731 1616 inimicos
782 1562 934 1632 pacis
984 1562 1347 1619 destruerent.
1394 1564 1551 1632 Quod
1600 1573 1655 1621 et
1696 1564 1901 1621 factum
1955 1575 2059 1623 est.

473 1648 611 1706 Nam
643 1653 799 1709 multi
819 1654 1060 1726 episcopi
1087 1665 1142 1711 et
1168 1657 1426 1714 consules
1454 1666 1510 1713 et
1538 1658 1641 1713 viri
1667 1660 1987 1715 consulares
2008 1668 2064 1715 et

1640 244 1745 304 51G
1754 244 2001 300 EBEHTI
2035 243 2577 305 GEMBLACENSIS.

3638 254 3731 311 511

2096 361 2141 420 Α
2167 356 2500 429 chiepiscopi
2528 358 2977 428 Cantuariensis;
3009 361 3098 419 cui
3127 360 3403 419 successit
3422 361 3732 424 Gislebertus

2167 450 2588 506 archidiaconus
2622 450 2998 507 Lexoviensis.
3016 450 3259 508 Joannes
3271 451 3556 519 deNeelfa,
3573 456 3734 511 archi-

2165 538 2429 594 diaconus
2450 539 3045 606 Lexoviensis,electus
3063 542 3219 597 estin
3242 543 3613 613 episcopatum
3640 546 3733 601 Ce-

2165 636 2432 684 sti-ensem
2448 628 2539 684 ⁸³⁸.
2570 628 2763 686 Petrus
2789 628 2999 685 Giraldi
3022 629 3203 687 factus
3218 640 3306 687 est
3328 632 3615 704 episcopus
3637 633 3733 692 Ia-

2163 719 2478 775 cloviensis.

2236 814 2395 869 1185.
2426 817 2437 821 ’
2685 815 2775 872 33.
3066 818 3120 873 ι.
3413 818 3502 873 31.

2236 907 2428 981 Magna
2459 909 2732 966 discordia
2763 910 2906 967 facta
2940 920 3026 968 est
3058 913 3204 967 inter
3235 911 3548 983 Philippum
3574 929 3735 983 regem

2163 990 2503 1056 Francorum
2552 1010 2609 1056 et
2649 998 2959 1072 Philippum
3011 1003 3274 1058 comitem
3313 1001 3737 1069 Flandrensinn,

2162 1101 2384 1161 propter
2409 1093 2730 1148 comitatum
2762 1092 3271 1151 Viromandensem.
3314 1096 3420 1150 Sed
3455 1111 3552 1151 rex
3585 1094 3739 1150 Frao-

2163 1195 2353 1235 corum
2385 1195 2453 1235 ex
2480 1181 2629 1235 omni
2656 1190 2941 1252 potentatu
2967 1200 3072 1240 suo
3100 1185 3454 1255 congregavit
3483 1184 3741 1240 inﬁnitum

2162 1270 2487 1338 exercitum,
2524 1281 2581 1327 et
2611 1273 2790 1343 coegit
2816 1274 3072 1329 comitem
3106 1274 3173 1329 ad
3223 1274 3530 1330 faciendam
3561 1276 3737 1329 volun-

2164 1371 2328 1419 tatem
2379 1379 2557 1420 snam.
2610 1363 2757 1419 Obiit
2802 1364 3095 1436 Frogerius
3128 1366 3423 1437 episcopus
3456 1364 3738 1437 Sagiensis,

2163 1456 2257 1527 qui
2286 1457 2518 1512 multum
2549 1457 2858 1513 emendavit
2888 1467 3116 1513 matrem
3162 1459 3469 1515 ecclesiam
3499 1469 3554 1513 et
3584 1468 3738 1516 totum

2163 1536 2500 1603 dominicum
2535 1564 2718 1603 suum.
2747 1547 2987 1619 Reliquit
3014 1549 3181 1604 etiam
3213 1549 3517 1606 immensas
3541 1551 3740 1607 divitias

2165 1641 2219 1696 in
2251 1655 2387 1697 auro
2416 1649 2470 1696 et
2500 1650 2747 1712 argento,
2785 1641 2890 1697 sibi
2926 1657 3037 1697 non
3075 1641 3414 1713 profuturas.
3462 1640 3611 1699 Obiit
3646 1642 3741 1697 llo-

472 1743 777 1802 modiocres
803 1754 858 1800 et
885 1712 1154 1818 pauperes
1178 1748 1320 1805 hanc
1350 1756 1554 1805 sectam
1586 1759 2060 1821 tenentes,pacem

2164 1735 2359 1790 bertus
2393 1733 2602 1791 electus
2650 1733 3010 1806 Montisburgi
3078 1712 3256 1805 (718),
3301 1746 3360 1791 et
3405 1737 3667 1791 successit
3694 1737 3739 1791 ei

470 1843 657 1890 tenent
682 1844 736 1892 et
762 1837 1018 1894 inimicos
1062 1841 1215 1911 pacis
1256 1844 1722 1911 persecuntur“.
1754 1842 1900 1900 Obiit
1928 1844 2068 1900 Wil-

470 1924 521 1983 le
554 1943 677 1983 mus
714 1929 783 1984 de
827 1928 1006 1987 Vecie.
1053 1931 1200 1988 Obiit
1249 1933 1583 1991 Guillermus
1621 1935 1691 1993 de
1743 1935 2063 2006 Lancastre,

477 2032 673 2088 magne
701 2019 1002 2079 honestatis
1032 2032 1087 2080 et
1114 2026 1481 2095 possessionis
1508 2029 1692 2084 vir‘”.

543 2111 703 2168 1181.
744 2113 1057 2173 Fredericus
1086 2120 1177 2176 52.
1210 2119 1495 2193 Philippus
1524 2124 1577 2179 5.
1609 2123 1872 2179 Henricus
1904 2125 1993 2181 30.

540 2202 655 2260 Rex
701 2205 970 2265 Henricus
1016 2212 1191 2267 tenuit
1238 2214 1449 2271 curiam
1497 2232 1655 2272 suam
1699 2219 1844 2289 apud
1889 2218 2068 2275 Ceno-

470 2299 710 2355 mannis.
752 2299 1018 2359 Dominus
1057 2314 1244 2361 noster
1280 2306 1531 2365 Galterus
1570 2308 1913 2367 Liconiensis
1950 2310 2067 2382 epi-

471 2404 691 2460 scopus,
742 2390 922 2452 factus
963 2405 1048 2452 est
1093 2397 1540 2471 archiepiscopus
1585 2400 2062 2472 Rothomagensis.

471 2476 676 2538 Lucius
705 2498 846 2554 papa
888 2484 945 2539 in
988 2487 1168 2557 capite
1207 2488 1421 2558 jejunii.
1466 2490 1519 2545 id
1567 2499 1653 2545 est
1687 2488 1821 2545 feria
1854 2491 1889 2545 4
1914 2490 2068 2546 cine-

471 2587 619 2640 rum,
648 2575 923 2631 ordinavit
949 2578 1133 2648 plurcs
1163 2581 1490 2649 cardinales,
1532 2582 1676 2637 inter
1708 2598 1851 2654 quos
1888 2584 2063 2655 magi-

472 2672 648 2719 strum
699 2664 979 2723 Meliorem
1044 2669 1407 2738 prcsbiterum
1464 2671 1798 2727 cardinalem
1824 2713 1840 2737 ,
1901 2688 2064 2743 quem

471 2752 636 2810 etiam
681 2754 812 2812 fecit
852 2758 1217 2815 camerarium
1257 2776 1453 2828 suum;
1496 2771 1550 2817 et
1583 2762 1816 2819 electum
1864 2761 2075 2819 Dolen-.

472 2860 588 2900 sem
619 2845 913 2907 diaconum
943 2855 999 2903 et
1032 2848 1356 2921 magistrum
1394 2849 1740 2922 Radulphum
1772 2849 2063 2923 Nigellum,

468 2936 826 2993 karissimum
855 2938 1094 3007 amicum
1130 2952 1406 3011 nostrum,
1444 2958 1642 3014 magne
1670 2943 1976 3002 honestatis
2010 2954 2066 3001 et

470 3027 774 3126 litteratum
817 3038 876 3086 et
926 3031 1208 3126 religionis
1267 3033 1471 3126 virum.
1526 3033 1852 3093 Fredericus
1899 3035 2132 3126 impe-C

469 3127 621 3174 ratur
641 3119 1016 3178 Romanorum
1048 3122 1177 3181 fecit
1199 3125 1439 3182 ordinari
1464 3142 1639 3182 unum
1668 3126 1904 3183 filiorum
1931 3143 2062 3183 suo-

471 3225 617 3279 rum,
666 3228 777 3270 non
809 3214 1257 3288 primogenitum,
1288 3217 1383 3274 sed
1412 3219 1738 3286 secundum,
1779 3219 1838 3275 in
1877 3235 2063 3291 regem

471 3300 763 3359 Germanic
794 3304 965 3377 (716).
1009 3304 1123 3362 Rex
1160 3307 1461 3379 Anglorum
1501 3307 1770 3365 Henricus
1794 3308 2061 3379 sapientia

468 3399 525 3447 et
559 3392 763 3451 divitiis
794 3394 912 3452 suis
948 3395 1244 3467 adquisivit
1281 3414 1528 3455 sororem
1556 3399 1702 3472 regis
1727 3397 2064 3472 Portigalen—

471 3483 550 3540 sis
579 3480 860 3556 Hispanis,
897 3488 966 3544 ad
992 3489 1098 3545 hoc
1134 3499 1193 3545 ut
1220 3492 1371 3547 fleret
1402 3506 1543 3546 uxor
1576 3490 1813 3563 Philippi
1841 3492 2062 3550 comitis

467 3574 820 3637 Flandrensis
868 3583 1083 3653 cognati
1140 3583 1249 3640 sui.
1306 3582 1468 3639 Venit
1512 3598 1644 3655 ergo
1689 3586 1759 3643 ad
1802 3585 2060 3641 comitem

468 3667 858 3728 Flandrensem
890 3672 946 3727 in
974 3673 1348 3730 habundantia
1376 3675 1498 3729 auri
1527 3682 1584 3730 et
1612 3675 1821 3747 argenti
1850 3675 2058 3748 (Aug.).

468 3758 644 3833 Hujus
670 3772 824 3833 pater
864 3764 992 3820 licet
1030 3767 1338 3836 grandevus
1368 3767 1548 3822 adhuc
1573 3767 1710 3822 vivit
1752 3767 1924 3839 (717),
1964 3770 2059 3841 qui

468 3853 525 3909 in
547 3854 835 3924 juventnte
864 3871 963 3911 sua
992 3873 1159 3927 super
1179 3858 1481 3929 Agarenos,
1527 3859 1749 3930 adjutus
1776 3861 1846 3917 ab
1869 3861 2059 3933 Anglis

467 3954 522 4001 et
548 3944 903 4012 Normannis,
954 3949 1098 4018 cepit
1141 3949 1415 4006 civitatem
1460 3951 1844 4023 Ulixiponam,
1892 3969 2058 4024 quam

465 4038 767 4110 Vulgariter
798 4048 997 4094 vocant
1030 4040 1397 4099 Lislehonam.
1441 4043 1524 4099 Ad
1569 4060 1735 4115 quam
1780 4047 2061 4103 transtulit

468 4128 539 4193 de
578 4127 826 4186 Valentia
868 4147 1069 4202 corpus
1103 4134 1249 4189 beati
1278 4133 1551 4193 Vinoentii
1582 4137 1744 4193 levite
1771 4149 1827 4194 et
1861 4148 2061 4213 marty-

468 4222 570 4290 ris,
602 4230 663 4277 ut
695 4223 918 4293 quidam
950 4225 1161 4293 dicunt,
1206 4226 1303 4282 sed
1337 4227 1606 4286 Amoinus
1647 4232 1950 4287 monachus
1990 4233 2059 4289 de

468 4317 825 4373 translatione
864 4320 1113 4390 corporis
1154 4320 1399 4391 ejusdem
1429 4322 1606 4379 sancti
1635 4325 1908 4395 martyris-
1922 4333 2058 4379 tem-

2165 1824 2498 1882 Guillermus
2510 1826 2818 1881 monachus
2844 1825 3236 1896 ejusdemloci.
3265 1825 3554 1883 Johannes
3579 1829 3743 1883 minor

2163 1919 2310 1975 ﬁlius
2351 1919 2498 1990 regis
2544 1917 2886 1989 Anglorum,
2938 1934 3103 1989 quem
3150 1927 3352 1975 vocant
3405 1917 3539 1973 Sine
3592 1927 3738 1986 terra,

2161 2010 2399 2083 quanvis
2428 2010 2629 2066 multas
2651 2018 2707 2065 et
2734 2010 2876 2066 latas
2904 2011 3104 2066 habeat
3131 2010 3517 2081 possessiones
3543 2019 3599 2065 et
3625 2011 3740 2065 mul-

2164 2112 2251 2159 tos
2289 2101 2615 2170 comitatus,
2654 2102 2911 2158 transivit
2946 2101 3002 2156 in
3047 2099 3403 2167 Hiberniam,
3447 2100 3620 2172 gratia
3658 2098 3739 2156 Dei

2164 2195 2515 2266 permittente
2541 2211 2635 2250 rex
2670 2193 2891 2251 futurus
2920 2194 2977 2249 in
3008 2193 3101 2249 illa
3131 2192 3333 2264 patria.
3375 2190 3526 2248 Obiit
3556 2191 3738 2248 Robor-

2166 2299 2256 2347 tus
2285 2290 2579 2362 episcopus
2613 2287 3002 2356 Nannetensis,
3027 2288 3114 2342 vir
3139 2301 3337 2359 magne
3366 2286 3662 2341 honestatis
3692 2294 3740 2340 et

2164 2383 2377 2438 amicus
2421 2390 2648 2450 noster,
2699 2398 2827 2438 cum
2879 2381 3083 2438 rediret
3122 2380 3192 2437 de
3236 2378 3567 2436 Jerusalem.
3612 2376 3738 2433 Obiit

2165 2476 2464 2532 Ganfridus
2488 2475 2899 2533 Cornuhiensis
2917 2475 3228 2547 episcopus.
3261 2472 3451 2531 Abbas
3477 2470 3739 2530 Pontenia-

2165 2567 2349 2625 censis
2377 2566 2555 2625 factus
2581 2577 2665 2624 est
2690 2567 2985 2639 episcopus
3018 2564 3421 2623 Atrebatensis.
3457 2563 3739 2620 Teobaldns

2166 2662 2336 2718 abbas
2373 2659 2752 2718 Cluniacensis
2790 2659 2970 2717 factus
3005 2668 3093 2717 est
3126 2659 3426 2732 episcopus
3468 2656 3739 2714 cardinalis

2166 2755 2506 2826 Hostiensis;
2548 2757 2640 2814 cui
2684 2757 2954 2814 successit
2996 2756 3145 2813 filius
3191 2755 3417 2812 comitis
3455 2755 3524 2811 de
3567 2754 3734 2809 Claro-

2166 2856 2370 2905 monte.
2419 2847 2520 2904 llic
2562 2849 2717 2920 prius
2748 2848 2852 2905 fuit
2892 2848 3062 2904 abbas
3097 2847 3389 2918 cujusdam
3421 2846 3635 2902 abbatis
3665 2860 3736 2899 ot-

2164 2940 2311 2996 dinis
2340 2940 2745 2998 Cisterciensls.
2791 2939 2922 2996 Inde
2946 2940 3248 2996 translatus
3275 2950 3362 2996 est
3386 2940 3459 2996 ad
3490 2938 3735 2995 ahhatiam

2163 3032 2596 3091 Flaviaecnsem.
2628 3032 2759 3091 Inde
2784 3032 2992 3088 exortis
3018 3031 3351 3103 quibusdam
3378 3032 3567 3089 causis
3584 3031 3735 3088 factas

2164 3133 2247 3179 est
2290 3124 2459 3179 abbas
2497 3122 2682 3179 Sancti
2722 3122 2949 3179 Luciani
3001 3122 3269 3188 martiris,
3310 3121 3478 3193 primi
3519 3122 3730 3194 episcopi

2163 3214 2511 3273 Belvacensis
2537 3215 2794 3272 civitatis.
2825 3213 3057 3281 Exinde,
3088 3224 3149 3269 ut
3172 3214 3443 3281 diximus,
3477 3213 3645 3270 factus
3663 3224 3730 3271 est

2162 3306 2334 3363 abbas
2367 3305 2769 3362 Cluniacensis.
2816 3303 3018 3360 lterum
3064 3303 3206 3359 facta
3245 3315 3330 3360 est
3376 3320 3574 3377 magna
3600 3319 3725 3360 com-

2163 3399 2333 3457 motio
2372 3407 2430 3455 et
2465 3398 2790 3469 disceptatio
2823 3397 2968 3453 inter
2994 3396 3308 3468 Philippum
3349 3413 3534 3468 regem
3580 3395 3727 3451 Fraa-

2161 3505 2353 3545 corum
2376 3498 2431 3545 et
2448 3487 2762 3560 Philippum
2793 3488 3049 3544 comitem
3080 3486 3528 3561 Flandrensium.
3556 3486 3729 3542 Comes

2160 3581 2309 3637 enim
2352 3580 2710 3637 Flandrensis
2760 3579 3027 3637 confusus
3075 3579 3324 3651 pudore,
3378 3578 3508 3649 quia
3554 3578 3730 3634 fecerat

2160 3675 2499 3729 voluntatem
2535 3672 2681 3745 regis
2707 3672 2775 3728 de
2809 3671 3072 3728 comitatu
3109 3668 3553 3736 Viromandensi,
3580 3669 3728 3740 reple-

2161 3773 2250 3820 tus
2280 3764 2360 3819 ira
2394 3754 2852 3834 etindignatione,
2882 3763 3045 3818 vertit
3066 3778 3125 3818 se
3145 3761 3214 3817 ad
3231 3777 3417 3833 regem
3446 3761 3723 3825 Germanic,

2159 3853 2334 3910 filium
2351 3853 2868 3910 Fredericiliomani
2882 3853 3249 3924 imperatoris,
3281 3862 3343 3908 ut
3359 3857 3575 3923 jus-aret
3602 3868 3727 3917 wn,

2159 3952 2216 3999 et
2244 3942 2373 4000 fecit
2399 3944 2447 3999 ei
2476 3943 2783 3999 hominium
2819 3944 2886 3999 de
2929 3943 3252 3999 Flandrensi
3289 3944 3574 3999 comitatu.
3600 3940 3726 3998 Unde
3828 4006 3839 4019 _

2160 4054 2358 4111 magna
2387 4036 2665 4094 tribulatio
2688 4045 2876 4093 exorta
2893 4037 3042 4092 estin
3056 4045 3173 4092 toto
3196 4053 3367 4109 regno
3396 4037 3723 4093 Francorum.

2228 4139 2390 4195 Anno
2420 4139 2681 4210 preterito
2709 4139 2843 4195 obiit
2880 4137 3182 4195 Balduinus
3224 4154 3323 4194 rex
3351 4136 3725 4194 Jerosolimita-

2160 4248 2286 4299 nus,
2336 4231 2423 4286 vir
2464 4232 2729 4289 honestus
2772 4239 2827 4288 et
2871 4230 3182 4302 religiosus,
3234 4238 3289 4286 et
3334 4239 3532 4301 potens
3568 4239 3725 4286 conta

2161 4318 2516 4391 Sarracenos,
2558 4323 2689 4380 licet
2716 4321 3092 4379 elcfantiosus.
3134 4319 3247 4377 Nec
3284 4321 3391 4378 hoc
3423 4322 3617 4376 mirum
3641 4326 3725 4381 est.

468 4423 602 4478 pore
648 4407 833 4466 Karoli
862 4411 1207 4483 imperatoris
1241 4411 1385 4470 facta
1421 4414 1581 4471 aliter
1609 4415 1872 4485 loquitur.
1906 4415 2057 4471 Fecit
2087 4413 2134 4472 D
2159 4413 2288 4485 quia
2342 4411 2576 4487 ﬂagellat
2636 4414 2782 4471 Deus
2825 4429 3046 4468 omnem
3112 4412 3284 4468 lilium
3330 4427 3498 4483 quem
3542 4410 3721 4481 recipit.

466 4499 694 4557 eandem
731 4501 1008 4557 civitatem
1038 4502 1400 4572 permissionc
1438 4519 1577 4575 pape
1611 4505 2055 4576 archiepiscopa-

465 4598 606 4658 tum,
645 4593 733 4648 cui
769 4593 1010 4649 subdidit
1048 4611 1143 4651 sex
1177 4596 1315 4652 alias
1382 4595 1629 4652 civitates
1671 4611 1811 4667 quas
1869 4596 2059 4667 adqui-

467 4683 654 4740 sicrat.
701 4683 1000 4742 Balduinus
1056 4687 1462 4759 Wigorniensis-
1513 4689 1807 4760 episcopus
1853 4696 2053 4745 conse-

464 4784 651 4833 cratus
674 4787 760 4834 est
787 4778 843 4834 in
875 4779 1348 4852 archiepiscopum
1385 4783 1862 4838 Cantuariensem.
1905 4781 2054 4838 Obiit

463 4869 844 4927 Gualerannus
888 4871 1144 4930 Rofensis
1188 4875 1479 4946 episcopus
1519 4884 1575 4932 et
1617 4876 1934 4947 capellanus
1964 4891 2052 4930 ar-

2121 4578 2125 4585 ,
2165 4506 2302 4563 Huic
2330 4507 2594 4563 successit
2635 4521 2806 4577 nepos
2832 4506 2954 4576 ejus
3003 4502 3272 4559 Henricus
3301 4503 3476 4575 (719),
3503 4512 3651 4559 natus
3672 4515 3723 4556 ex

2158 4615 2346 4656 sorore
2368 4614 2487 4667 sua,
2517 4599 2675 4671 cujus
2700 4606 2853 4670 pater
2887 4596 2991 4653 fuit
3020 4595 3339 4651 Willermus
3366 4593 3515 4649 lilius
3540 4593 3721 4650 comitis

2157 4690 2358 4748 Montis
2384 4691 2617 4758 Ferrati,
2643 4692 2739 4762 qui
2774 4689 2953 4747 fuerat
2992 4695 3155 4741 natus
3184 4701 3249 4741 cx
3280 4695 3444 4756 nepte
3479 4680 3719 4739 Frederici

2155 4782 2501 4854 imperatoris
2530 4783 2946 4851 Romanorum;
2998 4792 3053 4840 et
3097 4792 3287 4855 postea
3334 4794 3522 4836 comes
3546 4775 3715 4844 Jopen-

2157 4875 2240 4932 sis
2267 4874 2416 4943 (720)
2464 4875 2624 4934 duxit
2669 4885 2899 4932 matrem
2943 4875 3174 4949 prcdicli
3208 4872 3429 4929 Henrici
3460 4867 3616 4940 regis,
3639 4860 3713 4936 ([ιά

1744 4988 1976 5066 vanu:
2015 5008 2417 5066 LECTIONES.

508 5124 609 5177 ,⁸⁸⁸
649 5123 753 5179 llic
782 5123 977 5181 desinit
1017 5125 1103 5181 8c.
1180 5126 1248 5159 ”"
1288 5126 1420 5181 Post
1456 5127 1567 5181 lucc
1610 5125 1731 5181 duo:
1768 5125 1920 5179 linem
1957 5140 2127 5179 eram
2158 5125 2215 5178 in
2244 5123 2305 5180 Ε.
2338 5124 2534 5180 Manus
2564 5126 2807 5182 habitum
2842 5136 3012 5182 mth
3048 5128 3106 5181 in
3142 5125 3317 5180 maius
3377 5132 3430 5179 et
3464 5125 3539 5178 ita
3567 5114 3709 5191 per}?

462 5210 626 5268 usque
664 5197 736 5252 ad
774 5197 956 5262 ﬁnem.
1033 5197 1103 5230 ⁶⁹⁸
1136 5195 1878 5255 Johannes—Ccstrensem
1915 5196 2106 5250 deamat
2147 5196 2234 5250 8h.

2004 5307 2233 5366 NOTAE.

532 5419 678 5492 (716)
717 5422 898 5481 Minus
946 5435 1235 5482 accuratus
1279 5386 1383 5481 est
1413 5386 1719 5490 Hohertus;
1770 5423 2045 5480 Henricus

456 5492 605 5572 enim
637 5509 733 5572 rex
765 5506 1057 5572 coronatus
1085 5496 1188 5553 fuit
1224 5497 1337 5567 jam
1369 5496 1424 5551 d.
1470 5496 1533 5549 15
1562 5495 1703 5572 Aug.
1740 5496 1911 5572 116$);
1949 5495 2043 5572 sed

458 5559 565 5638 hoc
594 5559 743 5620 anﬁo
790 5566 949 5634 1184,
975 5567 1148 5638 prima
1191 5559 1344 5624 arma
1391 5566 1601 5637 accepit
1639 5559 1945 5637 Magontiac,
1987 5566 2040 5620 in
2151 5567 2326 5638 hyllae.

457 5625 834 5692 Pentecosten.

530 5700 677 5781 (717)
718 5706 1027 5776 Alphonsus
1054 5709 1379 5783 ilcnriqucz,
1411 5710 1504 5782 qui
1527 5708 1658 5766 obiit
1688 5724 1738 5765 a.
1778 5706 1929 5763 1185.

2223 5424 2372 5494 (718)
2411 5423 2770 5493 Montehourg
2792 5424 2954 5481 dicre.
2985 5423 3447 5494 Constantiensis.
3625 5478 3672 5494 _.

2216 5479 2368 5567 {719$
2394 5479 2554 5551 eam:
2578 5479 2889 5567 “obortus;
2916 5479 3018 5550 fuit
3065 5479 3368 5551 Balduinus
3400 5491 3441 5545 v
3482 5491 3607 5547 tilias
3624 5479 3695 5537 Si-

2190 5565 2458 5639 δ’11ω.ίσιιεί
2487 5568 2626 5639 obiit
2650 5565 2805 5639 1186.

2220 5637 2369 5709 (720)
2404 5637 2579 5693 Guido
2604 5639 2672 5694 dc
2695 5637 3009 5708 Lusignano

3871 3548 3874 3705 ι
