3906 6316
109 268 212 372 ’δεῖ

1274 302 1399 369 LIB.
1441 302 1528 360 DE
1571 303 1839 367 SCRIPT.
1881 304 2168 363 ECCLES.

3265 307 3375 368 558

116 386 452 487 suam.
482 419 789 483 monachus
830 421 1100 488 etabbas,
1130 420 1397 493 septimus
1426 420 1688 478 Romana:
1717 426 1765 486 Α
1860 422 1991 478 οη.
2019 419 2220 491 xuv.
2263 419 2555 489 Claudius,
2600 421 2924 479 Classitame
2969 423 3122 480 urbis
3174 424 3378 493 abbas,

114 516 354 579 Ecclesiae
393 519 582 584 levita,
607 515 997 589 apocrisarius,
1034 524 1174 585 papa
1217 508 1476 569 Romanae
1503 512 1689 569 Eccle-

113 618 200 672 sia
238 612 409 667 multa
462 609 705 681 scripsit.
738 606 982 680 Rogatus
1014 621 1046 661 a
1083 599 1331 660 Leandro
1379 602 1689 675 Hispalensi

114 706 377 781 episcopo,
422 702 627 759 librum
653 701 757 757 Job
785 700 1040 771 exposuit
1066 694 1372 770 tripliciter,
1404 694 1686 766 historice,

113 795 389 867 allegorice
415 802 475 850 et
509 792 808 858 moraliter,
852 800 908 847 et
934 789 1104 846 libros
1131 787 1381 844 dividens
1408 785 1464 843 in
1494 801 1589 843 sex
1624 787 1690 843 li-

115 886 230 944 bros
251 883 657 943 consummavit
676 884 780 940 hoc
807 879 1059 937 mirabile
1089 896 1227 951 opus
1251 879 1307 935 in
1335 894 1482 934 xxxv
1510 875 1686 935 libris.

113 978 336 1036 Primam
354 985 413 1033 et
437 977 686 1033 ultimam
703 982 912 1046 partem
928 971 1230 1028 Ezechielis
1250 971 1546 1042 prophetae,
1570 986 1692 1041 quin

115 1068 444 1126 obscuriores
492 1075 669 1133 erant,
730 1065 984 1136 exposuit
1045 1061 1347 1119 liomilitico
1409 1074 1684 1117 sermone.

117 1159 331 1231 Scripsit
357 1160 425 1214 ad
456 1159 763 1214 Marianum
797 1158 1114 1229 episcopum
1145 1170 1256 1210 xui
1284 1152 1559 1225 Evangelii
1586 1153 1689 1207 ho-

115 1252 299 1308 milias.
341 1250 401 1306 In
435 1251 596 1307 initio
630 1258 863 1322 papatus
897 1250 984 1305 sui
1034 1246 1255 1318 scripsit
1282 1246 1351 1301 ad
1398 1243 1688 1311 Joannem,

116 1340 374 1398 Ravenna:
395 1341 741 1413 episcopum,
778 1341 979 1395 librum
1019 1337 1237 1410 Regulae
1264 1336 1574 1408 pastoralis.
1601 1334 1693 1389 Li-

116 1433 258 1488 brum
292 1431 673 1504 Dialogorum,
701 1448 864 1504 quem
904 1446 1031 1487 cum
1053 1428 1214 1486 Petro
1243 1429 1475 1485 diacono
1503 1442 1605 1482 suo
1625 1428 1697 1503 de

116 1521 381 1577 miraculis
422 1531 746 1597 sanctorum
793 1521 880 1578 sui
909 1519 1174 1592 temporis
1231 1518 1445 1586 habuit,
1477 1514 1692 1573 Teude-

115 1613 263 1669 livida;
299 1609 795 1686 Langobardorum
841 1614 1045 1688 regina:
1097 1628 1197 1685 pro
1245 1626 1472 1668 munere
1519 1610 1688 1666 misit.

1791 511 1962 568 multa
2018 511 2086 568 de
2132 510 2462 580 Proverbiis,
2510 512 2581 567 de
2629 511 2873 570 Canticis
2923 513 3285 583 canticorum,
3311 516 3381 573 de

1790 598 2041 675 Eptatico
2090 596 2541 679 [Heptateu’cho],
2567 604 2637 660 dc
2654 605 2955 676 prophetis,
2982 605 3050 662 de
3084 606 3243 663 libris
3271 604 3383 663 Re-

1790 711 1940 767 gum,
1972 711 2114 767 quos
2163 696 2422 768 loquente
2462 695 2725 769 Gregorio
2763 695 3009 754 audierat
3030 699 3250 770 exponi,
3280 714 3384 757 nec

1794 796 1973 845 tamen
2004 805 2069 845 ea
2117 787 2412 862 Gregorius
2458 806 2569 861 prie
2594 789 2910 847 inﬁrmitate
2935 797 2991 846 et
3014 793 3379 863 occupatione

1792 881 2109 952 scripserat,
2143 881 2261 952 ipse
2312 895 2415 937 suo
2446 896 2611 937 sensu
2642 881 2886 949 dictavit,
2940 897 3010 937 ne
3037 883 3297 952 perirent,
3320 894 3385 953 ut

1792 979 1920 1043 apto
1971 981 2213 1044 tempore
2270 973 2612 1029 emendatius
2661 974 3020 1029 dictarentur.
3071 973 3204 1042 Qua:
3254 992 3381 1033 cum
3498 1028 3503 1034 .

1792 1062 2089 1136 Gregorius
2143 1065 2501 1135 comperisset
2559 1065 2716 1121 valde
2768 1065 3018 1121 inutilius
3070 1073 3381 1136 permutata

1791 1168 1934 1223 esse,
1959 1171 2023 1211 ea
2054 1156 2336 1212 studiosus
2389 1156 2668 1228 recollegit
2693 1166 2748 1213 ct
2774 1164 3081 1229 opportune
3120 1157 3379 1212 correxit.

1860 1246 1991 1304 Car.
2039 1247 2204 1305 XLV.
2238 1248 2574 1306 Fortunatus
2628 1249 2800 1322 (756),
2840 1250 3066 1306 natione
3095 1248 3287 1317 Italus,
3314 1250 3384 1305 li-

1791 1339 2072 1396 beralibus
2100 1340 2312 1397 artibus
2351 1340 2619 1407 eruditus,
2654 1355 2685 1395 a
2714 1340 2904 1396 dolore
2928 1340 3240 1407 oculorum,
3263 1339 3380 1394 viri-

1792 1438 1908 1488 tute
1951 1429 2172 1488 Martini
2219 1429 2559 1489 Turonensis
2597 1431 2875 1502 episcopi,
2916 1440 3163 1499 sanatus,
3200 1440 3254 1487 et
3280 1446 3382 1502 pro

1792 1522 1898 1578 hac
1946 1537 2112 1579 causa
2140 1522 2210 1578 ad
2258 1521 2509 1578 Turones
2537 1522 2705 1590 venit,
2743 1530 2799 1578 et
2842 1521 2912 1577 ad
2955 1518 3210 1578 Pictavos
3248 1538 3383 1593 pro~

1793 1630 2037 1688 gressus,
2059 1615 2238 1686 primo
2267 1613 2344 1670 ibi
2382 1614 2687 1687 presbyter,
2713 1612 2910 1671 deinde
2932 1613 3224 1686 episcopus
3248 1628 3387 1681 cons

116 1703 463 1776 Epistolarum
516 1714 595 1763 tot
623 1707 794 1763 libros
824 1707 1060 1779 posteris
1092 1705 1316 1777 reliquit
1356 1712 1492 1775 quot
1517 1719 1691 1760 annos
1721 1767 1765 1779 _
1795 1713 2042 1762 secratus
2070 1714 2173 1762 est.
2213 1704 2447 1778 Scripsit
2473 1706 2702 1761 metrice
2726 1703 3153 1777 Hodaaporicum
3182 1722 3379 1773 suum;

115 1767 373 1869 in-papatu
397 1798 557 1864 vixit,
590 1798 644 1854 id
667 1806 752 1854 est
784 1767 1042 1854 tredecim
1089 1807 1144 1854 et
1166 1767 1352 1857 semis.
1374 1767 1619 1868 Scripsit
1638 1806 1692 1853 ct
1721 1767 1767 1828 Β
1796 1796 2018 1867 scripsit
2043 1796 2269 1853 metrice
2302 1767 2541 1869 quatuor
2570 1796 2742 1853 libros
2777 1795 2854 1852 De
2881 1767 3003 1851 i‘ita
3034 1796 3211 1853 sancti
3232 1767 3381 1852 Mar:-

119 1888 212 1944 alia
248 1905 365 1960 qua:
406 1906 437 1945 a
475 1889 742 1946 Romanis
798 1900 924 1961 post
972 1900 1204 1946 mortem
1234 1891 1356 1962 ejus
1403 1889 1690 1946 combusta

120 1990 251 2059 sunt,
285 1982 377 2051 qui
406 1989 463 2037 et
493 1982 683 2041 omnia
734 1998 902 2054 opera
926 1983 1050 2055 ejus
1099 1981 1555 2050 combussisseut,
1585 1981 1690 2037 nisi

120 2070 311 2141 Petrus,
334 2074 607 2131 diaconus
635 2075 778 2146 ejus,
802 2074 1171 2132 interveniens
1197 2074 1578 2131 conﬁrmasset
1599 2074 1691 2145 ju-

119 2166 385 2237 rejurando
429 2184 491 2223 se
528 2167 734 2224 vidisse
796 2165 1063 2240 Spiritum
1115 2177 1365 2224 sanctum
1407 2166 1567 2239 quasi
1596 2183 1691 2224 co-

121 2259 334 2314 lumbam
372 2275 542 2331 super
594 2268 759 2331 caput
793 2258 1039 2332 Gregorii
1074 2261 1360 2317 tractantis
1386 2261 1685 2328 sedentem,

119 2358 334 2406 rostrum
361 2368 529 2407 suum
575 2351 659 2406 ori
697 2352 843 2407 illius
886 2352 1251 2421 inserentcm;
1280 2361 1335 2407 et
1375 2352 1481 2408 hoc
1505 2352 1686 2424 ipsum

122 2440 288 2497 Petrus
312 2442 412 2498 hac
439 2443 759 2501 conditione
808 2442 953 2511 fecit,
984 2451 1045 2498 ut
1071 2443 1118 2498 si
1152 2443 1270 2514 ipse
1318 2452 1442 2515 post
1481 2442 1683 2499 factum

122 2533 475 2604 jusjurandum
501 2535 689 2590 statim
718 2544 1044 2603 moreretur,
1061 2534 1298 2590 Romani
1325 2535 1525 2591 alibris
1552 2535 1687 2591 Grc-

122 2623 234 2694 gorii
258 2625 645 2680 comburendis
660 2633 972 2693 cessarent;
1005 2624 1051 2680 si
1075 2640 1184 2680 non
1211 2634 1537 2693 moreretur,
1569 2625 1685 2695 ipse

124 2713 260 2767 etiam
304 2714 754 2770 combustoribus
805 2714 1074 2769 librorum
1124 2728 1326 2770 manus
1364 2715 1540 2770 daret.
1592 2713 1685 2770 Sic

123 2801 287 2861 Petrus
322 2806 462 2861 inter
484 2806 656 2862 verba
700 2805 1000 2876 juramenti
1046 2807 1368 2878 exspiravit,
1392 2816 1447 2862 et
1481 2806 1683 2863 Roma-

125 2912 290 2954 norum
330 2899 545 2954 insania
587 2899 841 2956 cessavit.
880 2900 1013 2968 Qua:
1050 2902 1323 2974 scriptura
1354 2901 1680 2975 Gregorium

125 3002 215 3045 tam
244 2990 553 3059 illustravit,
580 3009 745 3064 quam
781 2992 916 3048 illud
942 2994 1088 3065 quod
1113 2994 1571 3066 Antiphonarium
1595 3010 1681 3049 re-

1793 1886 1915 1955 tini,
1953 1896 2009 1944 et
2046 1889 2217 1944 multa
2267 1889 2395 1956 alia,
2434 1898 2489 1945 et
2517 1888 2753 1944 maxime
2776 1888 3011 1960 hymnos
3036 1888 3381 1962 singularum

1793 1976 2172 2037 festivitatum.
2224 1981 2307 2037 Ad
2330 1981 2574 2053 singulos
2601 1980 2811 2036 amicos
2835 1981 3146 2053 composuit
3188 1996 3381 2037 versus

1792 2073 1946 2129 suavi
1969 2083 2023 2130 ct
2044 2074 2248 2130 diserto
2285 2088 2558 2130 sermone.

1844 2164 1991 2235 Car.
2050 2165 2235 2220 XLVI.
2284 2164 2629 2222 Justinianus
2658 2164 2859 2236 Major,
2897 2165 3196 2237 imperialis
3257 2179 3379 2221 ma--

1784 2259 2001 2331 jcstatis
2053 2259 2318 2331 dignitate
2373 2257 2625 2327 illustris,
2658 2260 2874 2316 videtur
2902 2259 3165 2316 illustrior
3208 2259 3381 2316 fuisse

1788 2352 1911 2407 aliis
1935 2352 2382 2423 imperatoribus,
2411 2368 2508 2424 per
2535 2353 2640 2409 hoc
2665 2352 2814 2424 quod
2834 2353 3000 2409 etiam
3033 2352 3177 2410 inter
3204 2355 3381 2411 eccis-

1788 2443 2041 2500 siasticos
2075 2444 2370 2515 scriptores
2390 2444 2571 2500 locum
2597 2443 2908 2515 acquisivit.
2940 2443 3114 2516 Leges
3141 2425 3381 2517 namque

1787 2535 2186 2603 Romanorum,
2218 2552 2453 2607 quarum
2488 2535 2775 2607 prolixitas
2809 2534 2976 2591 nimia
3006 2546 3126 2592 erat
3172 2546 3227 2593 et
3251 2538 3380 2593 inu-

1787 2628 1897 2684 tilis
1945 2628 2306 2698 dissonantia,
2357 2628 2596 2684 mirabili
2634 2627 2899 2684 brevitate
2936 2629 3189 2685 correxit.
3240 2628 3380 2684 Nam

1784 2735 1977 2777 omnes
1999 2720 2422 2777 constitutiones
2446 2719 2779 2791 principum,
2810 2735 2933 2791 qua:
2969 2720 3159 2790 utique
3190 2719 3395 2779 multis.

1785 2812 1839 2867 in
1861 2811 2231 2868 voluminibus
2260 2811 2623 2878 habebantur,
2653 2809 2798 2866 intra
2826 2827 2903 2866 xii
2926 2810 3098 2867 libros
3129 2820 3381 2868 coarcta-

1783 2905 1892 2961 vit:
1918 2904 2061 2962 idem
2118 2919 2340 2976 quoque
2379 2904 2635 2986 volumen
2668 2902 2928 2959 Codicem
2977 2902 3382 2960 Justinianeuni

1784 2997 2042 3070 appellari
2061 2996 2210 3054 fecit.
2228 2994 2581 3068 Rursumque
2594 2995 2936 3067 singulorum
2955 2995 3383 3066 magistratuum

127 3081 272 3151 gulari
305 3085 532 3140 musica:
566 3086 941 3143 modulatione
979 3086 1347 3143 centonizavit
1377 3096 1433 3143 et
1462 3087 1681 3144 scholas
1708 3111 1750 3169 ο
1784 3090 1898 3147 sive
1926 3091 2177 3162 judicum
2211 3088 2381 3162 leges,
2414 3104 2538 3160 qua:
2572 3103 2746 3159 usque
2789 3087 2859 3144 ad
2895 3087 3006 3143 duo
3040 3088 3210 3143 millia
3243 3103 3385 3159 pene

127 3181 374 3230 cantorum
398 3177 451 3231 in
480 3176 732 3233 Romana
763 3176 1007 3235 Ecclesia
1034 3178 1318 3234 constituit
1344 3178 1513 3250 (753).

1787 3184 2053 3240 librorum
2073 3190 2231 3240 erant
2247 3191 2504 3248 extensae,
2530 3181 2675 3236 intra
2696 3180 3092 3252 quinquaginta
3114 3180 3384 3238 librorum

183 3263 295 3320 Cir.
337 3267 495 3324 XLII.
550 3268 908 3338 Anastasius,
960 3271 1338 3327 Antiochenus
1368 3270 1680 3343 episcopus,
1779 3292 2078 3334 numerum
2101 3275 2330 3346 redegit,
2360 3274 2724 3345 cumdemque
2743 3274 3001 3332 Codicem
3036 3274 3389 3346 DigestOrum

130 3350 425 3414 Pastoraieni
484 3359 690 3416 librum
744 3354 989 3433 Gregorii
1032 3362 1087 3417 in
1137 3361 1383 3418 Griecam
1438 3361 1695 3433 linguam

132 3450 390 3518 transtulit,
419 3461 474 3508 et
518 3452 882 3509 orientalibus
906 3451 1166 3510 Ecclesiis
1182 3468 1326 3525 npus
1373 3452 1684 3508 venerabile

132 3543 405 3609 procuravit
441 3544 619 3617 (754).

186 3628 297 3688 Cir.
326 3632 505 3692 XLIII.
531 3635 784 3695 Paterius
805 3638 979 3711 (755),
1007 3636 1270 3696 Romanis
1294 3636 1554 3695 Ecclesia:
1580 3653 1683 3694 no-

136 3730 279 3787 tarius
324 3742 376 3790 et
429 3733 845 3793 secundicerius
873 3775 888 3799 ,
947 3734 1210 3805 colligens
1254 3731 1441 3788 omnia
1490 3730 1687 3786 divina:

138 3818 393 3895 Scriptum
440 3826 757 3884 testimonia
807 3840 903 3897 per
945 3842 1066 3896 quin
1115 3823 1413 3897 Gregorius
1448 3824 1684 3881 obscura

137 3928 229 3971 sua:
242 3921 587 3990 expositionis
614 3919 955 3986 dilucidavit,
984 3927 1095 3975 tres
1124 3918 1294 3975 libros
1316 3919 1515 3975 edidit:
1548 3918 1688 3975 duos

139 4004 191 4060 de
224 4011 535 4068 testimoniis
568 4011 780 4068 Veteris
824 4010 1200 4079 liistrumeiiti,
1235 4020 1290 4066 et
1308 4027 1479 4068 unum
1507 4009 1575 4067 de
1604 4018 1685 4067 te-

140 4097 372 4160 stimoniis
410 4103 550 4161 Novi
601 4103 960 4173 Testamenti,
998 4105 1287 4176 ipsumque
1311 4105 1554 4162 codicem
1585 4119 1684 4174 ap-

142 4188 323 4255 pellavit
350 4194 573 4253 Librum
603 4197 1066 4254 testimoniorum.

1790 3368 1904 3424 sive
1963 3366 2364 3424 Pandectarum
2412 3366 2679 3423 vocabulo
2731 3368 3085 3438 nuncupavit.
3135 3364 3386 3436 Quatuor

1787 3460 1954 3517 etiam
1978 3457 2393 3516 Institutionum
2438 3458 2630 3526 libros,
2676 3458 2731 3514 iii
2753 3460 2956 3531 quibus
2997 3460 3233 3518 breviter
3260 3462 3387 3518 uui-

1786 3566 2072 3609 versarum
2128 3551 2309 3624 legum
2361 3559 2544 3609 textus
2604 3551 3117 3622 comprehenditur,
3173 3554 3387 3608 naviter

1786 3645 2059 3718 exposuit.
2096 3639 2279 3700 Novas
2307 3657 2527 3715 quoque
2563 3643 2730 3714 leges,
2767 3657 2908 3714 quas
2945 3632 3060 3714 ipse
3094 3652 3382 3711 statuerat,

1788 3736 1844 3792 in
1873 3750 2043 3791 unum
2061 3734 2317 3791 volumen
2351 3733 2557 3806 redegit
2579 3733 2751 3806 (757).

1859 3827 1989 3884 Car.
2048 3825 2260 3882 XLVII.
2311 3825 2501 3883 Sixtus
2555 3826 2846 3898 episcopus
2893 3825 3114 3898 scripsit
3182 3826 3384 3883 librum

1788 3917 1866 3974 De
1892 3918 2003 3975 vita
2031 3918 2275 3974 hominis
2296 3917 2561 3990 perfecta.

1861 4009 1990 4066 CAP.
2048 4009 2284 4066 XLVIII.
2334 4009 2500 4067 Osius
2554 4011 2845 4082 episcopus
2900 4010 3120 4083 scripsit
3181 4010 3384 4067 librum

1791 4103 1868 4160 De
1905 4104 2289 4161 observatione
2314 4103 2614 4161 Dominica
2653 4102 2957 4175 disciplina:
2997 4102 3197 4175 (758).

1860 4196 1991 4253 CAP.
2070 4195 2259 4252 XLIX.
2298 4196 2620 4269 Gregorius,
2687 4194 3029 4253 Turonensis
3065 4196 3400 4271 episcopus”

1281 4312 1586 4371 AUBERTI
1619 4312 1844 4371 ΜΙΒᾸΞΙ
1880 4308 2199 4372 SCIIOLIA.

196 4420 327 4496 (153)
360 4424 495 4496 Vide
523 4425 655 4484 Isid.
693 4442 743 4485 c.
768 4426 862 4494 27,
899 4435 956 4483 et
978 4425 1310 4484 lldet‘onsum
1341 4442 1391 4483 c.
1421 4424 1474 4481 l.

198 4493 329 4567 (754)
353 4495 409 4553 S.
434 4499 767 4556 Anastasius
817 4497 1051 4564 Sinaita,
1078 4498 1370 4568 episcopus
1393 4495 1689 4552 Antioche—

145 4574 299 4640 nuset
316 4578 540 4640 martyr,
553 4585 706 4640 anno
725 4568 1168 4640 quingentesimo
1182 4568 1698 4640 nonagesimo”?

147 4643 201 4711 τε)
217 4634 343 4711 diem
366 4634 531 4695 obiit.
546 4634 848 4711 Dictus'est
866 4634 1109 4711 Sinaits,
1126 4654 1194 4695 eo
1220 4634 1369 4711 quod
1389 4637 1697 4711 monachus

146 4705 307 4782 riserit
321 4707 374 4763 in
393 4718 579 4782 monte
591 4708 745 4782 Sina,
758 4718 1051 4782 antequam
1071 4705 1325 4782 Ecclesiae
1343 4706 1698 4782 Αμῑίοᾷιθὲξ

148 4774 485 4899 monetur.
518 4774 753 4852 Scripsit
794 4774 980 4836 autém
1000 4781 1177 4849 varia,
1199 4796 1269 4837 ex
1293 4780 1497 4863 quibus
1519 4778 1577 4834 in
1605 4776 1698 4833 Bi-

256 4845 378 4899 Μαι
410 4860 656 4899 remum
700 4850 926 4899 Patrum
957 4851 1214 4899 leguntur
1257 4850 1695 4899 Arianommmm

256 4845 378 4923 δοαξ
410 4845 662 4923 *ωηιιὶ
700 4850 926 4923 Patrum
957 4845 1214 4923 muttit
1242 4845 1695 4923 alimoniam"!

149 4921 629 5001 mtuplationum
650 4922 708 4976 in
730 4919 1107 4978 Hexaemeron
1132 4921 1259 4977 libri
1288 4919 1428 4986 duo,
1456 4919 1537 5001 pe
1568 4919 1695 4975 ﬁdei

152 4980 451 5063 Ws
485 4992 612 5048 libri
642 4992 911 5063 quinque,
949 4988 1562 5063 iqterpreteGodel‘rido
1583 4987 1695 5063 τει-

423 5009 451 5049 s
486 5008 612 5048 unri
642 5008 911 5058 quinque,
949 5008 1245 5058 interprete
1265 5008 1562 5047 uouemuo
1597 5008 1697 5045 iii-

154 5007 451 5054 W8
486 5007 612 5076 libri
642 5007 911 5073 quinque,
949 5007 1562 5073 interpreteuouemuo
1597 5007 1697 5072 ιρι-

154 5065 410 5189 υςωπκεη
377 5059 481 5188 οη.
483 5059 1697 5189 amatamamatam:

442 5172 457 5187 .
489 5133 749 5195 Eiusdem
769 5133 891 5187 Dux
915 5133 1018 5189 vite
1042 5141 1232 5187 contra
1258 5133 1585 5195 Aeepbalos,
1612 5133 1697 5184 in-

157 5130 457 5189 ﬁtiationes.
489 5132 749 5204 Ejusdem
769 5130 891 5187 Dux
915 5133 1018 5189 vite
1042 5130 1232 5187 contra
1258 5130 1585 5202 Aeepbalos,
1612 5130 1694 5184 in-

157 5197 355 5275 ιξηξνοῳ
364 5200 635 5275 Gretsero,
656 5218 809 5259 anno
831 5201 971 5275 I606
984 5201 1302 5275 lngolstadii
1328 5209 1415 5258 est
1433 5214 1694 5275 excusas.

376 5257 455 5348 si
820 5257 1371 5348 varios_,_?ex:quibus
1399 5270 1698 5348 nonnullgs

160 5329 359 5400 Mimos
374 5329 578 5400 Statius
599 5342 794 5400 Latine
828 5329 1080 5400 reddidit.
1104 5329 1253 5398 Idem
1278 5340 1605 5397 Anastasius
1634 5338 1692 5395 S.

161 5398 365 5476 Gregorii
389 5398 785 5498 miihi-iiii
832 5398 1169 5495 Pastoralem
1212 5412 1269 5466 in
1288 5411 1557 5495 crescam
1588 5410 1698 5466 lin-

161 5483 589 5536 Mconvertit.
623 5485 800 5536 Onam
836 5486 1251 5536 translationem
1286 5498 1343 5536 in
1370 5482 1697 5536 bibliotheca

161 5483 589 5602 Wiener-tit.
623 5485 800 5570 Quam
836 5484 1251 5541 translationem
1286 5483 1343 5536 in
1370 5483 1697 5564 bibliotheca

164 5614 282 5637 nm:
330 5552 504 5637 Achillis
528 5555 715 5637 Statii,
742 5556 1266 5637 apud-presbyteros
1310 5549 1694 5637 (iratorn‘lio-

164 5620 302 5682 "illi.
323 5628 578 5681 asservari
616 5620 851 5682 testatur
883 5620 1156 5681 Karoniiis
1186 5626 1241 5678 in
1273 5624 1417 5678 notis
1445 5622 1513 5677 ad
1547 5622 1696 5677 Mar-

164 5685 443 5806 Nam
471 5712 561 5752 xxi
604 5698 827 5768 Aprilis.
859 5696 980 5763 Quo
1028 5697 1151 5751 loco
1180 5704 1237 5749 et
1256 5695 1412 5765 plura
1456 5694 1697 5764 reperies

243 5754 332 5811 Isto
369 5777 545 5811 nmtm
581 5769 883 5811 Annatnci‘n,
927 5777 979 5811 οι
1019 5767 1191 5811 altera
1220 5766 1405 5811 itidem
1432 5764 1692 5811 enismno

286 5767 332 5814 to
369 5777 545 5824 nostro
574 5767 893 5837 Anastasio,
927 5777 982 5833 et
1019 5767 1191 5831 altero
1220 5767 1406 5820 itidem
1432 5767 1692 5835 episcopo

1723 4428 1771 4484 Ι)
1793 4424 2138 4496 Antiocheiio
2182 4441 2249 4481 ac
2284 4414 2553 4496 martyre;
2595 4431 2870 4496 notatque
2903 4423 3045 4480 inter
3082 4423 3186 4481 alia
3216 4423 3387 4481 Baro-

1800 4497 1929 4579 nius
1952 4495 2318 4579 Nicephorum
2344 4495 2914 4579 errorelaps‘um’ﬂlib.
2949 4510 3104 4561 xvm,
3135 4511 3255 4568 cap.
3287 4497 3383 4561 9.4,

1798 4568 1931 4651 dum
1963 4564 2187 4651 nomen.
2212 4564 2437 4651 Sinaitie
2462 4574 2519 4651 et
2546 4564 2958 4651 lucubrationes
2982 4580 3148 4651 supra
3170 4564 3384 4651 uicino-

1799 4646 1950 4720 ratas
1985 4636 2602 4720 ppsteriori'Anastasip
2624 4635 3173 4720 ascribitxcaeteruin‘
3191 4636 3246 4720 ii_i
3278 4636 3388 4720 Re:

1828 4700 2253 4788 [istro'Gregorii
2276 4700 2487 4788 [papae
2536 4706 2723 4788 plures
2774 4713 2992 4788 exstant
3038 4707 3281 4788 epistolae
3314 4710 3385 4788 ad

1799 4724 1975 4835 Ειδιτο
2003 4724 2253 4778 uregorii
2276 4724 2299 4761 ι
2332 4724 2487 4788 papa:
2536 4724 2723 4777 putres
2774 4724 2992 4788 exstant
3038 4724 3281 4790 epistola
3314 4724 3385 4764 au

1813 4793 1947 4850 fune
1973 4787 2242 4850 nostrum
2283 4774 2561 4850 _S_in_aitam
2606 4777 2767 4850 datae.
2819 4776 2939 4831 Alia
2970 4792 3209 4848 reperies
3238 4779 3385 4850 apud

1798 4848 2082 4907 Canisium
2114 4856 2249 4905 tom.
2283 4845 2349 4901 Ill
2378 4846 2754 4918 LectLantiq.‘

1870 4921 2021 5003 (755)
2063 4918 2339 5003 Paterium
2381 4915 2804 5003 suROGailestino
2822 4915 2850 5003 il
2895 4932 3058 5003 papa,
3111 4918 3399 5003 legatique

1903 5146 2037 5214 9.29
2065 5146 2368 5214 '39-“°““.'.'
2396 5146 2613 5214 ἕνθ’..
2673 5199 2731 5214 η.
2899 5199 2934 5214 -.
3015 5198 3028 5212 .
3076 5196 3119 5214 ..
3187 5205 3202 5214 .

1871 5202 2024 5325 (Ἱφ)
2081 5200 2336 5285 Venantii
2364 5232 2367 5237 ν
2393 5196 2618 5284 Ilonorii
2669 5198 3031 5284 Clementiani
3076 5196 3383 5282 Fprtunati,

1797 5269 1877 5345 ita
1901 5271 1971 5327 ici
1993 5272 2316 5345 presbyteri,
2356 5271 2601 5345 episcopi
2634 5270 3016 5345 Ρὶαθνιορεςε,
3039 5284 3134 5345 qui
3161 5267 3385 5345 Childe;

1799 5342 1963 5414 bet-to
1995 5338 2349 5414 'regefvixit,
2381 5338 2749 5414 A'Garniinum‘
2771 5348 2828 5396 et
2847 5338 3233 5414 Epistolarum
3261 5338 3403 5394 libri~

1799 5408 2111 5484 quindecim
2138 5412 2393 5484 illustrati
2424 5412 2573 5484 notis
2600 5410 2807 5484 sacris,
2847 5408 3142 5484 histgricis
3154 5417 3220 5464 et
3254 5424 3385 5482 geo-

1799 5476 2095 5554 graphicis,
2131 5498 2162 5537 :i
2197 5476 2931 5554 Christophoro'ABrouvero,
2957 5477 3090 5554 Spe1
3112 5476 3240 5537 Jesu
3256 5476 3379 5554 'pre-

1801 5496 2095 5554 graphicis,
2131 5498 2162 5537 :i
2197 5496 2596 5605 unristiainoro
2635 5496 2931 5543 brouvero,
2957 5496 3082 5533 auc.

1801 5555 2040 5625 sbytero,
2069 5562 2199 5608 sunt
2229 5553 2358 5607 editi
2443 5551 2683 5621 oguntite
2704 5548 2840 5605 1603
2878 5558 2933 5603 et
2958 5548 3112 5605 1616.

1872 5625 2024 5693 (757)
2057 5624 2192 5679 Vide
2217 5624 2283 5678 ad
2313 5622 2604 5686 lsidorum,
2632 5636 2680 5674 c.
2721 5619 2803 5675 l8.

2107 5636 2192 5679 ide
2217 5636 2283 5678 an
2314 5636 2604 5686 Ismorum,
2632 5636 2680 5674 c.
2721 5636 2803 5675 iis.

1898 5695 2022 5766 758)
2048 5695 2122 5751 De
2144 5710 2211 5750 co
2232 5693 2587 5748 'I‘i'ithemius.
