3966 6420
464 435 575 493 563

1609 429 1977 486 SIGEBERTI
2015 425 2536 486 GEMBLACENSIS

3639 429 3746 492 564

465 549 734 624 peratoris
763 550 955 618 edidit,
1002 555 1077 617 et,
1115 557 1372 604 monente
1413 544 1644 601 Oruntio
1672 545 1948 616 episc0po,
1999 544 2058 598 liv
2085 547 2130 602 Α
2160 542 2362 613 ubique
2385 539 2649 610 imagines
2688 538 2784 596 Dei
2832 549 2886 597 et
2926 549 3241 598 sanctorum
3288 540 3409 613 (jus
3447 541 3648 611 deponi
3691 522 3747 599 et

465 649 626 708 brum
653 645 879 702 Joannis
901 643 1281 716 Chrysostomi
1312 641 1368 696 in
1403 639 1716 694 Matthteum
1761 636 1829 692 de
1859 635 2052 692 Grzeco

466 742 524 796 in
553 738 808 794 Latinum
838 737 1120 792 transtulit
1143 734 1312 806 (772).

540 829 670 885 Car.
704 827 893 883 LXXI.
921 825 1257 881 Walafridus
1276 821 1426 894 (775)
1461 820 1628 875 abbas
1651 817 1831 873 V'itam
1861 829 1915 872 et
1947 815 2053 871 mi-

471 920 660 975 racula
692 919 866 974 sancti
895 917 1033 973 Galli
1071 915 1283 971 abbatis
1330 913 1506 984 primo
1551 910 1818 982 prosaice,
1860 907 2055 964 deinde

467 1014 694 1068 metrice
715 1009 1042 1080 composuit.

540 1103 669 1158 CAP.
704 1100 911 1156 LXXII.
941 1099 1292 1155 Christianus
1341 1095 1511 1168 (774),
1544 1094 1613 1150 ab
1659 1093 1953 1165 Aquitania
2000 1091 2055 1144 in

469 1194 703 1248 Galliam
729 1193 974 1260 veniens,
1007 1206 1206 1245 nomen
1231 1203 1391 1244 suum
1425 1184 1714 1242 scribendo
1738 1182 2052 1238 notiticavit.

466 1285 735 1357 Exposuit
787 1285 933 1340 enim
994 1281 1347 1354 Evangelium
1403 1278 1684 1343 Matthmi,
1732 1277 2057 1348 promittens

461 1377 632 1432 etiam
668 1377 734 1432 de
758 1376 881 1430 aliis
912 1374 1220 1444 Evangeliis
1251 1389 1309 1427 se
1333 1380 1717 1427 tractaturum.

541 1467 670 1522 Car.
697 1465 930 1520 LXXIII.
962 1465 1136 1521 Verus
1161 1463 1307 1536 (775)
1338 1463 1627 1534 episcopus
1653 1459 1833 1515 Vitam
1861 1457 2059 1514 Eutro-

471 1559 568 1629 pii,
593 1557 1123 1629 episcopiArausicze
1146 1556 1444 1612 Galliarum
1467 1554 1640 1621 urbis,
1657 1553 1923 1609 illustrem
1944 1551 2056 1605 vir-

475 1649 685 1703 tutibus
711 1665 776 1703 ac
807 1647 1087 1702 miraculis
1131 1645 1418 1716 descripsit
1459 1643 1738 1698 luculento
1786 1656 2059 1699 sermone.

544 1741 674 1796 Csp.
704 1739 939 1794 LXXIV.
971 1739 1265 1810 Gregorius
1292 1737 1463 1808 (776),
1484 1737 1757 1793 secundus
1780 1737 1945 1809 hujus
1968 1750 2062 1790 no-

473 1835 640 1890 minis
661 1849 800 1904 papa
850 1831 1154 1898 Romanus,
1189 1830 1562 1900 interpellatus
1603 1828 1746 1899 apud
1784 1827 2058 1884 Constan-

2156 634 2394 694 incendi.

2226 727 2357 780 CAP.
2394 723 2606 779 LXXV.
2637 723 2875 782 Joannes
2903 726 3074 798 (777),
3113 727 3418 782 monachus
3440 736 3495 784 et
3518 728 3750 799 presby-

2157 826 2239 874 ter
2264 818 2331 874 de
2358 816 2628 872 Damasco
2667 817 2857 889 Syrizc,
2880 819 2990 875 vita
3037 827 3092 873 et
3129 819 3378 874 doctrina
3405 820 3614 886 clarus,
3654 835 3749 874 co-

2156 917 2450 982 gnomento
2475 909 2906 982 Chrysorrhoas,
2935 910 3210 966 animatus
3249 910 3468 980 scriptis
3493 909 3750 981 Gregorii

2156 1017 2328 1072 papae,
2364 1001 2564 1072 quibus
2593 1001 2950 1074 impugnabat
2975 1001 3309 1071 impietatem
3339 999 3541 1055 Leonis
3572 1001 3750 1070 impe-

2157 1093 2376 1159 ratoris,
2408 1090 2627 1161 scripsit
2659 1099 2712 1146 et
2757 1091 2874 1162 ipse
2917 1091 3123 1148 Graecis
3161 1090 3346 1147 Graece
3373 1100 3564 1146 contra
3606 1089 3750 1144 Leo-

2158 1199 2283 1239 nem
2315 1183 2720 1253 imperatorem.

2227 1273 2612 1330 CAP.LXXVI.
2665 1275 2962 1347 Gregorius
3013 1275 3206 1330 tertius
3251 1274 3478 1346 scripsit
3522 1282 3579 1330 et
3632 1273 3754 1345 ipse

2158 1369 2579 1424 commonitoria
2630 1369 2832 1440 scripta
2877 1369 2944 1424 ad
3002 1369 3358 1440 imperatores
3401 1368 3646 1425 Leonem
3693 1367 3756 1425 et

2158 1458 2602 1528 Constantinum,
2632 1476 2730 1531 per
2753 1476 2894 1531 quos
2919 1461 3226 1531 persecutio
3245 1461 3428 1532 gravis
3469 1471 3756 1518 commota

2159 1566 2276 1608 erat
2303 1561 2494 1608 contra
2525 1553 2792 1624 imagines
2820 1552 2915 1607 Dei
2961 1563 3386 1624 sanctorumque
3429 1555 3584 1624 ejus;
3629 1570 3758 1624 qua:

2162 1646 2364 1717 scripta
2398 1644 2642 1703 fautores
2674 1646 3067 1716 imperatorum
3096 1647 3455 1716 portitoribus
3493 1647 3757 1703 auferen-

2162 1742 2264 1801 tes,
2299 1735 2813 1806 discerpseruntea.
2849 1736 3145 1807 Gregorius
3171 1737 3367 1792 iterum
3393 1739 3596 1808 scripta
3653 1739 3758 1792 im-

2162 1826 2507 1896 peratoribus
2537 1827 2711 1894 misit,
2730 1836 2786 1881 et
2808 1827 3004 1882 iterum
3031 1845 3094 1883 ea
3122 1844 3151 1882 a
3175 1828 3533 1898 portitoribus
3570 1829 3757 1884 ablata

467 1893 760 1994 “tiuopolim
793 1939 823 1977 a
857 1893 1169 1978 Justiniano
1201 1893 1521 1991 imp-super
1551 1893 1876 1990 qui-busdam
1909 1919 2059 1997 capi-
2091 1893 2138 1956 Β
2165 1893 2294 1973 sunt
2315 1927 2368 1973 et
2389 1893 2850 1988 discerpta.rQuia
2896 1935 3028 1990 ergo
3083 1893 3442 1990 imperatores
3490 1921 3760 1976 nolebant

475 2017 623 2082 tulis,
641 2015 846 2086 optima
865 2013 1222 2088 responsione
1245 2028 1686 2083 unamquamque
1708 2011 2064 2082 quaestionem

481 2107 738 2174 absolvit,
772 2116 825 2161 et
868 2106 1072 2176 scripta
1116 2103 1304 2159 edidit.
1349 2103 1650 2174 Rescripsit
1677 2103 1842 2158 etiam
1875 2103 1942 2158 ad
1970 2120 2062 2175 sy-

477 2201 750 2268 nodicam,
784 2215 948 2271 quam
971 2197 1211 2254 Joannes
1247 2197 1888 2267 Constantinopolitanus
1923 2197 2062 2252 anti-

476 2307 589 2352 stes
624 2295 853 2354 Romam
878 2293 1045 2348 misit.
1079 2291 1218 2346 Hinc
1260 2298 1520 2348 constans
1560 2289 2063 2346 ecclesiasticorum

477 2387 794 2458 dogmatum
817 2383 1094 2450 defensor,
1107 2389 1161 2436 et
1186 2379 1587 2436 contrariorum
1611 2377 1942 2434 fortissimus
1960 2379 2064 2433 im-

484 2491 773 2550 pugnator,
799 2477 1020 2553 scripsit
1048 2482 1237 2531 contra
1265 2473 1505 2527 Leonem
1530 2471 1937 2549 imperatorem,
1969 2470 2064 2542 qui

479 2571 738 2627 seductus
765 2586 795 2624 a
820 2569 1057 2627 quodam
1083 2565 1270 2638 refuga
1294 2564 1437 2631 tidei,
1457 2563 1678 2618 nomine
1691 2562 1874 2630 Beser,
1898 2563 2065 2632 jussit

2165 2009 2445 2079 suscipere
2535 2009 2952 2065 commonitoria
3021 2011 3333 2079 apostolicae
3407 2012 3762 2068 auctoritatis

2166 2102 2389 2172 scripta,
2425 2100 2721 2172 Gregorius
2744 2117 2884 2172 papa
2921 2111 3112 2157 contra
3131 2117 3227 2157 eos
3254 2103 3423 2158 multa
3451 2104 3520 2160 ad
3545 2104 3758 2160 multos

2165 2196 2368 2266 scripta
2403 2194 2572 2250 edidit
2595 2194 2764 2265 (778).

2234 2287 2363 2344 CAP.
2399 2287 2657 2342 LXXVII.
2689 2287 2984 2344 Zacharias
3007 2305 3146 2359 papa
3189 2289 3359 2345 libros
3399 2289 3764 2362 Dialogorum.

2165 2381 2327 2450 primi
2357 2381 2601 2454 Gregorii
2629 2397 2780 2453 papa:
2801 2382 2867 2437 de
2897 2382 3092 2437 Latino
3123 2383 3178 2438 in
3208 2383 3458 2440 Graecum
3502 2393 3757 2440 transtu-

2165 2473 2246 2540 lit,
2279 2483 2332 2529 et
2357 2474 2541 2544 plures
2565 2473 2771 2530 Latinae
2799 2475 3001 2546 linguae
3033 2474 3252 2546 ignaros
3288 2475 3520 2532 lectione
3559 2491 3766 2535 eorum

2163 2565 2494 2624 illuminavit
2519 2566 2688 2640 (779).

1651 2651 1955 2708 AUBERTI
1995 2653 2214 2711 ΜΙΒᾸΞΙ
2257 2656 2572 2713 SCHOLIA.

479 2734 626 2799 nius,
649 2731 1178 2804 llierosolymitanus
1199 2727 1510 2804 episcopus,
1535 2725 2060 2804 Graecesm'ipsgat,

480 2793 785 2874 Exstatque
831 2793 1077 2874 ad'dietn
1120 2817 1175 2856 ix
1210 2793 1870 2874 Aprili—sapudSurium.’
1913 2793 2065 2850 Hanc

480 2873 661 2930 Vitam
692 2865 882 2944 postea
903 2865 1402 2944 carminereddidit
1427 2865 1774 2944 llildebertus
1796 2865 2064 2944 Cenoma-

481 2945 667 3000 nensis
692 2935 1004 3014 episcopus,
1038 2950 1097 2996 ut
1117 2939 1385 2996 Henricus
1419 2935 1794 2996 Gandavensis
1820 2936 1874 2990 in
1901 2935 2060 2991 Cata-

485 3017 610 3084 l0go
635 3030 772 3084 cap.
789 3013 822 3067 8
848 3013 1056 3068 narrat.

577 3034 610 3068 ο
635 3034 754 3084 cap.
789 3034 822 3067 δ
849 3034 1056 3068 narrat.

543 3034 700 3156 ἱῑ772)
731 3083 800 3139 Ut
825 3093 880 3139 et
913 3098 1194 3156 sermones
1215 3081 1556 3156 delaudibus
1599 3079 1655 3156 _S.
1697 3077 1876 3156 Pauli.
1930 3075 2064 3144 Quae

479 3149 664 3212 omnia
683 3149 912 3210 exstant
936 3155 990 3209 in
1022 3153 1214 3223 Latina
1240 3151 1622 3223 Chrysostomi
1649 3149 1906 3223 editione.

554 3226 702 3296 (775)
747 3224 1086 3296 Walafridus
1126 3222 1322 3296 Strabo
1342 3219 1370 3288 ,⁷
1403 3239 1432 3277 a
1474 3222 1608 3296 vitio
1647 3219 1931 3296 oculorum
1985 3219 2068 3296 sic

481 3289 694 3363 dictus,
719 3296 890 3352 abbas
918 3295 1106 3365 Augia:
1141 3293 1324 3365 divitis
1361 3291 1724 3365 seum_ajoris
1767 3291 1932 3365 (aliis,
1979 3289 2072 3365 ab-

484 3369 584 3423 bas
621 3359 681 3421 S.
709 3367 846 3422 Galli
875 3367 928 3419 in
966 3359 1267 3434 HElvetiis,)
1295 3364 1517 3433 scripsit
1542 3359 1619 3434 De
1643 3359 1885 3416 exordiis
1902 3369 1960 3434 _et
1987 3359 2072 3413 in-

485 3438 777 3495 crementis
825 3453 1005 3491 rerum
1053 3430 1547 3493 ecclesiasticarum
1592 3433 1790 3486 librum
1841 3430 2025 3485 utilem
2055 3471 2071 3496 ,

484 3525 608 3563 cum
637 3507 756 3562 aliis
779 3507 1023 3578 ejusdem
1069 3505 1374 3578 argumenti
1421 3503 1806 3578 scriptoribus,
1833 3500 2072 3578 Colonia:

487 3578 645 3643 1568,
675 3571 859 3634 Roma:
884 3578 1022 3632 1590
1041 3586 1095 3631 et
1118 3571 1244 3630 a'libi
1269 3576 1410 3644 typis
1436 3571 1662 3644 editum,
1690 3571 1920 3642 Scripsit
1941 3573 2070 3644 item

487 3635 644 3704 Vitas
654 3649 1025 3704 SS.abbatum
1050 3647 1188 3702 Galli
1215 3655 1270 3701 et
1286 3635 1561 3711 Othmari,
1580 3661 1612 3699 a
1637 3635 1925 3698 Surio'xv1
1949 3640 2067 3696 Oct.

484 3730 540 3778 et
566 3737 655 3774 ενι
696 3719 838 3781 Nov.
878 3719 1201 3790 publicataﬂs.
1247 3714 1394 3771 Obiit
1436 3712 2073 3790 anno__o_ctinge_ntesimo

487 3783 907 3862 quadragesimo
936 3804 1102 3862 anno.
1133 3787 1334 3841 Errant
1361 3787 1455 3858 qui
1489 3802 1557 3841 ex
1585 3783 1886 3840 Walafrido
1921 3791 1975 3838 et
2000 3797 2069 3840 ex

490 3859 758 3917 Strabone
790 3863 930 3915 duos
964 3859 1191 3912 faciunt.

561 3931 708 4001 (774)
734 3930 1082 4001 Christianus
1107 3927 1491 4001 Druthmarus,
1515 3927 1834 4001 monachns
1865 3925 2074 4001 ordinis

487 3995 846 4066 Benedictini,
875 3999 1114 4068 scripsit,
1157 3998 1224 4053 ad
1250 3997 1605 4054 Stabulenses
1644 4007 1700 4053 et
1725 3995 2075 4068 llialmunda-

486 4073 700 4127 rienses
745 4065 1086 4139 monachos,
1147 4068 1554 4139 Expositionem
1607 4068 1664 4126 in
1695 4065 2073 4139 _Evangelium

491 4143 549 4198 S.
580 4141 837 4206 Matthmi,
868 4155 989 4210 qua:
1017 4135 1287 4210 Haganoa;
1319 4139 1456 4193 I330
1477 4148 1574 4210 est
1597 4137 1740 4210 typis
1765 4135 1930 4192 edita.
1961 4135 2074 4191 Pu-

489 4222 637 4268 tatur
665 4212 866 4266 vixisse
887 4208 996 4265 sub
1027 4208 1231 4264 annum
1253 4208 1456 4264 Christi
1482 4208 1606 4263 840.

565 4282 714 4352 (775)
747 4280 944 4347 Verus,
995 4280 1368 4352 Arausicanus
1421 4295 1516 4335 seu
1549 4277 1974 4352 Arausionensis
2018 4278 2073 4352 in

491 4347 667 4431 Gallia
691 4347 999 4431 episcopus,
1029 4350 1249 4431 scripsit
1293 4365 1382 4431 res
1403 4348 1687 4431 _gestasS.
1714 4347 1962 4431 [Eutrop'ii
1988 4349 2075 4404 sui

490 4418 932 4494 pmdecéssork,
971 4437 1021 4476 a.
1048 4421 1102 4476 d.
1133 4418 1282 4476 itva
1317 4418 1440 4474 Maii
1485 4419 1868 4493 Martyrologio
1913 4418 2071 4474 Rom.

492 4494 736 4549 ascripti.

564 4510 1032 4634 (7%).Gregorius
1060 4562 1105 4618 ll
1128 4577 1286 4633 papa,
1336 4561 1537 4634 Leonis
1569 4561 1741 4634 Isauri
1788 4561 1920 4634 imp,
1966 4558 2072 4614 GP.

493 4631 756 4704 impietati
780 4631 1044 4704 acerrime
1071 4631 1287 4704 restitit,
1311 4642 1364 4688 et
1387 4633 1444 4688 S.
1460 4633 1825 4704 Bonifacium,
1853 4631 1920 4684 ad
1944 4645 2079 4704 prte-

493 4699 782 4762 dic'andam
815 4703 1090 4774 Evangelii
1111 4703 1414 4761 doctrinam
1440 4704 1493 4757 in
1526 4702 1878 4774 Germaniam
1906 4699 2072 4774 misit.

496 4775 569 4830 De
590 4789 654 4828 eo
685 4777 766 4830 sic
806 4771 1079 4829 Adrianus
1109 4790 1246 4844 papa
1293 4774 1362 4844 in;
1406 4775 1659 4844 epistola;
1691 4771 1758 4825 ad
1813 4771 2074 4844 Carolqu

495 4845 750 4927 :‘llagnum
777 4844 851 4900 De
875 4842 1204 4927 imaginibus
1237 4863 1249 4898 :
1284 4842 1600 4927 «pommus
1621 4842 1916 4927 Gregorius
1939 4857 2076 4923 papa

490 4913 698 4986 junior,
749 4932 856 4972 una
910 4913 1036 4976 cum
1086 4913 1440 4986 septuaginta
1469 4929 1662 4986 novem
1712 4913 2076 4986 sanctissimis

493 4979 784 5058 episcopis,
821 4994 946 5040 ante
978 4979 1375 5058 confessionem
1420 4979 1563 5058 beati
1586 4982 1745 5058 _Petri
1799 4984 2078 5052 apostolo~

494 5053 620 5113 rum
655 5053 918 5128 principis
949 5056 1268 5128 prtesidcns,
1298 5053 1600 5128 una_simul
1631 5054 1926 5108 mult-orum
1954 5070 2082 5128 _san-

495 5124 711 5184 ctoruin
736 5124 966 5182 Patrum
991 5125 1300 5182 testimonia
1349 5125 1673 5179 roborantes
1720 5124 1967 5179 venerari
2014 5139 2078 5179 ac

492 5199 722 5259 adorare
745 5214 934 5254 sacras
968 5197 1234 5267 imagines
1257 5204 1614 5267 censuerunt.
1637 5214 1656 5247 ι
1689 5193 1900 5267 Ϋὶνᾳνεν
1919 5195 2081 5267 desiit

491 5285 638 5326 anno
665 5264 1149 5341 septingentesimo.
1173 5265 1452 5341 tricesimo
1475 5266 1672 5341 primo.
1701 5264 2078 5341 Scripsit_plu_-

491 5354 605 5410 res,
633 5335 835 5410 easque
847 5335 1236 5410 fd‘octissimas,
1260 5336 1530 5410 epistolas
1547 5336 1896 5410 a_deumdem
1914 5335 2079 5410 [ioni-

491 5407 717 5475 faeium,
743 5405 812 5465 ad
833 5409 1092 5464 Carolum
1115 5405 1442 5476 Martellum,
1467 5407 1534 5463 ad
1554 5407 1884 5476 Thuringos,
1910 5405 2079 5463 Saxo-

493 5496 598 5550 nes
622 5490 675 5536 et
701 5481 838 5540 alios
874 5479 1182 5550 Germaniae
1219 5480 1470 5550 populos,
1513 5479 1582 5534 ad
1632 5477 1691 5534 S.
1741 5477 2074 5550 Germanum

491 5549 598 5609 GP.
632 5551 970 5621 episcopum,
994 5550 1063 5610 ad
1097 5548 1606 5621 Leonemlsaurum
1632 5559 1687 5606 et
1721 5549 1900 5621 alios;
1955 5565 2079 5621 quas

492 5622 550 5678 in
581 5619 743 5678 tomis
763 5619 1132 5677 conciliorum
1172 5628 1227 5677 et
1249 5620 1392 5691 apud
1413 5620 1712 5680 Baronium
1749 5621 1804 5678 in
1848 5619 2077 5678 Annali-

494 5693 897 5778 bus_l_e_guntu'r.

567 5761 718 5833 (7‘17)
745 5762 810 5836 5.¹
832 5761 1492 5836 Joannes‘Damasceaus,
1520 5765 1822 5836 presbyter,
1856 5769 2078 5836 natione

497 5832 706 5906 satyrus,
738 5833 836 5906 viri
867 5846 1078 5906 magna:
1122 5835 1386 5894 doctrina
1435 5851 1500 5906 ac
1521 5832 1852 5906 sanctitatis
1891 5832 2075 5906 (quem

498 5902 842 5963 lconontaehi
893 5902 986 5967 rei
1027 5907 1415 5965 contumeliam
1441 5905 1666 5962 .‘Ianzur
1701 5902 2077 5972 nominabant.)

2165 2727 2742 2799 tempor'ibustLeonis
2763 2726 2936 2784 lsauri
2969 2729 3100 2799 imp.
3127 2726 3232 2782 CP.
3262 2728 3483 2798 scripsit
3537 2726 3765 2784 Oratio-

2166 2798 2755 2870 nes'proidefensione
2798 2798 3080 2854 sacrarum
3125 2799 3447 2870 imaginum,
3493 2800 3764 2856 adversus

2166 2868 2370 2941 dictum
2407 2869 2676 2941 Leonem,
2703 2870 2848 2941 circa
2889 2868 3336 2941 annumsalutis
3387 2870 3764 2941 septingente-

2171 2940 2374 2994 simum
2404 2940 2740 2995 tricesimum
2771 2939 3030 3010 primum.
3064 2939 3165 3011 Din
3202 2951 3383 2996 tamen
3426 2939 3616 3011 postea
3668 2957 3765 2996 su-

2165 3011 2418 3081 pervixit,
2446 3019 2497 3065 et
2527 3011 2697 3065 multa
2721 3009 2918 3080 passus
2943 3019 3027 3065 est
3067 3026 3096 3064 a
3128 3009 3494 3066 Constantino
3542 3010 3764 3081 Copro-

2166 3097 2331 3152 nymo
2387 3083 2516 3151 imp.
2576 3097 2676 3152 pro
2749 3081 3011 3136 doctrina:
3078 3082 3358 3152 catholicae
3410 3081 3756 3137 dcfensirne.

2171 3151 2404 3222 Scripsit
2440 3154 2567 3207 item
2600 3151 2765 3206 libros
2793 3160 3033 3222 quatuor
3064 3151 3149 3222 de,
3187 3153 3292 3207 ﬁde
3323 3153 3655 3217 orthodoxa,
3707 3154 3766 3206 in

2170 3221 2371 3294 quibus
2390 3223 2515 3292 ipse
2542 3223 2754 3294 primus
2777 3221 3088 3294 universam
3116 3221 3445 3294 theologiam
3493 3223 3576 3291 (ut
3633 3223 3761 3278 Bel-

2171 3291 2439 3350 larminus
2479 3291 2776 3364 prudenter
2805 3293 3138 3364 observavit)
3180 3291 3330 3364 recto
3365 3293 3561 3364 ordine
3592 3300 3765 3349 'cmn-

2173 3363 2662 3436 prehendit.’Eum_
2678 3373 2864 3436 postea
2899 3373 3026 3436 sunt
3051 3363 3245 3436 imitati
3276 3363 3468 3436 Petrus
3494 3363 3766 3418 Lombar--

2174 3433 2297 3498 dus,
2327 3433 2982 3506 episcopusl’arisiensis,
3020 3433 3114 3504 qui
3161 3435 3324 3506 vulgo
3349 3433 3608 3506 Magister
3644 3451 3767 3488 sen-

2178 3508 2467 3559 tentiarum
2524 3504 2704 3571 audit,
2765 3514 2819 3560 et
2863 3505 2955 3559 alii
2994 3504 3655 3572 doctores‘scholastici,
3706 3513 3770 3560 ut

2176 3585 2389 3630 vocant.
2413 3575 2600 3644 Opera
2621 3575 2740 3646 ejus
2771 3577 2825 3630 in
2851 3592 3018 3630 unum
3046 3575 3278 3646 collegit,
3302 3592 3497 3646 magna
3517 3592 3586 3646 ex
3610 3588 3768 3646 parte

2176 3647 2368 3701 Latina
2414 3645 2566 3716 fecit,
2611 3654 2666 3700 et
2715 3645 3137 3716 Parisii371577
3174 3645 3474 3716 publicavit
3523 3645 3767 3701 Jacobus

2176 3717 2386 3783 Billius,
2409 3715 2676 3772 Prunaeus
2703 3717 2892 3771 abbas.
2923 3715 3017 3772 llis
3042 3715 3242 3772 librum
3265 3716 3593 3771 Damasceni
3619 3717 3762 3772 Con-

2176 3797 2258 3843 tra
2285 3787 2608 3857 Aeeplialos,
2638 3797 2694 3842 et
2723 3787 2953 3857 alterum
2983 3787 3187 3842 Contra
3215 3786 3570 3842 Nestorianos
3604 3789 3766 3854 adde,

2175 3874 2314 3982 qnos
2342 3856 2600 3914 Canisius
2630 3865 2780 3913 tomo
2802 3856 2868 3910 IV
2896 3857 3432 3938 Lectionisantiqute
3477 3857 3630 3940 foras
3672 3859 3766 3940 de-

2175 3939 2272 3982 ut.
2310 3928 2386 3982 De
2428 3928 2764 3982 Damasceno
2805 3936 2862 3982 et
2897 3927 3097 3982 Cosma
3130 3927 3630 3982 Hierosolvnntano
3686 3936 3764 3981 ita

2175 3927 2272 3984 dit.
2310 3928 2386 3983 De
2428 3928 2764 3999 Datnaseeno
2805 3936 2862 3999 et
2897 3927 3097 3983 Cosma
3124 3927 3630 3999 llicrosblyauitano
3686 3929 3764 3981 ita

2179 3999 2377 4056 Suidas
2399 4001 2460 4071 _in
2503 3998 2751 4071 Lexieo»:
2785 4018 2803 4051 ‹
2831 3997 3080 4071 Joannes
3118 3997 3512 4071 Damascenus,
3562 4014 3772 4071 cogno-

2176 4078 2361 4126 mento
2389 4069 2639 4137 Manzur,
2665 4069 2751 4123 vir
2785 4079 2839 4125 et
2861 4069 2977 4139 ipse
3003 4069 3414 4136 celeberrimus,
3434 4071 3616 4126 relatis
3641 4069 3770 4139 'suze

2176 4141 2311 4212 nulli
2333 4157 2524 4212 eorum
2567 4141 2663 4212 qui
2685 4138 2932 4196 doctrina
2946 4139 3168 4212 luerunt
3187 4140 3429 4212 illustres
3452 4138 3760 4212 secundus.

2177 4211 2310 4280 Ejus
2341 4211 2544 4282 scripta
2572 4210 2698 4267 sunt
2753 4210 3044 4282 permulta,
3089 4219 3147 4265 et
3194 4211 3468 4282 przecipue
3511 4211 3764 4282 philoso-

2177 4283 2358 4354 phica,
2385 4280 2542 4354 et'iu
2574 4280 2787 4338 sacram
2839 4280 3176 4354 scripturam
3219 4280 3486 4354 Parallela
3514 4280 3767 4354 'selecta;

2177 4351 2231 4408 et
2262 4352 2614 4408 Canticorum
2643 4367 2884 4408 canones
2909 4351 3152 4416 iambici,
3179 4361 3234 4407 et
3274 4352 3527 4407 oratione
3563 4353 3766 4407 soluta.

2178 4423 2382 4504 {Eodem
2432 4425 2596 4504 etiam
2655 4433 2898 4504 tempore
2945 4421 3173 4504 Cosmas
3237 4421 3772 4504 Hierosolymitapus

2177 4495 2380 4560 ﬂoruit,
2405 4495 2489 4548 vir
2517 4493 3012 4564 ingeniosissimus.
3035 4502 3090 4547 et
3117 4493 3342 4564 omnino
3368 4493 3589 4562 spirans
3621 4495 3767 4547 illam

2179 4580 2403 4620 suavem
2443 4563 2873 4620 modulationem
2899 4564 3190 4619 musicam.
3221 4563 3302 4618 llli
3343 4572 3528 4618 autem
3582 4565 3772 4618 Canti-

2179 4651 2372 4691 corum
2405 4651 2644 4692 canones
2670 4634 2910 4690 Joannes
2930 4644 2983 4690 et
3007 4634 3222 4692 Cosma:
3251 4634 3460 4690 nullam
3483 4649 3613 4690 cum
3636 4635 3772 4690 alio-

2184 4722 2306 4760 rum
2330 4707 2550 4777 scriptis
2575 4705 3042 4777 comparationem
3070 4706 3430 4777 admiserunt,
3454 4719 3560 4759 nec
3581 4705 3775 4777 admit-

2181 4786 2334 4843 tent,
2387 4775 2630 4847 quandiu
2693 4775 2881 4831 nostra
2939 4777 3049 4847 vita
3101 4776 3434 4847 transigetur
3485 4793 3498 4828 :
3551 4775 3649 4847 sed
3713 4787 3773 4828 ut

2181 4845 2446 4904 hactenus
2479 4847 2932 4917 incomparabiles
2961 4845 3199 4910 fuerunt,
3227 4847 3307 4901 sic
3336 4845 3504 4901 etiam
3535 4846 3602 4917 _in
3649 4862 3772 4916 per-

2183 4927 2402 5042 ﬂetuum
2429 4915 2679 4984 erunt,et
2705 4918 2948 4999 quandiu
2971 4918 3222 5000 homines
3251 4917 3486 4998 vivent.)
3517 4915 3681 4982 Quod
3703 4919 3770 4996 ad

2233 4999 2478 5042 istoriam
2508 4988 2780 5042 Barlaami
2827 4996 2882 5042 et
2921 4987 3204 5042 Josanhati
3242 4997 3454 5042 attinet.
3507 4996 3641 5042 sunt
3678 5002 3770 5042 mu

2233 4989 2478 5044 istoriam
2508 4987 2780 5043 Barlaami
2827 4996 2882 5042 et
2921 4987 3204 5058 Josaphati
3242 4987 3454 5052 attinet,
3507 4996 3641 5042 sunt
3678 4987 3772 5057 qui

2183 5060 2520 5114 arbitrantur
2543 5059 2938 5113 Damascenum
2957 5059 3102 5114 illius
3138 5075 3247 5112 non
3270 5073 3393 5114 esse
3421 5058 3769 5128 scriptorem,

2183 5131 2286 5185 etsi
2309 5129 2487 5192 Billio,
2515 5129 2803 5184 Rosweido
2832 5128 3064 5199 aliisqne
3096 5129 3178 5184 sic
3203 5129 3386 5199 visum
3423 5126 3612 5183 fuerit.
3667 5126 3772 5182 Ra-

2183 5200 2350 5270 derus
2395 5201 2450 5255 in
2489 5199 2712 5270 lsagoge
2747 5215 2846 5254 sua
2886 5200 2954 5270 ad
2979 5198 3270 5270 ’Joannem
3315 5198 3625 5254 Climacum
3658 5215 3768 5270 seu

2187 5269 2478 5335 Sinaitam,
2501 5268 2690 5326 censet
2723 5285 2845 5327 esse
2891 5269 3062 5326 fetum
3114 5289 3132 5322 ι
3180 5269 3411 5334 Joannis
3451 5268 3712 5338 monachi
3739 5285 3774 5324 ο

2183 5341 2438 5412 coenobio
2473 5339 2530 5396 S.
2560 5339 2736 5406 Saba},
2763 5349 2860 5396 »ιιι
2880 5341 3081 5412 legitur
3106 5340 3293 5412 intms.
3323 5339 3534 5412 syllaba
3574 5339 3769 5396 biblio-

2184 5413 2356 5468 theca:
2385 5411 2875 5483 Heidelbergensis.
2902 5411 3016 5481 Ego
3041 5411 3186 5482 quod
3207 5411 3621 5483 certoéstatuam
3664 5425 3770 5465 non

2187 5483 2394 5547 habeo;
2445 5483 2551 5538 hoc
2583 5479 2729 5548 scio,
2762 5479 3028 5537 Joannem
3061 5479 3289 5552 quoque
3343 5479 3774 5552 Damascenuml

2186 5553 2307 5610 foro
2348 5571 2414 5610 ac
2454 5553 2628 5608 turbis
2661 5553 2845 5609 saeculi
2879 5551 3103 5620 relictis,
3154 5551 3487 5609 monachum
3524 5551 3583 5606 in
3613 5552 3769 5607 lauta

2187 5622 2245 5680 S.
2273 5625 2430 5681 Saba:
2456 5623 2644 5679 fuisse.

2283 5696 2409 5829 778)
2445 5694 2592 5750 Obiit
2613 5711 2758 5751 anno
2779 5694 2982 5750 Christi
3019 5694 3144 5752 71L

2283 5766 2385 5822 779
2436 5766 2571 5824 Vide
2591 5766 2860 5823 lsidorum
2907 5783 2955 5823 c.
3004 5766 3097 5829 ‘27,

2283 5699 2409 5829 778)
2445 5699 2592 5750 Obiit
2613 5711 2758 5751 anno
2779 5699 2982 5750 Christi
3019 5699 3144 5752 7H.

2185 5699 2571 5894 Ουζῖἔξὸἔίόε
2591 5766 2860 5823 lsidorum
2907 5783 2955 5823 c.
3004 5766 3097 5831 27,
3149 5763 3482 5820 llonoricum
3534 5761 3624 5830 111,
3679 5763 3769 5820 32.

2232 5837 2329 5896 biit
2361 5837 2481 5893 752.
