3966 6448
500 343 687 413 ’.Μ-ι

1743 353 2103 414 SIGEBEBTI
2138 350 2664 415 GEMBLACENSIS
3709 350 3791 415 κε

550 473 809 544 eleganti
837 472 1052 544 ingenio
1081 473 1251 528 multa
1276 472 1512 535 breviter
1539 471 1778 541 quidem,
1826 473 1920 527 sed
1967 473 2156 527 lauda-
2187 480 2229 535 Α
2256 483 2310 528 et
2332 488 2364 527 a
2394 471 2787 529 consuetudine
2821 465 3208 529 Leodiensium
3231 469 3565 531 discordant.
3608 474 3785 539 Desert.

579 567 759 622 biliter
787 567 1010 622 metrico
1036 566 1273 636 scripsit.

643 656 1034 716 CAP._CLXXI.
1063 657 1380 729 Sigebertus
1409 654 1577 727 (860),
1607 653 2015 710 Gemblacensis
2042 669 2157 710 mo-

577 748 825 816 nachus,
862 749 1032 804 multa
1077 748 1269 819 scripsi
1321 747 1579 817 opuscula
1630 743 1785 800 Motis
1832 744 2045 816 positus
2096 745 2151 799 in

574 840 750 911 prima
796 847 953 895 aztate
1000 840 1054 894 in
1100 824 1329 894 ecclesia
1386 836 1571 891 Sancti
1614 834 1883 890 Vincentii
1911 876 1927 902 ,
1972 835 2039 889 ad
2070 835 2154 889 in—

540 929 548 938 ”
576 931 865 987 struendos
886 945 1105 1001 pueros.
1133 928 1336 998 Scripsi
1359 926 1535 982 Vitam
1553 924 1870 980 Theoderici
1891 924 2150 994 episcopi,

575 1022 872 1078 conditoris
908 1019 1343 1091 ipsius'ecclesizc
1372 1027 1425 1073 et
1453 1016 1712 1083 abbatiae,
1752 1016 1804 1071 in
1848 1032 1954 1089 qua
1986 1016 2149 1071 etiam

573 1131 670 1186 per
698 1113 1089 1186 digressionem
1141 1111 1353 1166 laudem
1386 1109 1558 1178 ipsius
1588 1109 1740 1163 urbis
1786 1108 2009 1163 heroico
2040 1124 2152 1163 me-

572 1217 656 1261 tro
682 1196 1004 1261 declamavi.
1059 1202 1263 1272 Scripsi
1311 1200 1628 1256 Passionem
1674 1207 1877 1254 sanctae
1927 1197 2147 1264 Lucina,

566 1314 692 1369 quze
708 1298 792 1352 ibi
816 1296 1128 1366 requiescit,
1160 1293 1366 1348 alcaico
1397 1294 1591 1347 metro.
1623 1290 1960 1358 Quibusdam
1986 1291 2149 1345 etiam

567 1385 1088 1459 reprehendentibus
1135 1384 1283 1438 illam
1325 1393 1527 1437 sanctae
1574 1380 1755 1437 Lucize
1786 1382 2145 1453 prophetiam,

564 1480 835 1535 Annuntio
878 1478 1023 1532 vobis
1065 1492 1246 1549 pacem
1288 1474 1544 1530 Ecclesia:
1578 1475 1675 1529 Dei
1700 1476 1906 1543 datam,
1938 1475 2149 1531 Diocle—

563 1572 716 1626 tiano
753 1568 926 1639 cjecto
968 1567 1035 1622 de
1083 1583 1253 1637 regno
1305 1581 1443 1633 suo,
1499 1574 1555 1621 et
1601 1565 1932 1621 Maximiano
1988 1567 2148 1621 hodie

562 1668 784 1716 mortuo
805 1700 821 1726 ,
870 1652 1123 1729 respondi
1158 1657 1443 1729 diligenter
1469 1658 1808 1713 considerata
1840 1667 2145 1728 temporum

542 1750 795 1816 ratione,
826 1757 881 1804 et
910 1763 1093 1809 rerum
1121 1747 1367 1802 veritate.
1411 1745 1615 1822 Scripsi
1648 1748 2006 1804 nihilominus
2030 1764 2146 1804 ser-

2255 565 2338 634 psi
2366 564 2586 620 heroico
2603 573 2777 619 metro
2797 562 3183 633 Ecclesiasten,
3207 581 3372 636 quem
3411 582 3572 638 opere
3594 576 3787 632 stroma.

2254 665 2341 712 teo
2381 658 2663 727 tripliciter
2705 657 2926 729 digessi,
2970 658 3038 713 ad
3068 657 3329 727 litteram,
3373 658 3788 738 allegoricc,my.

2256 748 2550 818 thologice.
2579 747 2829 803 Imitatus
2866 746 3162 804 Eusebium
3186 747 3477 820 Pamphili,
3500 750 3592 821 qui
3618 753 3789 823 primus

2252 839 2394 907 apud
2437 837 2656 894 Grazcos
2697 838 2968 893 Chronica
3008 847 3251 909 tempore
3298 840 3533 896 Abrahae
3572 841 3789 914 digessit,

2252 928 2369 998 ipse
2389 945 2605 1000 quoque
2618 917 2658 984 ‘a
2682 930 2801 986 loco
2823 930 3266 1000 intermissionis
3294 932 3415 1002 ejus
3443 948 3613 1004 usque
3636 935 3694 991 ad
3709 920 3787 991 an.

2252 1038 2382 1077 num
2407 1024 2536 1077 1111
2568 1039 2784 1079 omnem
2828 1009 3274 1094 consequentiam
3301 1032 3625 1094 temporum,
3649 1036 3695 1083 et
3720 1030 3788 1086 re-

2250 1135 2374 1174 rum
2395 1128 2690 1191 gestarum,
2717 1129 2922 1191 quanta
2955 1121 3105 1191 potui
3129 1121 3252 1192 styli
3276 1109 3646 1191 temperantia,
3669 1124 3790 1179 ordi-

2248 1212 2394 1266 navi.
2437 1210 2575 1268 Cum
2601 1212 2887 1284 diligenter
2923 1213 3124 1267 Bedam
3151 1212 3227 1267 De
3253 1212 3591 1283 temporibus
3619 1214 3793 1288 relege-

2248 1319 2383 1371 rem,
2412 1314 2464 1359 ct
2487 1306 2554 1359 ab
2584 1320 2650 1360 eo
2672 1314 2857 1363 notam
2888 1305 3077 1363 ironia:
3106 1304 3366 1376 Dionysio
3386 1305 3659 1376 cyclorum
3680 1310 3792 1362 scri-

2252 1398 2393 1466 ptori
2424 1397 2592 1469 inﬁigi
2618 1398 2882 1465 viderem,
2913 1399 3042 1468 quia
3073 1398 3213 1453 male
3234 1397 3519 1469 dispositis
3541 1400 3689 1455 annis
3708 1400 3795 1457 Do-

2246 1490 2461 1546 minicae
2480 1490 2773 1561 passionis,
2799 1491 2853 1545 in
2884 1489 3131 1567 terminis
3170 1488 3527 1559 paschalibus
3563 1483 3795 1551 contraire

2245 1596 2341 1650 per
2372 1581 2552 1635 omnia
2572 1581 2844 1637 videretur
2861 1580 3152 1652 Evangelio
3178 1579 3426 1646 Joannis,
3449 1581 3668 1652 dignum
3687 1584 3796 1638 mihi

2244 1671 2421 1726 visum
2446 1679 2549 1738 est,
2573 1672 2738 1727 altius
2759 1672 3070 1741 repetendo,
3096 1686 3314 1727 omnem
3337 1672 3612 1728 dimovere
3630 1675 3795 1730 nubem

2246 1760 2469 1827 erroris,
2494 1769 2545 1815 et
2585 1777 2772 1816 verum
2808 1761 3462 1832 diligentihusinfundere
3488 1763 3665 1818 lumen
3683 1765 3799 1819 veri-

550 1858 779 1898 monem
805 1842 859 1896 in
889 1841 1104 1896 laudem
1124 1841 1306 1911 ipsius
1334 1841 1582 1913 virginis,
1612 1841 1665 1895 in
1696 1856 1806 1911 quo
1830 1842 2143 1897 translatio-
2173 1825 2214 1881 Β
2246 1851 2390 1907 satis.
2426 1825 2705 1923 Siquidem
2731 1825 3007 1907 Marianus
3031 1850 3249 1919 Scotus,
3279 1853 3364 1907 vir
3386 1868 3492 1908 suo
3524 1868 3636 1908 aevo
3667 1855 3799 1926 longe

557 1950 657 1991 nes
681 1933 853 2006 ipsius
882 1949 912 1988 a
940 1932 1127 1989 Sicilia
1160 1932 1231 1987 in
1259 1932 1581 1999 Corﬁnium,
1626 1934 1904 1987 civitatem
1955 1932 2139 1999 Italiae,

553 2034 612 2082 et
634 2042 665 2082 a
692 2024 935 2082 Corﬁnio
963 2027 1016 2081 in
1047 2025 1252 2093 Metim,
1282 2025 1471 2080 urbem
1503 2023 1710 2091 Galliae,
1740 2025 1990 2083 ordinata
2016 2033 2144 2080 tem-

556 2132 754 2188 porum
782 2116 1209 2188 consequentia,
1246 2116 1467 2187 digessi.
1517 2115 1725 2186 Scripsi
1760 2114 1939 2172 Vitam
1990 2113 2144 2186 Sige-

557 2204 695 2263 berti
724 2204 890 2279 regis,
940 2207 1243 2262 conditoris
1284 2207 1529 2262 ecclesia:
1571 2215 1625 2261 et
1671 2208 1904 2265 abbatiae
1956 2206 2140 2263 Sancti

555 2297 793 2365 Martini,
823 2307 977 2354 extra
1003 2298 1278 2354 civitatem
1325 2295 1617 2351 Metenscm
1662 2296 1797 2353 sine.
1840 2297 2141 2368 Regressus

556 2390 623 2444 ad
669 2388 1063 2445 monasterium
1119 2388 1543 2453 Gemblacense,
1591 2388 1785 2459 scripsi
1820 2388 2139 2445 Passionem

556 2480 933 2547 Thebzeorum,
968 2491 1321 2552 patronorum
1372 2487 1706 2551 nostrorum,
1754 2480 1974 2535 heroico
2019 2497 2140 2538 car-

536 2580 719 2633 omine.
771 2577 976 2649 Scripsi
1026 2577 1206 2633 Vitam
1266 2578 1439 2633 sancti
1490 2576 1734 2631 Guibcrti
1783 2576 2135 2643 confessoris,

536 2674 857 2731 fundatoris
886 2675 1129 2730 ecclesia:
1172 2683 1376 2729 nostra:
1424 2672 1833 2728 Gcmblaccnsis
1857 2715 1872 2739 ,
1918 2673 1986 2728 de
2028 2688 2135 2743 qua

549 2771 805 2842 cxcerpsi
824 2771 1084 2827 lectiones
1111 2770 1438 2840 competenti
1482 2769 1674 2824 ordine
1727 2769 1783 2823 in
1815 2768 1936 2838 ejus
1966 2769 2133 2839 depo-

553 2863 779 2929 sitione;
823 2871 938 2917 arte
960 2871 1141 2917 autem
1168 2862 1378 2917 musica
1401 2861 1731 2931 antiphonas
1751 2869 1806 2916 et
1841 2875 2137 2930 responso—

549 2956 634 3010 ria
655 2955 720 3011 de
740 2956 941 3010 sanctis
976 2954 1217 3010 Maelovo
1246 2963 1301 3009 et
1326 2954 1585 3009 Guiberto
1612 2953 1940 3008 mellilicavi.
1986 2951 2135 3007 Scri-

2243 1936 2501 2011 disertus,
2554 1944 2657 1999 hoc
2700 1944 2840 1999 idem
2890 1943 3172 2014 ingressus
3217 1953 3353 2010 erat,
3396 1952 3453 1999 et
3502 1942 3798 2000 Chronicam

2243 2054 2400 2094 suam
2425 2047 2614 2093 texens
2635 2054 2668 2092 a
2690 2038 2969 2092 nativitate
2991 2035 3195 2092 Christi
3218 2052 3391 2107 usque
3414 2036 3486 2091 ad
3519 2045 3708 2092 statum
3729 2037 3800 2093 sui

2242 2128 2528 2199 temporis,
2559 2127 2687 2182 hinc
2717 2142 2892 2181 annos
2919 2125 3124 2181 Christi
3143 2127 3298 2196 juxta
3346 2127 3509 2183 fidem
3537 2124 3800 2199 Evangelii,

2243 2221 2372 2277 inde
2396 2235 2428 2277 e
2456 2220 2677 2292 regione
2694 2220 2851 2290 juxta
2881 2218 3198 2290 Dionysium
3226 2220 3597 2284 ordinaverat,
3624 2228 3680 2274 ut
3700 2220 3801 2275 dilio

2241 2314 2436 2388 gentia:
2480 2312 2701 2370 lectoris
2738 2319 2946 2382 pateret
2990 2319 3256 2382 quantum
3302 2312 3420 2382 ipse
3473 2310 3751 2383 Dionysius
3775 2328 3803 2368 ι

2239 2410 2467 2465 veritate
2491 2406 2767 2478 Evangelii
2796 2405 3057 2462 deviaret.
3096 2403 3211 2475 Ego
3239 2410 3444 2469 autem,
3477 2403 3803 2461 considerans

2240 2498 2481 2555 fautores
2511 2497 2755 2571 Dionysii
2779 2497 2946 2552 semel
2972 2493 3219 2551 imbibita
3245 2510 3356 2549 non
3378 2494 3578 2550 leviter
3600 2494 3803 2561 descire,

2240 2591 2313 2645 ita
2358 2590 2624 2645 cautelam
2663 2588 2920 2662 ingenioli
2964 2589 3071 2644 mei
3116 2602 3271 2659 aequa
3312 2585 3472 2642 lance
3520 2584 3724 2653 libr-avi,
3754 2595 3805 2640 ut

2239 2683 2451 2738 medius
2491 2683 2690 2737 horum
2732 2684 2992 2739 incedens
3038 2699 3231 2739 omnes
3290 2699 3470 2740 annos
3512 2681 3585 2739 ab
3623 2681 3805 2750 origine

2237 2772 2428 2828 mundi
2470 2772 2752 2838 decursus,
2782 2772 2862 2827 vel
2894 2773 2949 2826 in
2981 2771 3225 2828 futurum
3249 2773 3608 2840 decursuros,
3633 2770 3806 2829 inscri-

2236 2873 2324 2935 pta
2356 2864 2570 2935 ratione
2604 2862 2757 2933 juxta
2786 2861 3108 2918 Hebraicam
3130 2864 3436 2931 veritatem,
3474 2864 3799 2935 colligerem:

2237 2955 2444 3012 scilicet
2476 2970 2573 3025 per
2604 2955 2784 3025 cyclos
2826 2954 3066 3021 lunares,
3103 2954 3195 3025 qui
3231 2956 3613 3011 novemdecim
3645 2955 3803 3020 annis,

548 3048 633 3118 psi
658 3056 710 3101 et
729 3045 889 3101 Gesta
914 3047 1171 3100 abbatum
1195 3043 1700 3108 Gemblacensium;
1734 3041 1886 3096 Vitas
1916 3050 2134 3096 sancto-
2234 3053 2288 3099 et
2311 3060 2407 3114 per
2437 3044 2619 3115 cyclos
2646 3044 2874 3109 solares,
2904 3045 2997 3114 qui
3048 3060 3220 3099 xxvm
3268 3046 3431 3101 annis
3474 3046 3801 3109 clauduntur,

538 3148 674 3192 rum
698 3136 925 3192 Maclovi
949 3145 1003 3190 et
1023 3135 1331 3189 Theodardi
1352 3133 1643 3191 urbaniore
1662 3133 1801 3204 stylo
1826 3131 2128 3187 melioravi.
2161 3170 2203 3226 Ο
2234 3145 2288 3190 et
2312 3151 2409 3205 per
2433 3136 2668 3189 alterum
2719 3134 3065 3205 multiplicati
3113 3151 3369 3205 magnum
3403 3137 3621 3208 cyclum
3664 3135 3807 3205 quin-

556 3227 729 3281 V'itam
754 3243 971 3297 quoque
995 3227 1168 3281 sancti
1195 3225 1469 3281 Lantlierti
1495 3240 1619 3279 cum
1642 3225 1695 3277 in
1718 3223 1906 3293 primis
1928 3224 2135 3278 urbane
2172 3223 2201 3226 "
2236 3235 2522 3296 gentorum
2553 3225 2775 3297 triginta
2807 3225 3039 3280 duorum
3070 3241 3338 3281 annorum
3385 3228 3687 3282 conﬁciunt
3712 3241 3726 3276 :
3751 3224 3805 3277 li-

547 3319 944 3384 mcliorassem,
972 3326 1161 3389 postea
1189 3326 1380 3389 rogatu
1411 3316 1627 3372 Henrici
1668 3314 2040 3371 archidiaconi
2081 3324 2135 3369 et
2235 3319 2436 3374 neatim
2465 3319 2740 3375 distinctis
2767 3319 2894 3374 hinc
2918 3318 3045 3373 inde
3083 3318 3243 3372 annis
3270 3318 3422 3381 Adae.
3452 3318 3662 3389 epactis
3689 3332 3807 3372 con-

548 3412 741 3468 decaui
764 3412 1006 3467 ecclesiae
1031 3411 1202 3466 sancti
1236 3410 1535 3476 Lantherti,
1558 3406 1814 3464 deﬁoravi
1844 3422 2132 3478 compara-

549 3505 787 3559 tionibus
819 3503 1192 3573 antiquorum,
1234 3502 1391 3571 juxta
1433 3501 1880 3570 consequentiam
1923 3515 2130 3566 rerum,

547 3598 797 3667 quamvis
818 3597 1077 3666 priorem,
1108 3604 1294 3665 utpote
1341 3593 1666 3663 simplicem,
1692 3592 1916 3663 quidam
1956 3593 2132 3663 magis

547 3688 962 3757 amplectantur,
997 3692 1052 3741 et
1079 3683 1356 3738 curiosius
1399 3682 1811 3748 transcribant;
1854 3691 1938 3737 est
1983 3682 2130 3737 enim

547 3794 711 3834 sensu
740 3778 983 3847 apertior
1001 3785 1055 3829 et
1077 3775 1257 3829 verbis
1284 3774 1503 3829 clarior.
1549 3773 1760 3846 Rogatu
1798 3775 1962 3830 etiam
1994 3791 2133 3846 prte-

546 3870 680 3924 dicti
710 3869 834 3934 viri,
858 3866 1053 3922 validis
1084 3865 1309 3920 Patrum
1354 3867 1686 3938 argumentis
1730 3866 1984 3937 respondi
2013 3866 2131 3937 epi-

549 3969 705 4022 stolae
742 3964 1090 4020 Hildebrandi
1132 3979 1303 4033 papae,
1339 3979 1504 4033 quam
1543 3964 1763 4032 scripsit
1796 3963 1864 4017 ad
1901 3961 2133 4018 Herma-

546 4074 678 4111 num
712 4056 1007 4127 Metensem
1038 4055 1373 4124 episcopum,
1416 4055 1471 4108 in
1514 4054 1799 4124 potestatis
1841 4054 2002 4124 regiae
2035 4070 2129 4109 ca-

548 4147 834 4199 lumniam.
883 4138 1090 4213 Scripsi
1131 4144 1197 4198 ad
1245 4145 1422 4214 ipsum
1467 4143 1759 4199 Henricum
1801 4145 2129 4216 apologiam,

550 4245 744 4291 contra
786 4249 879 4290 eos
917 4234 1011 4306 qui
1037 4236 1439 4290 calumniantur
1486 4234 1685 4289 missas
1713 4235 2131 4309 conjugatorum

548 4327 912 4383 sacerdotum.
958 4324 1080 4397 Ipso
1125 4326 1288 4381 etiam
1322 4333 1566 4397 rogante,
1598 4326 1859 4396 respondi
1892 4326 2134 4396 epistola:

546 4415 829 4471 Paschalis
859 4430 1028 4485 papre,
1061 4414 1157 4485 qui
1180 4414 1538 4469 Leodiensem
1562 4414 1872 4482 ecclesiam,
1899 4431 2052 4486 mque
2074 4422 2135 4469 ut

2234 3408 2580 3464 currentibus
2604 3407 2855 3463 terminis
2902 3406 3272 3477 paschalibus,
3303 3407 3501 3463 diebus
3528 3405 3809 3462 Dominicis

2224 3498 2476 3565 Pascha,
2499 3500 2687 3554 eadem
2718 3499 2805 3555 via
2831 3499 3092 3555 incedens
3117 3514 3224 3569 qua
3252 3498 3575 3571 Dionysius,
3598 3499 3692 3555 sed
3711 3513 3807 3553 non

2231 3592 2438 3647 eisdem
2464 3591 2728 3662 vestigiis.
2778 3591 2935 3658 Quod
2966 3591 3199 3662 diligens
3244 3592 3419 3651 lector
3464 3591 3631 3648 facile
3671 3591 3805 3645 inve-

2231 3684 2364 3749 niet,
2399 3683 2447 3739 si
2475 3683 2731 3739 curiosus
2757 3682 2937 3738 fuerit.
2988 3681 3055 3737 Et
3097 3682 3227 3753 quia
3268 3682 3458 3738 decem
3494 3681 3707 3753 magnis
3728 3695 3810 3751 cy-

2233 3776 2353 3842 clis,
2394 3775 2490 3845 qui
2538 3775 2736 3847 singuli
2783 3774 3093 3846 quingentis
3143 3790 3299 3829 xxxii
3346 3775 3513 3830 anuis
3548 3778 3806 3835 constant,

2232 3883 2372 3938 opus
2401 3882 2565 3923 omne
2612 3867 2856 3934 distinxi,
2905 3867 3081 3938 ipsum
3131 3867 3328 3924 librum
3360 3867 3469 3923 hoc
3503 3866 3663 3921 titulo
3690 3879 3812 3935 pra:-

2231 3958 2436 4024 notavi,
2460 3966 2520 4012 ut
2540 3957 3055 4013 Decemnovennalis
3076 3966 3319 4012 vocetur.
3339 3955 3641 4026 Prologum
3663 3953 3811 4010 etiam

2233 4050 2287 4104 in
2333 4066 2543 4105 morem
2593 4050 2792 4121 dialogi
2845 4048 3151 4119 anteposui,
3192 4063 3356 4119 quem
3384 4047 3571 4102 tribus
3596 4042 3814 4102 tomellis

2233 4139 2415 4207 divisi,
2457 4139 2730 4206 indicans,
2778 4139 2880 4194 sub
2924 4153 3158 4209 persona
3202 4137 3600 4209 interrogantis
3643 4145 3696 4190 et
3737 4149 3814 4188 re-

2235 4231 2577 4302 spondentis,
2611 4231 2967 4286 intentionem
3011 4237 3067 4285 et
3092 4230 3382 4284 utilitatem
3410 4229 3600 4299 ipsius
3627 4226 3813 4298 operis,

2234 4332 2288 4378 et
2314 4323 2379 4378 ad
2406 4338 2571 4394 quam
2623 4332 2828 4393 partem
2876 4320 3238 4392 phi1050pbiie
3281 4319 3580 4390 pertineat,
3625 4317 3815 4377 scilicet

2237 4413 2301 4468 ad
2334 4413 2635 4485 physicam.
2686 4410 2953 4481 Sulijunxi
2997 4411 3162 4466 etiam
3209 4410 3372 4465 utiles
3417 4409 3645 4481 regulas
3681 4407 3814 4462 inve-

544 4508 1017 4570 (Zameracensem,
1048 4522 1077 4560 a
1110 4505 1349 4559 Roberto
1379 4503 1700 4562 Flandrensi
1728 4523 1796 4560 ,ιιι
1820 4509 2020 4561 comite
2038 4506 2129 4577 ju-
2161 4536 2206 4595 υ
2234 4507 2416 4563 niendi
2446 4522 2640 4573 annos,
2670 4515 2725 4567 et
2753 4507 3013 4563 terminos
3057 4515 3113 4565 et
3141 4506 3489 4573 indictiones,
3522 4503 3815 4562 secundum

545 4597 703 4649 lii-luat
752 4597 1021 4671 perditum
1070 4596 1157 4649 iri.
1204 4594 1570 4652 Nihilominus
1607 4597 1726 4666 ipso
1760 4607 2018 4667 poscente
2046 4614 2130 4653 re—
2218 4600 2625 4670 ‘dispositiones
2650 4598 2842 4668 ipsms.
2872 4596 3121 4653 Imitatus
3147 4599 3313 4652 etiam
3349 4596 3816 4669 llieronymumet

545 4682 737 4751 ἐνολιάὶ
759 4683 1188 4741 Trevercnsibus
1209 4684 1493 4754 dejejunio
1511 4684 1758 4753 Quatuor
1776 4676 2128 4756 Temporum,

536 4774 640 4842 .qui
684 4775 899 4845 regulas
935 4776 1225 4845 cujusdam
1260 4774 1544 4842 Ben-nouis,
1590 4777 1891 4834 secundum
1931 4776 2132 4845 allego-

545 4865 704 4930 riam,
734 4873 794 4919 ut
816 4866 919 4923 sibi
960 4866 1198 4933 videtur,
1239 4867 1378 4922 bene
1407 4868 1782 4933 concinnatas,
1819 4868 2129 4936 observant,

2237 4690 2600 4755 Gennadium,
2632 4688 2827 4758 scripsi
2855 4688 3107 4742 ultimum
3135 4690 3282 4743 hunc
3323 4688 3575 4743 libellum
3608 4686 3685 4741 De
3707 4684 3819 4739 illu-

2238 4780 2443 4845 stribus
2468 4778 2619 4843 viris,
2654 4788 2920 4847 quantum
2962 4778 3155 4835 notitia
3201 4793 3345 4853 mete
3386 4770 3816 4848 investigationis

2240 4871 2529 4941 exquirere
2555 4870 2727 4941 potui.

1714 4960 2022 5016 AUBERTI
2059 4963 2281 5022 ΜΙΒΛΕΙ
2321 4962 2635 5019 SCIlOLlA.

616 5030 761 5102 (860)
801 5031 1567 5103 Sigebertus,iGemblacensis
1590 5031 1642 5086 in
1681 5030 1975 5103 Brabantia
2004 5049 2123 5088 mo-

542 5105 772 5169 nachus,
801 5102 1011 5158 ordinis
1052 5103 1109 5156 S.
1142 5102 1436 5166 Benedicti,
1472 5102 1642 5170 prima
1674 5110 1830 5157 actate
1861 5102 2037 5170 Motis,
2070 5104 2125 5158 in

543 5174 793 5229 CtBﬂOi)iO
847 5173 902 5228 S.
954 5171 1262 5244 Vincentii,
1319 5174 1518 5244 multos
1561 5172 1792 5244 erudiit,
1849 5174 2127 5244 multaque

428 5294 447 5307 ,
543 5246 780 5315 scripsit.
818 5244 1084 5300 Fulcuino
1126 5243 1379 5298 Lobiensi
1410 5242 1590 5301 abbati
1631 5242 1931 5299 familiaris.
1960 5242 2126 5299 Geni-

541 5315 757 5371 blacum
789 5332 1065 5381 reversus,
1093 5315 1313 5385 demum
1337 5322 1493 5385 (etate
1519 5315 1742 5384 grandis
1766 5315 1908 5369 diem
1937 5330 2128 5385 supre—

541 5400 693 5444 mum
721 5387 856 5441 obiit
880 5402 940 5439 ιιι
968 5385 1151 5440 Nonas
1180 5382 1430 5442 Octobris
1464 5382 1609 5443 anno
1646 5385 1801 5451 1112,
1831 5387 1973 5455 apud
1996 5382 2127 5441 suos

543 5460 815 5525 CUnditus.
856 5455 1012 5511 Notet
1035 5472 1164 5510 vero
1199 5456 1364 5511 lector
1407 5456 1459 5509 in
1491 5470 1553 5509 ea
1586 5456 1843 5511 incidisse
1890 5465 2127 5525 tempora

544 5524 884 5596 Sigeiiertum
912 5528 1113 5596 quibus
1134 5525 1377 5581 Ecclesia
1400 5534 1452 5580 et
1486 5526 1790 5593 respublica
1816 5524 2129 5593 Christiana

544 5600 780 5652 maxime
822 5598 1036 5656 turbata
1093 5596 1213 5659 fuit,
1258 5597 1327 5649 ob
1359 5596 1643 5650 dissidium
1676 5597 1813 5650 inter
1855 5596 2131 5653 Romanos

542 5669 828 5739 pontifices
843 5667 1161 5738 Gregorium
1186 5666 1293 5739 VU,
1316 5665 1593 5739 Urbanum
1605 5665 1659 5739 _l_l
1674 5675 1730 5739 et
1747 5666 2063 5723 Paschalem
2088 5666 2130 5720 ll

543 5735 608 5792 ex
634 5751 739 5791 una
767 5735 1039 5806 partefct
1081 5739 1221 5795 inter
1246 5737 1536 5798 Henricum
1575 5735 1641 5790 ιν
1672 5738 1802 5807 imp.
1832 5754 1898 5793 ex
1940 5740 2128 5795 altera.

466 5848 467 5851 η
542 5808 666 5881 Quo
699 5807 899 5878 factum
941 5816 1024 5864 est
1054 5819 1110 5865 ut
1140 5809 1483 5887 imperatoris
1524 5816 1707 5881 partes
1729 5818 1950 5865 secutus
1974 5810 2129 5882 Sige-

2235 5037 2441 5097 bertus,
2471 5033 2819 5104 pontiﬁcibus
2843 5032 2966 5103 plus
2987 5048 3145 5104 aequo
3168 5031 3332 5088 fuerit
3355 5033 3654 5090 infensior.
3682 5031 3822 5088 Unde

2234 5121 2356 5177 qua:
2387 5102 2575 5177 contra
2608 5102 2927 5177 Gregorium
2963 5113 3016 5177 et
3044 5102 3360 5177 Paschalem
3405 5106 3658 5177 scripsit,
3684 5112 3743 5157 ut
3775 5111 3824 5157 et

2235 5172 2363 5242 alia,
2405 5175 2583 5229 vetitzc
2625 5172 2763 5245 sunt
2796 5174 3062 5245 lectionis.
3123 5172 3465 5245 Sigebertum
3515 5172 3826 5230 refutatum

2234 5246 2526 5300 Anselmus
2552 5244 2711 5313 epist.
2736 5243 2822 5316 _ad
2867 5243 3216 5316 Guilielmum
3258 5245 3553 5316 abbatem,
3589 5261 3718 5316 qua:
3751 5252 3828 5299 est

2237 5331 2465 5371 numero
2490 5312 2710 5377 octava;
2736 5312 3005 5369 Baronius
3026 5314 3079 5368 in
3103 5314 3435 5381 Annalibus;
3460 5312 3825 5370 Bella—minus

2236 5387 2294 5441 in
2336 5385 2593 5456 Catalogo
2619 5393 2674 5439 et
2721 5383 2776 5437 in
2807 5383 3544 5456 Controversiarumrlibris.
3597 5385 3736 5442 Vide
3780 5392 3830 5456 et

2229 5454 2615 5529 Prolegoména
2643 5469 2765 5529 quae
2790 5455 2993 5524 praeﬁxi
3014 5454 3291 5513 Chronico
3328 5455 3632 5529 Sigcberti,
3669 5457 3738 5529 ad
3773 5455 3829 5529 ti-

2230 5528 2352 5583 dem
2394 5524 2721 5597 autographi
2772 5539 2803 5578 a
2838 5541 2923 5581 me
2958 5536 3295 5597 comparato,
3340 5524 3417 5582 δι’
3436 5525 3832 5597 Verdussianis

2229 5599 2372 5678 typis
2400 5595 2711 5678 dnttt'erpia:
2738 5609 2884 5677 anno
2915 5596 3054 5678 1608
3087 5595 3261 5678 edito.
3290 5597 3424 5663 Qua:
3446 5597 3689 5678 quidem
3720 5595 3835 5678 ruli—

2231 5665 2310 5722 tio
2338 5670 2468 5743 sola
2485 5665 2868 5743 est_genu_i_ria,
2892 5677 3079 5738 utpote
3109 5668 3291 5743 libera
3331 5683 3371 5743 _a
3402 5665 3574 5743 nugis
3602 5684 3691 5743 ac
3722 5672 3837 5743 qui-

2229 5738 2443 5814 squiliis
2464 5735 2710 5814 Galfifidi
2737 5735 3146 5814 Mortuinetmsis
3179 5753 3276 5793 seu
3305 5735 3684 5814 A8Qphéﬂ8i3,
3722 5735 3839 5814 qua:

2229 5807 2292 5863 in
2316 5809 2438 5865 aliis
2463 5807 2720 5865 omnibus
2750 5808 3081 5867 editiouibus
3113 5809 3372 5879 inspersa:
3400 5807 3700 5879 leguntur.
