3906 6316
108 396 202 458 597

1084 375 1313 436 GESTA
1350 368 1678 437 ABBATUM
1719 367 2331 427 GEMBLACENSIUM.

3250 359 3355 420 598

107 472 346 576 fervoris,
375 500 700 569 alacritatis,
730 498 786 554 in
816 495 1059 563 advenis,
1087 494 1143 549 in
1170 474 1472 563 pauperum
1494 497 1673 546 cater-
1703 485 1749 542 Α
1777 484 1948 552 Quam
1977 502 2205 558 prwsens
2239 496 2431 554 parcas
2465 481 2570 553 [κει
2585 482 2626 536 it
2654 490 2907 563 potusque
2930 479 3133 551 cibique

108 609 202 663 vis.
232 603 374 659 Sane
400 614 506 671 pro
545 594 757 652 meritis
784 589 1053 660 condigna
1102 583 1396 656 rependere
1416 588 1679 646 noverat,

109 695 439 769 simplicibus
476 687 849 747 misteriorum
894 679 1293 753 profunditates
1344 677 1681 745 depromere,

111 792 159 845 in
184 764 457 844 solvendis
482 799 545 837 a-
574 776 911 850 opponendis
933 788 1099 843 sagax
1128 766 1543 839 assertionibus.
1575 764 1684 819 Ad-

112 891 291 934 versus
316 874 689 944 malignorum
718 865 983 940 procellas
1028 863 1217 934 vigens
1239 876 1302 914 ac
1337 858 1561 923 solidus,
1594 871 1685 911 re—

116 972 208 1025 bus
236 968 289 1023 in
310 964 562 1021 adversis
587 960 905 1018 submittere
937 956 1130 1012 nolens
1159 951 1424 1017 animum,
1466 948 1687 1021 sobrius

113 1048 200 1132 per
229 1059 378 1130 pacis
414 1069 698 1126 prospera.
741 1049 1099 1106 Redundabat
1147 1060 1301 1102 amor
1334 1053 1387 1099 et
1424 1043 1587 1099 timor
1631 1042 1687 1095 in

117 1148 357 1214 subditis,
388 1147 591 1217 dogma
618 1144 892 1200 redolebat
912 1142 964 1196 in
991 1139 1246 1195 alumnis.
1273 1137 1340 1190 At
1372 1151 1499 1191 vero
1526 1149 1689 1205 quem

123 1242 259 1297 nulla
289 1239 591 1311 quiverunt
618 1236 847 1292 adversa
877 1246 1117 1297 movere,
1149 1230 1273 1286 licet
1310 1242 1613 1284 concussus
1637 1235 1692 1281 et

114 1333 332 1404 iactatus
370 1330 445 1386 sit
474 1328 744 1385 molestiis
768 1325 1002 1391 acerbis,
1039 1320 1319 1378 contendit
1351 1319 1553 1390 jugiter
1578 1317 1691 1373 vir-

117 1432 277 1479 tutum
300 1421 562 1494 gradibus
582 1419 832 1490 polorum
861 1415 1123 1473 scandere
1147 1427 1333 1483 regna.
1367 1411 1527 1466 Novit
1545 1410 1693 1465 enim

119 1513 252 1585 quod
297 1511 514 1567 felicem
556 1508 848 1580 tranquilla
887 1520 997 1562 non
1042 1504 1268 1571 faciant,
1301 1518 1490 1558 verum
1538 1516 1694 1559 mens

121 1605 213 1661 sibi
238 1605 371 1659 bene
400 1602 627 1658 conseia
653 1607 859 1671 quanto
887 1598 1065 1670 magis
1093 1597 1364 1664 atteritur,
1394 1602 1548 1649 tanto
1574 1609 1693 1648 am-

122 1693 250 1763 plius
275 1691 628 1763 splendescit.
669 1689 877 1746 Gaudia
905 1703 1126 1759 quoque
1150 1687 1347 1744 lubrici
1373 1685 1543 1744 seculi
1584 1698 1694 1756 quo

124 1783 282 1854 magis
304 1780 680 1837 vernando’“
710 1780 914 1850 pollent
952 1787 1008 1836 et
1055 1776 1250 1849 amplis
1297 1792 1356 1833 se
1397 1776 1695 1846 spaciando

124 1872 329 1928 trahunt
387 1871 719 1937 incessibus,
769 1871 877 1926 hoc
925 1869 1162 1939 amplius
1212 1868 1390 1924 noctis
1441 1874 1694 1922 tartareae

128 1963 344 2019 subeunt
369 1961 692 2032 penetralia,
723 1960 1046 2031 sublatoque
1078 1957 1287 2015 lumine
1316 1966 1485 2013 ruunt
1523 1965 1700 2013 morte

129 2055 410 2126 perimente
432 2054 715 2126 pestifera.
747 2053 892 2110 Sane
915 2061 1207 2124 patronum
1236 2067 1400 2123 supra
1428 2066 1700 2107 memora-

128 2157 231 2204 tum
260 2147 831 2219 laude’dignissimum
856 2162 983 2202 cum
1008 2146 1257 2202 clausum
1287 2154 1440 2216 septa
1462 2143 1700 2201 cmnobii

128 2247 353 2294 tenerent
381 2238 767 2294 absconditum
800 2238 1025 2305 mundo,
1051 2252 1245 2292 verum
1268 2245 1526 2291 vernante
1554 2234 1699 2305 polo,

135 2338 299 2400 utpote
326 2330 480 2386 sidus
511 2329 921 2401 splendiﬂuum,
961 2329 1122 2384 dictis
1167 2328 1372 2399 pariter
1405 2335 1461 2382 et
1489 2327 1705 2382 actibus

134 2422 320 2492 pollens
341 2423 598 2477 radiabat
626 2422 856 2492 ubique;
881 2421 1166 2477 monachis
1188 2421 1352 2476 etiam
1378 2406 1701 2475 clericorum

138 2513 456 2568 contionibus
495 2512 907 2580 formam_vita3
937 2528 1099 2582 super
1128 2521 1275 2567 astra
1310 2493 1537 2566 ferentis
1576 2511 1705 2567 totis

138 2603 328 2685 nisibus
355 2604 538 2659 celehs
562 2604 905 2669 ostendebat,
930 2613 985 2658 et
1002 2603 1067 2658 ad
1097 2602 1339 2658 cmlestis
1365 2602 1704 2658 consortium

138 2691 449 2751 Hierusalem
505 2696 578 2751 de
624 2695 802 2752 noctis
826 2696 965 2750 valle
1007 2703 1250 2762 vocatos,
1286 2710 1396 2765 quo
1441 2695 1703 2750 virtutum

141 2786 368 2856 gradibus
402 2788 544 2842 lucis
606 2788 868 2843 scandere
918 2787 1116 2842 itinera
1167 2794 1464 2853 certarent,
1519 2787 1707 2843 multis

145 2878 298 2935 modis
324 2879 672 2935 hortabatur.
713 2878 927 2935 Talium
974 2879 1243 2949 siquidem
1280 2878 1506 2936 ﬂoribus
1554 2881 1704 2935 redi-

149 2968 294 3049 mitus
339 2969 648 3025 studiorum
685 2969 810 3025 vitae
857 2969 1154 3044 perhennis
1188 2968 1399 3023 semina
1438 2968 1708 3024 humana-

148 3070 252 3112 rum
276 3057 539 3113 mentium
569 3073 758 3128 serens
779 3057 1116 3128 praecordiis,
1148 3057 1572 3115 innumerabiles
1607 3059 1707 3114 ho-

1859 577 2100 634 Ostendit
2124 577 2295 630 sancti
2321 575 2429 629 vita
2452 573 2674 644 probata
2698 572 2817 625 viri.

1785 670 2057 724 zEsuriem
2099 669 2186 738 qui
2215 678 2319 733 tam
2358 666 2499 719 tenui
2522 662 2865 734 suspenderat
2893 678 3049 726 tesca,

1857 759 1971 825 Quo
2002 760 2209 827 [renata
2240 759 2405 827 magis
2434 746 2591 827 quam
2618 764 2858 807 saturata
2884 753 3043 821 foret;

1788 853 1856 906 Ei
1883 853 2002 907 sitis
2032 853 2273 904 ardorem
2300 850 2505 902 modica
2533 849 2825 900 dimoverat
2854 845 3016 911 unda,

1794 1014 1797 1017 ν
1862 943 1944 998 Ne
1970 953 2078 997 tam
2099 943 2332 996 extincta
2358 942 2490 1010 foret
2517 958 2673 1011 quam
2711 916 2966 1007 tepefacta
2983 937 3182 1004 jaccns.

1792 1036 1940 1091 Illud
1974 1038 2027 1089 in
2055 1053 2142 1089 ore
2168 1051 2359 1089 canens
2390 1034 2624 1111 illudque
2653 1033 2706 1085 in
2734 1031 2886 1084 corde
2912 1030 3169 1093 volutans,

1861 1127 2008 1181 Pane
2033 1126 2171 1197 quod
2202 1128 2257 1180 in
2288 1125 2399 1179 solo
2426 1142 2526 1177 non
2551 1125 2673 1177 bene
2702 1124 2830 1177 vivit
2853 1122 3025 1175 homo.

1793 1217 1895 1285 Sed
1918 1219 2111 1273 virtute
2134 1218 2303 1289 magis
2327 1220 2465 1271 verbi
2495 1234 2635 1271 mens
2657 1218 2919 1287 pascitur,
2941 1231 3004 1269 ea:
3027 1231 3125 1284 quo

1862 1307 2138 1384 Perpetua:
2165 1306 2301 1361 lucis
2328 1307 2524 1378 gaudia
2555 1307 2661 1359 vita
2698 1306 2861 1375 capit.

1795 1399 2067 1456 Insomnes
2095 1409 2266 1453 noctes
2291 1399 2376 1452 hic
2402 1398 2472 1430 ⁷⁰⁶
2497 1398 2683 1451 ducere
2704 1413 2819 1467 sepe
2841 1402 3039 1462 suetus,
3124 1382 3125 1385 η

1800 1548 1803 1551 ,
1866 1492 2128 1546 Putsabat
2159 1490 2274 1545 cmli
2296 1491 2508 1561 ﬂetibus
2540 1498 2687 1543 astra
2718 1490 2843 1559 piis.

1794 1584 2050 1655 Pervigili
2080 1601 2208 1637 cura
2234 1584 2395 1653 fortes
2413 1582 2630 1652 aptabat
2656 1580 2907 1634 habenas.

1876 1676 2100 1748 Spiritui
2124 1692 2310 1748 cogens
2338 1674 2551 1729 menbra
2574 1674 2794 1727 subacta
2818 1672 2967 1741 dare,
3070 1731 3079 1739 .

1801 1767 2075 1822 Mundicia
2102 1776 2157 1820 ut
2181 1766 2363 1820 cordis
2384 1781 2672 1836 superoque
2697 1763 2886 1819 ardore
2913 1761 3142 1816 calentes

1731 1826 1773 1881 Β
1872 1861 2085 1915 Arceret
2107 1861 2375 1930 flammas,
2399 1859 2574 1912 carnis
2599 1857 2669 1917 ab,
2687 1858 2804 1927 igne
2831 1855 3010 1909 datas.

1806 1953 1974 2025 thue
1997 1954 2208 2006 animus
2229 1950 2359 2006 creto
2374 1951 2579 2021 jugiter
2598 1964 2879 2019 suspensus
2901 1947 3113 2014 inesset,

1871 2036 1947 2100 Ac
1972 2046 2125 2101 terris
2147 2045 2348 2116 positus
2367 2043 2485 2112 jam
2509 2058 2664 2112 super
2692 2039 2807 2094 alta
2832 2039 2986 2110 foret,
3185 2029 3193 2035 ’

1803 2136 2039 2195 Caelestis
2066 2135 2206 2193 verbi
2234 2135 2549 2189 meditamen
2570 2133 2628 2186 in
2651 2146 2738 2186 ore
2761 2128 2990 2197 tenebat,

1871 2227 2156 2284 Justitiam
2184 2227 2441 2291 esuriens,
2462 2223 2736 2295 justitiam
2756 2222 2962 2276 sitiens.

1872 2323 1933 2377 4.
1958 2321 2053 2377 [iis
2086 2319 2302 2375 vivendi
2341 2315 2685 2373 documentis
2714 2331 2824 2370 non
2869 2320 3080 2369 tantum
3112 2313 3381 2377 initiatus,

1805 2415 1899 2471 sed
1929 2415 1996 2469 ad
2026 2410 2417 2484 plenitudinem
2467 2423 2644 2479 usque
2686 2406 2991 2472 institutus,
3022 2405 3157 2460 vixit
3186 2405 3241 2458 in
3277 2405 3385 2458 cle-

1804 2503 1986 2561 ricalis
2018 2501 2226 2557 ordinis
2266 2500 2456 2555 habitu
2486 2514 2651 2570 quam
2706 2496 2883 2569 potuit
2921 2494 3248 2550 laudabilius
3290 2495 3381 2547 ⁷⁸⁷.

1809 2595 1913 2650 Sed
1943 2593 2072 2665 quia
2099 2594 2216 2664 ipse
2252 2591 2518 2646 Dominus
2539 2606 2669 2661 pars
2701 2587 3018 2645 hereditatis
3050 2593 3136 2655 est
3171 2584 3386 2641 clericis

1807 2686 2105 2743 secundum
2131 2699 2329 2739 nomen
2344 2698 2506 2739 suum
2527 2679 2673 2753 (892)
2704 2680 2759 2735 in
2798 2687 3000 2734 sortem
3029 2675 3246 2732 Domini
3273 2676 3389 2731 ele-

1806 2779 1929 2845 ctis,
1949 2776 2221 2832 ambiebat
2239 2774 2526 2845 sagaciter,
2550 2780 2611 2827 ut
2623 2771 2782 2827 funes
2798 2770 3115 2845 heredintis
3131 2769 3391 2823 caderent

1808 2870 1911 2926 sibi
1934 2869 1987 2923 in
2017 2866 2310 2939 pneclaris.
2334 2864 2460 2921 Ideo
2480 2863 2772 2936 proficiens
2798 2861 2867 2917 de
2890 2859 3090 2917 virt‘ll'le
3125 2860 3182 2914 in
3211 2859 3390 2913 virtu-

1808 2969 1936 3028 tem,
1966 2959 2033 3014 de
2054 2958 2332 3014 canonica:
2358 2955 2558 3027 regulae
2588 2953 2759 3025 gradu
2793 2951 2859 3007 ad
2894 2950 3231 3006 monachica:
3263 2949 3389 3004 vita:

1808 3051 2054 3109 ascendit
2090 3048 2505 3106 sublimitatem.
2540 3043 2645 3100 Ubi
2681 3060 2792 3099 non
2843 3043 3000 3099 aliter
3038 3042 3175 3099 vixit
3217 3056 3385 3113 quam

152 3144 333 3201 minum
354 3148 655 3220 phalanges
675 3147 908 3219 propriis
933 3149 1226 3204 instituens
1239 3149 1531 3219 exemplis,
1546 3151 1705 3206 noxia
1735 3173 1780 3235 ο
1812 3144 1948 3200 alios
1972 3143 2156 3198 vivere
2175 3139 2393 3205 docuit;
2423 3151 2564 3208 quos
2614 3150 2716 3192 suo
2764 3135 3014 3206 exemplo
3046 3133 3114 3189 ad
3142 3133 3389 3203 ejusdem

153 3236 316 3292 mundi
343 3238 627 3310 despicere
661 3248 719 3295 et
742 3239 961 3296 salubre
1002 3239 1221 3316 vivendi
1239 3239 1581 3311 propositum
1611 3240 1710 3297 do-

154 3328 246 3382 cuit
266 3328 424 3387 adire.
1070 3374 1073 3379 .

212 3418 258 3473 ὅ.
285 3419 403 3477 Haec
426 3424 493 3480 de
514 3423 848 3479 rudimentis
872 3423 997 3481 vitae
1025 3432 1079 3480 et
1099 3424 1474 3481 conversionis
1499 3424 1711 3483 Erluini

156 3507 341 3567 abbatis
361 3515 711 3584 supradictus
734 3514 966 3585 scriptor
995 3515 1049 3569 in
1077 3515 1196 3585 ipso
1214 3517 1447 3579 rationis
1467 3499 1712 3588 proemio

159 3590 239 3666 thr
257 3604 691 3676 anticipationem
714 3607 1056 3674 declamavit,
1073 3616 1285 3679 tempus
1306 3624 1526 3680 quoque
1547 3626 1715 3680 quan-

162 3691 219 3743 do
241 3694 418 3752 claruit
453 3699 507 3753 in
540 3708 728 3755 textus
751 3698 836 3754 sui
867 3697 1053 3754 limine
1076 3700 1261 3756 statim
1301 3702 1620 3770 insinuavit,
1661 3712 1714 3759 et

160 3780 384 3879 virtutem
410 3798 637 3844 actuum
662 3789 781 3860 ejus
801 3789 1051 3845 iterando
1072 3791 1316 3862 apertius
1336 3792 1710 3859 confirmavit;

163 3877 224 3924 Ita
245 3887 457 3936 exorsus
487 3898 501 3935 :

165 3955 344 4018 Ottonis
365 3967 463 4035 fuit
489 3968 562 4023 ad
588 3977 786 4039 tempus
810 3969 895 4023 hic
920 3956 1054 4041 regis
1080 3971 1134 4024 in
1159 3971 1312 4041 aula,

198 4051 492 4128 ‘Terrigenis
518 4062 812 4132 speculum,
842 4061 937 4118 tua:
958 4072 1009 4117 et
1035 4065 1209 4134 imago
1236 4064 1334 4118 Dei

164 4139 243 4194 Ast
265 4146 344 4200 ubi
367 4150 582 4206 devotus
607 4153 734 4222 ﬁdei
755 4155 978 4224 sumpsit
1006 4155 1340 4225 documenta,

222 4232 416 4295 Sincera
437 4242 725 4298 Dominum
748 4246 903 4301 corde
924 4247 1068 4317 sequi
1095 4246 1325 4302 studuit.

169 4320 312 4387 Quam
331 4334 529 4400 patiens
549 4344 600 4389 et
628 4353 787 4405 quam
808 4337 980 4392 dulcis
1015 4326 1370 4413 quantumque
1412 4341 1661 4413 benignus

223 4415 414 4492 Iugiter
444 4429 704 4496 extiterit,
726 4431 844 4500 quis
868 4447 1156 4486 memorare
1178 4435 1377 4503 queat?

171 4503 289 4563 Nam
309 4514 541 4582 placidus
567 4521 758 4592 degens
794 4520 991 4575 lenibat
1027 4523 1190 4579 corda
1213 4524 1484 4593 furentum

230 4598 287 4655 In
308 4622 462 4665 mores
486 4612 636 4682 pacis
657 4613 721 4668 de
744 4614 953 4682 feritate
978 4620 1193 4669 vacans.

170 4687 384 4766 Alloquio
413 4701 659 4773 blandus,
683 4706 820 4760 mira
844 4708 1104 4777 gravitate
1130 4687 1427 4774 modestus,

228 4782 338 4882 .N-on
364 4809 530 4865 asper,
557 4814 663 4852 non
688 4807 832 4865 trux,
859 4815 962 4853 non
983 4798 1241 4854 violentus
1271 4809 1406 4854 erat.

177 4866 300 4966 "itit
325 4894 429 4937 erat
451 4889 674 4955 cunctis,
704 4889 901 4966 suavis,
938 4890 1057 4959 pius
1084 4898 1240 4960 atque
1266 4889 1535 4960 benignus.

230 4964 424 5042 Gratus,
453 4978 819 5051 btandiloquus
845 4964 1270 5054 eonzpatiensque
1292 4983 1476 5038 bonus.

177 5048 315 5113 Quem
334 5076 543 5123 mestum
566 5048 898 5142 viditquem
921 5048 1125 5128 tristem
1149 5048 1400 5145 quemque
1427 5073 1710 5140 dolentem,

233 5144 415 5215 Allecti:
440 5161 606 5227 patris
629 5161 961 5217 subveniebat
983 5165 1065 5232 ei,

178 5231 333 5329 ΑΙῙξιιιι
352 5246 488 5305 dulci
513 5256 764 5329 merentia
783 5264 993 5324 pectora
1016 5255 1271 5311 mulcens.

232 5325 465 5402 Angorem
486 5325 673 5413 pressit
698 5345 803 5432 7“,
819 5346 1015 5416 gaudia
1035 5345 1162 5403 (tata
1183 5347 1351 5405 dedit.

1814 3235 2080 3307 propositi
2099 3234 2291 3305 jugum
2321 3228 2727 3301 suscipiendum
2760 3225 2999 3294 attraxit,
3032 3226 3213 3282 sciens
3233 3225 3391 3296 juxta

1808 3326 2140 3385 dominicam
2171 3339 2382 3389 vocem,
2411 3321 2541 3394 quia
2574 3321 2665 3393 qui
2697 3319 2966 3374 dominica
2995 3317 3251 3371 mandata
3275 3315 3390 3371 sol-

1808 3421 1881 3474 vit
1906 3427 1957 3474 et
1980 3416 2115 3471 alios
2144 3432 2205 3469 ne
2231 3413 2435 3468 solvant
2474 3411 2645 3478 docet,
2683 3410 2932 3464 minimus
2956 3409 3011 3462 in
3036 3423 3191 3480 regno
3237 3405 3393 3462 caelo-

1809 3526 1926 3565 rum
1948 3508 2123 3564 vocari
2144 3506 2295 3560 habet
2329 3502 2547 3574 (Matth.
2573 3517 2627 3569 v,
2663 3502 2772 3574 19).
2811 3500 3152 3570 Quapropter
3175 3498 3317 3553 bona
3339 3507 3394 3552 et

1813 3602 2023 3673 agendo
2054 3608 2108 3656 et
2140 3596 2388 3653 docendo
2419 3609 2653 3666 magnus
2696 3594 2752 3647 in
2793 3607 2962 3663 regno
3002 3590 3289 3656 cmlorum,
3331 3590 3389 3643 in

1810 3695 2065 3769 praesenti
2097 3694 2304 3749 scilicet
2334 3689 2603 3756 tecclesia,
2627 3686 2822 3742 merito
2863 3693 2948 3741 est
2980 3691 3222 3740 vocatus.
3252 3682 3388 3738 Tam

1812 3787 2099 3858 multiplici
2126 3800 2345 3840 morum
2375 3783 2663 3838 honestate
2692 3792 3085 3849 usquequaque
3113 3790 3397 3831 commen-

1813 3881 1993 3946 datus,
2017 3878 2319 3933 habebatur
2340 3872 2554 3951 cunctis
2582 3870 2910 3926 reverendus
2939 3878 2992 3923 et
3024 3867 3118 3923 Dei
3140 3867 3394 3935 timorem

1813 3970 2191 4043 appetentibus
2218 3985 2312 4039 per
2339 3966 2526 4023 omnia
2555 3962 2873 4019 imitandus.
2897 3959 3049 4015 Multi
3067 3960 3229 4016 etiam
3254 3972 3395 4029 quos

1813 4061 2076 4119 secularis
2101 4059 2402 4115 adornabat
2418 4055 2660 4128 potentia
2687 4069 2813 4108 eum
2838 4051 3061 4123 dignum
3077 4049 3396 4122 judicabant

1745 4140 1757 4152 ’
1815 4170 1915 4210 sua
1944 4153 2209 4218 amicitia,
2236 4166 2337 4221 pro
2365 4166 2431 4205 eo
2444 4147 2592 4219 quod
2627 4146 2683 4201 in
2714 4145 2807 4200 illo
2835 4143 3108 4200 eminebat
3130 4140 3396 4199 sanctita-

1815 4249 1886 4303 tis
1919 4245 2244 4311 revereutia,
2270 4241 2486 4299 consilii
2509 4239 2727 4320 vigebat
2764 4235 3073 4316 prudentia,
3102 4241 3157 4289 et
3181 4232 3395 4311 animas

1815 4339 1927 4395 Deo
1949 4337 2197 4395 lucrandi
2225 4334 2520 4406 singularis
2543 4332 2593 4388 ei
2624 4330 2889 4386 divinitus
2909 4328 3106 4384 collata
3130 4332 3249 4381 erat
3270 4340 3397 4397 gra-
3420 4376 3423 4379 .

1817 4431 1912 4486 tia.
1949 4428 2051 4494 Cui
2083 4429 2222 4483 inter
2242 4436 2437 4482 caetera
2468 4426 2573 4481 hoc
2592 4437 2812 4494 quoque
2832 4419 3038 4476 addidit
3061 4415 3399 4488 dispensatio

1743 4534 1789 4592 Ι)
1815 4525 2023 4595 diviqa,
2055 4531 2113 4578 ut
2154 4519 2478 4576 nobilissimi
2508 4516 2653 4588 apud
2680 4516 2925 4571 seculum
2968 4520 3024 4567 et
3060 4509 3427 4571 devotissimi_

1819 4612 1962 4684 apud
1994 4611 2163 4665 Deum
2195 4608 2497 4679 Wichperti
2519 4600 2790 4661 frueretur
2819 4602 3081 4669 amicitia,
3103 4599 3177 4654 ita
3205 4607 3400 4660 utmu-

1818 4714 1926 4760 tuae
1952 4702 2204 4758 karitatis
2230 4701 2371 4755 inter
2416 4714 2474 4754 se
2505 4695 2819 4752 indivisibili
2860 4691 3138 4763 conjuncti
3168 4691 3397 4762 glutino,

1818 4812 1992 4853 unum
2024 4795 2222 4851 vellent
2267 4801 2322 4847 et
2356 4805 2527 4845 unum
2579 4788 2786 4842 nollent
2838 4786 2894 4839 in
2942 4783 3193 4849 Domino,
3227 4791 3280 4837 et
3306 4783 3401 4835 ubi

1821 4899 1931 4946 tam
1967 4888 2054 4958 pia
2086 4896 2204 4942 erat
2227 4879 2603 4939 unanimitatis
2648 4873 2953 4948 inSpiratio,
2986 4876 3132 4930 nulla
3170 4888 3399 4943 prorsus

1821 4988 2037 5052 poterat
2086 4979 2379 5049 subrepere
2440 4970 2842 5030 contrarietatis
2883 4967 3234 5039 conspiratio.
3294 4963 3400 5017 Sed

1821 5073 2069 5145 profecto
2117 5069 2373 5127 credebat
2409 5066 2641 5121 multum
2700 5063 2892 5118 deesse
2931 5061 3056 5128 sibi,
3107 5074 3231 5114 cum
3283 5056 3399 5123 ipse

1821 5166 1973 5222 solus
1996 5162 2282 5219 retraxerit
2304 5159 2494 5231 pedem
2518 5175 2551 5213 a
2577 5157 2813 5213 vanitate
2840 5153 3030 5219 seculi,
3058 5150 3201 5222 quod
3218 5148 3400 5202 adhuc

1819 5274 1946 5330 pars
1970 5257 2142 5311 altera
2166 5254 2362 5309 anima:
2386 5268 2520 5319 suae,
2551 5249 2832 5322 piissimus
2875 5245 3081 5301 scilicet
3115 5240 3398 5305 Μαδυαν-

1818 5328 1908 5406 tus
1953 5350 2167 5429 hereret
2208 5347 2413 5403 inﬁxus
2434 5347 2489 5402 in
2518 5346 2649 5400 limo
2673 5338 2933 5397 mundani
2972 5330 3247 5406 profundi.
3281 5328 3397 5382 (lu-

1352 5492 1353 5495 *
1401 5480 1634 5537 vanus:
1675 5483 2075 5541 LECTIONES.

240 5573 302 5610 ⁷⁸⁵
324 5584 429 5674 cru.
456 5607 482 5643 e
508 5610 641 5648 corr.
682 5612 765 5649 rec
817 5610 1023 5650 manus.
1093 5596 1165 5627 ὀδ
1194 5597 1365 5665 primo
1388 5594 1687 5666 expressit?
1752 5597 1824 5628 '°°
1848 5597 1975 5655 hinc
2008 5614 2144 5652 corr.
2175 5596 2283 5652 hic.
2355 5595 2424 5628 ⁷⁸⁷
2464 5586 2775 5648 Laudabilis
2810 5600 2930 5638 corr
2992 5591 3051 5636 ut
3075 5582 3131 5635 in
3157 5586 3321 5634 textu.

1633 5708 1865 5768 NOTAE.

247 5783 371 5859 £893)
398 5792 516 5854 Scil.
536 5768 737 5878 κδιῆροξ.
