3906 6316
500 277 605 333 599

1664 276 2025 334 SlGEBERTI
2061 277 2585 338 GEMBLACENSIS
3660 285 3750 349 tot

498 396 653 464 piens
680 410 810 465 ergo
849 393 1162 464 supradicto
1189 392 1367 448 amico
1396 404 1498 447 suo
1524 389 1842 461 Wichperto
1871 391 2078 447 veraci-
2108 397 2153 456 Α
2188 394 2311 450 Otto
2332 397 2514 451 divina
2551 397 2757 468 favente
2798 401 3076 459 clementia
3106 416 3197 459 rex
3236 402 3671 459 Lotnartensisnn
3704 412 3751 463 et

501 497 583 542 ter
604 496 657 541 et
689 483 1201 557 perpetualitcnfrui
1229 485 1285 539 in
1322 484 1574 549 Domino,
1605 491 1720 537 toto
1750 472 1963 538 'mentls
1990 499 2079 538 ar-

501 580 661 632 debat
689 576 983 645 desiderio,
1018 585 1079 631 ut
1105 591 1229 631 eum
1260 584 1444 647 posset
1494 573 1695 630 lucrari
1740 572 1994 641 Domino,
2025 582 2080 629 et

501 684 718 724 omnem
761 668 990 740 gratiam
1038 667 1313 735 amicitiae,
1350 683 1459 738 qua
1493 658 1636 737 apud
1667 665 1911 720 animum
1959 665 2087 736 ejus.

501 771 611 817 tam
642 760 935 815 efﬁcaciter
949 769 1179 830 poterat,
1203 760 1270 814 ad
1294 760 1525 815 salutem
1546 757 1746 812 anima:
1775 757 1922 813 illius
1945 772 2080 812 con-

505 863 709 911 vertere
759 855 1038 926 gestiebat.
1099 853 1206 911 Nec
1234 854 1385 924 prius
1444 852 1685 920 destitit,
1735 868 1903 923 quam
1954 867 2078 907 eum

501 948 678 1004 artius
707 947 931 1002 inﬁxum
955 948 1008 1001 in
1040 949 1160 1003 lacu
1183 948 1419 1003 miseria:
1442 946 1733 1001 mundana:
1769 956 1823 1001 et
1845 947 1963 1000 luto
1995 960 2082 1001 se-

501 1040 705 1095 cularis
730 1039 1005 1109 potentiae,
1059 1038 1272 1093 fortiter
1317 1037 1529 1109 injecta
1553 1053 1723 1092 manu
1748 1035 2005 1103 extraxit,
2030 1044 2085 1092 et

502 1148 725 1203 ymnum
754 1148 957 1187 novum
981 1133 1180 1188 divinae
1220 1133 1554 1189 laudationis
1586 1134 1641 1187 in
1667 1148 1731 1188 os
1757 1132 1877 1202 ejus
1900 1132 2082 1187 immi-

501 1223 590 1276 sit.
621 1222 824 1276 Deinde
847 1223 1009 1277 etiam
1034 1223 1086 1277 in
1103 1224 1277 1279 totius
1290 1224 1414 1279 vita:
1438 1238 1552 1279 sua:
1564 1232 1753 1279 tenore
1764 1223 2092 1294 exequenda

501 1323 758 1369 strenuus
808 1314 863 1369 ei
903 1314 1007 1370 fuit
1060 1316 1338 1382 eruditor,
1373 1315 1513 1371 [idus
1556 1324 1610 1371 et
1653 1314 2084 1385 circumspectus

501 1405 856 1472 consiliator,
900 1416 955 1461 et
1009 1416 1295 1478 promptus
1358 1407 1415 1461 in
1464 1422 1650 1462 rerum
1717 1406 2084 1478 Oportunitate

500 1494 736 1565 adjutor.
792 1495 905 1551 lloc
954 1496 1189 1568 denique
1232 1497 1514 1553 incentore
1560 1497 1842 1553 basilicam
1875 1497 1986 1553 Deo
2030 1507 2087 1554 et

500 1595 690 1642 sancto
712 1586 871 1642 Petro
894 1598 1191 1659 sanctoque
1212 1587 1486 1660 Exuperio
1508 1589 1818 1657 aediﬁcavit,
1842 1588 2084 1646 ollicinas

498 1678 753 1734 claustris
801 1680 1136 1736 monachicae
1183 1680 1460 1751 religionis
1494 1680 1566 1713 ὀθ
1600 1689 1967 1751 competentes
2004 1697 2080 1736 ze-

496 1769 752 1836 dili’cavit,
780 1787 867 1825 res
924 1786 1053 1825 suas
1102 1742 1432 1825 hereditario
1477 1772 1603 1841 jure
1650 1742 1771 1827 Deo»
1790 1772 2077 1843 delegavit.
2116 1742 2157 1799 Β

495 1862 694 1917 fratres
739 1863 807 1917 ad
851 1864 983 1934 juge
1025 1862 1121 1918 Dei
1153 1862 1492 1918 famulicinm
1518 1864 1746 1919 idoneos
1779 1864 1913 1919 inibi
1949 1880 2083 1919 cou-

495 1955 757 2026 gregavit,
790 1971 956 2026 seque
984 1970 1226 2025 suosque
1272 1972 1481 2027 suaque
1507 1957 1691 2012 omnia
1724 1956 1789 2010 ad
1825 1956 1944 2026 ejus
1973 1972 2079 2010 nu-

494 2054 611 2100 tum
660 2046 978 2103 obedienter
1015 2048 1309 2102 ordinavit.
1342 2047 1691 2119 Perpendens
1733 2049 1917 2118 itaque
1942 2063 2081 2119 prm—

494 2136 639 2192 fatus
660 2136 1010 2209 Wicbpertus
1039 2139 1187 2194 hunc
1206 2139 1385 2195 virum
1409 2140 1525 2195 suis
1550 2140 1887 2210 temporibus
1912 2156 1944 2194 a
1968 2139 2080 2195 Deo

486 2227 826 2282 destinatum
860 2227 929 2281 ad
955 2227 1167 2283 animas
1214 2228 1524 2294 lucraudas,
1552 2239 1606 2284 et
1639 2230 1775 2284 bene
1822 2237 2080 2300 expertus

492 2317 651 2388 dirigi
708 2333 738 2372 a
797 2316 1033 2373 Domino
1062 2334 1157 2388 per
1201 2319 1386 2374 omnia
1411 2319 1558 2374 illius
1582 2319 1721 2386 vias,
1753 2335 1854 2390 pro
1880 2320 2078 2375 collato

495 2408 600 2465 sibi
630 2409 848 2465 caelitus
909 2410 1155 2465 subsidio
1184 2410 1522 2466 incessantes
1568 2410 1848 2465 Divinitati
1883 2411 2079 2482 agebat

489 2502 713 2571 gratias.
766 2500 921 2557 Unde
965 2501 1173 2557 salubri
1218 2502 1460 2558 directus
1510 2502 1764 2568 consilio,
1803 2510 1977 2557 totum
2013 2518 2074 2558 se

489 2592 609 2662 ejus
657 2592 917 2648 submisit
940 2593 1275 2664 magisterio,
1306 2608 1540 2663 eumque
1589 2593 1840 2649 abbatem
1882 2594 2083 2665 delegit

491 2693 547 2738 et
563 2682 805 2753 prazfecit
820 2684 924 2739 sibi
944 2683 1285 2753 fratrumque
1307 2699 1534 2738 suorum
1553 2685 1808 2755 collegio,
1826 2693 1908 2751 ut,
1927 2685 2077 2739 omni

495 2778 787 2832 mundanae
827 2776 1221 2851 'licitudinis
1259 2791 1424 2830 onere
1471 2776 1741 2846 deposito,
1764 2776 1879 2846 ipse
1921 2791 2079 2831 secu-

494 2867 612 2923 rius
637 2878 691 2922 et
717 2867 979 2922 intentius
1006 2866 1443 2936 contem‘plativae
1466 2867 1592 2921 vitae
1624 2866 1930 2937 invigilaret
1950 2882 2078 2937 pro-

495 2958 694 3027 posito.

2182 487 2595 561 Francigenum.
2645 487 2917 563 Quidquid
2966 492 3403 549 Germanensium
3432 493 3532 548 sub
3560 494 3750 564 imperii

2181 579 2351 632 nostri
2380 579 2579 634 ditione
2607 596 2669 633 ac
2705 580 2977 652 religionis
3013 582 3112 637 Dei
3161 592 3291 638 nutu
3315 601 3349 637 a
3377 583 3751 641 venerabilibus

2182 687 2245 725 ac
2278 670 2374 725 Dei
2401 673 2665 726 timoratis
2711 672 2892 743 agitur
2915 675 3064 741 viris,
3089 683 3265 728 ratum
3288 675 3546 729 ducimus
3575 676 3753 732 nostris

2181 762 2519 817 corroborari
2543 764 2943 833 assertionibus,
2965 765 3170 821 scilicet
3210 775 3268 821 ut
3290 776 3493 821 nostra
3520 768 3753 836 ﬁrmitate

2182 870 2245 907 ac
2291 853 2628 923 defensionne
2658 854 2868 909 valeant
2914 866 3099 910 contra
3122 857 3499 926 infestantium
3528 858 3751 913 incursus

2182 946 2255 978 ⁷η
2298 948 2454 1001 tueri.
2492 945 2839 1025 Quapropter
2888 957 3140 1020 agnoscat
3178 949 3424 1019 ﬁdelium
3467 957 3751 1018 conventu,

2181 1038 2321 1109 quod
2343 1037 2561 1109 quidam
2585 1037 2920 1110 Wichpertus
2950 1041 3179 1107 nomine,
3206 1057 3239 1094 a
3264 1039 3602 1094 secutoribus
3616 1040 3757 1109 liusz

2183 1131 2305 1185 vita:
2328 1130 2642 1186 tumultibus
2672 1133 2935 1199 recedens,
2973 1142 3340 1204 contempnens
3373 1132 3753 1188 transitoriast

2184 1230 2531 1276 commutaret
2557 1229 2776 1289 (eterna,
2807 1223 2962 1277 vertit
2987 1239 3042 1277 se
3068 1224 3139 1277 ad
3185 1224 3509 1278 monasticc
3538 1221 3754 1294 regulam

2181 1310 2304 1364 vita:
2327 1311 2531 1365 sincero
2554 1312 2742 1366 mentis
2771 1313 3009 1383 cogitans
3035 1313 3257 1383 affectu,
3278 1313 3568 1384 qualitera
3587 1320 3757 1368 semet-

2182 1403 2318 1472 ipso,
2341 1412 2494 1472 prout
2543 1402 2871 1473 possibilitas
2894 1404 2999 1459 sibi
3031 1405 3257 1473 adesset,
3289 1403 3506 1476 deiﬁear
3524 1404 3759 1473 majestav

2186 1497 2253 1550 tis
2297 1503 2728 1567 augmentaretur
2768 1497 3095 1567 famulatus,
3139 1506 3450 1552 construere
3494 1494 3750 1550 basilicam

2134 1608 2143 1617 -
2185 1601 2308 1641 mox
2337 1586 2489 1656 erepit
2530 1586 2585 1640 in
2631 1585 2746 1641 loco
2779 1585 3064 1642 Gemblans
3087 1588 3232 1642 dicto
3258 1588 3319 1642 in
3359 1586 3566 1641 honore
3602 1586 3751 1640 sancti

2185 1677 2472 1732 salvatoris
2502 1678 2707 1733 domini
2748 1679 2918 1733 nostri
2940 1677 3069 1734 Iesu
3095 1679 3321 1735 Christi.
3357 1677 3518 1732 Talis
3543 1692 3659 1748 ergo
3676 1675 3753 1731 dc-

2184 1769 2371 1823 siderii
2395 1768 2738 1824 karissimum
2760 1779 2996 1840 nepotem
3032 1786 3219 1839 suum,
3242 1769 3615 1839 Wichpertum
3635 1783 3757 1837 pra.

2184 1860 2377 1930 fatum,
2401 1859 2577 1914 calore
2598 1860 2844 1914 succendi
2882 1862 3209 1932 conspiciens
3231 1861 3352 1915 avia
3388 1877 3497 1915 sua
3519 1858 3663 1914 Gisla
3680 1874 3757 1914 no-

2183 1952 2407 2017 minata,
2438 1952 2690 2022 prasidio
2735 1953 3146 2007 constructionis
3194 1952 3439 2022 ejusdem
3483 1950 3747 2007 Gentbloua

2182 2044 2351 2097 censis
2378 2044 2600 2097 caenobii
2631 2061 2712 2099 res
2743 2044 2912 2098 eidem
2943 2044 3119 2114 nepoti
3158 2060 3255 2098 suo
3283 2042 3459 2114 legali
3490 2042 3753 2097 traditione

2181 2134 2407 2189 contulit
2437 2136 2811 2203 hereditarios,
2841 2152 2971 2208 quas
3011 2136 3123 2190 sibi
3140 2137 3220 2190 vir
3249 2152 3377 2190 suus
3423 2136 3631 2189 nomine
3663 2134 3752 2190 Bo-

2182 2226 2394 2298 thingus
2425 2227 2680 2297 impendit
2724 2228 2867 2281 dotis
2911 2227 3110 2297 gratia,
3144 2226 3201 2280 in
3252 2226 3524 2280 comitatu
3571 2224 3755 2278 scilicet

2180 2317 2493 2371 Lomacensi
2509 2326 2665 2388 atque
2688 2317 3009 2385 Darnuensi,
3028 2317 3209 2371 villam
3228 2316 3483 2372 videlicet
3497 2315 3750 2372 Gemblans

2181 2426 2302 2463 cum
2323 2409 2567 2464 omnibus
2598 2410 2668 2463 ad
2703 2410 2921 2464 eandem
2944 2410 3345 2480 pertinentibus.
3381 2408 3459 2463 In
3502 2409 3751 2479 eodemque

2180 2519 2315 2574 pago
2344 2502 2529 2557 villam
2572 2502 2779 2572 Bufiols
2807 2503 3007 2556 dictum
3033 2518 3153 2556 cum
3178 2501 3514 2573 appenditiis
3537 2502 3659 2555 suis.
3691 2498 3748 2554 Et

2180 2597 2237 2650 in
2262 2594 2390 2650 villa
2410 2593 2672 2666 Asnatgia
2705 2594 2956 2666 quicquid
2984 2595 3093 2665 ipse
3121 2594 3246 2665 jure
3273 2595 3450 2648 tenuit
3472 2592 3552 2648 vel
3575 2592 3755 2663 hiqua-

2179 2687 2409 2757 propriis
2433 2686 2521 2740 hic
2559 2694 2746 2741 notare
2766 2687 3071 2741 studuimus
3114 2686 3426 2740 nominibus
3466 2685 3749 2739 :Robertss

2180 2779 2440 2845 videlicet,
2478 2778 2737 2850 Angerus,
2795 2776 3109 2845 Fulcoldus,
3151 2776 3379 2844 Emme,
3436 2775 3755 2839 Hericindis,

2179 2880 2373 2944 preter
2396 2871 2681 2926 dimidium
2711 2887 2956 2926 mansum
2972 2856 3111 2942 quod
3136 2872 3312 2925 sorori
3338 2888 3461 2926 sua:
3485 2887 3578 2941 pro
3600 2869 3747 2923 salute

2180 2962 2408 3018 contulit
2438 2963 2633 3017 animo:
2658 2979 2788 3018 sure.
2821 2961 2891 3016 Et
2917 2962 3060 3033 apud
3082 2962 3305 3017 eundem
3347 2978 3549 3034 pagum
3589 2958 3745 3014 villam

568 3048 622 3101 5.
663 3046 851 3117 itaque
885 3047 971 3102 vir
994 3046 1121 3102 Vita!
1164 3046 1536 3102 memorabilis
1564 3044 1824 3101 El‘lllinus
1856 3046 1928 3078 m
1965 3060 2074 3101 ηοῐι
2103 3075 2149 3137 C
2181 3055 2517 3112 Salvenerias
2535 3071 2656 3109 cum
2677 3056 2810 3110 inibi
2830 3055 3520 3125 aspicientibus,unumque
3536 3065 3743 3106 mansum

492 3138 757 3194 honorem
781 3138 873 3194 sed
902 3152 1045 3193 onus
1095 3138 1404 3207 suscipiens
1443 3137 1735 3193 monastiei
1770 3136 2073 3208 regiminis,

488 3244 565 3282 eo.
602 3226 900 3283 ferventius
946 3228 1118 3298 coepit
1142 3227 1401 3283 insudare
1454 3226 1723 3299 regularis
1770 3226 2076 3297 disciplina:

489 3320 706 3387 studiis,
736 3336 847 3391 quo
882 3320 1089 3376 sciebat
1141 3335 1201 3376 se
1249 3318 1362 3375 Deo
1407 3320 1677 3375 rationem
1703 3318 2075 3385 redditurum,

492 3429 601 3468 non
644 3421 855 3468 tantum
881 3412 948 3468 de
987 3412 1137 3479 suis,
1170 3412 1264 3467 sed
1298 3412 1463 3467 etiam
1482 3412 1549 3472 de
1575 3412 1679 3469 sibi
1706 3411 2078 3482 subjectorum

402 3506 415 3522 '
491 3503 1094 3577 ratiociniis.Decujus
1125 3504 1247 3560 vita:
1269 3504 1600 3560 insinuando
1623 3512 1787 3571 statu,
1805 3519 1912 3558 non
1940 3518 2080 3573 opus

488 3605 574 3652 est
617 3612 777 3668 agere
825 3597 998 3651 multo
1025 3597 1321 3651 verborum
1351 3596 1582 3663 ambitu,
1607 3595 1675 3650 de
1713 3610 1826 3665 quo
1862 3601 2080 3650 constat

490 3703 598 3744 non
635 3689 742 3743 alia
768 3688 947 3760 egisse
972 3688 1087 3744 nisi.
1108 3687 1463 3758 quamplacita
1484 3695 1669 3742 essent
1704 3687 1759 3741 in
1786 3685 1901 3740 veri
1922 3684 2075 3755 judi-

489 3780 572 3835 cis
630 3777 950 3851 conspectu.
1000 3778 1125 3833 Nec
1156 3779 1382 3834 dubium
1416 3777 1518 3847 qui.
1564 3786 1677 3831 tam
1730 3776 1966 3848 gratuito
2007 3776 2088 3808 "'1

489 3869 602 3926 Deo
624 3871 874 3941 placebat
896 3869 1180 3940 pro‘bonae
1202 3869 1524 3924 intentionis
1539 3869 1721 3934 oculo,
1745 3868 1890 3938 quod
1911 3866 2078 3923 etiam

489 3960 589 4016 Dei
611 3961 957 4016 amatoribus
978 3960 1245 4030 placuerit
1272 3974 1372 4030 pro
1401 3959 1557 4014 bona;
1591 3959 1824 4014 actionis
1853 3959 2035 4014 studio
2060 3976 2075 4026 ;

493 4062 549 4106 ct
569 4052 664 4122 qui
695 4052 855 4107 bonis
883 4059 1004 4106 erat
1029 4060 1251 4106 amatus
1266 4059 1319 4105 et
1348 4044 1717 4118 reverendus,
1739 4066 1848 4105 non
1875 4050 2077 4105 mirum

492 4143 640 4211 quod
689 4142 980 4198 contrariis
1033 4143 1100 4174 7"
1142 4141 1253 4199 Deo
1294 4151 1415 4199 erat
1456 4151 1744 4213 suspectus
1772 4152 1826 4198 et
1860 4151 2071 4198 contra-

489 4235 627 4289 rius.
661 4232 903 4289 Interius
925 4248 1055 4306 ergo
1083 4234 1395 4290 animarum
1422 4234 1719 4291 consulens
1762 4235 1946 4302 saluti,
1979 4250 2076 4290 ex-

490 4326 664 4381 terius
688 4332 873 4380 autem
911 4340 1207 4397 corporum
1243 4326 1535 4382 intendens
1575 4326 1812 4394 usui,'ut
1837 4326 2078 4397 prudens

2176 3150 2317 3221 quod
2346 3150 2472 3204 emit
2501 3148 2755 3205 vocabulo
2778 3149 2948 3215 Ruoz,
2979 3148 3309 3218 alterumque
3333 3162 3584 3201 mansum
3609 3145 3744 3214 ﬁsce-

2177 3239 2279 3293 lem
2304 3239 2360 3293 in
2386 3239 2501 3293 loco
2521 3239 2612 3309 qui
2633 3239 2833 3300 dicitur
2868 3238 3036 3293 Vilers
3068 3238 3365 3308 antiquitus
3391 3235 3743 3307 appendentelt

2177 3331 2247 3384 ad
2277 3330 2645 3386 altaresancti
2666 3330 2823 3385 Petri
2845 3330 3102 3400 principis
3145 3328 3534 3400 apostolorum.
3565 3322 3742 3382 Simili-

2179 3429 2258 3476 ter
2277 3422 2333 3475 in
2350 3437 2485 3492 page
2508 3420 2711 3475 Asbaiu
2730 3420 2883 3492 (895)
2903 3420 3045 3492 apud
3059 3419 3244 3474 villam
3273 3417 3506 3473 Herines
3533 3425 3740 3471 mam.

2177 3528 2363 3579 unum,
2387 3512 2527 3584 quod
2554 3511 2848 3584 Rotltingus
2876 3521 2927 3565 et
2954 3510 3183 3580 conjuna:
3203 3510 3318 3579 ejus
3343 3516 3603 3564 emerunt.
3631 3503 3741 3584 Vit,

2177 3602 2400 3674 denique
2433 3603 2743 3658 monasticce
2770 3617 3010 3655 normam
3038 3601 3127 3671 pio
3170 3598 3535 3669 multiplicare
3561 3606 3740 3649 cernens

2178 3696 2376 3749 intuitu
2389 3695 2633 3765 piissimo
2656 3693 2805 3749 Gisla
2826 3709 2987 3764 supra
3005 3700 3319 3757 memora5a,
3342 3708 3483 3746 vera!
3501 3688 3620 3761 ﬁdei
3635 3684 3742 3740 divi-

2162 3785 2322 3841 .nitus
2362 3785 2553 3839 ardore
2592 3800 2866 3852 succensa,
2891 3782 3432 3843 deditamantissimo
3479 3779 3643 3851 nepoti
3661 3790 3739 3830 suo

2190 3874 2466 3945 Vicliperto
2490 3874 2670 3928 crebro
2692 3881 2981 3928 memorato
2998 3873 3179 3927 omnia
3200 3871 3297 3925 sub
3317 3888 3380 3925 ea
3401 3871 3615 3925 datione
3624 3865 3739 3938 quit-

2178 3967 2307 4040 quid
2354 3966 2613 4038 prtefatus
2665 3965 2747 4018 vir
2782 3963 3077 4032 Rothinqus
3122 3961 3263 4016 dotis
3310 3962 3493 4031 gratia
3533 3956 3747 4028 legaliter

2178 4059 2466 4112 donaverat
2512 4057 2570 4111 in
2626 4056 2886 4111 comitatu
2942 4053 3305 4115 Wastenaco,
3358 4051 3520 4106 villas
3567 4046 3735 4104 scilicet

2180 4138 2371 4204 Naslei
2398 4146 2710 4217 et‘Corbeis,
2740 4156 2791 4201 et
2817 4145 3109 4214 Avoncurt,
3130 4152 3180 4199 et
3210 4143 3456 4201 Curceles
3487 4152 3726 4196 mansum—

2180 4258 2279 4311 que
2298 4258 2462 4296 unum
2485 4240 2555 4296 ad
2583 4250 2785 4295 curtem
2815 4238 3063 4295 Romenei
3089 4238 3311 4306 dictam,
3336 4237 3615 4307 villamque
3635 4230 3732 4287 Ιο-

2181 4333 2286 4387 lins
2331 4334 2616 4387 vocitatam
2695 4330 2987 4395 silvamque
3026 4328 3297 4399 Boisotgis
3324 4329 3660 4387 -vocitatam,
3691 4326 3732 4374 et

488 4425 545 4471 et
572 4416 745 4473 ﬁdelis
776 4418 1184 4489 paterfamilias
1234 4419 1524 4489 utriusque
1571 4418 1812 4475 hominis
1864 4417 2084 4488 prospi-
2111 4426 2161 4481 Ῑ)
2180 4423 2365 4478 uiuam
2394 4422 2579 4476 Auum
2605 4429 2657 4476 ει
2689 4420 2842 4476 Ure;
2869 4419 2940 4473 Et
2966 4435 3209 4473 mansum
3241 4433 3406 4471 unum
3431 4418 3489 4471 in
3518 4412 3636 4469 νίιια
3652 4408 3731 4463 Αἱ-

490 4507 667 4563 eiebat
693 4509 933 4566 utilitati.
963 4509 1068 4578 Qui
1092 4510 1275 4567 sciens
1297 4510 1644 4565 insolentiam
1688 4508 1952 4566 secularis
1976 4523 2080 4579 po-

492 4599 672 4656 tentize
704 4602 880 4658 solere
919 4602 1199 4658 adversari
1229 4602 1628 4659 aecclesiasticaa
1669 4601 1862 4673 quieti,
1890 4602 2074 4659 omnia

489 4705 613 4760 quae
638 4692 829 4748 beatus
854 4692 1207 4764 Wicbpertus
1232 4695 1395 4766 legali
1437 4702 1764 4750 testamento
1790 4693 2074 4764 delegave—
2098 4707 2107 4717 '

488 4788 576 4834 rat
615 4783 922 4839 commissa:
962 4785 1067 4840 sibi
1105 4785 1368 4842 {ecclesias
1391 4784 1519 4853 Dei,
1542 4784 1841 4856 imperialis
1869 4791 1926 4839 et
1945 4799 2077 4855 apo-

490 4870 695 4927 stolicae
737 4889 939 4929 manus
970 4876 1356 4945 astipulatione
1383 4876 1510 4932 fecit
1535 4874 1923 4946 perpetualiter
1948 4890 2085 4930 cor-

490 4963 764 5020 roborari.
785 4963 934 5032 Quas
963 4976 1147 5023 eartas
1168 4984 1279 5023 non
1307 4969 1485 5040 pigeat
1507 4968 1595 5023 hic
1616 4968 1876 5034 inserere,
1898 4975 1959 5021 ut
1981 4982 2076 5022 eas

490 5056 755 5113 tenaciter
789 5066 1134 5128 posterorum
1161 5062 1609 5117 commendemus
1632 5062 1929 5117 memoriae.
1968 5060 2077 5116 Im-

487 5148 710 5218 perialis
741 5164 873 5222 ergo
902 5163 1051 5206 certa
1075 5160 1161 5207 est
1193 5152 1511 5223 bujusmodi
1555 5171 1568 5207 :

560 5240 612 5296 6.
652 5240 720 5296 In
769 5244 977 5299 nomine
1026 5245 1229 5299 domini
1277 5244 1378 5300 Dei
1426 5252 1477 5299 et
1528 5243 1825 5300 Salvatoris
1864 5253 2071 5301 aeterni.

2180 4514 2315 4568 lant.
2354 4512 2425 4566 Et
2455 4512 2814 4567 molendinum
2834 4527 2996 4564 unum
3033 4526 3190 4580 super
3222 4509 3443 4579 ﬂuvium
3488 4501 3739 4588 Fontlaiu

2180 4607 2239 4661 in
2274 4606 2532 4659 comitatu
2552 4596 2839 4660 Lucensis;
2856 4602 2925 4657 Et
2948 4602 3218 4657 clibanum
3258 4599 3524 4672 quendam
3554 4598 3603 4650 in
3624 4590 3729 4649 civi-

2182 4708 2291 4753 tate
2340 4696 2470 4752 Sens
2513 4706 2839 4768 nuncupata,
2878 4712 2970 4766 per
2998 4711 3165 4749 annos
3208 4693 3493 4748 solventem
3531 4684 3726 4758 singulos

2180 4789 2250 4845 50
2280 4789 2478 4844 solidos
2502 4805 2855 4843 nummorum.
2884 4787 2953 4840 Et
2978 4796 3178 4863 curtem
3211 4782 3482 4839 Herbardi
3503 4790 3551 4836 et
3588 4773 3726 4833 Cudb

2182 4879 2344 4933 raita.
2368 4875 2632 4932 Similiter
2657 4879 2710 4932 in
2735 4878 2990 4931 comitatu
3021 4874 3290 4945 Stampais
3319 4870 3504 4926 villam
3528 4866 3725 4922 Μαίων

2178 4972 2400 5035 dictam,
2416 4979 2465 5023 et
2489 4968 2676 5024 villam
2696 4967 2927 5040 Algeldi.
2956 4966 3108 5022 Gisla
3128 4975 3243 5036 post
3269 4965 3382 5020 lucc
3405 4977 3563 5034 supra
3579 4954 3723 5026 κρίκε

2179 5071 2472 5117 memorata
2494 5060 2692 5117 divina:
2720 5058 3090 5131 inspirationis
3116 5057 3185 5112 in
3197 5073 3266 5112 ea.
3286 5056 3454 5126 magis
3487 5069 3546 5107 ac
3585 5042 3721 5114 mugit

2180 5159 2442 5206 crescente
2470 5150 2749 5205 clementia
2779 5148 3157 5203 monachorum
3191 5145 3548 5216 multiplicare
3573 5136 3719 5194 ride”

2179 5252 2472 5309 catervam,
2523 5259 2676 5314 seque
2722 5241 2905 5297 divino.
2954 5240 3263 5310 mancipans
3324 5235 3580 5299 obseauio,
3602 5224 3723 5287 dedit

1795 5356 2028 5413 VARIAE
2066 5354 2467 5435 LECTIONES.

560 5446 630 5521 'f’
676 5465 702 5503 s
732 5450 849 5518 jam
891 5469 1100 5507 erasum
1130 5462 1225 5507 est.
1307 5452 1376 5485 ⁷⁰⁹
1416 5449 1663 5507 Elluinus
1685 5469 1730 5504 c.
1807 5449 1877 5482 “°
1924 5449 2165 5519 gratuito
2209 5466 2346 5503 corr.
2374 5450 2609 5521 gratuite
2634 5466 2681 5505 ο.
2757 5451 2827 5483 ⁷¹¹
2860 5446 3188 5505 contrarius.
3266 5446 3339 5479 ⁷¹¹
3394 5444 3458 5501 in
3500 5443 3718 5505 intumis

489 5516 615 5604 add.

1990 5609 2217 5665 ΝΟΤᾹΞ.

561 5690 710 5762 (893)
738 5691 1031 5752 Hasbanio.
