3906 6316
119 323 205 378 601

1089 313 1316 373 casn
1351 271 1680 372 Aemula“
1718 317 2322 378 GEMBLACENSIUM.

3258 323 3366 378 60‘!

114 436 284 502 etiam,
305 442 503 505 pra'ter
529 449 587 488 ea
619 447 736 502 qua:
758 448 877 501 jam
907 447 1069 500 supra
1099 420 1432 496 'notavimus,
1461 447 1525 484 ex
1554 447 1677 500 pro-
1710 439 1750 494 Α
1783 431 1996 484 condita
2018 441 2139 485 sunt
2174 433 2368 486 honore
2391 431 2692 498 solventur;
2721 433 2926 506 Deoque
2954 433 3270 501 famulantes
3296 435 3364 492 ab

113 538 221 600 prta
246 524 544 579 nereditate
566 524 621 576 in
645 523 902 576 comitatu
929 520 1166 575 videlicet
1204 520 1435 587 Maisou,
1467 523 1524 574 in
1553 520 1684 574 villa

111 636 218 692 quia
239 617 439 672 dicitur
464 615 690 680 Masuic,
717 614 986 686 quandam
1015 622 1168 667 terrae
1196 621 1422 682 partem,
1456 612 1682 682 compli-

112 722 304 780 cemque
330 708 548 761 navium
573 723 665 778 per
684 723 849 760 annos
877 704 1159 759 solventem
1187 703 1426 774 singulos
1455 705 1684 774 quinque

111 800 290 854 solidos
333 799 698 851 denariorum.
752 796 820 850 In
861 796 1140 865 eodemque
1190 796 1444 848 comitatu
1499 793 1684 848 villam

109 907 214 962 quc
239 891 442 943 dicitur
496 890 725 943 Biettine
773 889 828 942 in
878 905 982 959 qua
1029 887 1251 940 habetur
1283 887 1542 953 (ecclesia,
1576 902 1684 940 me-

109 984 288 1036 dietate
319 981 538 1050 quidem
561 991 742 1035 nostra
769 1022 784 1046 ,
833 996 1051 1033 mansus
1094 979 1530 1045 indominicatus,
1571 994 1684 1032 mo-

109 1074 383 1136 lendinum,
423 1073 634 1138 camba,
671 1080 996 1142 capturaque
1023 1071 1269 1140 piscium.
1305 1068 1372 1122 In
1425 1071 1681 1123 comitatu

59 1189 76 1206 ι
110 1182 215 1219 vero
235 1163 437 1218 Rewers
470 1164 656 1217 villam
692 1163 940 1217 Molivort
966 1164 1166 1216 dictam
1206 1179 1324 1216 cum
1351 1163 1483 1216 inibi
1518 1161 1684 1232 perti-

108 1257 350 1320 nentibus,
381 1272 446 1308 ac
481 1256 537 1308 in
565 1256 798 1326 quadam
821 1255 950 1309 villa
971 1255 1205 1324 ejusdem
1231 1256 1517 1308 comitatus
1547 1253 1682 1308 Ber-

108 1366 214 1418 gam
245 1349 533 1401 vocitatam
572 1365 729 1417 super
755 1349 976 1418 ﬂuvium
1004 1347 1126 1401 Rim
1157 1349 1362 1400 vineam
1402 1345 1675 1400 obtimam.

111 1435 324 1488 Dornnus
357 1437 563 1490 interea
592 1437 850 1506 praefatus
887 1436 1218 1506 Wichpertus
1251 1436 1314 1489 de
1340 1437 1574 1506 paternis
1601 1435 1679 1489 vel

108 1530 337 1583 maternis
387 1531 544 1584 rebus
569 1530 672 1584 sibi
709 1531 832 1600 jure
879 1531 1190 1584 hereditatis
1237 1529 1432 1599 legales
1471 1529 1676 1599 faciens

108 1623 424 1689 traditiones,
449 1625 597 1677 dedit
645 1623 896 1694 quicquid
937 1623 1146 1692 jurium
1202 1624 1350 1676 visu!
1369 1631 1447 1676 est
1489 1623 1678 1678 habere

109 1725 244 1768 extra
281 1715 519 1784 fratrum
546 1731 764 1768 suorum
795 1715 1100 1768 societatem
1122 1715 1217 1766 sub
1248 1715 1458 1767 nomine
1499 1713 1593 1767 Dei
1625 1724 1676 1768 et

1783 526 1926 578 omni
1949 533 2292 595 protegantur
2313 525 2653 604 adversitate,
2687 527 2968 598 nuliusque
3004 529 3151 582 nobis
3186 545 3368 584 succe-

1781 616 1908 670 dens
1946 632 2038 670 rex
2089 618 2145 670 in
2191 626 2446 671 wternum
2483 618 2704 689 aliquod
2734 620 2928 674 audeat
2961 637 3026 676 ex
3046 622 3225 676 eodem
3249 622 3366 677 loco

1781 715 2020 775 expetere
2053 707 2325 760 servitium
2349 717 2544 777 praeter
2574 710 2756 763 munia
2787 711 3111 780 orationum,
3148 713 3212 766 ab
3252 730 3367 767 om-

1783 799 1938 868 nique
1979 799 2319 870 subjectionis
2355 816 2606 856 excussus
2646 802 2881 858 onerem
2914 820 3091 874 regum
3116 813 3366 875 perpetua

1781 890 2023 960 ﬁrmetur
2054 893 2306 956 tuitione;
2338 909 2431 947 nec
2459 895 2640 965 quovis
2667 894 2822 948 modo
2860 894 3056 965 aliquis
3091 896 3364 966 episcopus

1780 983 1838 1036 in
1860 983 2010 1052 cujus
2041 984 2238 1039 diocesi
2263 986 2401 1040 idem
2423 987 2606 1040 existit
2628 985 2774 1040 locus
2797 985 3034 1057 aliquam
3055 987 3157 1040 vim
3181 997 3366 1041 contra

1780 1073 2104 1128 voluntatem
2131 1075 2338 1131 abbatis
2360 1077 2570 1144 habeat,
2599 1094 2690 1132 nec
2711 1077 2969 1147 synodum
2995 1094 3259 1148 peragere,
3273 1093 3376 1135 nec.

1781 1165 1951 1219 ullam
1973 1166 2186 1220 omnino
2213 1183 2322 1221 rem
2350 1185 2627 1233 exornare,
2658 1169 2762 1222 nisi
2797 1169 3159 1222 tantummodo
3181 1185 3369 1222 mona-

1780 1258 1904 1312 chos
1944 1258 2179 1328 ejusdem
2221 1260 2430 1314 abbatis
2479 1255 2764 1326 ordinare;
2807 1270 2923 1331 post
2960 1261 3365 1332 mortemque'"

1779 1349 1892 1419 ejus
1921 1351 2208 1404 accersitus
2226 1351 2387 1421 juxta
2417 1353 2651 1423 regulam
2685 1354 2858 1407 sancti
2890 1353 3166 1407 Benedicti
3187 1354 3368 1407 consi-

1779 1440 1854 1495 lio
1879 1441 2256 1495 monachorum
2279 1451 2688 1513 cwterorumque
2722 1441 3227 1511 conprovincialium
3267 1458 3366 1495 no-

1779 1551 1897 1588 men
1919 1534 2017 1588 Dei
2043 1534 2360 1599 timentium,
2393 1535 2718 1604 imperioque
2745 1535 2881 1604 regis
2904 1533 3127 1587 electum
3155 1532 3370 1588 benedi-

1779 1633 1865 1679 cat
1888 1624 2162 1690 abbatem;
2197 1627 2374 1696 sicque
2399 1624 2601 1678 nullius
2638 1625 2870 1678 muneris
2905 1632 3115 1692 accepto
3151 1622 3368 1676 servitio

1777 1727 1968 1788 praeter
1987 1719 2332 1772 constitutam
2361 1716 2698 1787 praebendam
2733 1717 2885 1786 panis
2922 1715 3093 1768 sancti
3118 1712 3369 1768 Salvato-

107 1808 380 1863 Salvatoris
405 1811 579 1863 nostri
601 1811 875 1881 sanctique
896 1809 1049 1864 Petri
1087 1809 1232 1880 regni
1282 1809 1532 1863 caelorum
1558 1810 1670 1864 cla-
1709 1791 1748 1850 Β
1779 1810 1873 1875 ris,
1905 1809 1974 1862 ad
1995 1817 2198 1862 statum
2222 1809 2400 1862 redeat
2421 1810 2652 1879 propriae
2682 1801 2841 1862 sedis.
2872 1806 2943 1860 Et
2975 1807 3102 1877 quia
3145 1805 3241 1858 sub
3271 1821 3368 1859 no-

105 1901 268 1970 vigeri,
293 1901 556 1970 fratribus
585 1903 641 1955 in
661 1903 841 1956 eodem
868 1902 983 1955 loco
1014 1901 1296 1956 Gemblaus
1324 1903 1419 1956 sub
1445 1903 1676 1973 regulari

105 1991 364 2044 viventibus
397 1992 714 2061 disciplina,
749 2009 878 2063 quos
910 1994 1104 2046 ibidem
1154 1993 1252 2047 Dei
1284 1993 1674 2047 coaduuaverat

104 2083 430 2148 miseratione,
461 2085 518 2136 in
543 2085 802 2138 comitatu
829 2084 1037 2138 scilicet
1056 2084 1313 2153 Breibant
1338 2087 1397 2139 in
1422 2085 1537 2138 loco
1569 2085 1675 2139 Me-

104 2175 168 2228 lin
186 2176 488 2242 acclesiam,
528 2193 775 2231 mansum
810 2177 1268 2232 indominicatum'
1307 2195 1426 2232 cum
1472 2195 1671 2249 appen-

110 2267 236 2319 ditiis
277 2268 408 2332 suis,
440 2269 706 2336 cumbam,
743 2269 1124 2338 molendinum,
1153 2279 1204 2324 et
1246 2269 1514 2324 culturam
1564 2271 1672 2324 Ar-

115 2359 293 2426 nulphi.
330 2357 400 2411 Et
419 2360 602 2413 decem
633 2378 842 2414 mansos
867 2361 932 2415 de
972 2361 1252 2427 Lietzinis,
1279 2379 1410 2433 quos
1432 2363 1547 2433 ﬁlio
1576 2379 1671 2416 suo

107 2448 354 2502 karissimo
388 2449 701 2521 Wichperto
751 2461 921 2505 mater
956 2451 1288 2505 solummodo
1337 2468 1456 2505 cum
1506 2452 1674 2522 fratre

109 2557 186 2592 suo
231 2541 472 2597 Oilboldo
525 2542 776 2613 legaliter
803 2543 1052 2598 tradidit.
1080 2542 1149 2596 Et
1175 2560 1338 2598 unam
1359 2544 1590 2597 insulam
1616 2545 1671 2597 in

107 2632 259 2684 eadem
282 2633 429 2687 villa.
473 2633 546 2687 Et
579 2634 722 2705 apud
748 2635 968 2689 eundem
999 2651 1192 2706 pagum
1219 2636 1550 2691 medietatem
1572 2637 1672 2690 vil-

109 2722 162 2775 lae
183 2723 395 2791 Putiau,
427 2727 873 2797 medietatemque
911 2726 1167 2780 Beurene.
1210 2725 1277 2780 In
1313 2729 1672 2798 eomitatuque

113 2813 373 2870 Damuensi
396 2818 733 2872 medietatem
773 2817 916 2873 villae
942 2817 1144 2873 Curtils
1166 2819 1344 2884 dicta,
1370 2837 1432 2872 ac
1467 2820 1664 2872 medie-

112 2915 242 2960 tatem
269 2907 403 2962 villte
428 2908 722 2963 Walaham
742 2910 919 2976 dictae,
946 2909 1377 2979 medietatemque
1391 2908 1670 2962 Wasmont

111 2995 154 3046 in
173 3011 291 3065 pago
312 2996 532 3052 Asbain.
571 2997 847 3069 Siquidem
875 3008 925 3052 et
968 3001 1025 3052 in
1069 3000 1164 3052 hoc
1193 2999 1376 3052 habuit
1399 2999 1665 3052 doctorem

111 3092 150 3137 et
170 3097 428 3154 patronum
472 3090 740 3160 quendam
784 3090 1132 3144 venerabilem
1157 3091 1328 3143 virum
1353 3087 1659 3154 Erluinum,

109 3177 237 3244 quiet
257 3178 358 3247 ipse
371 3181 708 3247 canonicam,
733 3197 834 3251 quo
877 3179 1102 3245 vivebat,
1127 3179 1362 3250 regulam
1386 3178 1575 3231 avertit
1600 3178 1668 3230 ad

114 3273 427 3326 monasticam
464 3275 655 3327 vitam.
689 3272 875 3343 Ipsum
913 3289 1128 3343 prorsus
1172 3272 1218 3324 is
1272 3270 1530 3340 pra'fatus
1553 3269 1672 3324 Wi-

113 3360 321 3428 chpertus
375 3375 491 3434 post
575 3366 900 3434 tediﬁcatum
971 3364 1266 3419 (ecclesiam
1327 3370 1377 3416 et
1435 3361 1668 3431 ofﬁcinas

113 3450 320 3519 claustri,
344 3472 474 3525 quas
505 3457 671 3510 simul
722 3464 1149 3522 construxerant,
1184 3453 1286 3508 sibi
1329 3453 1486 3524 elegit
1511 3453 1671 3506 abba-

116 3550 232 3608 tem,
279 3556 324 3598 et
370 3565 422 3600 se
473 3565 600 3602 cum
655 3548 896 3602 omnibus
961 3565 1088 3622 quos
1159 3547 1474 3600 accersierat
1553 3561 1666 3599 mo-

116 3635 264 3690 nachis
322 3642 590 3694 commisit
639 3639 960 3711 regendum,
1009 3640 1092 3693 illi
1155 3641 1330 3710 potius
1381 3656 1436 3694 se
1503 3656 1666 3710 quam

115 3721 286 3780 sibimet
355 3729 455 3798 ipsi
527 3731 764 3786 credens.
841 3729 1018 3802 Igitur
1099 3732 1226 3801 quia
1299 3731 1446 3785 bonis
1509 3729 1666 3784 debe-

115 3831 206 3869 mus
258 3821 651 3876 amminiculari
716 3824 892 3890 viris;
933 3833 992 3876 ut
1061 3833 1244 3876 nostra
1297 3821 1503 3876 valeant
1554 3822 1663 3874 tui-

119 3905 230 3960 tione
246 3910 463 3980 defendi,
521 3915 670 3985 regia
705 3915 1097 3986 magniﬁcentia
1133 3931 1194 3968 ac
1242 3916 1436 3968 virtute
1481 3923 1662 3967 nostra

119 3996 382 4057 roboramus
434 4007 782 4072 auctoritate,
845 4008 1095 4078 quicquid
1130 4008 1268 4077 'ipse
1309 4007 1533 4060 contulit
1579 4007 1664 4059 illi

119 4090 332 4148 ecclesiis
371 4097 614 4152 videlicet
646 4099 702 4151 in
747 4098 1052 4164 Gemblaus,
1091 4117 1152 4152 ac
1191 4099 1440 4170 quiequid
1475 4099 1665 4153 exinde

119 4186 448 4242 renerabilium
479 4190 718 4244 virorum
756 4190 1041 4261 largitione
1071 4189 1179 4243 Deo
1202 4190 1364 4260 fuerit
1403 4197 1664 4242 annuente

119 4285 394 4346 concessum,
423 4291 481 4334 ut
508 4281 690 4335 nullus
719 4281 1015 4351 infidelium
1045 4280 1123 4334 vel
1149 4281 1344 4351 aliquis
1367 4281 1482 4350 ejus
1516 4280 1664 4334 here-

120 4361 220 4415 dum
252 4368 418 4439 aliqua
446 4374 742 4427 temeritate
783 4373 1070 4443 infringere
1103 4372 1317 4434 audeat,
1355 4371 1445 4425 sed
1485 4372 1661 4440 potius

1774 1911 1889 1954 stra
1915 1900 2162 1954 consistit
2183 1900 2418 1972 iditione,
2456 1901 2741 1954 annuimus
2777 1897 2956 1952 abbati
2983 1896 3366 1952 cancellarium

1773 1992 1873 2046 sibi
1897 1993 2217 2046 constituere
2245 2008 2620 2063 quemcumque
2642 1991 2867 2046 voluerit
2897 2006 2962 2045 ex
2990 1990 3123 2044 suis.
3151 1987 3367 2044 Simili-

1774 2090 1853 2134 ter
1871 2090 2182 2148 mercatum,
2211 2097 2582 2152 percussuram
2631 2091 2888 2148 monetae,
2926 2080 3244 2134 mutheriam
3266 2077 3363 2133 "'.

1776 2169 1887 2224 Nec
1915 2188 2008 2241 per
2034 2188 2223 2244 gyrum
2256 2173 2423 2242 ipsius
2469 2171 2742 2236 abbathiaz‘
2776 2171 3023 2243 quislibet
3048 2185 3218 2224 comes
3257 2169 3366 2224 sive

1772 2264 1976 2335 legatus
1998 2267 2297 2320 dominicus
2320 2265 2434 2320 ulla
2477 2275 2666 2320 utatur
2685 2273 2944 2336 potestate
2984 2265 3098 2318 sine
3135 2263 3364 2333 permis-

1772 2359 1920 2412 sione
1947 2357 2157 2412 abbatis
2183 2367 2234 2412 et
2259 2358 2527 2412 advocati.
2569 2355 2850 2427 Isdemque
2898 2356 3044 2409 locus
3087 2353 3363 2407 absolutus

1773 2450 1841 2502 sit
1874 2449 1939 2502 ab
1966 2450 2109 2503 omni
2141 2448 2410 2514 theloneo;
2445 2465 2536 2502 nec
2564 2429 2620 2502 in
2645 2448 2882 2513 civitate,
2921 2461 3012 2500 nec
3042 2446 3097 2499 in
3119 2442 3361 2510 castello,

1773 2559 1865 2596 nec
1893 2544 1949 2595 in
1981 2543 2126 2608 villa,
2161 2559 2252 2597 nec
2275 2559 2432 2612 super
2459 2557 2645 2612 aquas,
2681 2556 2773 2594 nec
2796 2541 2851 2593 in
2885 2539 3152 2610 pontibus,
3192 2551 3283 2590 nec
3303 2535 3366 2590 in

1772 2633 1937 2688 ullius
1962 2635 2169 2704 imperii
2197 2636 2365 2688 nostri
2396 2634 2511 2688 loco
2542 2634 2800 2687 tributum
2823 2631 3050 2686 solvant.
3084 2629 3156 2683 Et
3182 2629 3366 2700 hujus-

1773 2728 1916 2780 modi
1966 2743 2058 2796 per
2087 2727 2423 2781 succedentia
2459 2734 2694 2795 tempora
2721 2723 2868 2777 locus
2882 2722 2972 2776 ille
3003 2737 3182 2793 regum
3208 2729 3362 2774 tuea-

1773 2828 1860 2872 tur
1881 2819 2132 2888 regimine
2173 2835 2235 2872 ac
2295 2818 2619 2888 defensione,
2668 2829 2724 2869 ut
2756 2824 2805 2870 et
2830 2832 2923 2868 nos
2956 2823 3007 2868 et
3028 2811 3363 2867 succedentes

1770 2927 1912 2981 reges
1933 2927 2113 2964 eorum
2136 2918 2477 2981 protegamur
2510 2910 2769 2962 oratione.
2806 2907 2978 2961 Porro
3013 2905 3110 2959 hoc
3143 2904 3223 2958 uti
3249 2906 3364 2957 md-

1769 3012 1889 3056 neat
1917 3012 2092 3056 ratum
2121 3011 2170 3056 et
2200 3019 2292 3072 per
2332 3002 2667 3056 succedentia
2699 3009 2934 3070 tempora
2971 2995 3359 3061 inconvulsum,

1769 3094 1919 3148 anuli
1948 3095 2117 3147 nostri
2158 3094 2500 3164 impressione
2546 3092 2781 3164 sigillari
2802 3091 3064 3161 jussimus
3101 3104 3164 3141 ac
3199 3102 3362 3140 manu

1773 3196 1954 3240 nostra
1978 3186 2170 3254 subtus
2197 3185 2547 3254 firmavimus.

1845 3275 2069 3346 Signum
2092 3275 2214 3328 dom
2254 3273 2341 3343 (L.
2378 3273 2481 3344 Μ.)
2515 3273 2568 3325 ni
2597 3271 2810 3326 Ottonis
2841 3268 3162 3324 serenissimi
3196 3268 3356 3338 regis.

1769 3369 1919 3426 Brun
1949 3366 2301 3422 cancellarius
2333 3366 2402 3419 ad
2428 3366 2590 3419 vicem
2628 3363 2906 3418 Fridurici
2937 3359 3362 3432 archicapellani

1770 3475 2065 3513 τεεοαηοω.

1839 3477 1888 3512 :o
1927 3477 2065 3512 novi.

1839 3477 1977 3603 DZta
2003 3550 2089 3603 η.
2120 3547 2250 3602 Kal.
2279 3545 2544 3602 Octobris.
2583 3545 2775 3598 Actum
2805 3560 2942 3597 anno
2966 3540 3356 3596 incarnationis

1769 3641 1987 3695 Domini
2017 3640 2144 3695 946.
2172 3639 2463 3694 indictione
2487 3639 2536 3692 1.
2567 3638 2636 3670 ⁷⁸⁷
2659 3653 2797 3690 anno
2823 3635 3002 3689 domni
3035 3632 3246 3689 Ottonis
3266 3632 3360 3689 Ηι

1765 3734 1958 3786 Actum
1987 3733 2043 3786 in
2066 3731 2282 3786 Leodio.
2318 3729 2400 3801 (S.
2436 3729 2528 3800 R.)
2562 3727 2731 3801 (894).

1838 3823 1888 3878 7.
1925 3825 2251 3895 Αροδιοιίοεε
2270 3832 2451 3878 autem
2475 3819 2817 3877 auctoritatis
2839 3826 2988 3874 car-ta
3014 3818 3130 3873 haec
3157 3825 3281 3872 est:

1833 3918 1873 3985 1-
1907 3917 2219 3971 Benedictus
2266 3917 2541 3987 episcopus
2589 3929 2765 3966 servus
2808 3925 3077 3964 servorum
3126 3906 3224 3962 Dei
3282 3907 3361 3940 ⁷³⁸·

1768 4009 2014 4080 religioso
2035 4008 2216 4063 abbati
2245 4007 2528 4062 venerabili
2549 4005 2621 4037 ⁷³⁸
2644 4001 2954 4057 monasterii
2983 4001 3155 4054 sancti
3177 3997 3355 4052 salva-

1767 4103 1895 4156 toris
1933 4103 2136 4157 domini
2164 4102 2334 4156 nostri
2354 4099 2512 4155 Jesus
2545 4098 2748 4154 Christi
2772 4115 2834 4151 ac
2864 4096 3039 4150 sancti
3078 4093 3230 4148 Petri
3258 4108 3363 4145 no-.

1762 4197 1897 4250 viter
1933 4196 2008 4250 ibi
2055 4195 2352 4260 constituti,
2399 4194 2612 4263 suisque
2655 4190 3042 4245 successoribus
3080 4187 3136 4240 in
3159 4203 3342 4256 perpe-

1765 4297 1933 4341 tuum.
1988 4286 2120 4341 Cum
2160 4303 2353 4357 magna
2388 4285 2537 4338 nobis
2573 4282 2936 4337 sollicitudine
2975 4280 3179 4334 insistit
3221 4293 3352 4330 cura

1763 4393 1858 4446 pro
1914 4377 2171 4430 universis
2203 4375 2300 4430 Dei
2327 4374 2576 4430 wcclesiis
2628 4391 2689 4427 ac
2732 4375 2838 4444 piis
2888 4372 3018 4425 locis
3063 4368 3365 4440 invigilanu.

121 4449 438 4514 inconvulsum
462 4480 668 4534 semper
689 4463 1103 4534 permaneat”.
1139 4461 1384 4517 Habeant
1413 4479 1539 4516 sane
1566 4477 1662 4531 ρο·
1693 4469 1740 4529 ι)
1767 4469 1996 4535 dum”,
2038 4485 2099 4522 ne
2143 4468 2325 4538 aliqua
2369 4469 2676 4522 necessitate
2714 4466 2989 4535 jacturam
3030 4465 3353 4528 sustineant,

123 4551 342 4615 testatem,
371 4554 507 4607 sicut
535 4555 638 4625 ipsi
661 4572 692 4608 a
716 4554 864 4608 nobis
888 4555 1237 4625 expetierunt,
1260 4553 1487 4625 eligendi
1511 4571 1662 4625 regu-

122 4633 255 4690 larem
277 4642 347 4696 vel
372 4645 424 4698 in
453 4645 549 4700 illo
579 4646 693 4701 loco
719 4646 804 4701 vel-
827 4647 1140 4718 ubicumque
1172 4649 1247 4702 eis
1280 4647 1466 4702 melius
1491 4648 1660 4701 visum

124 4725 251 4789 luerit
277 4734 507 4792 abbatem
542 4749 591 4794 et
615 4741 949 4807 advocatum,
976 4744 1067 4814 qui
1105 4742 1239 4797 inibi
1262 4742 1417 4796 datas
1443 4758 1522 4796 res
1549 4740 1660 4811 lege

123 4815 314 4905 detineat
352 4841 528 4886 nostra
576 4833 655 4887 vel
706 4835 959 4888 comitum
999 4844 1301 4891 nostrorum
1337 4835 1654 4905 defensione.

125 4903 287 4998 Quibus
309 4921 479 4978 eodem
503 4925 766 4994 jussionis
797 4943 923 4982 mea:
953 4927 1173 4998 imperio
1207 4903 1439 4998 faciendi
1463 4926 1659 4982 castel-

125 4995 210 5100 litt!
244 5015 544 5100 concedatur
574 5027 835 5088 potestas,
867 5037 899 5073 a
937 4995 1094 5089 falsis
1129 4995 1381 5092 quatinus
1410 5019 1662 5074 christia-

125 5097 188 5142 πίε
209 5097 274 5150 ve'
305 5109 516 5174 paganis
557 5111 783 5182 pignora
835 5121 1143 5168 sanctorum
1185 5128 1304 5184 qua:
1340 5112 1471 5164 inibi
1501 5111 1661 5181 digno

1766 4561 1856 4614 sed
1880 4562 2048 4631 magis
2076 4561 2305 4630 propria:
2332 4560 2587 4612 utilitatis
2620 4557 2887 4627 stipendia
2921 4561 3311 4624 consequantur
3335 4568 3362 4608 ὲ

1767 4653 1882 4707 ideo
1915 4653 2151 4707 convenit
2191 4668 2283 4706 nos
2321 4661 2432 4704 tota
2469 4650 2757 4720 pastoralis
2812 4651 3002 4703 mentis
3048 4646 3363 4717 integritate

1765 4745 2045 4800 eorundem
2079 4742 2451 4799 venerabilium
2475 4743 2712 4796 locorum
2742 4741 2972 4795 maxime
2994 4739 3356 4810 integritatem

1765 4846 1814 4890 et
1845 4837 2194 4891 stabilitatem
2223 4854 2526 4905 procurare,
2553 4845 2601 4890 et
2618 4833 2797 4889 sedule
2818 4849 2999 4888 eorum
3020 4828 3359 4887 utilitatibus.

1766 4929 2006 4983 subsidia
2047 4929 2160 4984 illic
2187 4931 2442 5001 conferre,
2475 4938 2532 4984 ut
2566 4927 2674 4982 Deo
2705 4935 2883 4980 nostro
2928 4921 3272 4995 omnipotenti
3297 4917 3357 4975 id

1765 5019 1905 5089 quod
1930 5036 2025 5090 pro
2048 5021 2161 5089 ejus
2191 5021 2364 5075 sancti
2393 5019 2620 5074 nominis
2642 5018 2834 5072 honore
2862 5019 3022 5072 etiam
3049 5014 3118 5068 ad
3140 5011 3355 5067 laudent

1767 5119 1924 5178 atque
1945 5108 2173 5179 gloriam
2198 5110 2311 5180 ejus
2342 5110 2539 5164 divina:
2579 5108 2876 5166 maiestatis
2914 5122 3035 5160 cum
3069 5099 3340 5158 venerabi-

1284 5220 1516 5276 VARIIE
1549 5217 1844 5275 LECTION
1852 5218 1954 5274 ES.

171 5290 613 5384 fi'.!na'199tc_orr-
642 5329 818 5384 perm.

923 5316 1201 5371 “honore
1229 5331 1366 5369 corr.
1402 5328 1587 5369 onere.
1665 5312 1737 5344 ⁷⁸³

1750 5321 2001 5398 ᾖ,ξηρηρεῐι
2035 5331 2174 5368 corr.
2208 5324 2572 5398 mortemque.
2647 5309 2718 5345 ⁷¹⁸
2754 5324 3072 5398 recenmanus
3095 5300 3354 5398 addi}:

353 5375 418 5456 Ψ
448 5381 558 5436 alia
589 5358 748 5439 miinu
779 5388 833 5440 in
861 5387 976 5440 loco
1014 5358 1201 5442 rasoiv
1232 5387 1303 5419 ⁷⁸⁸
1325 5384 1389 5440 ΙΝ
1419 5366 1846 5438 PERPETUUM
1877 5384 2114 5453 primum
2159 5358 2361 5456 scripta
2389 5358 2580 5441 deinde
2600 5401 2778 5440 erasa.
2855 5381 2926 5413 7"
2960 5381 3036 5432 ita
3067 5393 3113 5429 c.
3191 5373 3262 5405 ⁷⁸⁸
3291 5371 3347 5426 in

129 5435 499 5506 lranspunctum.

1583 5564 1813 5624 Νοτιε.

130 5732 424 5796 tognilionis'
437 5744 599 5802 minio
624 5732 822 5820 scripta
847 5732 993 5806 sunt.

187 5655 578 5755 £§?ﬂ_9iplomp
620 5678 690 5730 ita
717 5679 991 5755 scribitur
1032 5691 1089 5737 ut
1135 5683 1506 5740 autllcnucum
1548 5700 1658 5755 pm
1688 5683 1864 5740 oculis
1898 5683 2068 5743 fuisse
2121 5682 2386 5740 videatur.
2427 5677 2833 5748 Monogramma
2893 5681 2945 5728 et.
2999 5670 3214 5743 signum
3261 5681 3347 5725 re-
