3906 6316
504 390 612 459 60⁸5

1585 354 1590 359 ’
1673 390 2033 457 SIGEBERTI
2069 388 2594 473 GEMBLACENSIS

3653 395 3741 454 σοι

508 502 647 559 libus
670 518 766 559 nos
804 512 1005 559 certum
1035 514 1115 561 est
1149 504 1448 577 Icontulisse
1476 500 1608 562 locis
1648 508 1721 561 sit
1756 503 2097 577 acceptabile,
2129 509 2175 564 Α
2205 504 2352 557 ribus
2378 513 2640 558 mercatus
2662 509 2880 567 aeterna,
2907 504 3013 573 egit
3058 519 3175 575 qua
3209 499 3319 561 Deo
3354 512 3509 561 erant
3547 508 3739 576 placita.

508 596 760 667 nobisque
798 595 863 650 ab
906 595 1020 667 ejus
1068 596 1487 668 locupletissima
1530 597 1900 658 misericordia
1936 598 2100 667 digna

2203 589 2476 662 Siquidem
2491 592 2652 661 jussu
2674 590 3031 647 illustrissimi
3059 593 3263 649 abbatis
3294 595 3386 649 sui
3417 593 3642 665 Erluini,
3664 616 3745 655 cn-

508 685 815 755 hujusmodi
853 686 932 756 pii
955 686 1127 755 operis
1174 688 1231 741 in
1271 688 1491 742 sidereis
1535 688 1842 757 conferatur
1885 687 2097 741 arcibus
2190 683 2282 753 jus
2311 683 2481 738 locum
2508 700 2713 739 omnem
2742 685 2836 738 sub
2864 686 3115 754 regimine
3145 688 3746 760 comntendarat,ipreeio

509 775 887 828 remuneratio.
930 772 1110 844 Igitur
1154 775 1367 847 quia'“
1402 775 1688 847 postulatis
1720 794 1752 830 a
1795 777 1943 830 nobis
1971 790 2103 846 qua-

510 867 656 920 tinus
679 883 775 937 pro
799 866 899 922 Dei
935 870 1307 940 omnipotentis
1342 887 1520 925 amare
1555 887 1618 924 ac
1661 872 1841 925 damni
1884 870 2098 926 Ottonis

509 959 990 1028 pracellentissimi
1044 962 1403 1032 imperatoris
1457 963 1728 1033 nostrique
1769 962 1954 1017 dilecti
1995 962 2100 1032 ﬁlii

508 1052 917 1121 concederemus
939 1063 1095 1126 atque
1125 1055 1560 1125 confirmaremus
1605 1056 1749 1110 vobis
1786 1056 2100 1127 praedictum

512 1146 895 1200 monasterium
936 1147 993 1200 in
1037 1148 1232 1201 honore
1282 1148 1453 1201 sancti
1490 1146 1789 1203 Saluatoris
1822 1165 1886 1203 ac
1926 1149 2100 1203 sancti

516 1235 666 1291 Petri
718 1247 1098 1305 constructum,
1140 1255 1261 1294 cum
1314 1240 1555 1296 omnibus
1619 1242 1771 1297 rebus
1822 1242 2100 1297 mobilibus

510 1338 671 1401 atque
695 1331 1050 1386 immobilibus
1080 1349 1199 1403 qua:
1237 1334 1333 1388 sub
1374 1333 1554 1389 eodem
1595 1336 1917 1390 monasterio
1950 1335 2103 1405 adja—

514 1438 631 1489 cere
653 1439 716 1476 ac
740 1424 1000 1492 pertinere
1029 1425 1291 1491 videntur,
1333 1436 1445 1480 tam
1486 1428 1689 1480 mansis
1729 1443 1891 1498 quam
1937 1428 2102 1481 etiam

511 1514 707 1567 castris
731 1513 872 1569 villis
897 1524 1053 1587 atque
1085 1515 1378 1583 casalibus,
1413 1526 1523 1571 tam
1544 1518 1635 1589 qui
1662 1528 1944 1589 praesentes
1976 1527 2100 1573 sunt

513 1605 964 1675 quamque-etiam
1000 1623 1166 1676 usque
1204 1607 1260 1660 in
1290 1607 1450 1676 finem
1478 1625 1588 1662 esse
1615 1609 1891 1674 debebunt,
1930 1610 2100 1679 posito

512 1694 573 1748 in
599 1695 714 1749 loco
738 1697 829 1767 qui
865 1706 1082 1751 vocatur
1108 1696 1407 1763 Gemblaos,
1438 1700 1768 1754 concedimus
1798 1709 1954 1771 atque
1972 1717 2100 1756 con-

513 1786 793 1855 firmamus
824 1787 1115 1858 apostolica
1143 1790 1463 1844 auctoritate
1487 1786 1545 1843 ut
1583 1791 1647 1845 de
1684 1790 1793 1845 alio
1817 1800 2091 1848 monaste-

514 1878 598 1932 rio
625 1879 787 1932 abbas
816 1878 890 1933 ibi
911 1896 1014 1933 non
1032 1881 1407 1949 constituatur,
1444 1883 1535 1936 sed
1564 1882 1666 1952 ipsi
1709 1882 1843 1936 servi
1884 1880 1983 1935 Dei
2013 1897 2094 1935 se-

514 1972 749 2031 cundum
774 1974 1012 2043 regulam
1036 1975 1209 2028 sancti
1237 1973 1512 2029 Benedicti
1534 1976 1756 2029 viventes
1772 1991 1838 2028 ea:
1856 1990 1953 2027 sua
1972 1990 2085 2044 pro-

515 2065 637 2134 pria
667 2065 1067 2135 congregatione
1098 2073 1410 2135 potestatem
1449 2066 1679 2137 eligendi
1721 2066 1969 2119 abbatem
2011 2064 2105 2117 ha-

516 2156 696 2210 beant.
729 2155 905 2210 Abbas
925 2157 1218 2231 privilegiis
1244 2159 1384 2213 sedis
1411 2158 1717 2229 apostolica:
1736 2156 1924 2226 infulis
1949 2156 2104 2210 deco-

517 2255 686 2313 retur,
734 2257 792 2302 ut
833 2249 928 2303 sub
967 2249 1346 2319 jurisdictione
1393 2260 1592 2305 sanctae
1628 2260 1824 2304 nostra:
1873 2250 1959 2303 cui
1993 2246 2103 2301 Deo

523 2346 741 2392 auctore
761 2339 1081 2394 deseruimus
1124 2340 1378 2396 aecclesiw
1407 2343 1753 2396 constitutum
1793 2341 1995 2396 nullius
2023 2340 2107 2394 al-

518 2429 685 2487 terius
733 2432 969 2486 ecclesia:
1010 2432 1457 2502 jurisdicionibus
1506 2434 1871 2501 submittatur,
1901 2442 1951 2488 et
1987 2433 2106 2487 ideo

514 2520 795 2588 cujuslibet
817 2524 1072 2579 azcclesiw
1094 2526 1395 2595 episcopum
1430 2527 1486 2579 in
1524 2526 1750 2595 praefato
1787 2525 2136 2582 monasterio.

517 2610 745 2673 dicionis
785 2615 1071 2684 quamlibet
1100 2615 1287 2670 habere
1335 2618 1711 2677 auctoritatem
1743 2616 2106 2686 prohibemus,

528 2704 635 2756 nisi
664 2713 868 2758 tantum
895 2705 1232 2761 benedicendi
1267 2706 1457 2762 habeat
1478 2707 1784 2773 licentiam;
1820 2716 2136 2768 statuentes;

525 2795 821 2863 apostolica
858 2813 1082 2851 censura
1117 2807 1274 2868 atque
1300 2799 1621 2853 auctoritate
1660 2799 1799 2853 beati
1814 2798 1964 2854 Petri
1992 2816 2116 2869 apo-

519 2882 783 2937 stolorum
812 2885 1093 2956 principis,
1141 2885 1235 2941 sub
1272 2887 1440 2941 divini
1461 2887 1658 2958 judicii
1683 2888 2027 2955 obtestatione
2050 2906 2114 2944 ac

525 2974 722 3029 validis
744 2984 918 3048 atque
941 2978 1291 3033 atrotioribus
1329 2979 1684 3035 anathematis
1716 2982 2141 3039 interdictiani-.

526 3063 644 3131 bus,
674 3073 731 3119 ut
754 3065 932 3121 nullus
959 3084 1209 3139 umquam
1233 3077 1536 3123 nostrorum
1561 3086 1921 3125 successorum
1939 3072 2116 3142 ponti-

2200 776 2571 832 tecclesiastico
2592 777 2893 846 impetravit
2924 778 2983 830 in
3009 793 3145 849 pago
3166 777 3384 846 Masau,
3406 780 3629 835 mediam
3642 799 3767 852 ραι..

2202 878 2305 922 tem
2349 869 2599 923 (ecclesia:
2644 884 2805 938 quam
2838 884 2942 922 non
2987 868 3291 924 tenebat’".
3332 869 3473 924 Erat
3497 873 3749 944 enimipss

2199 960 2318 1015 edes
2376 961 2693 1031 supradicta
2729 962 3022 1015 communis
3066 962 3203 1016 inter
3236 962 3416 1017 locum
3456 973 3681 1019 nostrum
3705 975 3749 1022 ct

2199 1050 2461 1121 quendam
2505 1048 2732 1104 nobilem
2786 1050 2958 1104 virum
3001 1050 3369 1107 Lantbertum.
3403 1054 3751 1126 Acceptoerp

2199 1142 2395 1211 precio,
2419 1152 2476 1196 ut
2504 1159 2665 1212 supra
2691 1143 2946 1207 diximus,
2973 1143 3113 1198 idem
3150 1143 3261 1199 Deo
3287 1153 3537 1200 sacratus
3557 1148 3751 1206 contulit

2199 1232 2428 1301 pretium
2470 1242 2523 1297 et
2571 1233 2788 1301 expetiit
2842 1241 3050 1302 partem
3083 1233 3353 1288 residuam
3372 1235 3753 1305 templividentc

2200 1320 2316 1391 ﬁlio
2343 1321 2458 1392 ejus
2505 1320 2787 1392 Ansfrido.
2829 1321 2975 1376 Nunt
3013 1324 3153 1377 idem
3187 1323 3751 1384 Lambertusadvocate

2200 1428 2317 1466 eam
2342 1412 2589 1480 tradidit,
2646 1421 2802 1483 atque
2853 1413 2931 1465 ita
2956 1412 3331 1481 consolidavit,
3376 1424 3437 1471 ut
3484 1418 3676 1486 penitus
3708 1420 3754 1472 in

2200 1518 2351 1557 evum
2382 1518 2486 1556 non
2513 1503 2682 1573 possit
2740 1503 2958 1557 mutari.
3000 1501 3102 1558 Sed
3152 1519 3215 1558 ne
3274 1496 3417 1575 ipsa‘
3448 1510 3754 1563 commutatio

2201 1593 2501 1663 auferretur
2555 1595 2614 1648 ἂι
2664 1610 2835 1661 evum,
2906 1593 3075 1664 ipsius
3126 1593 3411 1651 Lantberti
3476 1597 3533 1650 in
3576 1598 3754 1654 cartsls

2200 1686 2389 1741 exinde
2415 1696 2633 1757 peracta
2671 1687 2923 1758 imposuit
2944 1689 3173 1759 signum.

2268 1779 2321 1834 9.
2357 1776 2520 1834 Carta
2541 1780 2609 1834 de
2642 1778 2846 1849 praedio
2866 1780 2924 1834 in
2949 1780 3076 1835 villa
3102 1781 3268 1852 Dorp,
3302 1783 3458 1853 quod
3481 1782 3752 1857 Fulquinns

2201 1869 2425 1939 quidam
2455 1877 2648 1926 sancto
2676 1869 2839 1927 Petro
2888 1872 3128 1941 tradidit,
3155 1881 3214 1929 et
3243 1874 3314 1930 ad
3347 1877 3659 1931 memoriam
3678 1893 3756 1948 po-

2203 1969 2477 2015 sterorum
2499 1960 2697 2017 litteris
2729 1962 2944 2017 exarari
2971 1978 3194 2019 causam
3240 1965 3421 2034 ipsam
3454 1963 3597 2022 fecit.
3622 1965 3755 2031 Quis-

2202 2052 2320 2121 quis
2351 2052 2476 2107 bene
2498 2052 2766 2123 possideat
2794 2054 2953 2108 resin
2973 2037 3222 2124 prtesenti
3247 2055 3431 2110 seculo
3466 2056 3753 2126 adquisitus,

2204 2141 2294 2197 ille
2316 2143 2493 2214 utique
2521 2145 2718 2214 optime
2739 2145 2989 2215 possidet,
3025 2146 3116 2216 qui
3140 2146 3204 2199 de
3234 2147 3462 2201 terrenis
3478 2164 3542 2201 ac
3560 2148 3744 2202 caducis

2204 2235 2307 2289 sibi
2354 2244 2620 2289 mercatur
2666 2247 2885 2291 (εἰει-ιω.
2918 2236 3092 2302 Quam
3120 2237 3183 2291 ob
3214 2253 3325 2292 rem
3348 2255 3448 2308 ego
3468 2238 3523 2292 in
3554 2238 3642 2291 Dei
3669 2254 3746 2291 no-

2205 2326 2344 2380 mine
2371 2324 2678 2397 Fulquinus
2705 2343 2826 2380 cum
2860 2327 3083 2382 consilio
3121 2327 3199 2382 vel
3235 2345 3407 2382 suasu
3440 2328 3755 2399 benignissiou'

2208 2417 2496 2473 Faraberti
2522 2420 2752 2490 episcopi
2770 2435 2867 2488 pro
2895 2417 3067 2473 salute
3095 2420 3292 2474 animo:
3325 2420 3499 2475 beata
3534 2420 3757 2474 memorie

2209 2508 2450 2563 Richarii
2478 2509 2730 2580 episcopi,
2760 2509 2927 2579 ipsius
2963 2510 3126 2563 etiam
3167 2507 3478 2577 Faraberti,
3504 2526 3593 2581 pro
3620 2509 3759 2562 saluts

2210 2600 2585 2656 nichilominus
2627 2601 2823 2656 animae
2875 2616 3004 2656 mea:
3068 2600 3412 2673 ﬁliorumque
3462 2618 3526 2656 ac
3570 2601 3763 2670 fratrias

2211 2709 2467 2758 meorum,
2517 2694 2624 2747 sive
2679 2708 2883 2765 quoque
2912 2693 3092 2763 gratia
3118 2691 3257 2747 0in
3300 2692 3498 2747 salutis
3542 2691 3676 2746 trado
3717 2699 3758 2742 et

2211 2786 2591 2857 perpetualiter
2625 2784 2798 2839 tribuo
2844 2783 3096 2839 wcclesite
3130 2793 3333 2839 sancta:
3382 2784 3481 2839 Dei
3532 2781 3756 2854 genitricis

2216 2877 2407 2933 Maria:
2436 2877 2676 2949 beatique
2713 2876 2865 2931 Petri
2895 2874 3123 2946 apostoli
3142 2875 3516 2945 apostolorum
3539 2870 3754 2944 principis

2215 2980 2372 3041 atque
2391 2969 2568 3024 sancti
2618 2967 2891 3039 Exuperii,
2942 2966 3149 3021 inloco
3203 2966 3467 3022 vocabulo
3523 2963 3757 3020 Gemblass

2216 3067 2307 3121 ubi
2340 3081 2562 3136 prwesse
2618 3056 2918 3119 dinoscitur
2966 3061 3196 3128 illustris
3236 3061 3409 3116 abbas
3466 3054 3758 3114 Elluinus'“

522 3156 682 3226 ﬁcum
707 3157 785 3213 vel
810 3158 921 3213 alia
943 3176 1109 3230 parva
1132 3155 1425 3232 magnaque
1446 3179 1691 3232 persona,
1724 3163 1933 3234 aliquid
1956 3163 2021 3218 de
2039 3179 2115 3218 re-
2141 3176 2186 3238 ο
2216 3161 2482 3233 quoddam
2512 3160 2657 3230 juris
2689 3160 2790 3215 mei
2824 3158 3087 3229 praedium
3125 3157 3182 3211 in
3209 3158 3364 3227 'paga
3410 3151 3758 3215 Braimbantin

524 3247 622 3302 bus
648 3249 726 3304 vel
760 3252 1176 3320 possessionibus
1229 3252 1301 3307 ad
1342 3252 1481 3308 idem
1516 3255 1899 3325 pertinentibus
1926 3271 2115 3309 mona-

523 3339 748 3392 sterium
773 3340 983 3408 auferre
1004 3341 1083 3396 vel
1104 3341 1340 3407 alienare
1360 3355 1668 3413 prcesumat.
1693 3343 1753 3410 Si
1767 3344 1887 3415 quis
1912 3352 2113 3413 autem,

521 3426 665 3499 quod
688 3417 790 3482 non
815 3429 1098 3498 credimus,
1118 3431 1322 3501 nefario
1346 3449 1480 3486 ausu
1502 3450 1664 3504 parva
1683 3450 1975 3506 magnaque
1992 3450 2117 3505 per-

525 3534 901 3579 sona‘contra
951 3525 1048 3580 hoc
1094 3522 1732 3599 nostrum'apo‘stolicum
1781 3527 2115 3599 privilegium

528 3631 685 3686 agere
721 3618 1071 3687 temptaverit.
1102 3619 1239 3672 sciat
1281 3635 1336 3673 se
1379 3620 1735 3675 anatltematis
1761 3619 2117 3675 vinculoesse

525 3707 865 3775 innodatum,
896 3727 959 3765 ac
989 3728 1021 3764 a
1047 3727 1205 3781 regno
1227 3711 1327 3766 Dei
1360 3712 1595 3766 alienum
1637 3730 1699 3766 ac
1723 3730 1843 3768 cum
1872 3712 2145 3775 omnibus_

525 3801 710 3871 impiis
731 3811 928 3856 (eterna
974 3802 1209 3856 incendii
1245 3802 1509 3872 supplicio
1554 3804 2014 3874 condempnatum.
2045 3802 2116 3856 At

527 3907 647 3946 vero
685 3894 778 3962 qui
825 3892 1130 3947 observator
1178 3893 1415 3947 extiterit
1457 3895 1725 3963 praecepti,
1773 3882 2006 3964 gratiam
2054 3911 2117 3948 ac

527 3982 952 4037 misericordiam
992 3982 1257 4052 vitamque
1282 3991 1536 4037 aeternam
1564 4001 1596 4037 a
1623 3984 2115 4041 misericordissima

528 4074 755 4135 domino,
774 4073 879 4127 Deo
905 4072 1276 4142 multipliciter
1312 4082 1681 4144 consequatur.
1730 4071 1997 4144 Scriptum
2025 4092 2119 4145 per

531 4181 753 4219 manum
812 4164 1085 4234 Banifacii
1136 4165 1334 4218 notarii
1376 4165 1662 4235 regionarii
1730 4182 1793 4219 ac
1847 4167 2119 4221 scriniarii

530 4261 732 4308 sanctas
758 4253 1013 4309 Romam:
1038 4252 1291 4321 ecclesias,
1314 4255 1371 4307 in
1402 4270 1575 4309 mense
1603 4253 1824 4322 Martio,
1856 4256 2120 4329 iudicione

532 4343 852 4412 undecimae
876 4343 1018 4399 Bene
1059 4344 1226 4400 valete
1248 4344 1288 4416 -ι-
1320 4344 1521 4400 Datum
1564 4346 1617 4401 8.
1665 4344 1938 4419 Kalendas
1962 4346 2122 4418 Apri-

535 4431 604 4485 lis
643 4448 737 4502 per
792 4449 981 4488 manus
1050 4433 1307 4501 Stephani
1346 4436 1579 4507 episcopi
1628 4453 1692 4490 ac
1736 4436 2121 4490 bibliothecarii

2214 3252 2337 3307 loco,
2361 3252 2451 3323 qui
2481 3251 2684 3305 dicitur
2724 3249 2871 3320 Dorp
2907 3265 3027 3314 cum
3060 3247 3289 3302 dimidia
3314 3246 3580 3311 (ecclesia,
3603 3251 3757 3298 etsuis

2215 3361 2324 3398 una
2349 3345 2553 3410 camba,
2584 3352 2635 3398 et
2674 3341 2900 3397 sedecim
2929 3341 3150 3406 mansis,
3184 3348 3236 3394 et
3268 3355 3399 3393 cum
3445 3337 3657 3409 quodam
3679 3333 3755 3386 lto-

2216 3437 2357 3490 mine
2380 3436 2588 3490 nomine
2629 3434 2767 3500 Iser,
2787 3450 2880 3488 seu
2902 3449 3021 3488 cum
3047 3430 3290 3486 omnibus
3312 3431 3516 3486 ibidem
3543 3428 3755 3499 aspicien-

2218 3530 2381 3595 tibus,
2410 3545 2531 3583 cum
2558 3527 2802 3583 domibus
2842 3535 2895 3581 et
2939 3526 3207 3596 aedificiis,
3239 3524 3469 3594 campis,
3510 3522 3650 3576 terris
3671 3528 3754 3571 to.

2215 3619 2375 3675 cultis
2392 3635 2557 3693 quam
2585 3618 2825 3685 incultis,
2855 3617 3025 3683 silvis,
3049 3616 3243 3687 pratis,
3268 3614 3495 3684 pascuis
3516 3608 3754 3666 commi-

2217 3710 2312 3765 bus
2338 3719 2389 3765 et
2415 3710 2630 3780 perviis,
2663 3708 2814 3779 aquis
2851 3722 3175 3778 aquarumve
3213 3704 3548 3771 decursibus,
3582 3697 3753 3754 mobili-

2217 3803 2312 3857 bus
2348 3810 2398 3855 et
2418 3800 2802 3867 immobilibus,
2829 3798 3119 3871 praesidiis,
3153 3797 3406 3869 peculiis,
3446 3795 3617 3851 omnia
3643 3799 3753 3845 etes-

2215 3894 2458 3950 omnibus
2477 3892 2728 3965 quicquid
2765 3893 2822 3946 in
2842 3892 2956 3961 ipso
2992 3890 3108 3945 loco
3129 3898 3316 3944 nostra
3357 3888 3562 3942 videtur
3590 3895 3753 3953 posses-

2214 3989 2295 4042 sio
2330 3985 2408 4040 vel
2445 3980 2762 4050 dominatio,
2809 3998 2918 4037 rem
2945 3981 3269 4053 exquisitam
3317 3989 3370 4033 et
3403 3973 3750 4046 inexquisitctll.

2218 4091 2388 4136 totum
2412 4088 2463 4134 et
2496 4077 2566 4138 ad
2589 4078 2853 4147 integrum
2881 4084 2991 4128 tam
3016 4073 3081 4128 de
3102 4072 3261 4128 alodo
3274 4073 3349 4104 ⁷¹⁸
3375 4086 3534 4142 quam
3560 4068 3616 4121 de
3636 4077 3751 4119 cout-

2216 4181 2407 4245 parato
2428 4187 2519 4226 seu
2543 4170 2609 4224 de
2631 4167 2861 4240 quolibet
2888 4174 3200 4229 attrectatu,
3227 4165 3298 4219 ad
3321 4181 3416 4219 nos
3439 4160 3623 4216 ibidem
3638 4155 3755 4257 dino-

2218 4267 2390 4321 scitur
2417 4258 2732 4335 pervenisse,
2766 4261 2830 4315 de
2851 4268 3033 4315 nostra
3052 4260 3179 4329 jure
3209 4268 3259 4313 et
3301 4254 3648 4311 dominatione
3661 4254 3753 4315 jam

2218 4358 2361 4412 dicto
2399 4355 2722 4411 monasterio
2761 4370 2853 4423 per
2898 4352 3034 4407 hanc
3075 4350 3343 4437 cartulam
3375 4343 3657 4403 donationis
3674 4338 3754 4391 sire

2221 4467 2314 4523 per
2358 4450 2617 4520 festucam
2652 4455 2810 4518 atque
2865 4444 3183 4515 andelagum
3222 4443 3293 4497 ad
3326 4456 3457 4512 opus
3496 4440 3753 4523 sanctam-1'

535 4533 737 4583 sunctce
781 4527 922 4583 sedis
968 4527 1304 4609 apostolica,
1358 4546 1496 4584 anno
1560 4530 1903 4600 pontificatus
1938 4530 2120 4601 damni
2140 4543 2196 4601 υ
2222 4514 2446 4612 ξμιονξιηι
2476 4514 2793 4592 ηιεηιίοηέηι
2829 4551 2990 4606 supra
3017 4514 3239 4604 fecimus
3267 4548 3301 4584 a
3324 4530 3412 4584 die
3441 4514 3754 4597 prasentido-

536 4616 706 4670 nostri
732 4610 1015 4673 Benedicti.
1035 4620 1366 4693 sanctissimi
1394 4621 1603 4691 septimi
1629 4636 1781 4691 papa:
1814 4636 1971 4688 nona,
2010 4621 2116 4674 im-

537 4717 753 4777 perante
787 4709 976 4764 domno
1006 4721 1186 4781 nostra
1215 4711 1406 4767 Ottone
1428 4729 1463 4779 a
1491 4712 1601 4768 Deo
1644 4721 1894 4767 coronato
1928 4728 2117 4783 magno

538 4813 604 4855 ac
651 4798 876 4869 pacifica
916 4802 1232 4871 imperatore
1282 4821 1421 4859 anno
1477 4804 1573 4859 16°
1628 4806 1685 4859 in
1735 4820 1909 4859 mense
1958 4820 2120 4875 supra

538 4890 738 4960 scripto
769 4905 832 4943 ac
859 4890 1126 4947 iudicione
1153 4893 1435 4948 undecima
1467 4895 1581 4966 (an.
1611 4893 1738 4966 988)

611 4976 666 5038 8.
707 4976 976 5036 Praefatus
1023 4990 1371 5059 constt-aegr
1398 4982 1860 5059 Gemmelacensis
1885 4983 2121 5039 cmnobii

611 4992 666 5038 at.
707 4992 976 5036 nanetus
1023 4992 1251 5038 constru
1344 4998 1371 5037 r
1398 4992 1860 5059 Gemmelacensis
1885 4992 2121 5039 cmnobii

539 5072 675 5129 emit
717 5064 1065 5129 medietatem
1102 4992 1364 5131 modem
1405 5075 1462 5129 in
1504 5076 1632 5132 villa
1677 5073 1908 5134 Bieune.
1965 5070 2135 5146 cujus

432 5204 439 5209 -
541 5163 771 5221 alteram
786 5164 1154 5231 medietatem,
1180 5162 1304 5236 quae
1322 5181 1422 5223 sua
1444 5162 1640 5234 fuerat,
1663 5178 1865 5223 nostrae
1887 5167 2126 5243 tradidej-

542 5263 630 5311 rat
687 5257 968 5327 acclesiae,
1032 5266 1095 5314 ut
1134 5265 1352 5315 constat
1430 5275 1498 5316 ex
1538 5259 1906 5330 descriptione
1958 5260 2124 5331 nujus

543 5356 750 5412 came:

616 5442 659 5512 -ι-
710 5442 977 5515 Agnoscat
1007 5445 1079 5477 ⁷⁸³
1113 5460 1491 5517 quemcumque
1522 5442 1620 5498 Dei
1666 5443 1896 5515 possidet
1949 5450 2128 5509 ttmor,

547 5534 674 5606 quia
696 5535 920 5592 domnus
946 5536 1282 5610 Wichpertus
1305 5536 1413 5599 Deo
1436 5537 1666 5607 deditus,
1694 5536 1907 5592 amissis
1927 5533 2134 5589 secula-

2225 4648 2435 4697 namus,
2461 4628 2724 4684 tradimus
2736 4637 2894 4700 atque
2906 4624 3284 4698 perpetualiter
3298 4623 3356 4676 in
3376 4616 3607 4675 omnibus
3616 4620 3754 4711 tri-1st:

2226 4726 2524 4796 ﬁrmamus,
2562 4734 2626 4772 ea
2660 4734 2779 4772 vero
2826 4721 3030 4797 ratione
3074 4725 3134 4771 ut
3169 4721 3514 4784 prceceptores
3552 4701 3752 4777 p‘radicli

2226 4814 2536 4871 monasterii
2557 4814 2623 4868 ab
2655 4814 2755 4867 hac
2775 4812 2861 4865 die
2886 4810 2982 4863 hac
3005 4807 3230 4862 habeant
3261 4809 3472 4860 teneant
3499 4809 3642 4868 atque
3662 4803 3753 4861 tm-

2240 4909 2453 4974 tideant,
2485 4906 2562 4962 vel
2607 4902 2857 4977 quicquid
2896 4900 3018 4954 inde
3058 4899 3231 4969 facere
3277 4893 3543 4950 voluerint
3573 4886 3750 4977 liberat

2228 5019 2291 5057 ac
2311 4973 2679 5072 ﬁrmissimam
2707 4973 2919 5061 Christo
2963 4990 3194 5062 propitio
3223 4989 3279 5042 in
3310 4984 3548 5040 omnibus
3571 4973 3752 5032 tum

2226 5101 2557 5167 potestatem.
2598 5090 2668 5145 Et
2693 5090 2740 5144 si
2781 5087 2898 5159 quis
2938 5084 3213 5151 deinceps,
3242 5077 3382 5163 quod
3421 5076 3645 5167 futurum

2228 5150 2331 5245 'non
2354 5190 2530 5256 credo,
2543 5187 2589 5240 εί
2613 5200 2706 5256 εθο
2727 5150 3008 5262 ίρέεγφιοᾴ
3027 5150 3188 5240 absit,
3213 5158 3306 5227 aut
3330 5169 3596 5259 quisquam
3614 5156 3668 5211 δε

2234 5252 2596 5336 redibusmeis
2623 5252 2715 5330 seu
2745 5252 2990 5345 quotlibet
3009 5277 3191 5324 extera
3215 5279 3439 5337 persona
3476 5253 3586 5331 qua
3605 5252 3750 5345 tam

2242 5370 2371 5427 hanc
2405 5364 2668 5423 cartulam
2698 5344 3002 5417 donationis
3032 5357 3206 5412 venire
3229 5344 3750 5444 autcalumnioffef:

2236 5459 2653 5534 praesumpserit,
2683 5465 2733 5511 et
2755 5471 2809 5509 se
2830 5451 3020 5507 exinde
3040 5465 3144 5503 non
3172 5441 3516 5506 subtraxeri’.
3540 5452 3572 5489 ⁸

2242 5521 2335 5609 bus
2360 5521 2561 5607 sancta:
2590 5521 2689 5604 Dei
2712 5544 2964 5603 (ecclesia:
2998 5536 3481 5598 excammunicatus
3518 5535 3563 5583 et
3592 5521 3746 5576 dicit“

1846 5646 2079 5705 VARIE
2115 5640 2515 5703 LECTIONES.

623 5735 908 5814 7“__in‘l_oco
933 5758 1072 5798 raso.
1138 5743 1213 5814 7"”
1238 5759 1269 5814 ε
1290 5744 1410 5814 jam
1439 5759 1650 5814 erasum
1682 5751 1779 5798 est.
1855 5740 1925 5774 ⁷²³
1954 5755 2111 5795 manu
2137 5738 2328 5795 recenti
2362 5735 2581 5801 illitum,
2635 5741 2691 5787 ut
2717 5738 2766 5787 et
2813 5727 2936 5783 a.’ia:
2988 5720 3256 5799 nonnullae
3294 5732 3451 5776 voces.

551 5800 628 5847 1"
657 5805 857 5876 allodio
882 5800 1349 5886 superscriptovv'el
1384 5813 1542 5872 alodo
1570 5830 1616 5870 c.

3520 5709 3582 5741 τις
3616 5702 3679 5755 ᾔει
3707 5703 3749 5746 ιι

3696 5889 3789 5922 4")

3683 5923 3726 5939 ου
