3906 6316
170 350 276 411 605

1193 343 1421 415 casm
1450 339 1781 403 ABBATUM
1809 336 2412 403 GEMBLACENSIUM.

3351 340 3485 404 606'

166 452 391 534 existat,
417 472 475 522 et
498 466 723 537 insuper
742 464 799 520 in
827 464 913 520 die
942 460 1196 519 tremendi
1210 460 1409 531 judicii
1441 456 1655 532 propter
1682 450 1789 516 hoc
1808 462 1853 519 Α
1880 458 2156 530 quandam
2193 459 2379 515 villam
2401 447 2649 517 ~nomine
2682 459 2984 518 Sotbeiam.
3017 460 3286 534 Diripiens
3311 463 3486 521 enim.

167 559 443 612 rationem
472 556 691 611 reddat.
734 554 935 611 Contra
973 568 1125 625 quem
1156 567 1275 606 vero
1308 550 1667 622 calumpniam
1689 552 1805 608 in-.

166 648 376 714 tulerit,
433 648 577 702 auri
630 648 817 702 uncias
884 644 1008 711 100,
1059 644 1265 715 argenti
1302 659 1423 698 vero
1460 642 1627 697 libras
1668 641 1797 720 500.

163 748 387 794 coactus
411 737 689 805 exsolvat,
706 746 755 792 et
776 736 914 808 quod
929 735 1112 806 repetit
1134 733 1280 788 nullo
1302 733 1457 788 modo
1477 733 1775 795 evindicare

160 827 488 899 praevaleat.
525 825 636 883 Sed
656 842 886 897 prtesens
914 826 1027 881 hate
1078 825 1299 880 donatio
1322 826 1473 892 meis,
1497 832 1547 879 et
1576 842 1655 880 me
1686 841 1775 880 τοο

164 928 345 991 gante,
380 918 658 974 bonorum
684 919 955 973 hominum
984 918 1229 973 manibus
1254 918 1522 985 roborata,
1549 934 1773 989 quorum

163 1012 388 1064 nomina
433 1010 525 1065 vel
566 1010 721 1082 signa
766 1011 947 1064 subter
990 1018 1230 1064 tenentur
1288 1009 1509 1076 inserta,
1546 1008 1774 1080 stipula-

165 1103 308 1156 tione
331 1101 587 1156 subnitca
608 1101 924 1157 diuturnum
957 1110 1159 1172 tempus
1189 1109 1402 1156 maneat
1436 1100 1766 1155 inconvulsa.

164 1191 394 1263 Signum
437 1191 769 1251 Goderanni'
799 1194 1066 1250 advocati.
1130 1191 1377 1273 Signum
1403 1191 1663 1265 Fulquini
1720 1186 1791 1248 et

167 1286 529 1358 reliquorum.
598 1285 725 1342 Otto
769 1304 882 1342 rex.
910 1286 1060 1343 Cuno
1089 1287 1221 1342 duro.
1276 1285 1607 1365 Farabertus
1658 1286 1771 1357 epi-

164 1395 374 1448 scopus.
407 1377 749 1433 Aletrannus
775 1378 1148 1435 cancellarius.

235 1469 326 1525 10.
355 1469 514 1529 Inter
536 1472 908 1528 venerabilem
939 1472 1189 1528 abbatem
1216 1470 1502 1527 Erluinum
1532 1478 1587 1525 et
1598 1485 1772 1542 quen-

166 1560 288 1615 dam
320 1560 750 1618 Ermenfridum
779 1564 847 1619 de
889 1564 1320 1625 commutatione
1357 1566 1769 1635 possessionum

166 1653 447 1720 convenit,
471 1668 607 1723 quae
628 1653 862 1724 qualiter
888 1653 1032 1710 facta
1061 1655 1154 1724 sit,
1184 1665 1336 1712 carta
1372 1656 1500 1715 inde
1526 1658 1771 1715 conscri-

166 1750 255 1812 pta
281 1742 556 1797 ostendit.

236 1829 304 1885 In
341 1833 571 1887 nomine
600 1840 801 1889 sancite
821 1841 872 1889 et
902 1834 1190 1892 individua:
1223 1836 1505 1894 Trinitatis
1541 1857 1603 1895 ac
1648 1839 1773 1897 Sal-

168 1923 365 1976 vatoris
400 1924 579 1978 totius
615 1926 820 1981 mundi.
856 1926 1124 1999 Quicquid
1166 1932 1403 1986 cernitur
1431 1933 1770 1997 minuendum

169 2014 303 2084 quod
330 2024 562 2083 econtra
602 2019 858 2088 recipitur
900 2020 955 2074 in
996 2030 1356 2092 augmentum,
1384 2024 1591 2079 nullum
1638 2026 1771 2096 facit

172 2102 574 2172 detrimentum,
610 2107 771 2162 immo
814 2126 1065 2182 magnum
1106 2114 1302 2168 anima:
1329 2125 1543 2185 generat
1565 2117 1770 2172 emolu-

173 2203 420 2249 mentum.
460 2196 688 2251 Placuit
736 2201 875 2254 inter
914 2204 1264 2258 venerabilem
1285 2215 1485 2261 sanctte
1521 2206 1770 2264 Cernblo-

176 2288 336 2340 censis
365 2288 666 2357 wccclesiw
702 2291 944 2361 abbatem
967 2296 1176 2351 nomine
1213 2296 1518 2366 Erluinum,
1552 2317 1770 2356 necnon

178 2383 223 2426 et
252 2371 523 2444 quendam
564 2379 780 2448 ﬁdelem
810 2379 1013 2437 Christi
1058 2386 1308 2440 vocabulo
1344 2386 1767 2460 Ermenfridum,

179 2475 375 2521 mutare
423 2470 697 2539 quasdam
730 2488 809 2527 res
852 2484 990 2528 inter
1015 2492 1088 2541 se,
1123 2479 1261 2547 quod
1304 2480 1381 2533 ita
1419 2489 1472 2535 et
1510 2482 1765 2551 fecerunt.

177 2552 381 2611 Idcirco
418 2561 678 2615 omnibus
700 2573 901 2619 sancta:
924 2565 1022 2620 Dei
1043 2568 1296 2636 wcclesiaz
1317 2572 1562 2640 ﬁdelibus
1588 2584 1768 2629 notum

179 2646 262 2713 sit,
291 2650 428 2717 quod
471 2642 824 2726 supradictus
874 2655 1036 2711 abbas
1078 2658 1334 2715 Erluinus
1381 2664 1649 2733 quandam
1673 2683 1772 2721 tec-

178 2737 383 2794 clesiam
423 2744 482 2797 in
530 2744 666 2800 villa
700 2764 818 2818 qua:
856 2761 1193 2822 nuncupatur
1227 2748 1603 2826 Agioniscurta
1623 2759 1771 2814 dedit

181 2831 327 2900 firma
350 2837 658 2893 stabilitate
690 2844 1000 2911 supradicto
1030 2846 1177 2915 ﬁdeli
1200 2845 1402 2903 Christi
1431 2848 1769 2922 Ermenfride

181 2930 381 2990 propter
425 2926 791 2999 villant‘quce
847 2932 1055 3001 adjacet
1110 2936 1166 2989 in
1206 2938 1461 2992 comitatu
1509 2940 1766 3010 A’sbanio,

183 3023 382 3080 quaque
409 3013 474 3066 ab
502 3015 858 3074 incolentibus
887 3031 1105 3077 vocatur
1132 3022 1656 3084 Steria-monticula.
1690 3030 1769 3086 De

1874 567 1996 608 eam
2038 552 2273 609 reddidit
2323 552 2545 621 Bosoni,
2587 555 2726 611 dans
2778 555 2827 610 ei
2875 555 2930 610 in
2975 565 3326 627 augmentum
3371 557 3487 612 sui.

1875 644 2099 701 sceleris
2120 644 2283 700 binos
2306 644 2456 701 viros
2485 645 2749 716 praelibati
2780 645 2909 713 loci,
2934 645 3275 703 Franconem
3307 645 3463 703 vide-

1873 737 2001 792 licet
2027 745 2083 792 et
2108 734 2442 810 Huboldum,
2470 738 2565 809 qui
2598 737 2958 795 substantiam
3008 737 3338 808 auferentes,
3368 753 3491 796 δον.

1873 827 2547 898 cepere‘nonminimam
2596 829 2836 900 praedam
2886 829 3052 884 boum
3104 829 3355 885 videlicet
3405 837 3482 886 et.

1872 936 2191 988 vaccarum,
2217 920 2511 992 parcorum
2558 908 2778 992 quoque
2818 934 3050 975 numero
3095 921 3219 987 100,
3253 921 3463 991 absque
3563 922 3569 929 ’

1873 1013 2054 1083 capris
2089 1021 2145 1068 et
2168 1013 2386 1081 ovibus,
2429 1013 2623 1083 apibus
2644 1021 2699 1068 et
2720 1012 2856 1070 satis
2883 1020 3061 1079 terrae,
3088 1012 3235 1068 unde
3267 1025 3464 1073 nume-

1872 1120 1968 1160 rus
2012 1102 2261 1160 funditus
2306 1104 2608 1176 ignoratur.
2663 1102 2777 1160 Hac
2823 1118 2953 1175 ergo
2983 1102 3269 1158 insistente
3291 1116 3483 1158 causae

1871 1192 2200 1248 venerabilis
2220 1192 2393 1249 abbas
2420 1192 2682 1249 Erluinus
2703 1201 2884 1249 rector
2911 1192 2967 1246 in
2994 1191 3116 1246 loco
3138 1190 3460 1263 degentium

1871 1285 2174 1356 praelibato,
2234 1285 2578 1366 clementiam
2626 1285 2963 1341 serenissimi
3001 1284 3160 1343 adiit-
3198 1284 3340 1357 regis
3401 1284 3459 1340 in

1871 1384 2008 1432 nutu
2048 1377 2194 1433 sedis
2248 1377 2369 1448 ejus
2421 1376 2816 1433 Franconefort
2855 1383 3072 1444 vocato,
3095 1385 3149 1431 et
3188 1376 3334 1447 quod
3363 1392 3463 1447 per

1871 1468 2027 1526 nefas
2066 1469 2253 1526 amisit
2281 1468 2591 1547 infandum,
2622 1485 2720 1541 per
2749 1467 2834 1525 fas
2888 1484 2953 1526 ac
2998 1469 3178 1541 regale
3220 1469 3463 1543 sumpsit

1870 1562 2226 1630 mandatum;
2276 1578 2469 1618 verum
2519 1562 2756 1632 praedam
2810 1561 2880 1617 ab
2926 1559 3140 1617 infestis
3184 1569 3461 1632 arreptam

1869 1654 2112 1724 recipere
2132 1653 2304 1709 valuit
2345 1669 2666 1724 numquam.
2690 1646 2969 1708 Pastorale
3006 1653 3189 1723 itaque
3216 1652 3461 1724 regimen

1870 1745 2133 1811 teeelesiaa
2174 1743 2502 1816 Tungressis
2544 1744 2617 1776 "°
2644 1741 2947 1817 gobtinebat
2987 1743 3277 1799 Baldricus
3331 1753 3463 1800 tunc

1874 1837 2152 1907 temporis,
2183 1836 2432 1891 advocati
2473 1848 2604 1890 vero
2634 1834 2872 1890 cilicium
2907 1835 2962 1889 in
3009 1835 3202 1890 crebro
3245 1851 3456 1891 memo-

1873 1934 1992 1981 rato
2039 1925 2161 1980 loco
2192 1922 2575 1980 Gemlauccnsi
2616 1922 2837 1993 gerebat
2893 1921 3185 1978 Ansl‘ridus
3228 1938 3463 1981 consan-

1872 2018 2106 2089 guineus
2143 2015 2377 2073 senioris
2399 2015 2573 2070 nostri
2596 2013 2921 2085 Wiehperti.

1946 2107 2151 2164 l2.'De
2185 2108 2289 2162 bac
2328 2106 2455 2162 villa
2502 2104 2725 2161 Sotbeia
2772 2104 2902 2160 fecit
2946 2105 3087 2160 idem
3133 2102 3463 2161 venerabilis

1874 2202 2042 2258 abbas
2082 2199 2342 2255 Erluinus
2379 2198 2786 2271 praestationem
2829 2214 2953 2253 cum
3005 2195 3350 2266 Goderanno,
3400 2203 3465 2252 ut

1871 2301 2143 2350 monstrat
2170 2292 2336 2363 hujus
2358 2300 2523 2358 cat-tte
2546 2288 2878 2359 subscriptio
2905 2307 2918 2344 :

1896 2397 1901 2401 '
1988 2382 2150 2437 Verus
2188 2398 2339 2435 amor
2358 2380 2575 2451 junctos
2608 2395 2735 2450 quos
2757 2380 2987 2433 continet
3014 2389 3170 2448 atque
3198 2377 3459 2447 globatos,

1978 2473 2211 2529 Numine
2236 2473 2415 2527 divino
2447 2471 2692 2528 Christus
2723 2468 3212 2539 conservet‘ubiquc.

1871 2563 2123 2635 Quisquis
2144 2579 2266 2635 ergo
2292 2562 2497 2639 fructus
2539 2560 2836 2614 dulcedinis
2881 2567 2929 2613 et
2953 2558 3149 2612 amoris
3179 2555 3462 2611 inviolabi—

1869 2658 1943 2711 les
1967 2656 2302 2727 illibatosque
2327 2654 2482 2725 gestit
2513 2651 2703 2706 habere
2738 2650 2863 2720 jure
2905 2650 2988 2703 sui
3029 2648 3265 2718 beneﬁcii
3287 2665 3319 2701 a
3346 2646 3461 2702 Deo

1869 2740 1973 2802 sibi
2000 2745 2140 2813 dati,
2165 2739 2325 2816 prout
2357 2738 2689 2814 possibilitas
2713 2740 2921 2811 expetit
2954 2738 3051 2792 hoc
3085 2739 3258 2808 ipsum
3282 2727 3461 2791 'certet

1870 2852 2078 2909 augere.
2115 2835 2259 2891 Nam
2288 2835 2416 2889 dare
2450 2841 2501 2888 et
2538 2833 2773 2903 accipere
2800 2837 2858 2884 ut
2898 2830 3178 2900 scriptum
3210 2826 3462 2882 assertio-

1869 2928 2024 2984 nibus
2053 2925 2450 2996 comprobatur,
2477 2921 2843 2994 gratissimum
2876 2935 2969 2974 nec
2990 2935 3094 2974 non
3121 2926 3173 2973 et
3192 2917 3458 2989 placatis-

1867 3020 2063 3089 simam
2096 3011 2325 3072 constat.
2356 3012 2523 3087 Cujus
2567 3015 2645 3068 rei
2675 3012 2950 3068 veritatem
2989 3019 3190 3065 certam
3220 3002 3331 3063 esse
3364 3024 3459 3062 co-

182 3112 285 3209 qua.
326 3101 456 3155 villa
499 3114 741 3209 quatuor
780 3110 992 3180 quidem
1056 3125 1532 3186 mansos'propter
1569 3135 1764 3190 supra-
1791 3147 1835 3209 ς
1869 3122 2191 3187 gnoscentes,
2224 3112 2560 3168 decreverunt
2589 3100 2730 3165 inter
2762 3127 2817 3165 se
2849 3107 3162 3183 venerabilis
3203 3107 3458 3162 Erluinus

190 3187 373 3245 dictam
423 3196 733 3250 (ecclesiam
758 3239 774 3266 ,
841 3208 890 3253 et
939 3218 1103 3256 unum
1176 3221 1272 3274 pro
1336 3206 1511 3262 salute
1572 3187 1768 3266 anime
1793 3187 1835 3209 ’⁸
1871 3203 2258 3259 Cemblocensis
2294 3202 2516 3256 casnobii
2561 3202 2745 3268 abbas,
2796 3209 2847 3256 et
2888 3200 3107 3254 inclitus
3133 3201 3216 3254 vir
3238 3199 3459 3270 quidam

193 3294 320 3351 sua,
356 3292 565 3363 tresque
621 3298 835 3359 propter
863 3301 981 3345 octo
1034 3292 1200 3348 libras
1227 3299 1452 3368 argenti,
1479 3301 1575 3355 sub
1623 3305 1768 3358 testi-

199 3367 282 3440 bus
323 3375 656 3442 ﬁrmissimis
710 3381 935 3436 tradidit
980 3396 1164 3441 sancto
1205 3367 1370 3445 Petro
1402 3395 1768 3462 apostolorum

189 3464 404 3567 omnium
431 3471 694 3567 principi
733 3483 1019 3547 sanctoque
1055 3477 1325 3550 Exuperio
1371 3487 1598 3556 martyri
1646 3488 1764 3559 glo-

189 3559 313 3641 rioso
335 3559 387 3610 in
413 3559 533 3629 jam
559 3562 712 3616 dicto
738 3568 1057 3622 monasterio
1080 3567 1384 3641 Gemblaus,
1428 3591 1549 3629 cum
1589 3580 1764 3633 omni-

190 3639 279 3696 bus
299 3646 365 3718 ad
386 3652 616 3721 eundem
666 3653 840 3709 locum
868 3658 1270 3730 pertinentibus,
1311 3639 1531 3734 fontalis
1574 3670 1763 3725 videli-

190 3739 277 3796 cet,
290 3734 546 3835 culturis,
599 3741 769 3811 silvis,
817 3747 995 3814 terris,
1027 3749 1184 3803 cultis
1217 3760 1269 3805 et
1304 3753 1544 3823 incultis,
1569 3760 1762 3827 pratis,

192 3835 324 3890 aquis
351 3844 716 3905 aquarumque
753 3837 1082 3896 decursibus.
1121 3841 1285 3898 Hanc
1318 3856 1496 3901 autem
1524 3867 1763 3906 commu-

193 3915 424 4012 tationem
469 3927 817 3995 supradictus
872 3931 1035 3986 abbas
1093 3932 1351 3991 Erluinus
1399 3949 1450 3993 et
1497 3953 1766 4012 compater

192 4016 303 4057 suus
330 4006 706 4084 Ermenfridus
736 4035 853 4073 cum
898 4038 1063 4077 uxore
1093 4041 1190 4079 sua
1224 4026 1481 4084 Reinsede
1502 4048 1560 4085 eo
1588 4006 1764 4091 tenore

195 4091 426 4191 fecerunt,
450 4108 580 4162 utsi
606 4110 723 4179 quis
745 4111 1058 4183 aliquando,
1085 4116 1300 4173 diabolo
1329 4122 1607 4191 suadente,
1627 4125 1764 4180 hanc

196 4185 397 4283 valuerit
419 4208 619 4255 nostra:
645 4204 956 4269 mutationis
993 4207 1264 4265 destruere
1294 4213 1562 4279 cartalam
1581 4185 1604 4283 ,1
1626 4235 1787 4275 ana-,

196 4273 546 4344 tlwmatizatus
580 4308 699 4345 cum
739 4296 882 4350 omni
918 4298 1288 4358 maledictione
1316 4313 1367 4359 et
1399 4273 1762 4364 excommuni-

198 4379 330 4450 cattqs
352 4376 441 4444 sit,
490 4382 598 4438 nisi
629 4394 750 4441 ante
774 4386 902 4442 solis
937 4406 1183 4447 occasum
1208 4395 1278 4449 ad
1312 4399 1655 4467 penitentiam
1683 4420 1764 4457 re-

1869 3292 2214 3349 Goderannus
2280 3291 2384 3346 loci
2446 3291 2689 3362 pra'dicti
2746 3299 2935 3345 extans
2993 3290 3318 3357 advocatus,
3374 3303 3459 3343 res

1864 3387 2127 3458 quasdam
2171 3380 2529 3457 prtestationis
2570 3377 2894 3438 auctoritate
2932 3378 3274 3446 condonare;
3316 3379 3457 3452 quod

1865 3486 1916 3532 et
1964 3470 2201 3548 fecerunt
2248 3475 2457 3531 vinculo
2510 3476 2692 3546 utique
2736 3490 2840 3529 non
2881 3471 3103 3528 modica
3157 3471 3457 3527 dilectionis

1867 3568 2073 3621 conexi.
2102 3565 2473 3620 Postulatione
2504 3564 2766 3635 siquidem
2792 3562 2987 3617 nobilis
3020 3562 3120 3615 viri
3152 3559 3477 3627 Goderanni

1864 3658 2010 3712 dedit
2036 3656 2122 3712 illi
2144 3665 2465 3712 memoratus
2499 3655 2663 3710 abbas
2690 3653 2873 3709 villam
2910 3651 3148 3723 Sotejam
3178 3654 3457 3722 nuncupa-

1867 3758 1976 3804 tam
2022 3750 2079 3803 in
2117 3748 2375 3803 comitatu
2416 3746 2718 3802 Darnuensi
2759 3761 2880 3799 cum
2921 3743 3162 3798 omnibus
3183 3742 3253 3796 ad
3282 3743 3481 3812 ipsam.

1864 3840 2278 3913 pertinentibus,
2306 3854 2551 3893 mansum
2581 3836 2824 3893 videlicet
2858 3834 3321 3900 indominitatum,
3352 3849 3458 3913 tec-

1865 3932 2083 3988 clesiam
2126 3935 2318 4004 absque
2371 3930 2577 3986 telluris
2621 3929 2890 4001 famulatu
2937 3937 2988 3983 et
3028 3932 3288 3998 nusquam
3330 3924 3458 3979 sub-

1856 4025 2077 4095 jectum,
2134 4024 2494 4079 molendinum
2546 4037 2750 4093 quoque
2804 4029 2854 4074 et
2881 4018 3149 4073 cumbam.
3184 4015 3456 4073 «Ecclesia

1864 4116 1975 4171 hac
2002 4114 2240 4188 singulos
2277 4132 2372 4186 per
2400 4129 2565 4170 annos
2598 4112 2836 4184 eulogias
2866 4111 3041 4179 binas,
3076 4110 3135 4163 id
3162 4119 3239 4163 est
3276 4116 3457 4163 sexta-a
3526 4124 3539 4135 '

1866 4207 1974 4260 rios
2000 4207 2109 4260 vini
2143 4207 2296 4274 duos,
2342 4206 2514 4278 gallos
2557 4203 2874 4277 gallinacios
2922 4203 3076 4269 duos,
3103 4210 3179 4257 ‘et
3208 4201 3456 4272 .modium

1864 4316 2042 4356 avena:
2080 4317 2241 4355 unum
2288 4300 2481 4354 reddit.
2531 4299 2896 4353 Molendinum
2954 4295 3158 4351 modios
3202 4293 3274 4349 20
3316 4294 3457 4348 inter

1864 4390 2129 4445 annonam
2169 4398 2221 4444 et
2245 4390 2439 4455 bracis,
2464 4389 2650 4442 camba
2677 4404 2881 4459 quoque
2932 4403 3025 4457 per
3067 4402 3264 4440 annum
3312 4386 3423 4440 inte
3440 4414 3465 4439 ο.

198 4471 352 4552 tersus
380 4467 691 4540 ingemuerit
734 4477 797 4531 ob
849 4481 1063 4552 culpam
1105 4502 1217 4541 sua;
1248 4489 1405 4544 ηιαιω
1431 4490 1757 4550 intentionis.
1795 4491 1838 4550 ο
1865 4496 2014 4552 grum
2049 4480 2251 4534 eminus
2280 4479 2461 4534 sicera:
2484 4476 2605 4532 100.
2649 4476 2825 4532 Terrae
2857 4475 3202 4530 nihilominus
3233 4473 3454 4529 arabilis

200 4545 366 4648 dctum
393 4559 448 4612 in
488 4564 620 4621 villa
671 4566 914 4625 Nantuco
938 4545 1019 4629 ’5.
1074 4574 1209 4632 Idus
1252 4545 1758 4650 Aprilis
1799 4545 1826 4550 ν
1864 4545 2149 4628 bonuarios
2174 4571 2264 4640 67,
2299 4579 2573 4641 pratorum
2597 4568 3005 4640 amplitudinem
3029 4582 3134 4621 non
3163 4565 3452 4632 modicam,

201 4652 557 4745 lﬂcarnationis
586 4656 821 4728 Domini,
847 4663 1137 4731 indictione
1164 4669 1219 4734 4,
1244 4659 1493 4741 regnante
1518 4675 1759 4745 piissimo

203 4744 301 4837 rege
324 4736 524 4837 Quone.
558 4746 684 4803 Otto
707 4767 817 4807 rex.
852 4752 1001 4809 Cuno
1032 4756 1162 4813 dux.
1187 4736 1529 4818 Farabertus'
1557 4768 1758 4837 episco-

203 4831 305 4884 Ρνε.
338 4825 605 4892 Rotbertus
635 4855 826 4895 comes.
848 4841 1175 4902 Aletrannus
1201 4850 1573 4909 cancellarius.

265 4911 342 5012 η·
375 4916 466 5012 ΨΟ
494 4932 746 5001 tempore
784 4927 1041 4990 Brunone
1086 4937 1499 5012 archiepi‘scOpo
1539 4945 1757 5000 uterino

207 4992 353 5105 intra
377 5006 584 5105 Ottonis
611 5021 757 5092 regis
790 4992 1754 5105 prae-viseremgnii‘oth‘ariensium,

206 5085 369 5151 deerat
393 5102 517 5175 dux,
543 5111 636 5166 sed
671 5112 726 5167 in
759 5114 882 5171 loco
907 5116 1066 5175 ducis
1108 5085 1756 5192 regnabat'antichrisws

210 5191 485 5284 eontrarius
517 5197 625 5256 Deo
663 5212 719 5258 et
752 5204 913 5263 bonis
954 5191 1298 5284 hominibus,
1324 5214 1481 5271 Cuno
1508 5218 1759 5276 videlicet

541 5295 740 5350 summi
766 5298 911 5369 regis
955 5300 1011 5355 in
1043 5318 1169 5375 rege
1200 5283 1302 5361 suo
1350 5305 1546 5364 Ottone
1593 5327 1755 5382 quem

395 5373 587 5452 Nempe
640 5360 986 5460 nequaquam
1025 5360 1542 5471 estumirandum‘

216 5464 353 5561 fit.“
386 5476 469 5523 es"
492 5472 765 5534 hominem
814 5496 1020 5553 regem,
1053 5487 1147 5561 qui
1175 5465 1285 5543 non
1335 5464 1617 5561 pertimuit
1652 5495 1752 5551 ob-

220 5553 381 5609 tulere
417 5563 519 5632 regi
561 5568 764 5623 cmlesti
802 5569 857 5625 in
902 5572 1024 5628 loco
1059 5553 1369 5648 Gemblaus,
1416 5580 1668 5640 auferens
1700 5585 1750 5640 ei

280 5726 341 5798 "3
376 5735 456 5795 Ῑια
478 5760 520 5802 c.
568 5749 678 5807 loco
704 5749 1060 5828 Tungrcnsis.

1860 4665 2181 4736 piscationes
2210 4678 2471 4735 aquarum
2511 4678 2631 4715 cum
2675 4660 2981 4741 decursibus
3023 4673 3228 4726 earum,
3264 4656 3455 4721 silvam

1862 4756 1932 4810 ad
1960 4772 2145 4826 porcos
2172 4755 2423 4809 ducentos
2447 4752 2791 4823 saginandos,
2829 4768 2948 4807 cum
2971 4750 3202 4807 exitibus
3226 4758 3276 4805 et
3310 4747 3454 4803 redi-e

1874 4849 2025 4915 libus,
2058 4846 2327 4918 familiam
2365 4844 2669 4917 quoque'ad
2711 4843 2887 4898 locum
2929 4843 3245 4915 praedictum
3288 4840 3453 4913 perti-

1865 4949 2090 5007 nentem,
2138 4940 2576 4993 omnes.'numero
2614 4936 2706 5005 42,
2758 4951 2981 5007 quorum
3023 4934 3188 4990 etiam
3231 4933 3452 5004 quidam

1864 5041 1986 5087 sunt
2013 5031 2082 5087 ad
2105 5047 2256 5093 omne
2300 5030 2574 5085 servitium
2615 5029 2952 5100 pertinentes.
3009 5025 3212 5093 Quodsi
3253 5023 3319 5079 ab
3348 5022 3451 5080 hac

1862 5124 1972 5197 lege
1995 5124 2266 5179 servitutis
2303 5122 2609 5176 subtrahere
2651 5136 2706 5175 se
2734 5121 3046 5191 permissum
3073 5117 3257 5197 fuerit,
3283 5115 3451 5169 dena?

1864 5195 1973 5271 rios
2013 5215 2080 5270 l2
2123 5213 2352 5286 singulis
2400 5212 2597 5268 solt-ere
2650 5211 2835 5266 debent
2886 5210 3061 5264 annis.
3117 5195 3247 5262 liam
3296 5205 3447 5263 datio

1864 5306 2341 5379 prmcellentissimi
2379 5322 2442 5360 ac
2472 5304 2583 5359 Deo
2609 5304 2757 5375 digni
2783 5300 2994 5356 abbatis
3028 5297 3265 5355 Erluini.

1938 5398 2039 5456 Cui
2082 5409 2298 5454 ecOntra
2332 5397 2566 5454 reddidit
2620 5394 2850 5451 illustris
2892 5392 2974 5447 vir
3011 5388 3356 5449 Goderannus
3383 5387 3448 5444 de

1861 5498 2005 5547 terra
2034 5491 2230 5546 arabili
2281 5491 2564 5546 bonuarios
2620 5486 2827 5558 viginti,
2862 5483 3051 5543 sileam
3104 5478 3448 5541 nihilominus

1862 5585 2159 5655 adporcos.
2207 5593 2458 5643 trecentos
2504 5566 2846 5653 saginandos.
2885 5585 2932 5631 et
2969 5589 3182 5644 qumque
3226 5579 3347 5653 sunt
3376 5569 3447 5627 ad

1463 5673 1695 5732 VARIIE
1737 5673 1753 5708 '
1783 5675 1791 5683 ’
1820 5674 2131 5737 CTIONES.
