3906 6316
452 343 563 398 607·

1619 348 1981 406 SIGEBERTI
2017 347 2543 406 GEMBLACENSIS

3593 361 3686 416 608

447 453 622 522 ipsam
649 455 809 524 infra
845 465 897 511 et
943 464 1096 512 extra
1135 462 1471 529 pertinentia.
1512 461 1824 516 Immutatio
1854 465 2030 535 itaque
2058 462 2101 518 A
2131 461 2342 516 nullum
2395 461 2643 530 referret,
2695 478 2821 520 cum
2865 473 3050 524 tamen
3090 470 3326 542 agricola
3363 471 3564 530 laboris
3612 490 3670 530 su

446 548 807 614 prmtationis
828 547 985 618 hujus
1013 567 1073 604 eo
1109 562 1322 621 peracta
1369 564 1445 608 est
1486 565 1678 624 tenore,
1714 569 1772 612 ut
1795 563 2031 631 quandiu

450 636 712 691 advixerit
756 639 1013 708 praefatus
1061 640 1404 697 Goderannus
1442 645 1691 714 illustris,
1724 666 1842 719 quia
1890 669 2032 721 prie-

446 727 590 782 stitit
621 736 671 780 et
716 745 834 798 qua;
892 732 1083 800 recepit
1117 741 1287 786 teneat
1340 744 1389 788 et
1437 738 1702 806 possideat
1743 743 1838 796 sub
1875 748 2032 800 tertia

448 833 633 884 manu,
661 821 844 871 uxoris
871 836 982 874 sua:
1007 821 1244 877 videlicet
1279 824 1582 894 Adelendis,
1610 837 1661 882 et
1694 830 1798 899 ﬁlii
1828 834 2030 890 solum-

449 910 604 962 modo
633 911 789 964 unius
828 911 1178 984 Ermenfridi.
1226 917 1355 972 Post
1385 937 1606 989 quorum
1647 925 1809 980 trium
1843 929 2032 999 defun-

449 1003 640 1056 ctionis
683 1005 845 1071 diem,
884 1005 998 1061 loco
1030 1010 1270 1078 superius
1305 1024 1591 1068 memorato
1626 1026 1860 1089 utraeque
1884 1022 2032 1078 deve-

448 1093 599 1146 niant
637 1104 835 1164 partes,
877 1107 925 1150 et
952 1098 1075 1167 jure
1120 1102 1376 1169 finetenus
1405 1113 1595 1160 teneat.
1623 1106 1708 1163 Ea:
1731 1121 1881 1179 parte
1911 1129 2030 1168 vero

447 1184 802 1252 quorumlibet
842 1188 1027 1242 horum
1050 1207 1111 1244 ne
1136 1192 1313 1263 aliquo
1349 1197 1500 1250 modo
1522 1202 1632 1252 Itazc
1655 1213 1962 1274 pervagetur
1981 1215 2030 1260 et

447 1273 792 1346 infrangatur
831 1282 1123 1348 prwstatio,
1159 1285 1454 1340 testimonio
1495 1288 1797 1346 roboratam
1820 1273 1908 1348 est
1935 1297 2028 1351 bo-

448 1380 638 1420 norum
674 1369 926 1425 virorum.

521 1498 714 1555 Actum
745 1503 798 1556 in
849 1504 1131 1562 Cemblaus
1174 1513 1424 1580 cmnobio,
1463 1532 1601 1572 anno
1645 1519 2027 1581 incarnationis

445 1587 663 1645 Domini
698 1589 825 1663 964,
854 1597 1116 1656 iudicione
1145 1603 1232 1672 ll,
1266 1605 1474 1677 imperii
1512 1626 1629 1666 vero
1658 1614 1838 1669 domni
1872 1615 2027 1672 Otto-

447 1679 530 1733 nis
568 1698 708 1737 anno
742 1688 989 1743 secundo.

467 1771 472 1776 ’
517 1792 606 1857 15.
651 1793 753 1850 Sed
780 1799 846 1852 ad
886 1803 1224 1872 propositum
1257 1811 1436 1878 operis
1469 1813 1774 1880 redeamus,
1802 1826 1856 1872 et
1885 1834 2023 1890 qua-
2059 1831 2100 1884 Β

443 1883 524 1967 les
551 1895 604 1940 et
632 1899 867 1956 quantas
893 1897 1302 1962 persecutiones
1339 1904 1662 1961 sustinuerit
1700 1908 1782 1963 vir
1808 1911 2027 1984 religio-

442 1992 542 2032 sus
574 1977 854 2049 Erluinus,
880 1986 975 2054 qui
1007 1989 1172 2044 etiam
1216 1996 1538 2065 martyrium
1589 2015 1688 2069 pro
1719 2001 1812 2056 Dei
1841 1977 2026 2062 arnore

443 2069 633 2125 subire
657 2081 775 2127 erat
817 2086 1063 2147 paratus,
1108 2084 1300 2151 paucis
1331 2088 1661 2156 aperiamus.
1715 2092 1871 2158 Quod
1911 2098 2029 2167 qui-

444 2159 568 2258 dem
601 2161 905 2234 Fulquinus
940 2170 1108 2227 abbas
1153 2190 1263 2229 non
1323 2179 1489 2233 tacuit
1529 2181 1582 2235 in
1627 2182 1808 2240 libello
1863 2159 2024 2258 quem

443 2249 512 2350 de
559 2255 726 2323 gestis
780 2258 1036 2316 abbatum
1092 2263 1444 2323 Lobiensium
1485 2274 1725 2344 scripsit,
1777 2249 2026 2350 sed-qua

444 2343 744 2403 intentione
794 2351 1076 2421 scripserit
1117 2357 1161 2411 si
1205 2359 1327 2429 quis
1378 2362 1663 2433 diligenter
1708 2343 2024 2440 inspexerit,

442 2435 604 2505 plane
634 2439 945 2526 intellegere
970 2447 1167 2514 poterit
1215 2453 1359 2520 quod
1392 2455 1669 2511 veritatem
1701 2435 1920 2528 quidem
1950 2435 2027 2520 rei

445 2538 610 2600 gestae
632 2523 944 2604 digesserit,
979 2552 1202 2595 causam
1228 2551 1408 2598 tamen
1458 2547 1536 2602 rei
1572 2551 1746 2622 magis
1775 2568 1841 2608 ex
1875 2565 2026 2612 motu

445 2622 615 2678 animi
635 2641 801 2696 quam
831 2645 898 2684 ex
926 2647 1058 2687 vero
1085 2634 1472 2706 interpretatus
1500 2639 1589 2695 sit.

517 2735 606 2790 14.
649 2736 701 2792 Is
741 2738 1002 2797 Erluinus
1044 2747 1287 2800 omnium
1331 2748 1598 2804 bonorum
1647 2755 1886 2812 amicitia
1943 2760 2028 2815 di-

451 2843 614 2896 gnus,
639 2837 824 2900 utpote
852 2833 907 2887 in
939 2849 1004 2889 ea
1046 2837 1383 2907 adquirenda
1412 2843 1614 2898 utiliter
1644 2845 1870 2905 idoneus
1891 2861 1945 2905 et
1973 2851 2026 2909 in

445 2924 816 2978 conservanda
867 2925 1096 2984 ﬁdeliter
1143 2930 1463 3000 industrius,
1503 2935 1764 3008 singulari
1789 2943 2030 3000 amicitia

445 3012 834 3094 confederatus
856 3027 973 3073 erat
1001 3018 1272 3091 Raginero
1300 3026 1507 3092 comiti,
1538 3029 1638 3098 qui
1673 3031 1744 3086 ob
1784 3037 2028 3103 proceri-

672 3105 919 3174 corporis
947 3111 1450 3179 cognominabatur
1509 3115 1876 3190 Longicollus,
1933 3126 2024 3196 qui
2056 3159 2098 3217 ο

444 3193 726 3251 nobilitate
751 3206 805 3252 et
832 3201 1073 3268 potentia
1111 3204 1313 3271 clarus,
1363 3215 1491 3263 tunc
1531 3213 1791 3281 temporis
1820 3193 2028 3284 princi-

443 3285 677 3353 pabatur
701 3285 1139 3358 llaginoensihus
1158 3295 1248 3349 ⁷³⁷.
1279 3294 1377 3351 llic
1400 3299 1560 3366 primi
1580 3298 1813 3360 Baldrici
1835 3306 2031 3363 Leodi-

441 3382 691 3438 ceusium
739 3387 980 3458 episcopi
1025 3391 1329 3447 avunculus
1375 3391 1495 3460 fuit,
1529 3404 1584 3450 et
1623 3397 1750 3467 quia
1782 3415 1880 3456 sua
1932 3419 2032 3473 po-

444 3474 613 3528 tentia
637 3475 972 3538 in«omn’ibus
998 3481 1179 3551 nepoti
1210 3498 1312 3538 suo
1351 3484 1608 3555 episcopo
1650 3490 2028 3556 patrocinaba-

443 3571 556 3632 tur,
590 3568 860 3625 abbatiam
914 3571 1238 3629 Lobiensem
1284 3576 1342 3630 in
1391 3575 1655 3633 beneﬁcio
1707 3584 1934 3654 accepit.
1964 3585 2031 3643 Et

441 3659 644 3715 mirum
672 3662 727 3716 in
751 3664 972 3719 modum
1013 3666 1108 3736 qui
1137 3667 1402 3724 secularis
1443 3671 1699 3738 potentia:
1745 3679 2032 3744 tyrannide

440 3751 543 3806 toti
578 3755 808 3824 imperio
856 3743 1245 3813 formidolosus
1281 3767 1419 3824 erat,
1458 3743 1783 3819 venerabilis
1818 3764 2028 3824 Erluini

440 3847 665 3902 monitis
695 3849 1007 3905 salubribus
1048 3851 1281 3906 libenter
1317 3849 1604 3904 obediebat
1648 3867 1704 3912 et
1751 3861 1940 3916 audito
1965 3876 2029 3915 eo

441 3939 614 3993 multa
646 3939 899 4008 faciebat,
930 3945 1058 3998 utei
1089 3947 1476 4004 convenienter
1505 3951 1635 4005 illud
1675 3950 1850 4020 aptari
1895 3965 2026 4020 pos-

436 4028 514 4084 sit
541 4029 686 4099 quod
721 4030 891 4086 Isaias
917 4035 1242 4092 vaticinatus
1272 4039 1347 4094 ait
1376 4059 1388 4094 :
1413 4041 1518 4096 Leo
1541 4043 1694 4113 quasi
1729 4041 1818 4096 bos
1845 4041 2026 4112 paleas

438 4121 707 4185 comedet;
729 4131 778 4175 et
809 4123 1158 4180 delectabitur
1195 4131 1372 4199 infans
1401 4132 1464 4186 ab
1501 4134 1656 4188 ubere
1695 4150 1852 4204 super
1875 4134 2026 4203 fora-

441 4213 582 4266 mine
621 4215 858 4283 aspidis;
888 4226 937 4270 et
968 4219 1023 4272 in
1039 4236 1266 4275 caverna
1302 4224 1469 4294 reguli
1499 4226 1589 4295 qui
1631 4225 1932 4279 ablactatus
1954 4226 2024 4257 ⁷³⁷

440 4304 607 4374 fuerit
639 4307 810 4361 mittet
831 4325 1046 4364 manum
1076 4329 1227 4366 suam
1251 4312 1388 4376 (Isa.
1413 4331 1491 4381 χι,
1518 4315 1571 4385 7)
1595 4317 1684 4370 ⁷²⁸.
1709 4316 1906 4372 Mirum
1937 4316 2025 4371 in-

431 4411 604 4464 quam
635 4410 772 4464 erat,
810 4401 956 4470 quod
983 4387 1168 4460 comes
1206 4413 1421 4474 potens,
1451 4407 1546 4476 qui
1577 4406 1897 4463 fortitudine
1924 4423 2024 4463 sua

2136 553 2372 612 fructum
2397 571 2506 611 non
2535 556 2801 626 perderet.

2207 645 2292 699 15.
2334 644 2469 700 Cum
2501 661 2651 718 ergo,
2701 656 2764 703 ut
2809 648 3016 704 dictum
3064 661 3167 719 est,
3199 661 3346 707 tanta
3395 651 3668 710 eﬂ‘eraretu

2134 733 2368 803 insania,
2411 744 2602 794 sancto
2663 747 2843 794 tamen
2880 741 2998 797 viro
3047 757 3105 797 se
3156 743 3531 811 submittebat,
3557 755 3612 823 et
3648 764 3700 802 ut

2134 826 2339 880 cultum
2371 836 2572 883 sancta:
2605 830 2882 901 religionis
2905 843 3183 888 exerceret
3210 834 3264 887 in
3293 834 3445 888 omni
3467 835 3590 890 loco
3622 837 3700 891 di-

2135 918 2297 972 tionis
2324 934 2437 974 suaa
2461 921 2510 974 ei
2558 923 2894 990 permiserat.
2943 922 3096 979 Unde
3144 922 3420 980 commisit
3446 927 3498 980 ci
3525 942 3701 982 mona-

2133 1009 2360 1063 sterium
2388 1012 2561 1066 sancti
2593 1011 2857 1068 Vincentii
2887 1015 2942 1068 in
2980 1016 3100 1071 loco
3128 1015 3392 1087 Sonegias
3426 1016 3594 1084 dicto,
3621 1017 3699 1078 ιιιί

2131 1099 2398 1155 clericalis
2429 1101 2638 1157 ordinis
2663 1105 2849 1174 regula
2875 1105 3056 1176 vigere
3091 1106 3338 1172 debebat,
3377 1116 3441 1162 ut
3483 1107 3557 1162 ibi
3592 1123 3678 1163 mo

2131 1191 2374 1247 nachieze
2399 1192 2523 1248 vitae
2556 1194 2801 1250 ordinem
2841 1197 3171 1253 instituerat.
3225 1197 3330 1253 Sed
3361 1199 3416 1253 id
3451 1199 3696 1269 importu-

2132 1281 2300 1336 nitate
2337 1283 2416 1337 rei
2457 1292 2512 1338 et
2546 1288 2809 1356 temporis
2844 1286 3104 1344 infectum
3135 1289 3420 1344 remansit.
3467 1287 3682 1360 Preposi

2131 1379 2310 1426 turam
2349 1375 2514 1429 etiam
2553 1376 2841 1434 Lobiensis
2870 1380 3102 1436 abbatite
3131 1381 3250 1451 ejus
3291 1381 3573 1436 commisit
3597 1397 3694 1435 ma-

2130 1463 2312 1530 nibus,
2353 1472 2412 1518 ut
2459 1475 2664 1535 quanto
2704 1469 2806 1523 sibi
2835 1469 3131 1526 adherebat
3181 1470 3530 1538 familiarius,
3564 1480 3701 1526 tanto

2131 1554 2233 1607 sibi
2275 1553 2574 1612 deserviret
2624 1558 2854 1626 fidelius,
2885 1569 2939 1616 et
2986 1570 3191 1632 quanto
3225 1570 3343 1616 erat
3387 1561 3701 1633 religiosior,

2130 1652 2280 1699 tanto
2307 1645 2374 1700 ad
2403 1645 2599 1704 fratres
2651 1649 2770 1720 ejus
2819 1651 2925 1708 loci
2981 1652 3302 1722 regulariter
3332 1652 3710 1724 gubernandos

2128 1745 2273 1792 esset
2317 1737 2589 1794 intentior.
2617 1740 2775 1808 Quod
2821 1744 2947 1814 quia
2979 1745 3163 1800 invitis
3199 1745 3462 1801 fratribus
3511 1745 3706 1800 factum

2125 1841 2261 1898 erat,
2291 1832 2521 1888 fratrum
2561 1836 2904 1892 unanimitati
2937 1839 3073 1896 satis
3109 1839 3454 1910 displicebat,
3500 1839 3593 1910 qui
3620 1856 3707 1910 per

2130 1921 2444 1979 facilitatem
2495 1927 2828 1996 prelatornm
2877 1930 3098 1986 licentia
3135 1931 3323 1986 illicita
3376 1932 3708 1998 deteriorati,

2128 2016 2373 2087 plerique
2407 2018 2571 2073 etiam
2617 2021 2913 2092 gloriantes
2955 2038 3022 2078 ex
3052 2024 3336 2079 nobilitate
3375 2025 3630 2090 seculari,
3659 2034 3710 2080 et

2127 2123 2192 2162 ex
2217 2124 2574 2178 personarum
2603 2115 2918 2183 acceptione
2944 2115 3119 2186 magis
3140 2133 3305 2187 quam
3346 2133 3413 2172 ex
3440 2117 3710 2188 religionis

2129 2201 2414 2257 sanctitate
2458 2220 2575 2259 rem
2629 2221 2848 2261 omnem
2895 2208 3153 2263 estimare
3197 2209 3406 2264 assueti
3457 2209 3551 2275 "°,
3586 2225 3708 2280 egre

2130 2291 2375 2350 ferebant
2405 2296 2556 2350 illum
2585 2311 2651 2351 ex
2699 2297 2889 2352 humili
2929 2299 3241 2354 conditione
3281 2309 3336 2355 et
3363 2315 3432 2355 ex
3462 2300 3569 2355 alio
3595 2300 3717 2354 loco

2129 2383 2234 2437 sibi
2259 2383 2505 2452 preferri,
2533 2394 2588 2439 et
2616 2400 2778 2456 grave
2801 2395 2858 2441 et
2885 2387 3228 2444 intolerabile
3255 2389 3338 2444 eis
3365 2389 3653 2443 videbatur
3681 2403 3710 2442 ι

2130 2473 2451 2530 fortitudine
2492 2491 2710 2531 morum
2744 2493 2971 2533 suorum
3019 2479 3087 2534 ad
3145 2494 3397 2534 normam
3451 2480 3714 2551 regularis

2127 2565 2252 2619 vitae
2278 2573 2386 2620 tam
2412 2566 2594 2622 subito
2627 2583 2722 2638 per
2753 2567 2906 2622 illum
2947 2570 3214 2625 revocari.
3252 2569 3510 2625 Profecto
3552 2571 3598 2625 si
3629 2586 3709 2627 re

2129 2674 2252 2713 rum
2277 2659 2660 2715 convenientia
2691 2659 3032 2730 inspiciatur,
3065 2677 3174 2717 non
3206 2662 3373 2718 nimis
3401 2663 3712 2718 mirandum

2129 2751 2401 2805 videbitur
2437 2751 2583 2821 quod
2606 2750 3014 2823 fratresquiper
3025 2753 3404 2810 remissionem
3430 2755 3722 2825 pastoralis

2131 2840 2514 2920 sollicitudinis
2536 2857 2632 2912 per
2649 2850 2726 2897 tot
2739 2858 2915 2898 annos
2934 2859 2964 2897 a
2993 2844 3280 2914 disciplina
3292 2845 3535 2916 regulari
3545 2846 3712 2900 deseio

2130 2943 2338 3000 verant,
2386 2941 2493 2987 tam
2527 2933 2816 2989 difﬁculter
2848 2934 2916 2989 ad
2952 2935 3338 2990 rectitudinem
3367 2935 3496 2991 vita:
3533 2935 3710 2992 reduci

2129 3031 2399 3091 poterant.
2423 3021 2564 3090 Non,
2588 3023 2833 3093 inquam,
2858 3023 3145 3092 mirum,si
3165 3011 3408 3080 lenitatis
3431 3025 3722 3080 dissolutio

2130 3131 2227 3172 eos
2247 3115 2622 3182 etfrenaverat,
2635 3116 2835 3186 quibus
2856 3132 2950 3186 per
2962 3132 3137 3172 annos
3155 3117 3278 3186 plus
3299 3116 3370 3172 90
3385 3117 3540 3172 nulla
3558 3117 3715 3172 abba-

2132 3216 2245 3262 tum
2271 3206 2602 3277 regularium
2630 3207 2930 3277 paternitas
2958 3207 3345 3273 excubaverat,
3359 3208 3456 3263 sed
3473 3223 3711 3263 mercen-

2131 3297 2272 3350 narii
2303 3305 2356 3351 et
2385 3297 2478 3367 qui
2511 3312 2620 3351 non
2666 3303 2824 3352 erant
2851 3306 3122 3368 pastores,
3157 3313 3395 3368 quorum
3426 3313 3543 3353 non
3567 3307 3711 3354 erant

2132 3402 2259 3442 oves
2287 3387 2539 3457 propriae,
2562 3386 2899 3442 dominicum
2943 3387 3086 3442 ovile
3118 3387 3549 3458 dissipaverant,
3591 3387 3709 3442 dum

2131 3494 2252 3548 quae
2301 3494 2399 3534 sua
2447 3485 2500 3533 et
2530 3494 2639 3533 non
2669 3494 2792 3548 qua:
2829 3477 2925 3533 Dei
2975 3486 3133 3534 erant
3169 3488 3504 3548 quaerentes,
3535 3479 3712 3535 omnia

2129 3569 2341 3624 venalia
2392 3569 2686 3638 habebant,
2735 3578 2790 3625 et
2827 3570 2882 3624 in
2908 3569 3281 3625 mcclesia-Dei
3313 3571 3622 3637 columnas,
3662 3571 3711 3625 id

2130 3668 2214 3715 est
2242 3659 2446 3730 gratias
2496 3659 2734 3730 Spiritus
2777 3659 2974 3727 sancti,
3014 3659 3333 3725 vendentes,
3366 3660 3596 3718 domum
3624 3659 3710 3714 Dei

2131 3752 2444 3822 speluncam
2485 3751 2760 3806 latronum
2787 3751 3095 3807 effecerant.
3129 3749 3290 3818 Quod
3315 3752 3526 3806 malum
3548 3752 3603 3806 in
3628 3767 3708 3807 ca-

2128 3850 2226 3912 put
2271 3841 2488 3895 illorum
2525 3841 2860 3897 redundasse
2889 3841 3148 3908 creditur,
3206 3841 3302 3912 qui
3343 3851 3404 3898 ut
3441 3843 3573 3897 mali
3619 3857 3707 3913 pa-

2130 3946 2305 3993 stores
2358 3937 2497 3990 lacte
2531 3933 2718 3989 ovium
2765 3931 2858 3988 Dei
2896 3932 3222 4004 inpinguati,
3251 3933 3395 3988 lanis
3415 3949 3612 3989 eorum
3633 3948 3709 3988 ve-

2129 4028 2264 4094 stiti,
2294 4025 2696 4097 vilipendebant
2717 4024 2935 4095 abigere
2973 4024 3131 4094 lupos
3153 4025 3220 4078 ab
3241 4025 3370 4080 ovili
3397 4025 3626 4092 Christi,
3658 4032 3709 4079 et

2127 4119 2285 4190 quasi
2312 4128 2476 4173 canes
2505 4116 2643 4170 muti
2681 4131 2789 4171 non
2821 4115 3065 4170 valentes
3090 4115 3312 4182 latrare,
3340 4115 3562 4171 animas
3591 4115 3706 4171 sub-

2121 4212 2392 4282 jectorum
2438 4208 2787 4280 patiebantur
2830 4206 3073 4262 interire.
3106 4205 3241 4272 Quis
3268 4206 3416 4261 enim
3448 4222 3563 4262 non
3593 4219 3705 4261 exe-

2126 4303 2340 4360 cretur?
2377 4301 2521 4372 quis,
2554 4301 2800 4370 inquam,
2837 4315 2947 4354 non
2997 4299 3363 4364 abominetur,
3391 4298 3544 4368 quod
3569 4305 3704 4352 tanta

2126 4393 2359 4460 incuria,
2393 4407 2461 4448 ne
2490 4391 2670 4447 dicam
2697 4389 2945 4456 avaritia,
2980 4388 3192 4444 animos
3213 4387 3601 4457 episcoporum
3629 4387 3704 4440 in-

435 4491 598 4558 quasi
628 4491 712 4546 leo
741 4503 969 4551 cunctos
1011 4499 1272 4570 terrebat,
1333 4499 1520 4568 paleas
1570 4500 1723 4554 verbi
1774 4499 1869 4554 Dei
1915 4501 2020 4555 sub

2129 4483 2367 4547 cesserit,
2416 4481 2565 4551 quod
2605 4481 2673 4535 ab
2705 4495 2850 4535 anno
2897 4479 3115 4535 Domini
3179 4477 3310 4570 863,
3345 4493 3460 4548 quo
3501 4476 3702 4570 odibilis

349 4579 356 4584 ’
438 4595 605 4634 manu
637 4586 891 4654 pauperis
915 4587 1118 4644 Christi
1148 4591 1499 4657 comedebat;
1533 4599 1586 4646 et
1608 4591 1701 4661 qui
1735 4591 1893 4662 quasi
1942 4609 2028 4648 as-

438 4667 525 4736 pis
549 4679 604 4724 et
632 4675 850 4742 regulus
875 4677 1058 4731 omnia
1081 4679 1400 4750 depopulari
1430 4682 1624 4736 solitus
1647 4691 1786 4748 erat,
1823 4683 1877 4736 in
1903 4682 2023 4753 ejus

438 4771 695 4824 caverna,
738 4761 792 4815 id
835 4777 919 4818 est
948 4765 1000 4819 in
1031 4769 1212 4822 cordis
1246 4769 1365 4840 ejus
1406 4771 1760 4838 conscientia,
1798 4788 2022 4828 manum

439 4861 599 4902 suam
645 4851 893 4907 mittebat
920 4855 1023 4911 iste
1049 4859 1144 4928 qui
1173 4861 1376 4915 malitia
1401 4878 1538 4932 puer
1563 4871 1700 4928 erat,
1733 4873 1787 4918 et
1815 4880 1846 4918 a
1884 4864 2035 4919 laete

441 4940 733 4997 mundanae
766 4945 1071 5004 dulcedinis
1101 4952 1405 5009 ablactatus
1434 4964 1570 5009 erat.
1609 4954 1747 5010 Cum
1784 4971 1915 5026 ergo
1937 4972 2021 5011 se-

440 5046 568 5086 men
594 5035 744 5089 verbi
773 5035 867 5092 Dei
893 5039 948 5092 in
981 5042 1144 5096 corde
1165 5044 1285 5113 ejus
1313 5045 1472 5114 quasi
1505 5063 1668 5116 supra
1701 5055 1911 5116 petram
1934 5047 2020 5102 vel

439 5139 605 5194 supra
630 5129 813 5196 spinas
844 5131 1082 5200 caderet,
1109 5136 1454 5206 contingebat
1481 5137 1777 5192 secundum
1804 5135 2021 5191 Domini

443 5220 791 5289 sententiam,
823 5231 884 5277 ut
906 5223 1036 5279 illud
1061 5241 1184 5279 eum
1215 5212 1658 5298 gaudio'quidem
1687 5227 2018 5296 susciperet;

443 5311 537 5365 sed
549 5312 677 5381 quia
689 5315 925 5370 radicem
938 5315 1186 5374 karitatis
1202 5334 1309 5373 non
1323 5319 1712 5386 habebat,dum
1730 5319 1796 5373 ad
1809 5326 2023 5388 tempus

442 5401 684 5461 crederet
703 5408 771 5440 7”
793 5416 850 5464 et
871 5409 925 5464 in
951 5421 1194 5481 tempore
1229 5411 1599 5482 temptationis
1646 5410 1943 5479 recederet,
1993 5424 2022 5462 a

444 5499 592 5555 curis
642 5509 697 5556 et
749 5502 954 5561 divitiis
1001 5504 1170 5560 seculi
1218 5504 1482 5560 sulfocato
1525 5503 1732 5560 semine
1782 5501 2023 5558 fructum

2127 4573 2239 4629 Deo
2268 4572 2543 4628 llubertus
2570 4572 2701 4638 dux,
2742 4571 2908 4625 frater
2950 4569 3150 4640 reginae
3178 4567 3504 4640 Tietbergae,
3531 4568 3700 4638 fugato

2126 4664 2415 4737 Hartperto
2441 4664 2657 4729 abbate,
2701 4662 2976 4717 abbatiam
3024 4659 3350 4715 Lobiensem
3373 4660 3594 4726 invasit,
3614 4674 3699 4713 us-

2126 4755 2232 4830 que
2255 4759 2321 4814 ad
2351 4773 2555 4813 annum
2609 4755 2824 4811 Domini
2863 4755 2988 4821 955,
3017 4768 3128 4823 quo
3160 4751 3443 4808 Baldricus
3486 4752 3698 4823 erpulso

2128 4851 2388 4906 Ratherio
2420 4849 2733 4905 cathedram
2775 4846 3032 4902 :eeclesia:
3081 4843 3434 4899 Leodicensis
3481 4842 3697 4912 accepit,

2126 4944 2282 4999 locus
2329 4942 2417 4996 ille
2465 4949 2627 4995 tautae
2682 4941 2950 4993 hactenus
3007 4935 3307 4990 nobilitatis
3340 4943 3396 4989 et
3432 4933 3699 5005 religionis

2131 5036 2337 5090 honore
2368 5033 2600 5104 insignis
2630 5031 2747 5087 sine
2798 5028 3010 5084 abbatis
3043 5026 3343 5097 prelatione
3363 5021 3698 5096 perduravit?

2125 5129 2267 5190 Nam
2313 5135 2602 5197 postquam
2644 5123 2921 5194 predictus
2973 5119 3250 5173 Hubertus
3296 5118 3466 5173 abbas
3507 5126 3561 5172 et
3598 5115 3696 5170 dux

2122 5221 2272 5290 justo
2299 5218 2392 5272 Dei
2416 5216 2624 5287 judicio
2651 5215 2704 5268 in
2756 5213 2898 5268 bello
2918 5211 3196 5266 extinctus
3235 5209 3462 5275 interiit,
3499 5207 3696 5304 France

2127 5312 2219 5382 qui
2244 5311 2293 5366 ei
2319 5310 2370 5363 in
2401 5308 2662 5379 regimine
2689 5303 2973 5369 successit,
3003 5311 3057 5356 et
3075 5301 3191 5370 ipse
3215 5300 3568 5393 postmodum
3593 5300 3694 5393 cpio

2130 5419 2329 5474 scopus
2362 5400 2558 5466 factus,
2597 5397 2868 5454 abbatiam
2919 5393 3244 5449 Lahiensem
3285 5391 3442 5446 subdi
3463 5389 3691 5460 juriepio

2129 5495 2296 5564 scoliii
2351 5490 2698 5549 Leodicensis
2729 5505 2800 5566 ex
2825 5483 3198 5565 muniﬁcentia
3242 5479 3581 5553 imperatoris
3599 5476 3690 5528 Ar-

1713 5641 1945 5698 VARIJE
1986 5636 2114 5694 LEC
2123 5633 2390 5692 TIONES.

511 5753 579 5787 ’π
623 5771 693 5810 no
724 5756 967 5815 deletum.
1049 5762 1116 5793 7”
1151 5761 1264 5830 jam
1291 5759 1559 5816 alrlatatus
1591 5775 1745 5814 manu
1771 5753 2072 5827 posteriori.
2150 5750 2220 5786 τ³⁹
2255 5748 2338 5802 hic
2370 5743 2553 5827 littera
2575 5760 2678 5800 una
2707 5740 2935 5799 alterave
2963 5739 3174 5817 abroso.
3229 5733 3329 5804 j”
3356 5729 3521 5788 πεπιειὶ
3547 5743 3588 5780 ει
