3906 6316
192 329 281 393 609

1163 319 1386 388 ΕΕΞΤΑ
1423 315 1749 372 ABBATUM
1781 313 2381 372 CRMBLACENSIUM.

3309 319 3424 374 δια

191 435 314 508 num
347 430 666 515 impetravit,
693 445 747 495 et
782 444 904 510 post
955 449 1081 491 eum
1132 435 1458 505 Stephanus,
1496 431 1620 487 inde
1650 431 1739 484 Ri-
1766 434 1807 494 Α
1837 429 2090 496 hellione,
2116 430 2162 484 si
2198 431 2391 485 tradita
2446 430 2741 488 venerabili
2779 431 2896 491 viro
2952 437 3261 496 animarum
3287 455 3426 498 cura

191 537 408 602 eharius,
436 541 557 604 post
588 546 714 586 eum
740 519 933 599 Uhogo
959 535 1012 582 et
1035 525 1384 592 Farabertus,
1411 539 1621 590 omnes,
1653 523 1738 577 in-

185 643 351 701 quam,
376 625 464 682 isti
480 625 606 680 dum
647 621 860 692 magnis
891 619 1120 673 abbatiae
1144 618 1404 672 reditibus
1427 631 1611 671 carere
1633 630 1734 669 no-

186 712 350 777 lebant
372 726 424 773 et
454 714 829 787 pr0posituras
878 727 1014 781 quas
1051 711 1154 765 sub
1184 710 1403 764 nomine
1441 717 1495 762 et
1540 708 1736 762 merito

190 809 485 874 ybedientize
533 805 806 876 religiosis
839 811 894 858 et
931 801 1200 856 timoratis
1240 799 1371 854 viris
1399 797 1737 854 committere

183 902 447 966 debebant,
486 897 646 969 quasi
689 896 998 950 rusticanas
1028 893 1388 948 villicationes
1415 891 1484 924 ⁷³¹
1524 907 1735 945 annua-

185 995 270 1049 tim
308 992 489 1062 precio
531 989 736 1044 dabant
779 995 834 1041 et
877 985 1209 1050 adimebant,
1259 984 1443 1038 omnia
1471 982 1651 1037 divina
1685 991 1739 1037 et

183 1087 400 1144 humana
446 1082 520 1136 ibi
567 1079 945 1145 confuderant,
993 1077 1178 1132 omnia
1215 1083 1402 1131 sancta
1432 1083 1485 1130 et
1509 1073 1736 1144 profana

179 1177 468 1249 promiscua
510 1172 698 1228 haberi
728 1171 990 1236 fecerant,
1021 1177 1075 1224 et
1112 1169 1185 1223 ita
1239 1166 1535 1223 miserabili
1578 1166 1738 1221 modo

179 1284 290 1340 quae
311 1268 415 1323 sibi
451 1267 607 1321 lucro
633 1279 756 1319 esse
788 1262 1072 1333 putabant,
1107 1261 1175 1315 ad
1198 1260 1504 1314 animarum
1539 1259 1736 1314 damna

181 1360 301 1416 verti
321 1358 739 1430 vilipendebant.
767 1353 871 1410 Ubi
894 1353 1040 1408 enim
1074 1353 1252 1422 primo
1280 1351 1567 1422 pecuniam
1596 1366 1738 1420 qua}-

181 1453 382 1508 rendam
418 1465 542 1505 esse
592 1447 1017 1519 proponebatur,
1049 1445 1159 1500 scis
1198 1442 1442 1515 profecto
1470 1443 1597 1512 quia
1626 1443 1737 1496 vir-

177 1553 256 1599 tus
294 1554 412 1612 post
455 1555 712 1595 nummos
745 1538 1067 1609 ponebatur.
1108 1535 1365 1607 (Horum)
1409 1533 1511 1588 Ubi
1552 1535 1736 1590 nullus

179 1637 338 1690 honor
362 1635 548 1692 virtuti
579 1641 717 1699 erat,
747 1647 869 1702 qua:
894 1647 1019 1702 spes
1041 1631 1186 1686 bona
1216 1645 1337 1685 esse
1365 1629 1613 1698 poterat?
1633 1626 1737 1699 lgi-

178 1737 256 1782 tur
274 1727 458 1782 fratres
492 1741 619 1782 cum
646 1724 850 1780 nollent
875 1723 942 1777 ad
965 1721 1323 1778 correctionis
1357 1719 1734 1776 rectitudinem

179 1817 382 1884 reverti,
419 1831 516 1887 per
557 1816 746 1870 omnia
791 1824 846 1869 et
892 1814 947 1867 in
992 1812 1247 1867 omnibus
1305 1811 1736 1867 adversabantur

178 1907 384 1979 predicti
427 1907 530 1961 viri
581 1905 870 1972 voluntati,
911 1904 1211 1958 clamantes
1244 1911 1299 1958 et
1339 1913 1736 1973 conquerentes

177 2014 254 2054 res
271 2013 390 2055 suas
409 1998 478 2053 ab
497 2013 564 2053 eo
586 1998 811 2068 prodige
831 1995 1119 2066 dilapidari
1145 2005 1198 2050 et
1227 1997 1586 2051 substantiam
1615 2011 1735 2049 mo-

178 2088 379 2144 nasterii
405 2088 760 2143 immoderate
781 2085 835 2141 in
863 2085 1108 2143 obsoniis
1124 2087 1448 2142 secularium
1471 2101 1735 2156 persona-

179 2195 284 2234 rum
311 2181 617 2250 exstirpari,
652 2190 706 2234 et
750 2179 990 2234 maxime
1027 2178 1080 2232 in
1115 2179 1339 2233 servitio
1365 2178 1583 2234 comitis
1622 2176 1734 2232 Ra-

178 2271 348 2342 gineri.
390 2270 504 2327 Hoc
533 2271 758 2326 nomine
799 2270 1150 2341 pretegebant
1181 2269 1397 2339 culpam
1423 2285 1602 2336 suam,
1632 2270 1734 2325 ob-

179 2360 248 2416 liti
292 2361 433 2416 illam
475 2361 830 2428 sententiam,
877 2375 986 2430 qua
1033 2367 1257 2415 sanctus
1286 2358 1613 2415 Benedictus
1639 2376 1738 2415 nos

179 2452 471 2523 regulariter
496 2452 761 2508 informat
793 2468 805 2503 :
838 2459 962 2506 ante
986 2451 1169 2506 omnia
1199 2466 1266 2506 ne
1288 2452 1739 2507 murmurationis

181 2545 358 2599 malum
387 2545 778 2616 qualicumque
808 2545 977 2599 verbo
1000 2552 1095 2598 aut
1128 2543 1284 2614 signo
1315 2551 1591 2613 appareat.
1633 2543 1738 2599 Sed

179 2634 251 2688 vir
291 2634 379 2690 Dei
420 2637 618 2691 doetus
667 2635 721 2690 in
779 2634 1042 2705 patientia
1089 2649 1187 2689 sua
1237 2633 1440 2688 habere
1497 2633 1738 2688 animam

180 2741 334 2794 suam,
365 2738 518 2784 scuto
571 2727 898 2783 humilitatis
921 2734 976 2781 et
999 2726 1270 2797 patientiae
1299 2734 1596 2796 protectus,
1622 2742 1740 2799 omn

182 2836 286 2876 nem
311 2824 696 2878 adversitatum
726 2821 1027 2878 sustinebat
1049 2821 1375 2876 molestiam.
1411 2804 1515 2875 Sed
1537 2828 1740 2890 quanta

181 2923 227 2968 et
246 2916 410 2986 qualia
432 2916 640 2972 fuerint
663 2932 785 2986 qua:
811 2914 1114 2984 pertulerit,
1150 2929 1216 2968 ex
1243 2913 1463 2982 scriptis
1484 2911 1740 2982 Fulquini

182 3003 367 3060 abbatis
390 3006 619 3076 intelligi
649 3004 869 3076 poterit.
901 3002 1142 3074 Contigit
1171 3002 1410 3056 instante
1436 3001 1739 3056 vindemia-

1839 522 1942 576 sub
1971 521 2182 577 abbatis
2209 523 2430 578 nomine
2461 522 2667 580 Christi
2693 526 2840 582 vices
2864 527 3018 583 illum
3053 529 3106 583 in
3137 542 3422 588 monaste-

1837 615 1921 669 rio
1945 615 2190 669 viderent
2233 631 2412 685 agere,
2446 619 2850 674 communicato
2881 623 3112 675 consilio
3146 639 3271 678 cum
3291 624 3423 678 Bal-

1837 706 1990 761 drico
2042 707 2301 777 episcopo
2331 717 2384 762 et
2406 707 2819 767 Cameracensis
2868 712 3103 768 diocesis
3164 716 3421 785 praesule,

1837 813 1999 868 quem
2031 798 2183 868 prius
2219 799 2585 855 honoraverat
2633 803 2736 857 sub
2769 803 2996 873 majoris
3036 808 3293 876 propositi
3321 824 3422 863 no-

1837 890 2005 957 mine,
2045 890 2258 945 abbatis
2283 891 2333 944 ei
2364 907 2551 946 curam
2590 902 2646 948 et
2671 895 3067 963 providentiam
3095 913 3206 952 non
3239 901 3421 955 timuit

1837 982 2197 1036 committere.
2239 979 2371 1048 Quae
2411 998 2498 1038 res
2543 998 2701 1039 secus
2745 1000 2808 1040 ac
2856 994 3008 1041 ratus
3041 997 3159 1042 erat
3201 990 3420 1045 accidit.

1839 1071 1994 1128 Unde
2038 1073 2184 1128 enim
2226 1075 2455 1129 credidit
2488 1091 2546 1130 se
2567 1077 2639 1108 ⁷³³
2671 1079 2850 1147 sopire
2886 1079 2995 1134 odii
3038 1089 3093 1134 et
3124 1081 3424 1139 inimicitia:

1839 1163 2108 1233 flammas,
2137 1167 2263 1220 inde
2307 1169 2544 1238 majores
2572 1178 2626 1224 et
2657 1171 3081 1240 periculosiores
3125 1173 3261 1228 aluit
3290 1176 3416 1233 mali

1838 1257 2124 1312 scintillas.
2151 1256 2393 1312 Tandem
2449 1259 2538 1314 ille
2569 1260 2636 1314 ad
2667 1261 2880 1316 abbatis
2904 1263 3084 1317 locum
3113 1275 3411 1333 promotus,

1838 1363 2030 1404 omnes
2051 1357 2232 1419 preter
2252 1365 2456 1420 paucos
2471 1367 2501 1406 a
2523 1353 2859 1408 monasterio
2878 1355 3104 1410 eductos
3125 1355 3292 1410 alium
3315 1357 3419 1414 alio

1836 1439 2113 1510 dispersit.
2161 1439 2318 1508 Quod
2366 1444 2585 1514 quidem
2640 1443 2844 1500 fecerat
2885 1446 3184 1502 secundum
3231 1463 3422 1505 eorum

1837 1533 2246 1588 extimationem
2303 1550 2405 1604 pro
2433 1550 2499 1606 eo
2526 1537 2670 1607 quod
2706 1553 2800 1592 eos
2843 1549 3128 1609 suspectos
3166 1541 3422 1611 habebat,

1837 1640 1937 1680 nec
1959 1624 2084 1681 vitae
2111 1642 2224 1682 suae
2263 1628 2396 1683 satis
2439 1631 2694 1686 credulus
2735 1641 2873 1699 erat,
2897 1635 3195 1690 secundum
3239 1647 3421 1693 autem

1837 1711 1916 1767 rei
1943 1713 2227 1768 veritatem
2253 1729 2352 1783 pro
2376 1730 2441 1770 eo
2471 1726 2530 1771 ut
2554 1717 2608 1771 in
2651 1719 2774 1773 aliis
2802 1720 2940 1776 locis
2960 1723 3221 1792 paulatim
3248 1726 3422 1782 asueti

1837 1805 2138 1875 disciplina:
2172 1809 2440 1880 regularis
2464 1811 2618 1883 jugo,
2647 1827 2678 1866 a
2705 1824 2980 1871 consuetae
3009 1817 3244 1874 levitatis
3263 1821 3421 1874 vadi-

1835 1907 1946 1954 tate
1967 1899 2355 1956 desuescereut
2390 1903 2761 1973 aliquomodo.
2814 1905 2918 1962 Sed
2952 1909 3100 1963 nullo
3137 1911 3299 1966 modo
3328 1927 3423 1967 eos

1837 1994 2013 2061 potuit
2042 1994 2127 2049 vel
2157 1993 2250 2049 Dei
2295 1995 2458 2051 timor
2503 1997 2799 2069 subjugare
2844 2000 2930 2054 vel
2967 2017 3070 2056 suo
3104 2017 3200 2057 eos
3246 2005 3424 2059 amori

1838 2084 2131 2153 applicare.
2171 2085 2276 2140 Alii
2301 2086 2394 2156 qui
2439 2087 2493 2141 in
2526 2088 2646 2144 loco
2672 2097 2830 2144 erant
2860 2091 3089 2159 residui,
3120 2092 3394 2164 intelligen
3414 2124 3426 2136 -

1836 2184 1920 2230 tes
1942 2176 2079 2230 nihil
2103 2176 2208 2232 loci
2240 2179 2494 2234 relictum
2524 2195 2645 2236 esse
2669 2198 2783 2238 suae
2820 2182 3044 2240 desidiae
3067 2193 3121 2240 et
3149 2195 3427 2243 consuetae

1837 2267 1931 2322 diu
1954 2268 2206 2336 licentiae,
2260 2270 2458 2326 irritati
2511 2272 2625 2342 ipsa
2663 2273 3060 2346 desperationis
3107 2279 3425 2346 acerbitate,

1839 2374 1948 2413 non
1997 2360 2298 2416 timuerunt
2349 2363 2512 2418 etiam
2547 2366 2614 2420 de
2670 2367 2790 2437 ejus
2827 2371 3014 2425 morte
3067 2380 3320 2427 tractare.
3349 2371 3428 2428 Ne

1837 2449 2056 2521 longius
2091 2467 2402 2508 sermonem
2452 2457 2792 2526 protraham,
2822 2470 2931 2515 tres
2982 2476 3175 2516 eorum
3226 2463 3428 2533 quibus

1839 2542 2142 2598 nobilitatis
2171 2544 2384 2600 vanitas
2413 2555 2466 2600 et
2495 2545 2735 2617 juventae
2774 2551 2961 2617 robur,
2994 2551 3428 2622 propinquorum

1838 2633 2004 2687 etiam
2037 2648 2298 2690 assensus
2326 2637 2720 2706 promptiorem
2771 2639 3077 2710 ingesserat
3119 2644 3426 2709 audaciam,

1840 2741 1966 2780 cum
2017 2741 2216 2798 magno
2259 2739 2315 2782 et
2364 2729 2498 2785 satis
2541 2731 2692 2802 gravi
2739 2732 2951 2788 ordinis
2986 2742 3038 2788 et
3070 2733 3431 2804 professionis

1839 2817 2083 2900 periculo
2132 2819 2518 2875 dormitorium
2566 2832 2730 2877 noctu
2789 2825 3198 2896 aggrediuntur,
3249 2824 3432 2894 ipsum

1839 2910 2155 2978 extrahunt,
2185 2920 2238 2966 et
2260 2922 2597 2982 protractum
2627 2925 2780 2970 extra
2804 2915 3070 2970 ambitum
3095 2914 3320 2969 claustri
3346 2915 3433 2968 in-

1841 3001 2079 3057 humane
2111 3011 2368 3070 tractant,
2399 3003 2574 3059 oculis
2613 3005 2852 3074 privam,
2898 3016 3107 3075 partem
3139 3003 3303 3060 etiam
3334 3004 3434 3058 lin-

182 3110 285 3152 rum
309 3106 567 3168 tempore,
603 3095 1067 3166 Ququerentibus
1088 3095 1155 3149 de
1193 3109 1259 3148 eo
1280 3092 1541 3147 fratribus
1564 3104 1616 3148 et
1641 3093 1738 3146 tri-
1765 3119 1809 3181 ε
1844 3111 1965 3167 guae
2007 3105 2314 3165 amputant,
2366 3110 2477 3151 non
2515 3104 2698 3150 tamen
2735 3097 2995 3167 loquendi
3041 3095 3217 3152 ofﬁcio
3247 3105 3301 3152 et
3326 3112 3433 3152 usu

181 3190 435 3245 stenescio
457 3188 595 3261 quid
639 3185 1140 3254 confabulantibus,
1181 3188 1533 3258 supervenire
1555 3186 1736 3240 Erlui-

181 3290 310 3345 num,
332 3280 488 3350 quem
519 3285 676 3333 tanta
702 3277 850 3332 caede
878 3275 1106 3333 fustium
1131 3277 1347 3331 multati
1367 3285 1515 3342 sunt,
1541 3283 1600 3330 ut
1620 3291 1739 3328 om-

182 3366 292 3423 nino
316 3369 662 3424 exanimatus
709 3367 1042 3423 crederetur.
1071 3367 1177 3424 Sed
1199 3367 1292 3423 ubi
1314 3368 1584 3438 persensit
1618 3367 1740 3421 illos

182 3453 501 3528 abscessisse,
535 3458 826 3530 paululum
870 3458 1148 3528 respirans
1171 3466 1226 3514 et
1249 3457 1425 3514 oculis
1445 3443 1736 3527 palpitans,

183 3549 408 3607 subduxit
430 3567 507 3609 se.
537 3550 656 3607 Nec
676 3551 851 3606 multo
876 3558 1002 3620 post
1018 3550 1308 3621 insperatis
1333 3551 1590 3605 omnibus
1611 3565 1736 3606 cum

183 3640 422 3711 adiutorio
457 3641 725 3698 Bernardi
773 3641 1028 3696 advocati
1066 3641 1133 3697 ad
1188 3641 1375 3696 villam
1419 3643 1736 3697 monasterii

185 3729 489 3790 Hercliacum
520 3735 727 3790 dictam
763 3732 1151 3803 proficiscitur.
1181 3732 1313 3789 Post
1357 3735 1474 3789 haec
1504 3733 1740 3804 Ragine—

183 3837 286 3880 rum
314 3827 558 3883 comitem
593 3841 721 3882 cum
759 3825 1290 3896 Baldrico‘episcOpo
1311 3833 1374 3882 ut
1400 3827 1738 3883 nativitatem

183 3913 373 3973 Domini
399 3918 592 3975 Lobiis
615 3917 890 3974 celebrent
918 3917 1175 3988 precibus
1197 3918 1373 3989 cogit;
1397 3919 1543 3989 quod
1569 3928 1622 3974 et
1642 3934 1741 3990 op-

182 4005 341 4063 tinuit.
385 4007 538 4076 Quod
570 4007 837 4062 fratribus
892 4008 1150 4062 omnibus
1183 4009 1409 4066 omnino
1450 4009 1628 4064 visum
1658 4019 1740 4064 est

184 4098 326 4155 nimis
370 4101 744 4172 vituperabile,
771 4107 827 4155 et
853 4100 909 4154 in
936 4100 1181 4156 obsoniis
1214 4116 1405 4156 eorum
1452 4117 1550 4158 sua
1577 4101 1741 4158 nimis

184 4187 387 4246 distrahi
436 4192 800 4260 intolerabile,
843 4200 898 4247 et
917 4193 1039 4248 loca
1067 4202 1255 4250 sancta
1314 4193 1740 4249 indiﬂ‘erentera

186 4281 495 4338 secularibus
550 4283 892 4353 frequentari
919 4283 1052 4339 satis
1096 4284 1462 4354 importabile.
1492 4285 1726 4342 Percele-

186 4369 316 4427 brata
360 4375 541 4446 itaque
591 4375 907 4430 natalicium
953 4375 1166 4430 dierum
1200 4385 1387 4431 sancta
1430 4377 1742 4434 celebritate

1839 3205 1964 3249 eum
1992 3189 2228 3258 privant.
2271 3186 2386 3241 Hoc
2429 3195 2611 3242 actum
2641 3196 2723 3242 est
2758 3189 2844 3242 15.
2880 3186 3152 3243 Kalendas
3189 3186 3430 3242 Novem-

1838 3282 1954 3338 bris
1992 3279 2126 3335 9570
2171 3293 2316 3332 anno
2359 3277 2648 3332 dominica:
2701 3277 3098 3333 incarnationis
3131 3275 3299 3350 (895).
3339 3276 3434 3332 llle

1842 3370 2020 3425 taliter
2043 3367 2426 3441 martyrizatus
2467 3376 2526 3421 ut
2555 3366 2690 3421 nihil
2716 3367 2872 3421 bona:
2902 3367 3017 3436 spei
3040 3368 3182 3422 inter
3203 3383 3298 3423 eos
3327 3367 3434 3423 sibi

1842 3477 2129 3534 superesse
2175 3475 2300 3515 sero
2353 3458 2639 3525 intellexit,
2675 3459 2896 3514 tandem
2944 3459 3133 3515 cessit.
3182 3457 3321 3514 Nam
3357 3460 3434 3514 ita

1841 3556 2035 3610 debilis
2075 3562 2129 3609 et
2167 3553 2489 3609 exoculatus
2531 3552 2658 3606 navi
2714 3541 3046 3622 imponitur.
3082 3551 3434 3608 Ccmmelaus

1841 3646 2108 3701 evehitur.
2149 3643 2260 3699 Nec
2305 3652 2486 3698 tamen
2515 3643 2605 3698 hic
2641 3643 2797 3698 labor
2821 3643 2957 3715 justi
2989 3644 3093 3698 viri
3119 3660 3216 3714 per
3248 3645 3433 3700 omnia

1842 3737 2218 3792 infructuosus
2265 3733 2389 3802 fuit,
2427 3734 2522 3789 sed
2551 3732 2756 3790 Christi
2785 3735 2964 3790 bonus
3001 3734 3158 3802 odor,
3187 3735 3282 3806 qui
3307 3734 3434 3791 aliis

1842 3829 1979 3885 odor
2022 3827 2216 3882 mortis
2247 3827 2316 3881 ad
2357 3834 2615 3893 mortem,
2667 3826 2790 3881 aliis
2819 3825 2958 3882 odor
2997 3826 3124 3881 vitae
3151 3826 3217 3881 ad
3265 3826 3433 3880 vitam

1843 3919 1966 3987 fuit,
1991 3921 2102 3975 vim
2126 3917 2516 3975 benevolentiae
2534 3927 2589 3973 et
2611 3917 2949 3974 fortitudinis
2969 3934 3082 3974 sua:
3101 3917 3306 3989 passim
3329 3917 3436 3973 dif-

1843 4012 2001 4068 fudit.
2049 4010 2185 4066 Nam
2236 4019 2528 4082 postquam
2581 4025 2679 4080 per
2726 4009 3153 4083 incorrigibilem
3201 4009 3435 4065 fratrum
3516 4028 3526 4035 '

1842 4103 2115 4157 levitatem
2163 4101 2342 4172 palam
2375 4109 2460 4156 est
2489 4101 2890 4170 deprehensum
2951 4100 3149 4157 fratres
3180 4102 3299 4156 sine
3329 4099 3429 4154 ab-

1843 4196 1986 4251 batis
2009 4196 2312 4266 prelatione
2347 4195 2542 4265 degere
2570 4210 2735 4265 quam
2761 4194 2833 4249 sit
2859 4193 3247 4264 periculosum,
3281 4193 3437 4248 dein-

1843 4303 1971 4356 ceps
1993 4288 2096 4342 sub
2120 4287 2316 4344 abbate
2356 4302 2453 4342 eos
2486 4301 2646 4356 agere
2677 4286 3006 4356 permissum
3033 4295 3138 4352 est,
3169 4295 3223 4340 et
3244 4286 3438 4340 restri-

1844 4384 1929 4430 cta
1953 4376 2168 4429 levitate
2207 4374 2438 4428 fratrum
2489 4383 2665 4429 status
2699 4383 2900 4428 sanctae
2940 4374 3219 4444 religionis
3262 4374 3438 4429 refor—

185 4460 266 4516 ubi
288 4465 584 4524 discessum
612 4475 714 4534 est,
739 4465 936 4522 fratres
962 4467 1064 4523 sibi
1088 4483 1186 4523 sua
1213 4469 1387 4523 minui
1415 4477 1470 4524 et
1492 4471 1740 4526 subtrahi
1772 4475 1815 4532 υ
1844 4476 2025 4521 matus
2052 4476 2169 4533 est;
2217 4483 2304 4522 res
2327 4467 2491 4520 etiam
2535 4482 2724 4520 eorum
2753 4482 2874 4535 quae
2923 4482 3022 4535 per
3070 4465 3354 4521 avaritiam
3382 4476 3440 4523 et

187 4551 234 4606 in
279 4570 557 4616 commune
605 4559 912 4631 deplorant.
961 4559 1253 4630 Assumpta
1301 4561 1469 4632 igitur
1516 4564 1744 4618 audacia

185 4641 433 4707 Fontanas
474 4651 684 4716 villam,
724 4665 889 4722 quam
915 4647 1144 4706 Sambra
1182 4651 1356 4718 alluit,
1387 4661 1596 4722 petunt,
1623 4652 1747 4708 inde

186 4748 421 4804 quantum
451 4743 562 4797 vini
594 4743 667 4797 ibi
697 4743 976 4798 inventum
1014 4753 1097 4798 est
1123 4745 1419 4801 abducunt.
1462 4743 1746 4800 Profectus

186 4835 300 4885 tunc
324 4830 496 4888 fuerat
523 4833 784 4890 Erluinus
818 4835 888 4890 ad
933 4835 1115 4889 villam
1149 4835 1542 4892 Bermcriacas.
1572 4835 1745 4903 Quem

187 4915 360 4980 fratres
387 4941 508 4982 cum
543 4927 696 4983 omni
737 4927 945 4982 familia
988 4935 1045 4982 et
1073 4928 1310 4983 maxima
1339 4929 1521 4998 populi
1553 4930 1742 4984 multi-

189 5012 351 5071 tudine
401 5019 784 5090 insequuntur.
839 5017 916 5074 lbi
941 5035 1136 5074 rursus
1169 5020 1221 5073 in
1271 5035 1395 5074 eum
1423 5029 1572 5075 tanta
1598 5022 1742 5076 caede

188 5101 556 5177 debacbantur,
584 5121 644 5165 ut
670 5111 869 5165 mirum
905 5110 1068 5165 fuerit
1097 5111 1244 5181 quod
1295 5121 1524 5166 mortem
1560 5128 1744 5203 evage-

186 5193 266 5251 rit.
294 5195 399 5255 Nec
426 5209 609 5258 tamen
633 5204 756 5259 ideo
781 5204 990 5260 destitit
1024 5204 1240 5260 comitis
1267 5203 1524 5277 Ragineri
1555 5193 1746 5275 potEn-

189 5285 271 5355 tia,
292 5295 713 5352 nec-constantis
731 5295 786 5350 in
811 5293 924 5352 Deo
957 5297 1060 5351 viri
1085 5298 1514 5367 perseverantia.
1540 5296 1746 5354 Putans

191 5376 317 5434 enim
335 5383 477 5454 quod
503 5385 765 5441 malesani
803 5385 1000 5442 fratres
1027 5388 1352 5443 desisterent
1395 5405 1425 5443 a
1464 5398 1618 5459 cepta
1657 5405 1745 5444 re-

1847 4559 2201 4616 ambitionem
2248 4559 2520 4630 majorum
2566 4559 2956 4629 dissipabatur,
2990 4561 3056 4616 ad
3089 4577 3436 4617 communem

1845 4652 2078 4708 fratrum
2110 4651 2399 4707 utilitatem
2424 4651 2728 4706 ordinatius
2757 4652 2994 4707 stabilita
3017 4660 3120 4707 est.

1921 4745 2008 4800 l6.
2055 4744 2243 4800 Liceat
2288 4745 2376 4800 hic
2420 4743 2701 4813 paululum
2756 4759 2941 4799 rerum
2999 4745 3438 4801 convenientiam

1849 4837 2223 4903 considerare,
2274 4845 2328 4892 et
2355 4851 2468 4890 rem
2503 4836 2580 4891 rei
2607 4853 2944 4906 comparare.
2973 4836 3067 4892 Vir
3108 4839 3209 4894 iste
3234 4839 3302 4893 de
3325 4854 3440 4908 quo

1850 4931 2068 5002 agimus
2091 4930 2294 5000 aliquid
2334 4931 2510 4985 simile
2561 4947 2685 4986 cum
2724 4931 3031 5003 legislatore
3062 4941 3278 4998 nostro,
3304 4919 3436 4984 san-

1849 5031 1938 5078 cto
1974 5023 2180 5078 scilicet
2223 5021 2718 5090 Bcnedicto,-fecit,
2756 5021 2960 5092 aliquid
2986 5023 3163 5078 simile
3193 5020 3438 5091 pertulit,

1849 5122 1905 5169 et
1939 5114 2059 5171 ideo
2085 5123 2148 5170 ut
2171 5107 2468 5181 credimus,
2511 5115 2556 5169 si
2592 5131 2757 5184 parva
2785 5115 2998 5187 magnis
3019 5127 3346 5184 componere
3370 5111 3438 5164 li-

1853 5207 2016 5273 cebit,
2045 5207 2209 5264 etiam
2259 5208 2314 5262 in
2354 5209 2795 5263 remuneratione
2837 5208 3085 5262 laborum
3125 5203 3330 5276 aliquid
3353 5202 3436 5259 si-

1855 5297 1981 5350 mile
2005 5313 2129 5352 cum
2159 5297 2251 5352 illo
2291 5298 2533 5365 habebit,
2581 5297 2740 5367 cujus
2777 5296 2892 5366 ipse
2939 5294 3161 5350 sedulus
3195 5293 3440 5348 imitator

1855 5390 2052 5443 extitit.
2106 5388 2398 5461 Exemplar
2428 5391 2498 5422 ⁷³³
2545 5390 2668 5445 vita:
2714 5397 2917 5444 nostra:
2947 5397 3171 5443 sanctus
3207 5383 3440 5442 Benedi-

1452 5483 1688 5539 VARlAi
1730 5483 2134 5540 LECTIONES.

250 5556 314 5592 '“
333 5563 471 5621 vilic.
493 5585 522 5624 ε
550 5586 711 5627 corr..
787 5572 859 5604 ’⁷³⁸
883 5588 942 5629 se
960 5590 1192 5630 erasum.
1275 5576 1346 5609 ⁷³⁸
1375 5575 1552 5645 mplar
1579 5592 1606 5630 e
1635 5591 1774 5629 corr.

1664 5665 1895 5721 NOTAE.

1664 5665 1803 5721 NOT
1882 5707 1895 5721 .

255 5739 393 5818 (895)
417 5751 629 5808 Auctar.
654 5753 1044 5813 Gemblaeense
1065 5773 1116 5813 a.
1143 5760 1248 5816 958
1282 5760 1492 5830 scribit,
1516 5759 1609 5818 sed
1638 5665 1874 5817 nostro43
1851 5760 2026 5833 major
2047 5760 2201 5817 fides.
