3906 6316
471 304 570 362 ﬁll

1647 293 2006 361 SIGEBERTI
2044 289 2456 350 GEMBLACEN
2465 288 2567 360 SlS

471 429 595 481 ctus
623 419 753 476 olim
781 415 946 475 unius
966 415 1286 474 monasterii
1306 413 1503 470 fratres
1524 411 1590 466 ad
1609 411 1903 482 regendum
1926 423 2053 465 sus-
2082 411 2128 470 Α
2158 404 2382 460 lationis
2412 404 2629 474 sepiens
2656 403 2960 475 peccatoris
2982 404 3145 475 viam,
3174 421 3274 479 per
3295 406 3521 465 invitam
3545 425 3732 470 neces-

469 510 633 580 cepit,
666 525 807 581 quos
835 495 1205 565 exorbitantes
1250 523 1282 563 a
1310 503 1546 576 regulari
1572 503 1679 570 via,
1701 502 1831 573 quia
1857 500 1925 554 ad
1953 500 2059 555 iter

465 601 696 672 iustitiae
716 603 996 658 retrahere
1020 617 1130 658 non
1147 600 1345 672 potuit,
1373 597 1554 669 quoad
1578 596 1755 666 potuit
1783 593 2057 662 toleravit,

469 709 636 764 quam
694 694 957 748 intentius
982 692 1153 747 valuit
1191 691 1467 761 corrigere
1497 687 1784 743 laboravit.
1813 684 2059 753 Quorum

469 786 654 855 putria
676 786 861 840 ulcera
889 784 982 840 ubi
1014 784 1187 840 sensit
1209 781 1358 838 nullo
1384 780 1669 836 medicinae
1694 778 1942 833 fomento
1972 792 2062 833 sa-

471 877 616 942 nari,
669 877 764 931 sed
789 891 886 931 eos
919 876 1231 931 econtrario
1259 874 1327 928 ad
1360 872 1617 928 frenesim
1652 886 1827 943 usque
1858 870 1935 925 ita
1964 885 2060 924 ex-

471 967 736 1037 asperari,
768 976 828 1021 ut
870 967 1032 1021 etiam
1066 973 1299 1020 tractare
1329 979 1439 1019 non
1477 963 1728 1018 timerent
1771 962 1840 1017 de
1883 970 2062 1017 morte

473 1055 694 1123 medici,
730 1057 852 1112 illos
893 1057 1150 1112 dimissos
1181 1054 1434 1126 permisit
1461 1059 1604 1114 viam
1632 1068 1787 1109 suam
1817 1051 2057 1123 ingredi;

472 1147 592 1217 ipse
627 1163 812 1202 secum
846 1148 1102 1202 habitans
1154 1146 1390 1216 quesivit
1443 1144 1535 1199 ubi
1572 1143 1927 1199 fructuosiori
1978 1144 2062 1197 in-

471 1245 642 1294 staret
671 1237 862 1293 labori.
901 1236 980 1291 lta
1001 1237 1164 1292 etiam
1194 1237 1296 1292 iste
1317 1244 1506 1290 noster
1530 1242 1816 1304 susceptos
1843 1232 2059 1298 fratres,

471 1347 612 1400 quos
641 1340 834 1386 contra
865 1345 924 1386 se
946 1329 1236 1384 unanimes
1257 1328 1311 1382 in
1342 1327 1489 1382 malo
1518 1326 1671 1393 vidit,
1704 1327 2064 1396 quandiupo-

471 1422 577 1476 tuit
600 1423 763 1477 etiam
789 1438 915 1481 cum
942 1422 1147 1477 damno
1169 1429 1222 1476 et
1246 1419 1488 1490 periculo
1512 1434 1614 1475 suo
1643 1419 1912 1490 patienter
1939 1433 2064 1472 sus-

472 1513 656 1568 tinuit.
684 1513 755 1567 At
794 1513 887 1568 ubi
933 1512 1206 1584 persensit
1237 1512 1361 1566 illos
1388 1510 1553 1565 etiam
1583 1519 1816 1566 mortem
1843 1508 2057 1564 anima-

473 1620 599 1658 rum
651 1620 876 1660 suarum
929 1604 1282 1674 vilipendere,
1315 1602 1614 1658 dummodo
1643 1602 1796 1657 illum
1842 1608 2066 1678 possent

474 1696 811 1763 interimere,
839 1696 943 1751 sibi
967 1696 1093 1751 licet
1117 1710 1240 1751 sero
1263 1694 1558 1762 consuluit,
1587 1701 1642 1749 et
1666 1693 1773 1750 illis
1809 1693 2062 1764 aliquan-

475 1789 652 1843 tulum
697 1789 960 1859 pepercit,
1013 1788 1236 1859 quando
1276 1803 1345 1842 ne
1374 1789 1555 1844 denuo
1585 1787 1654 1842 ab
1675 1787 1754 1842 eis
1783 1786 2062 1856 impetitus

474 1879 743 1944 interiret,
775 1879 844 1933 ab
866 1894 1057 1933 eorum
1082 1879 1337 1933 manibus
1363 1894 1422 1934 se
1451 1877 1730 1933 subduxit.
1760 1875 1838 1930 llli
1869 1885 2062 1932 sancto

475 1969 766 2025 Benedicto
793 1969 1068 2024 occultum
1095 1969 1289 2024 veneni
1312 1969 1622 2040 ingerentes
1659 1967 1938 2038 poculum,
1965 1967 2064 2022 ob-

475 2061 658 2116 velare
683 2061 973 2116 voluerunt
1005 2059 1245 2115 infamia;
1289 2059 1668 2129 opprobrium;
1698 2059 1929 2114 istorum
1959 2057 2062 2112 im-

475 2153 678 2222 pudica
707 2153 933 2207 libertas
959 2160 1150 2221 aperto
1180 2151 1398 2206 crimini
1417 2150 1625 2204 nullum
1655 2149 1910 2220 quaesivit
1941 2163 2064 2202 um-

475 2243 784 2298 braculum.
808 2241 920 2298 Nos
951 2243 1066 2298 haec
1109 2243 1484 2312 relinquamus
1517 2241 1573 2296 in
1602 2241 1802 2308 medio,
1828 2240 2062 2295 aliorum

475 2336 780 2391 estimanda
798 2337 1027 2406 judicio.

551 2427 637 2482 l7.
692 2427 896 2484 Servus
943 2428 1037 2485 Dei
1082 2429 1150 2484 ad
1188 2428 1586 2485 monasterium
1620 2426 2065 2483 Gemmelacense

475 2534 756 2587 reversus,
780 2536 840 2575 re
868 2522 985 2591 ipsa
1016 2529 1272 2591 expertus
1316 2536 1411 2590 per
1437 2520 1641 2576 multas
1682 2519 2064 2574 tribulationes

477 2625 707 2681 regnum
739 2609 834 2666 Dei
879 2612 1062 2682 parari
1094 2612 1365 2678 ﬁdelibus,
1394 2610 1840 2681 contemplationi
1865 2618 1920 2666 et
1940 2610 2066 2664 reli-

477 2701 656 2772 gionis
682 2702 869 2772 pietati
917 2718 984 2758 eo
1020 2703 1249 2758 vacabat
1292 2704 1643 2774 propensius,
1669 2719 1780 2774 quo
1815 2703 1952 2757 nihil
1973 2717 2066 2772 pe-

478 2808 548 2846 ne
568 2792 618 2846 ei
647 2793 924 2849 arridebat
965 2794 1226 2860 exterius,
1252 2809 1348 2864 per
1389 2794 1536 2863 quod
1561 2794 1676 2864 jam
1705 2793 1896 2848 mundi
1919 2792 2069 2847 blan-

478 2883 628 2937 ditiis
674 2893 859 2954 posset
907 2885 1241 2940 commoveri
1283 2885 1650 2955 aliquatenus.
1695 2883 1807 2939 Nec
1833 2883 2066 2938 multum

480 2974 777 3029 dolendum
809 2993 931 3032 esse
960 2978 1064 3032 sibi
1093 2978 1401 3044 videbatur,
1449 2977 1597 3047 quod
1628 2975 1736 3032 illis
1774 2977 1949 3032 oculis
1970 2991 2065 3032 ca-

482 3066 714 3121 rendum
756 3076 896 3136 erat,
925 3069 1128 3140 quibus
1177 3070 1343 3124 etiam
1371 3069 1573 3124 culices
1620 3077 1676 3124 et
1702 3068 1926 3124 cimices
1952 3067 2066 3138 glo-

483 3159 716 3227 riantur,
758 3178 882 3216 cum
944 3161 1171 3216 interior
1219 3177 1353 3216 suus
1395 3161 1558 3216 homo
1591 3161 1696 3216 illis
1744 3160 1920 3216 oculis
1943 3175 2068 3229 per-

481 3247 620 3305 fecte
651 3252 1034 3320 delectaretur,
1063 3253 1264 3322 quibus
1291 3251 1482 3307 mundi
1514 3253 1704 3308 cordes
1730 3251 1902 3307 Deum
1931 3266 2069 3306 con-

480 3342 832 3411 templantur.
1443 3337 1446 3340 ’

581 3433 667 3487 l8.
724 3433 874 3490 Hanc
921 3436 1194 3491 malorum
1245 3435 1598 3491 acerbitatem
1651 3434 2000 3507 exaggeravit
2040 3447 2072 3488 e

481 3525 734 3595 proximo
771 3541 957 3583 comes
1002 3528 1329 3599 Raginerus,
1385 3529 1479 3598 qui
1508 3528 1558 3582 ei
1585 3526 1994 3598 precordialiter
2015 3527 2071 3581 in

481 3614 725 3670 amicitia
753 3616 1161 3683 eonfederatus,
1195 3626 1409 3672 scutum
1430 3617 1479 3671 ei
1501 3632 1623 3672 esse
1649 3617 1857 3672 solebat
1881 3623 2073 3671 contra

482 3705 861 3762 infestantian
918 3709 1200 3764 incursus.
1248 3707 1404 3763 Hunc
1433 3710 1562 3778 quia
1593 3708 1874 3762 nimietate
1897 3708 2071 3762 tiran-

482 3797 626 3852 nidis
650 3814 763 3852 suae
795 3798 1156 3853 intolerabilis
1185 3797 1283 3851 toti
1316 3796 1496 3851 fuerat
1519 3796 1770 3866 imperio,
1796 3795 2075 3850 Valentia-

482 3903 585 3943 nas
620 3889 752 3943 ﬁsco
799 3899 1087 3943 evocatum
1126 3897 1180 3943 et
1211 3890 1424 3942 hostem
1472 3888 1547 3942 rei
1578 3887 1810 3958 publicae
1834 3887 2076 3958 prejudi-

481 3988 666 4033 catum
693 3979 942 4032 omnium
983 3980 1212 4048 judicio,
1248 3979 1523 4048 deportari
1557 3978 1686 4034 fecit
1717 3979 2074 4036 inrevocabili

481 4071 648 4126 exilio
671 4069 1018 4126 Coloniensis
1041 4071 1486 4141 archiepiscopus
1507 4069 1713 4139 Bruno,
1734 4071 1829 4143 qui
1851 4079 2077 4127 strenue

483 4171 541 4218 et
566 4163 838 4233 sapienter
862 4165 1133 4219 secundas
1155 4173 1336 4234 partes
1365 4164 1780 4220 administrabat
1807 4165 2076 4222 in‘fratris

487 4254 574 4310 sui
604 4253 822 4310 Ottonis
850 4255 1098 4325 imperio.
1133 4255 1198 4310 Et
1226 4255 1479 4312 fortassis
1517 4257 1756 4313 cordatis
1783 4258 1918 4313 viris
1960 4274 2074 4313 rem

485 4347 650 4402 altius
699 4349 1175 4404 considerantibus
1224 4349 1480 4403 credibile
1518 4351 1719 4419 poterit
1768 4351 1938 4406 videri
1970 4351 2075 4408 hoc

487 4437 753 4493 accidisse
791 4439 867 4492 illi
905 4439 1256 4508 dispensante
1278 4437 1388 4494 Deo
1412 4440 1621 4495 meritis
1647 4440 1819 4495 sancti
1844 4440 1944 4494 viri
1969 4439 2072 4496 Er-

486 4529 646 4597 luini,
673 4546 740 4586 ne
774 4530 979 4588 frustra
1006 4531 1146 4587 foret
1176 4532 1323 4602 quod
1356 4533 1570 4588 amicus
1614 4533 1780 4603 hujus
1815 4533 1984 4588 seculi
2012 4549 2073 4589 se

487 4622 984 4694 quomodocunque
1035 4624 1342 4680 crediderat
1385 4626 1564 4680 amico
1593 4623 1708 4692 Dei,
1758 4625 1954 4680 similis
1982 4625 2070 4680 ni-

488 4712 692 4766 mirum
718 4713 827 4770 illis
849 4717 915 4771 de
935 4716 1134 4786 quibus
1157 4717 1210 4770 in
1234 4714 1511 4770 Christum
1534 4717 1882 4772 credentibus
1905 4732 2073 4772 evan-

490 4802 682 4873 gelista
723 4805 856 4858 dicit
896 4821 908 4856 :
945 4805 1260 4859 Dilexerunt
1302 4805 1531 4876 gloriam
1577 4806 1850 4859 hominum
1901 4806 2070 4876 m‘agis

489 4907 648 4967 quam
682 4891 776 4946 Dei
829 4892 1008 4964 (Joan.
1039 4911 1136 4960 xu,
1174 4894 1287 4964 45).
1320 4892 1460 4960 Quia
1500 4895 1647 4950 enim
1696 4911 1823 4950 vera
1852 4903 1936 4951 est
1979 4895 2071 4949 illa

488 4982 677 5039 Jacobi
705 4987 973 5040 sententia
1009 5002 1023 5038 :
1058 4985 1288 5040 Multum
1315 4986 1450 5040 valet
1493 4987 1794 5056 deprecatio
1827 4987 1966 5056 justi
1993 5003 2075 5040 as-

491 5077 649 5130 sidua
682 5075 823 5146 (Jac.
855 5093 908 5144 v,
946 5077 1056 5148 16),
1094 5079 1219 5149 quis
1245 5079 1455 5133 dubitet
1480 5079 1729 5134 oratione
1759 5079 1920 5134 istius
1936 5079 2074 5149 justi

493 5166 598 5222 hoc
625 5182 656 5222 a
692 5165 802 5222 Deo
830 5167 1109 5238 impetrari
1141 5169 1404 5238 potuisse,
1446 5178 1505 5223 ut
1548 5170 1598 5224 ei
1635 5170 1687 5223 in
1723 5170 1879 5240 penis
1909 5170 2073 5242 hujus

491 5259 616 5314 vita:
660 5260 869 5330 peccati
904 5259 1152 5316 redderet
1180 5260 1376 5328 vicem,
1410 5262 1569 5331 cujus
1601 5263 1688 5317 hic
1717 5263 1772 5316 in
1809 5263 1951 5318 votis
1992 5271 2072 5318 te-

466 5352 613 5407 ”nuit
633 5353 1005 5408 voluntatem?
1029 5352 1133 5422 Qui
1163 5353 1313 5408 enim
1358 5354 1491 5409 dicit
1520 5369 1618 5425 per
1641 5352 1815 5409 Naum
1845 5355 2100 5424 prophe-_

451 5437 457 5442 ’
493 5453 603 5499 tam
639 5445 808 5500 :‘Non
835 5456 1110 5518 consurget
1153 5446 1350 5517 duplex
1386 5445 1662 5500 tribulatio
1706 5445 1876 5518 (Na/1.
1913 5463 1952 5513 ι,
1991 5446 2068 5518 9),

491 5535 652 5592 facile
676 5537 818 5593 hanc
847 5538 1140 5594 miserendi
1188 5539 1397 5594 invenit
1425 5538 1590 5604 viam,
1611 5547 1672 5592 ut
1693 5538 1866 5608 spinis
1893 5539 2070 5593 tribu»

2161 499 2377 556 sitatem
2413 498 2594 553 trahat
2623 497 2692 552 ad
2725 497 3090 553 voluntariam
3125 501 3526 570 pmnitentiam.
3555 500 3737 562 Simile

2160 588 2292 660 quid
2333 588 2499 644 etiam
2535 589 2602 643 de
2643 586 2907 644 Mauricio
2933 589 3261 660 imperatore
3281 601 3626 663 compertum
3652 595 3738 651 ha-

2162 681 2358 736 bemus
2405 679 2508 751 (Ex
2561 679 2918 748 Faenum),
2949 682 3045 750 qui
3083 681 3354 752 judicium
3379 693 3437 739 et
3475 686 3740 755 justitia-

2161 773 2310 846 quod
2341 774 2654 844 preparatio
2683 782 2846 829 rectae
2871 775 3018 831 sedis
3039 786 3124 832 est
3155 793 3375 849 semper
3403 794 3632 848 exosus,
3653 795 3740 851 per

2161 867 2434 922 occultum
2476 864 2572 921 Dei
2599 865 2868 937 judicium
2914 865 3060 923 circa
3103 869 3456 926 undecimam
3479 871 3610 926 vita:
3638 887 3742 927 sua

2161 959 2354 1013 horam
2377 958 2446 1013 ab
2473 959 2585 1013 otio
2608 958 2844 1014 carnalis
2871 958 2997 1014 vita:
3022 968 3313 1028 retractus,
3339 977 3442 1031 per
3470 962 3740 1018 interven-

2164 1057 2280 1104 tum
2309 1058 2626 1106 sanctorum
2669 1050 2915 1106 virorum
2943 1059 2998 1106 et
3023 1052 3261 1108 maxime
3282 1053 3524 1124 piissimi
3543 1053 3742 1124 Grego-

2162 1142 2230 1196 rii
2253 1157 2406 1212 papae
2426 1141 2532 1196 hoc
2553 1141 2807 1208 emeruit,
2832 1149 2892 1196 ut
2915 1149 3106 1198 saltem
3124 1159 3248 1199 sero
3271 1144 3618 1214 paenitentiae
3637 1143 3745 1199 fru-

2164 1242 2313 1286 ctum
2339 1232 2427 1286 hic
2451 1232 2671 1301 operari
2715 1231 2973 1302 potuerit,
3005 1219 3148 1288 dum.
3167 1233 3217 1288 ei
3241 1250 3274 1288 a
3309 1233 3425 1290 Deo
3445 1250 3553 1304 pro
3583 1236 3749 1304 peni-

2163 1324 2337 1378 tentia
2381 1331 2686 1393 reputatur,
2734 1323 2881 1393 quod
2924 1323 3040 1394 ipse
3063 1344 3066 1347 ·
3089 1340 3219 1380 cum
3253 1327 3411 1382 omni
3461 1327 3632 1383 domo
3659 1342 3748 1382 sua

2164 1413 2459 1470 crudeliter
2480 1414 2805 1470 trucidatur.

2236 1508 2324 1565 l9.
2365 1506 2486 1562 Non
2513 1508 2687 1564 multo
2714 1518 2840 1579 post
2873 1509 3247 1580 superaddidit
3279 1511 3370 1567 his
3399 1526 3636 1581 gravem
3661 1526 3749 1568 en-

2163 1600 2376 1656 mulum
2416 1599 2860 1670 incomparabilis
2891 1600 3098 1657 doloris
3135 1603 3379 1670 occasio,
3414 1603 3634 1660 scilicet
3670 1619 3750 1659 ve-

2165 1691 2424 1775 nerabilis
2470 1707 2534 1748 ac
2575 1690 2688 1747 Deo
2726 1691 2875 1762 digni
2915 1692 3104 1748 do'mni
3148 1691 3414 1765 Wicperti
3467 1695 3748 1764 depositio,

2164 1800 2286 1856 quae
2329 1799 2514 1839 rerum
2555 1792 2868 1839 nostrarum
2904 1783 3235 1840 miserabilis
3280 1784 3385 1841 fuit
3436 1786 3748 1840 commotio.

2165 1875 2372 1932 Ventus
2405 1877 2606 1947 quippe
2638 1876 2935 1931 vehemens
2957 1876 3174 1933 irruens
3200 1893 3233 1932 a
3265 1878 3499 1948 regione
3544 1878 3750 1946 deserti,

2164 1970 2218 2025 id
2241 1978 2326 2024 est
2348 1978 2544 2025 ventus
2585 1968 2953 2024 tribulationis
2987 1984 3282 2040 erumpens
3307 1971 3380 2025 ab
3414 1969 3752 2026 infructuose

2165 2063 2514 2120 inimicorum
2549 2071 2788 2134 pectore,
2815 2064 3098 2121 concussit
3124 2073 3362 2135 quatuor
3405 2065 3648 2136 angulos
3665 2064 3753 2118 do-

2165 2172 2292 2212 mus
2336 2165 2558 2222 nostra},
2597 2172 2720 2226 qua:
2753 2156 2942 2226 utique
2987 2165 3178 2212 contra
3223 2167 3441 2214 tantum
3490 2157 3751 2212 turbinem

2164 2263 2450 2318 nunquam
2472 2249 2543 2288 ⁷³⁵
2567 2249 2872 2305 subsistere
2899 2249 3191 2320 quivisset,
3220 2251 3331 2305 nisi
3354 2264 3534 2321 supra
3561 2261 3753 2322 petram

2166 2336 2394 2393 fundata
2442 2337 2656 2394 fuisset.
2699 2337 3076 2396 Heribrandus
3103 2339 3250 2394 enim
3276 2339 3371 2405 ⁷³⁸,
3406 2339 3498 2394 vir
3530 2341 3752 2411 potentia

2165 2436 2217 2484 et
2245 2429 2528 2484 nobilitate
2552 2429 2850 2499 praeclarus
2872 2437 2928 2484 et
2948 2429 3187 2485 maxime
3208 2429 3474 2486 affinitate
3498 2431 3581 2501 pii
3601 2431 3754 2501 patris

2166 2521 2343 2578 nostri
2386 2521 2650 2592 Wicperti
2697 2521 2987 2592 gloriosus,
3019 2550 3091 2560 —-
3118 2531 3239 2576 erat
3284 2523 3493 2593 quippe
3533 2523 3754 2578 maritus
3797 2547 3804 2554 -

2167 2608 2454 2666 Reinuidis
2483 2627 2757 2682 germanae
2785 2611 2926 2682 ejus,
2953 2641 3024 2651 --
3045 2611 3308 2681 malitiam
3335 2628 3513 2683 quam
3558 2614 3756 2667 vivente

2166 2702 2371 2759 domno
2403 2701 2678 2772 Wicperto
2711 2711 3059 2773 conceperat,
3089 2704 3183 2758 sed
3213 2718 3314 2773 pro
3356 2705 3672 2760 reverentia
3696 2703 3756 2758 il-

2167 2794 2275 2851 lius
2320 2793 2626 2861 distulerat,
2671 2795 2890 2849 tandem
2928 2795 3050 2850 sine
3071 2794 3256 2864 aliquo
3292 2795 3533 2864 justitize
3575 2795 3755 2849 intuitu

2169 2886 2402 2957 aperuit,
2436 2895 2489 2940 et
2517 2885 2761 2956 neglecta
2784 2885 3083 2954 imperialis
3111 2884 3564 2940 conﬁrmationis
3594 2895 3758 2940 aucto-

2169 2975 2350 3042 ritate,
2374 2984 2428 3030 et
2453 2975 2764 3045 po’sthabito
2785 2974 3092 3044 apostolicae
3121 2989 3374 3029 censura:
3396 2975 3754 3037 anathemate,

2095 3096 2136 3154 ο
2171 3066 2446 3122 abbatiam
2478 3066 2745 3121 violenter
2783 3066 3010 3132 invadit,
3048 3055 3423 3130 resaclesite
3469 3066 3757 3120 insolenter

2169 3159 2378 3230 diripit,
2410 3167 2466 3214 et
2511 3158 2771 3230 quicquid
2799 3158 2923 3228 pius
2949 3156 3210 3212 fundator
3251 3157 3358 3212 loci
3395 3158 3581 3212 nostri
3617 3155 3756 3210 nobis

2170 3253 2498 3317 contulerat,
2536 3251 2589 3306 id
2616 3250 2721 3305 sibi
2746 3250 2870 3320 jure
2908 3249 3228 3304 hereditatis
3270 3249 3450 3320 magis
3478 3264 3648 3318 quam
3672 3261 3759 3302 ac-

2169 3341 2350 3398 elesia:
2378 3350 2688 3412 competere
2729 3341 2946 3396 clamat.
2980 3337 3177 3394 Omnia
3220 3348 3381 3395 erant
3413 3341 3754 3401 conturbata;

2171 3442 2370 3510 cuneta
2411 3449 2536 3503 quae
2568 3433 2721 3502 prius
2749 3440 2866 3486 tuta
2887 3431 3214 3486 videbantur
3233 3438 3288 3485 et
3310 3432 3634 3501 tranquilla,
3663 3439 3756 3484 tur-

2173 3525 2301 3580 bine
2349 3524 2648 3594 repentinae
2681 3523 3022 3593 tempestatis
3058 3523 3196 3576 fiunt
3240 3522 3560 3592 periculosa
3599 3531 3652 3576 et
3688 3522 3758 3574 in—

2173 3624 2343 3672 certa.
2391 3615 2586 3672 Nullus
2629 3623 2750 3671 erat
2797 3615 2892 3685 qui
2930 3630 3030 3684 pro
3062 3613 3175 3670 Deo
3214 3624 3419 3686 ageret,
3459 3616 3650 3670 nullus
3675 3611 3757 3684 qui

2172 3708 2422 3780 partibus
2450 3707 2679 3778 justitite
2708 3705 2934 3764 faveret.
2965 3704 3168 3762 Omnes
3201 3707 3257 3760 in
3290 3723 3462 3762 unum
3495 3706 3758 3776 conspira-

2175 3807 2395 3866 verant;
2424 3814 2617 3855 onmes
2654 3813 2922 3869 pauperes
2949 3796 3158 3860 Christi
3192 3798 3530 3869 aﬂligebant,
3561 3807 3653 3852 aut
3683 3794 3757 3849 af-

2173 3889 2486 3962 ﬂigentibus
2532 3890 2964 3946 consentiebant.
3022 3887 3199 3959 Hujus
3251 3889 3509 3960 exemplo
3568 3888 3756 3943 inducti

2174 3983 2359 4037 caeteri
2391 3981 2590 4038 fratres
2624 3991 2679 4037 et
2714 3990 2939 4052 nepotes
2969 3981 3043 4052 pii
3081 3983 3255 4052 patris
3286 3985 3484 4049 nostri,
3513 3984 3611 4053 qui
3638 3979 3759 4036 mdi-

2177 4073 2348 4144 tiplici
2389 4073 2754 4145 generositate
2780 4088 2877 4143 per
2916 4079 3086 4128 totam
3129 4071 3545 4145 Lotharingiam
3572 4071 3756 4143 premi-

2178 4166 2400 4233 nebant,
2443 4165 2644 4235 singuli
2675 4166 2730 4220 in
2759 4164 2894 4220 locis
2925 4165 3028 4220 sibi
3073 4165 3360 4234 oportunis
3395 4180 3486 4220 res
3513 4163 3756 4220 ecclesia:

2177 4266 2380 4313 nostrae
2426 4265 2522 4312 aut
2569 4256 2899 4311 invadebant
2927 4264 3024 4310 aut
3063 4254 3416 4326 diripiebant,
3451 4254 3755 4310 hominibus

2176 4349 2438 4406 recclesiaa
2466 4350 2603 4404 nihil
2629 4349 2822 4419 reliqui
2855 4347 3128 4405 faciebant

2107 4443 2152 4498 D
2247 4442 2335 4498 20.
2377 4441 2585 4498 Horum
2629 4458 2828 4513 magna
2863 4458 2993 4512 pars
3038 4441 3142 4496 fuit
3181 4441 3500 4510 Rotbertus,
3533 4442 3753 4500 fortissi-

2181 4550 2306 4590 mus
2338 4549 2524 4590 comes
2565 4531 2946 4601 Namucensis,
2973 4533 3090 4605 qui,
3117 4549 3244 4589 cum
3273 4535 3524 4604 potentia
3562 4533 3750 4606 premi—

2180 4633 2335 4681 neret
2357 4627 2593 4694 cunctis,
2636 4641 2751 4681 non
2784 4625 2963 4682 solum
2993 4624 3130 4679 nihil
3164 4625 3394 4680 subsidii
3435 4627 3559 4682 tulit
3583 4623 3750 4680 fratri-

2179 4715 2284 4771 bus
2301 4716 2711 4772 tribulationum
2727 4716 2868 4772 mole
2879 4715 3178 4786 oppressis,
3192 4716 3362 4771 immo
3373 4727 3595 4788 accepta
3608 4728 3750 4770 oca-

2179 4807 2336 4863 sione
2363 4824 2429 4864 ex
2459 4810 2832 4880 oportunitate
2855 4809 3135 4877 temporis,
3171 4815 3283 4863 tota
3305 4810 3555 4878 potentia
3581 4823 3676 4862 sua

2178 4913 2275 4955 eos
2297 4899 2447 4956 abuti
2481 4902 2676 4972 coepit;
2723 4909 2778 4956 et
2819 4901 3219 4956 immunitatem
3254 4900 3569 4965 comitatus,
3596 4910 3745 4968 quam

2178 4991 2348 5062 regali
2387 4993 2710 5047 auctoritate
2743 4991 2998 5046 collatam
3041 4992 3300 5048 tecclesite
3340 5001 3545 5048 nostra:
3575 4999 3747 5048 aucto-

2180 5082 2310 5136 ralis
2347 5092 2499 5138 carta
2537 5083 2753 5149 asserit,
2795 5083 3033 5138 violenta
3063 5083 3329 5153 injustitia
3353 5083 3610 5139 ἑταιρεῖε
3633 5079 3746 5134 abs-

2177 5163 2319 5242 tMit,
2361 5183 2414 5229 et
2448 5175 2692 5244 partibus
2720 5177 2836 5232 suis
2867 5176 3178 5247 applicavit.
3217 5176 3474 5233 Preterea
3502 5176 3745 5248 qualeset

2178 5274 2394 5335 quantae
2419 5266 2847 5338 circumquaque
2876 5269 3075 5323 fiebant
3106 5269 3306 5324 cotidie
3336 5270 3519 5340 predce
3539 5277 3588 5322 et
3611 5266 3744 5320 dire-

2179 5357 2392 5426 ptiones
2426 5368 2740 5414 nostrarum
2779 5377 2984 5427 rerum,
3027 5376 3151 5431 quae
3191 5361 3504 5416 invasiones
3541 5358 3742 5430 predio-

2179 5465 2323 5516 rum,
2354 5467 2519 5520 quam
2550 5453 2889 5509 miserabiles
2927 5454 3311 5524 oppressiones
3334 5453 3578 5516 fratrum,
3619 5456 3740 5519 quo!

2179 5541 2354 5596 cades
2369 5550 2424 5597 et
2444 5544 2726 5614 captiones
2747 5544 3260 5602 ecclesiasticorum
3277 5545 3535 5610 virorum,
3550 5546 3737 5613 quanta

1797 5627 2030 5684 νΑιιιΑῑ
2069 5629 2472 5688 LECTIONES.

563 5719 638 5755 7“
662 5736 943 5788 nunquam
971 5739 1016 5777 c.
1095 5723 1169 5756 ⁷³⁸
1198 5722 1441 5795 quedam
1467 5720 1824 5792 superscripta
1855 5719 1946 5774 sed
1971 5730 2090 5792 post
2121 5739 2275 5778 erasa
2302 5732 2443 5778 sunt.
