3906 6316
174 305 302 364 ιη
1187 300 1414 361 GESTA
1443 299 1775 361 ABBATUM
1814 299 2423 363 GEMBLACENSIUM.
3353 319 3465 378 eu

134 484 140 492 θ
149 418 364 519 .I’ucrit
381 400 725 476 imbecillitas
744 414 830 473 vel
849 413 1137 473 inﬁdelitas
1158 417 1565 485 advocatorum,
1589 418 1779 488 quales
1810 427 1853 484 Α
1883 415 2138 490 Augusti,
2170 421 2416 490 sepultus
2450 432 2535 478 est
2566 438 2621 478 ιιι
2652 425 2898 483 aecclesia
2929 428 3103 484 sancti
3138 427 3304 499 Petri,
3336 432 3473 491 lide-

136 510 250 569 .'.et
283 521 417 593 quot
454 511 870 569 reclamationes
912 527 1078 582 super
1105 511 1193 568 his
1218 513 1475 569 omnibus
1500 514 1785 589 mitteban—
1883 510 2005 587 liter
2036 518 2091 566 et
2126 511 2435 581 efﬁcaciter,
2473 525 2533 569 ut
2577 517 2874 585 credimus,
2917 518 3269 591 interpellans
3305 539 3471 584 aures

184 615 292 661 tur
322 605 377 661 in
420 603 542 663 dies
581 604 651 660 ad
683 619 846 660 aures
885 604 1216 674 principum,
1270 606 1417 675 quod
1464 604 1601 660 nihil
1636 604 1784 662 aliud

181 705 316 752 erat
339 693 448 753 nisi
472 696 759 751 verberare
798 710 924 750 aera
954 704 1190 762 tantum,
1216 696 1262 751 si
1291 696 1416 766 quis
1447 697 1564 752 haec
1599 698 1783 754 omnia

179 786 257 841 de
300 787 535 843 diversis
577 773 814 843 scedulis
847 786 1074 842 collecta
1125 786 1256 842 velit
1295 802 1593 858 congerere
1636 796 1691 843 et
1727 788 1782 843 in

180 895 366 936 unum
386 880 766 953 compingere,
789 880 985 950 integri
1008 864 1174 935 libelli
1213 895 1352 950 opus
1381 878 1651 936 videbitur
1679 879 1782 936 sibi

181 987 499 1028 assumere.
526 971 596 1027 Et
621 986 1021 1042 supervacuum
1048 980 1133 1026 est
1180 972 1298 1027 sine
1336 986 1431 1042 spe
1464 972 1675 1027 fructus
1702 972 1783 1026 la-

178 1063 424 1131 borare,
476 1064 606 1135 quia
647 1063 860 1135 perdita
907 1078 1269 1119 annumerare
1322 1065 1459 1118 nihil
1502 1073 1588 1121 est
1633 1065 1781 1120 aliud

177 1170 357 1225 quam
384 1171 551 1226 super
579 1155 807 1226 perditis
843 1155 1092 1210 dolorem
1120 1170 1405 1210 renovare.
1440 1155 1572 1222 Quae
1602 1164 1781 1211 tamen

176 1245 645 1302 reclamationum
677 1246 1000 1318 improbitas
1025 1261 1136 1302 non
1172 1249 1582 1315 ante'cessavit,
1609 1248 1784 1306 donec

144 1346 313 1408 .post
339 1340 548 1395 multos
584 1355 759 1395 annos
792 1337 919 1395 Otto
947 1340 1242 1410 imperator
1275 1338 1459 1394 Ottoni
1502 1339 1627 1395 duci
1660 1355 1784 1411 pre-

172 1430 333 1498 cepit
361 1438 447 1498 ut,
475 1430 617 1486 inter
644 1431 946 1486 :ecclesiam
976 1439 1030 1486 et
1071 1430 1352 1486 invasores
1393 1430 1654 1485 accclesiae
1680 1431 1782 1486 ha-

92 1568 95 1571 .
172 1521 298 1577 bita
320 1524 562 1592 ratione,
590 1532 793 1579 statum
816 1523 1137 1581 reformaret
1155 1524 1437 1592 aecclesiaa,
1468 1522 1610 1580 facta
1641 1525 1784 1583 inter

168 1626 284 1669 eos
311 1614 599 1685 aequaliter
622 1630 805 1671 rerum
818 1615 1213 1672 dimidiatione.
1228 1614 1361 1683 Quae
1385 1616 1605 1687 quidem
1617 1617 1781 1673 dimi-

1883 600 2283 673 Omnipotcntis
2308 620 2408 674 pro
2433 607 2583 660 omni
2611 606 2817 663 familia
2844 610 3018 665 sancti
3045 609 3210 670 Petri.

2227 694 2316 749 DE
2354 695 2789 755 HERIWARDO‘
2816 700 3108 757 ABBATE.

1951 783 2043 840 25.
2084 784 2556 871 Gemmclacenses
2577 788 2752 844 orbati
2779 797 2953 871 patre,
2984 791 3050 845 ad
3080 791 3291 848 curiam
3318 794 3465 866 regis

1881 891 1981 947 pro
2012 876 2358 948 subrogando
2389 877 2493 933 sibi
2535 888 2757 949 pastore
2785 881 3088 936 deliberant
3122 882 3230 950 ire;
3259 899 3359 941 nec
3384 893 3470 940 ta-

1850 975 1857 981 '
1882 985 2007 1024 men
2041 970 2145 1025 hoc
2166 971 2285 1026 sine
2305 971 2536 1047 consilio
2579 972 2819 1043 episcopi
2861 972 3143 1029 dioceseos
3166 984 3359 1045 putant
3388 975 3470 1031 fa-

1880 1059 2131 1116 ciendum
2153 1077 2294 1118 esse.
2321 1060 2592 1118 Notkerus
2614 1065 3029 1134 tunc-temporis
3053 1064 3470 1137 Tungrensibus

1880 1152 2197 1221 antistabat,
2227 1154 2320 1224 qui
2356 1154 2622 1224 sapientia
2651 1164 2706 1210 et
2729 1155 3020 1212 nobilitate
3034 1157 3169 1212 satis
3198 1158 3466 1228 prepolle-

1854 1240 1991 1300 bat.
2020 1243 2124 1312 Qui
2170 1261 2280 1305 non
2321 1261 2525 1317 negans
2562 1247 2849 1301 consilium
2896 1248 3287 1318 quaerentibus,
3329 1248 3468 1305 insi-

1880 1351 2051 1392 nuare
2082 1334 2164 1392 eis
2203 1337 2347 1407 cepit
2380 1353 2545 1407 quam
2593 1339 2773 1408 potuit
2796 1340 3170 1410 eloquentius,
3194 1357 3359 1411 quam
3384 1342 3470 1396 in-

1883 1430 2011 1486 utile
2032 1433 2102 1487 sit
2126 1446 2392 1502 pauperes
2416 1431 2636 1502 regibus
2651 1432 3133 1505 subjacere,|quam
3156 1434 3388 1488 arduum
3415 1444 3469 1490 et

1881 1520 2095 1577 diilicile
2146 1520 2445 1576 humilibus
2493 1519 2697 1576 Christi
2752 1521 2951 1576 solium
3004 1521 3150 1592 regis
3176 1521 3465 1594 attingere,

1880 1626 2045 1682 quam
2074 1611 2434 1682 incongruum
2464 1611 2715 1666 alienatis
2740 1626 2769 1665 a
2802 1612 2988 1666 seculo
3024 1611 3311 1668 laicalibus
3345 1628 3471 1682 per-

168 1702 358 1761 diatio
379 1706 520 1762 inter
539 1705 939 1763 Heribrandum
959 1705 1375 1778 Bratuspantem
1400 1709 1780 1764 ettecclesiam
1813 1772 1850 1778 _
1883 1703 2035 1758 sonis
2070 1702 2373 1767 deservire;
2397 1718 2493 1767 00.5
2523 1702 2670 1772 iPSOS
2711 1703 3016 1773 multojam
3061 1712 3303 1774 tempore
3334 1704 3470 1761 satis

74 1846 79 1849 Α
168 1797 468 1863 convenit,
506 1797 577 1853 ab
613 1796 736 1853 aliis
775 1811 904 1853 vero
944 1797 1332 1867 pervasoribus
1375 1798 1619 1870 accelesia
1644 1799 1782 1854 nihil
1812 1772 1857 1831 Β
1883 1804 2136 1863 expertos
2176 1808 2298 1848 esse
2339 1809 2504 1863 quam
2550 1809 2743 1863 parum
2787 1794 3002 1850 concilii
3038 1795 3121 1849 vel
3168 1795 3355 1850 auxilii
3396 1796 3468 1852 ab

166 1886 412 1956 recepit.
431 1884 774 1958 Raginardus
798 1892 928 1942 vero
949 1885 1116 1942 frater
1141 1886 1328 1942 damni
1349 1885 1611 1956 Wieperti
1636 1887 1784 1942 dedit
1883 1884 2232 1954 imperatoria
2263 1884 2547 1939 altitudine
2575 1885 2631 1939 in
2661 1887 3006 1943 necessitatis
3038 1893 3278 1957 tempore
3305 1900 3470 1948 accc:

138 1986 381 2034 sancto
406 1977 568 2034 Petro
586 1977 851 2049 quicquid
876 1979 932 2032 in
961 1977 1263 2034 Gandriuul
1290 1978 1481 2033 habuit
1510 1979 1717 2034 allodii.

239 2066 345 2122 21.
386 2067 457 2122 At
491 2067 730 2137 pusillus
774 2066 1007 2122 fratrum
1043 2083 1173 2139 grex
1212 2068 1267 2122 in
1312 2083 1423 2139 quo
1452 2068 1782 2138 complacuit

165 2154 298 2215 Deo
321 2158 467 2231 patri
512 2159 643 2216 dare
683 2157 765 2214 eis
793 2173 1044 2228 regnum,
1076 2159 1171 2228 qui
1198 2159 1253 2212 in
1281 2159 1439 2214 terris
1468 2159 1604 2212 nihil
1625 2175 1778 2229 qua:-

163 2246 339 2303 rebat
370 2247 574 2323 habere
615 2246 922 2319 proprium,
968 2247 1149 2303 sciens
1178 2248 1306 2317 quia
1349 2248 1485 2302 nihil
1524 2248 1677 2304 deest
1711 2249 1781 2303 ti-

162 2338 463 2396 mentibus
484 2337 678 2405 Deum,
709 2354 851 2395 eum.
870 2337 1110 2407 undique
1137 2338 1431 2393 destitutus
1471 2345 1617 2393 esset
1642 2338 1775 2393 sub-

162 2428 324 2484 sidio
359 2418 668 2496 hominum,
698 2429 901 2483 bonum
944 2428 1178 2483 ducebat
1220 2428 1289 2483 ad
1325 2444 1452 2483 eum
1495 2427 1673 2484 solum
1703 2426 1779 2482 fa-

161 2534 306 2576 cere
327 2518 670 2592 confugium,
709 2521 802 2591 qui
840 2520 989 2576 ﬁdus
1039 2530 1123 2576 est
1160 2520 1379 2591 adjutor
1420 2520 1771 2592 pupillorum.

160 2608 319 2666 Nam
344 2611 450 2667 sub
469 2612 563 2683 pio
586 2619 806 2683 pastore
834 2610 1061 2667 Erluino
1086 2612 1388 2679 constituti,
1414 2612 1692 2667 dominico
1716 2628 1776 2668 se

162 2702 505 2759 tutabantur
544 2704 698 2772 ovili,
727 2718 797 2759 ne
840 2704 1183 2774 aliquatenus
1217 2712 1464 2774 paterent
1501 2703 1802 2759 morsibus

161 2790 314 2864 lupi.
349 2791 420 2848 Et
438 2793 574 2849 satis
595 2793 870 2849 habebant
894 2810 1061 2865 quam
1091 2795 1327 2850 tenuiter
1355 2794 1524 2849 vitam
1547 2795 1768 2862 ducere,

162 2884 483 2942 dummodo
522 2894 749 2958 possent
800 2886 1121 2942 benedicere
1167 2886 1458 2942 Dominum
1514 2887 1589 2975 in.
1622 2888 1781 2943 omni

164 2987 455 3049 tempore,
502 2988 557 3034 et
588 2992 807 3050 semper
846 2979 968 3035 laus
1003 2978 1098 3034 Dei
1143 2993 1200 3032 ιιι
1237 2994 1431 3034 eorum
1478 2991 1625 3036 esset
1655 2995 1768 3035 ore.

162 3065 301 3140 Ipse
327 3069 417 3124 vir
455 3067 550 3124 Dei
582 3066 843 3125 Erluinus
884 3069 1074 3125 nolens
1107 3070 1195 3125 hic
1237 3064 1437 3126 habere
1462 3079 1769 3125 manentem

161 3160 480 3227 civitatem,
508 3160 602 3215 ubi
645 3161 859 3215 videbat
891 3161 1143 3232 ingruere
1187 3170 1297 3216 tam
1339 3161 1693 3231 multiplicem
1718 3171 1773 3216 et

163 3260 291 3308 tam
315 3251 651 3309 contrariam
681 3252 951 3307 malorum
979 3252 1368 3320 calamitatem,
1394 3251 1634 3307 futuram
1659 3267 1769 3308 non

162 3342 552 3399 mannfactam
598 3343 697 3399 sed
738 3351 1002 3398 aeternam
1043 3344 1147 3398 sibi
1194 3344 1420 3414 suisque
1462 3343 1772 3414 inquirebat

161 3436 542 3492 mansionem.
579 3435 645 3491 Et
678 3435 999 3507 intellegens
1029 3437 1178 3491 nulla
1208 3452 1264 3491 re
1301 3437 1443 3492 hanc
1468 3437 1662 3493 melius
1687 3437 1771 3491 in-

161 3527 401 3595 venire,
443 3543 608 3598 quam
649 3542 748 3598 per
798 3528 1148 3582 concordiam
1198 3526 1453 3584 fraterna:
1492 3528 1769 3583 unanimi-

160 3604 327 3683 tatis,
367 3617 438 3673 ad
465 3632 606 3688 opus
628 3618 781 3687 pacis
828 3618 1204 3688 exequendum
1244 3619 1491 3674 animum
1537 3619 1769 3676 intendit

162 3710 532 3777 omnimodis.
576 3709 728 3781 Opus
764 3709 909 3765 enim
954 3710 1064 3766 Deo
1100 3712 1362 3782 placitum
1403 3721 1458 3767 et
1491 3712 1769 3769 lucrandis

163 3801 472 3858 animabus
496 3803 627 3858 utile
651 3819 681 3858 a
704 3803 807 3874 piae
836 3805 1113 3876 memoria:
1151 3806 1353 3860 domno
1382 3803 1657 3875 “ﬁcperto
1684 3805 1769 3860 in-

132 3901 400 3949 coatum
444 3893 712 3964 sagaciter
754 3894 1018 3966 implevit,
1063 3896 1272 3952 scilicet
1316 3897 1451 3952 illud
1477 3896 1765 3969 collegium

163 3984 538 4043 lraternitatis
557 3987 836 4055 adunavit,
860 4003 958 4059 per
981 3988 1128 4060 quod
1149 4003 1342 4044 omnes
1364 3988 1459 4044 Dei
1481 3988 1767 4045 timoratos

165 4096 271 4153 per
293 4088 469 4136 totam
493 4096 644 4151 paene
666 4080 1073 4153 Lotharingiam
1104 4090 1159 4137 et
1177 4081 1458 4137 Frantiam
1484 4098 1592 4137 uno
1614 4083 1775 4153 pacis

163 4181 227 4229 et
257 4172 573 4229 dilectionis
601 4170 819 4228 vinculo
842 4173 896 4227 in
920 4172 1150 4228 invicem
1178 4173 1471 4245 colligavit,
1492 4182 1552 4228 ut
1574 4188 1765 4229 omnes

165 4264 227 4320 in
251 4262 482 4320 Christo
516 4279 686 4319 unum
728 4270 1001 4333 saperent,
1040 4278 1214 4319 unum
1249 4263 1554 4333 diligerent,
1591 4278 1763 4318 unum

166 4354 396 4420 vellent,
413 4369 587 4411 unum
607 4354 832 4421 nollent,
848 4354 984 4409 nihil
997 4353 1140 4409 inter
1159 4368 1255 4409 eos
1265 4368 1602 4424 perversum,
1627 4354 1763 4409 nihil

1797 3119 1847 3183 Ο

1880 1979 2090 2048 perint,
2129 1979 2334 2048 quibus
2372 1994 2564 2035 omnes
2595 1980 2778 2034 omnia
2826 1980 2943 2035 sine
2988 1981 3171 2051 aliquo
3214 1991 3465 2048 respectu

1880 2072 2240 2142 imperatoria:
2280 2072 2619 2140 reverentiae,
2659 2072 2808 2127 nullo
2833 2072 3235 2129 contradicente
3260 2080 3345 2128 vel
3372 2073 3468 2129 de-

1878 2161 2163 2231 fendente,
2204 2163 2558 2232 abstulerint,
2603 2179 2729 2219 cum
2777 2164 2846 2218 ab
2896 2164 3100 2219 auxilio
3139 2180 3328 2220 eorum
3370 2180 3468 2221 cor

1877 2257 2022 2330 regis
2064 2265 2275 2312 avertat
2315 2264 2410 2312 aut
2439 2265 2708 2312 terrarum
2738 2256 3128 2327 longinquitas,
3164 2265 3260 2312 aut
3286 2258 3464 2313 acrio-

1875 2366 1997 2404 rum
2036 2365 2314 2416 curarum,
2351 2364 2473 2419 quae
2503 2363 2718 2418 semper
2744 2348 2894 2420 regio
2936 2349 3090 2404 lateri
3118 2348 3462 2416 incumbunt,

1876 2439 2277 2509 multiplicitas;
2302 2453 2427 2494 cum
2451 2438 2644 2493 curiali
2675 2437 2945 2509 superbia:
2972 2438 3173 2508 probro
3196 2438 3463 2493 habeatur

1876 2530 1991 2601 ipsa
2017 2540 2327 2602 paupertas.
2360 2528 2506 2585 Satis
2533 2530 2638 2585 sibi
2664 2539 2856 2586 notum
2878 2545 2999 2585 esse
3023 2545 3189 2601 quam
3210 2529 3465 2600 palatinis

1875 2622 2104 2678 canibus
2131 2623 2205 2678 sit
2231 2620 2516 2676 familiaris
2545 2620 2836 2690 rapacitas,
2865 2635 3030 2689 quam
3065 2619 3362 2673 domestica
3384 2618 3465 2673 eis
3532 2630 3535 2633 ‘

1875 2712 1948 2768 sit
1982 2712 2285 2779 voracitas;
2328 2711 2423 2766 sed
2466 2709 2511 2766 si
2547 2725 2659 2773 suo
2698 2709 2929 2775 consilio
2959 2708 3127 2779 velint
3173 2723 3465 2763 assensum

1874 2806 2120 2876 prcbcrc,
2164 2804 2334 2860 videri
2385 2802 2486 2859 sibi
2526 2802 2758 2857 multum
2786 2800 2894 2856 illis
2927 2817 3050 2856 esse
3086 2800 3238 2865 utile,
3281 2799 3327 2855 si
3351 2799 3465 2869 juri

1874 2898 2225 2955 Leodicensis
2262 2897 2504 2969 episcopi
2550 2896 2828 2966 patiantur
2863 2894 3176 2963 subiacere;
3210 2891 3355 2946 unde
3381 2890 3464 2946 eis
3530 2912 3535 2915 *

1873 2989 2055 3044 omnis
2079 2987 2223 3044 absit
2248 2987 2551 3057 oppressio,
2579 2986 2747 3040 immo
2769 2982 2962 3041 contra
2987 2999 3179 3038 omnes
3211 2990 3465 3053 prompta

1874 3078 2020 3136 adsit
2055 3080 2333 3151 defensio;
2380 3078 2540 3134 facile
2579 3094 2638 3135 se
2684 3077 2740 3132 id
2784 3077 3198 3147 impetraturum
3238 3090 3269 3129 a
3315 3073 3464 3145 regia

1876 3171 2266 3237 munificentia,
2304 3170 2350 3225 si
2376 3178 2583 3225 tantum
2617 3169 2720 3225 sibi
2748 3169 2894 3224 adsit
2933 3167 3163 3222 fratrum
3197 3165 3465 3237 subjectio

1871 3261 2195 3317 voluntaria.
2234 3259 2361 3315 Haec
2405 3268 2460 3315 et
2489 3267 2680 3314 caetera
2730 3258 2785 3314 id
2822 3273 2997 3330 genus
3041 3256 3299 3328 episcopo
3336 3271 3466 3326 per-
3524 3288 3532 3304 .

1872 3359 2082 3418 orante,
2104 3366 2389 3406 assensum
2410 3359 2493 3404 est
2529 3349 2630 3404 sibi
2656 3364 2686 3403 a
2723 3347 2952 3404 fratrum
2976 3346 3234 3405 concordi
3265 3344 3467 3401 unani-

1871 3444 2078 3513 mitate.
2116 3440 2260 3514 Ergo
2291 3439 2567 3496 communi
2588 3439 2819 3495 consilio
2859 3437 3236 3494 Heriwardum
3278 3437 3460 3492 virum

1871 3534 2187 3606 religiosum
2227 3542 2280 3588 et
2331 3531 2660 3588 industrium
2705 3530 2933 3602 eligunt,
2984 3536 3039 3584 et
3093 3544 3189 3599 per
3233 3543 3459 3583 manum

1870 3624 2109 3695 episcopi
2136 3621 2488 3678 Leodicensis
2514 3636 2638 3675 eum
2671 3619 2776 3675 sibi
2805 3619 3055 3674 abbatem
3087 3617 3346 3672 substitui
3373 3615 3461 3672 fa-

1869 3717 2042 3773 ciunt.
2075 3715 2174 3770 Hic
2211 3713 2560 3769 Heriwardus
2607 3710 2776 3765 frater
2817 3708 2998 3764 fuerat
3045 3706 3319 3778 sarpedicti
3361 3706 3463 3762 Er-

1870 3809 2005 3865 luini
2033 3806 2275 3873 abbatis,
2307 3804 2609 3863 monachus
2650 3812 2832 3861 autem
2872 3800 2975 3865 fuit
3011 3799 3245 3856 cinnobii
3285 3798 3462 3854 sancti

1868 3884 2186 3959 Michahelis
2214 3898 2526 3969 archangeli
2561 3897 2627 3951 de
2662 3895 2905 3967 periculo
2944 3894 3144 3960 maris;
3176 3891 3271 3948 sed
3299 3890 3458 3946 fratri

1866 3996 1960 4052 diu
2015 3993 2332 4051 convixerat
2370 3990 2660 4046 Gemelaus
2704 4002 2842 4058 puro
2884 3984 3155 4042 desiderio
3196 3981 3461 4039 ferventis

1867 4065 1954 4144 ibi,
1996 4094 2200 4145 sanctae
2239 4081 2540 4155 religionis.
2582 4079 2858 4135 Notkerus
2907 4078 3197 4149 episcopus
3241 4078 3459 4147 gratum

1866 4179 2077 4235 habens
2102 4187 2211 4232 tam
2235 4176 2553 4231 obedienter
2579 4188 2694 4229 sua:
2717 4170 2984 4226 voluntati
3018 4167 3200 4223 favere
3225 4166 3458 4221 fratrum

1866 4271 2305 4336 unanimitatem,
2331 4269 2556 4339 dignum
2586 4265 2743 4320 duxit
2769 4264 2849 4319 eis
2880 4262 3106 4318 reddere
3131 4259 3325 4315 vicem.
3351 4257 3458 4331 lgi-

1867 4374 1956 4420 tur
1979 4373 2160 4435 preter
2180 4362 2289 4416 alia
2314 4376 2436 4431 qua:
2468 4358 2575 4413 illis
2602 4356 2852 4422 contulit,
2875 4355 3059 4408 villam
3090 4351 3349 4421 Templus
3371 4350 3457 4405 di—
3484 4354 3489 4359 “

166 4445 555 4513 inhonestum,
585 4445 731 4500 nihil.
746 4444 1015 4502 diabolica
1043 4446 1377 4503 emulatione
1399 4454 1760 4515 contractum,

1874 4465 2010 4514 ctam
2040 4445 2304 4512 aacclcsiai
2331 4448 2760 4509 Gemmelacensi
2789 4448 2954 4514 dedit,
2987 4444 3133 4502 unde
3172 4443 3457 4498 annuatim

162 4535 300 4591 odio
321 4535 552 4607 dignum
572 4536 654 4591 vel
680 4536 1065 4592 contrarietate
1082 4544 1228 4593 esset
1243 4536 1543 4604 diversum,
1566 4544 1629 4591 ut
1642 4553 1766 4592 vere

167 4628 389 4699 paciﬁci
413 4628 509 4685 ﬁlii
531 4628 626 4685 Dei
650 4637 1001 4696 vocarentur,
1026 4638 1080 4685 et
1107 4632 1427 4685 conﬁtentes
1440 4629 1762 4685 alterutrum

166 4728 397 4790 peccata
430 4735 552 4787 sua,
601 4720 812 4776 orando
842 4735 942 4792 pro
992 4721 1222 4777 invicem
1265 4722 1625 4787 salvarentur,
1654 4721 1763 4777 ele-

158 4813 427 4880 mosinis,
467 4812 713 4884 jejuniis,
762 4810 987 4883 psalmis
1029 4810 1426 4880 spiritualibus,
1456 4810 1655 4882 ymnis,
1693 4811 1761 4867 ad

168 4904 280 4962 hoc
317 4904 616 4977 institutisj,
655 4918 1086 4975 supra-pensum
1129 4901 1416 4959 cotidianae
1455 4903 1752 4961 servitutis.

237 4997 332 5052 Ξῖ.
374 4996 561 5052 Talem
606 4996 773 5051 vitam
813 4995 1017 5067 degens
1055 4994 1139 5049 vir
1167 4996 1349 5067 magni
1386 4997 1625 5052 nominis
1654 4996 1758 5052 Erv

165 5089 379 5155 luinus,
412 5090 600 5145 multis
628 5096 815 5159 postea
841 5088 1002 5144 annis
1036 5088 1344 5158 exemplum
1383 5089 1520 5144 bene
1546 5090 1759 5145 vivendi

167 5180 276 5237 fuit
291 5182 574 5237 omnibus.
601 5181 671 5236 At
691 5190 980 5252 postquam
1010 5180 1064 5234 in
1093 5181 1312 5255 camino
1339 5180 1564 5237 diutina:
1588 5182 1763 5237 tribu-

129 5272 394 5335 ,lationis
430 5282 662 5329 excocta
712 5280 796 5328 est
834 5271 904 5327 ad
944 5288 1143 5342 purum
1191 5272 1369 5328 scoria
1411 5281 1760 5343 peccatorum

166 5366 311 5438 ejus,
345 5367 565 5423 tandem
595 5372 857 5437 tanquam
891 5378 1089 5421 aurum
1118 5367 1401 5436 probatus,
1439 5366 1507 5421 de
1540 5364 1762 5421 fornace

169 5461 356 5520 carnis
384 5472 471 5520 est
497 5471 798 5531 extractus,
829 5470 906 5530 et,
943 5463 1088 5532 quod
1111 5463 1301 5518 tandiu
1328 5471 1628 5533 optaverat,
1661 5462 1760 5518 de-

170 5571 322 5613 mum
350 5555 597 5625 pervenit
618 5554 681 5610 ad
712 5554 960 5610 bravium
984 5569 1236 5625 supernae
1266 5554 1592 5622 vocationis,
1617 5563 1672 5610 et
1702 5554 1758 5610 in

170 5662 339 5721 regno
368 5646 465 5703 Dei
486 5647 757 5718 duplicem
789 5646 999 5717 accepit
1022 5647 1248 5704 calicem
1277 5648 1509 5704 martirii
1539 5656 1594 5704 et
1620 5664 1757 5704 eon-

170 5737 448 5798 tessionis.
476 5739 775 5800 Transiens
795 5756 926 5816 ergo
954 5743 1023 5799 ab
1046 5743 1151 5801 hoc
1174 5740 1382 5798 mundo
1411 5749 1606 5813 quarto
1629 5740 1756 5797 ldus

1865 4558 2085 4606 centum
2122 4546 2422 4603 solidorum
2447 4542 2655 4598 reditus
2689 4539 2831 4607 exit;
2860 4550 2914 4594 et
2952 4538 3007 4593 in
3036 4537 3163 4591 villa
3204 4534 3454 4621 Namuco

1865 4640 2264 4713 aliquantulum
2300 4637 2492 4701 viuere,
2527 4650 2653 4689 cum
2693 4642 2839 4689 terra
2871 4631 2939 4687 ad
2960 4631 3249 4698 Iculturam
3279 4628 3454 4711 vinea:

1864 4733 2186 4803 pertinente.
2213 4727 2313 4784 Hic
2354 4724 2703 4782 Heriwardus
2731 4739 2761 4778 a
2796 4721 3017 4776 Radone
3041 4718 3281 4791 quodam
3322 4717 3457 4772 emit

1863 4824 2136 4894 quandam
2181 4821 2396 4884 silvam,
2433 4826 2488 4873 et
2534 4833 2564 4871 a
2606 4814 2843 4884 quodam
2879 4812 3160 4884 Wicperto
3203 4809 3453 4882 predium

1862 4931 1987 4971 cum
2003 4915 2209 4969 familia
2231 4913 2285 4967 in
2308 4911 2434 4966 villa
2450 4908 2759 4974 Walabam,
2775 4915 2830 4993 et
2852 4905 2978 4962 inde
2996 4906 3157 4962 talem
3179 4900 3451 4991 conscribi

1860 5006 1990 5063 fecit
2021 5006 2286 5062 cartulam
2312 5020 2328 5059 :

1940 5102 2007 5167 Χ
2054 5097 2362 5168 Quicunque
2414 5092 2663 5149 karitatis
2719 5089 3156 5167 conglutinantur
3217 5086 3450 5151 unitate,

1862 5191 2000 5246 binis
2029 5191 2283 5245 virtutum
2321 5188 2526 5257 pariter
2567 5183 2671 5239 alis
2705 5183 2885 5248 creeti,
2933 5196 3158 5251 superna
3202 5176 3451 5232 calorum

1864 5290 2134 5354 penetrare
2152 5264 2501 5350 ‘prevalebunt
2530 5272 2783 5338 archana,
2810 5287 2935 5342 pars
2972 5272 3174 5341 quoque
3201 5263 3453 5351 beneﬁcia

1867 5389 1971 5428 non
2001 5373 2217 5442 denegat
2240 5368 2384 5441 parti
2410 5374 2689 5439 Oportuna.
2708 5362 2838 5443 Hac
2867 5376 2989 5431 ergo
3008 5357 3163 5430 quasi
3183 5354 3450 5443 convictus

1866 5466 2034 5535 specie
2057 5462 2274 5534 quidam
2304 5461 2385 5515 vir
2415 5456 2605 5512 nobilis
2629 5470 2829 5527 genere,
2846 5451 2999 5507 Βαάο
3020 5450 3193 5532 dictus
3218 5446 3448 5514 nomine,

1864 5556 2075 5619 conscia
2117 5554 2333 5625 prapria
2372 5550 2591 5622 conjuge
2626 5545 2928 5617 Engelrada
2973 5549 3294 5613 nuncupata,
3327 5537 3450 5611 pari
3550 5545 3554 5549 '

1817 5642 1821 5650 ’
1864 5648 2085 5703 consilio
2107 5624 2364 5703 uenientes
2396 5662 2515 5700 cum
2538 5637 3050 5712 comitatu'ﬁliorum
3077 5624 3277 5691 scilicet
3296 5634 3416 5689 ‘vifo
3432 5660 3456 5676 -

1864 5759 2080 5805 rumque
2126 5740 2455 5813 cognationis
2492 5735 2796 5802 eorundem,
2844 5733 2914 5790 ad
2959 5731 3248 5789 canobium
3276 5725 3449 5786 sancti
