3906 6316
528 334 634 391 615

1658 276 1662 280 ’
1692 322 2052 380 SIGEBEBTI
2093 317 2619 399 GEMBLACENSIS
3682 326 3767 387 616

528 446 849 513 Salvatoris,
877 444 1049 499 sancti
1071 451 1272 516 quoque
1298 439 1445 496 Petri
1474 439 1775 511 pignenbus
1798 448 2061 509 comptum
2083 455 2117 492 a
2145 443 2190 499 Α
2217 434 2383 510 quam
2418 440 2534 511 ipse
2561 446 2740 495 tactus
2773 436 2868 494 Dei
2904 453 3092 494 amore
3126 439 3370 512 legaliter
3417 440 3637 498 tradidit
3660 458 3768 501 ssn-

522 540 718 595 domno
762 536 1031 608 Wicperto
1071 535 1169 589 Dei
1200 535 1421 600 cultore,
1470 531 1791 603 Erluinoque
1829 530 2111 586 venerabili

527 639 752 702 patrono
798 628 904 682 loci
946 626 1202 696 ejusdem.
1252 624 1452 678 Deinde
1491 622 1810 677 voluntatem
1847 623 2114 691 propriam

529 725 732 795 pariter
755 722 1082 775 ostendentes
1101 720 1292 772 domno
1316 718 1497 771 abbati
1526 715 1856 780 lleriwardo,
1880 714 2117 768 convenit

528 823 713 868 mutuo
740 811 1182 882 complacuitque,
1209 825 1310 881 quo
1336 808 1525 862 silvam
1558 806 1839 878 quamlibet
1863 807 2116 860 obtimam

529 905 763 961 traderet
794 903 908 956 loco
938 902 1188 973 presenti,
1215 901 1413 971 partim
1443 899 1637 952 dicina:
1679 898 1891 968 pietatis
1917 897 2114 968 gratia,

526 996 819 1066 plurimum
841 1004 1235 1064 pro‘munerum
1258 991 1541 1061 beneﬁciis,
1574 988 1839 1044 voluntate
1860 988 2117 1060 siquidem

530 1083 714 1137 damni
744 1083 973 1149 abbatis,
1021 1082 1253 1151 fratrum
1295 1096 1496 1151 quoque
1530 1080 1735 1150 pariter
1764 1079 1896 1133 inibi
1930 1078 2117 1149 degen-

527 1174 680 1237 tium,
710 1172 1042 1249 virorumque
1067 1170 1287 1225 consilio
1326 1170 1566 1240 ﬁdelium
1596 1169 1800 1223 ordinis
1824 1170 2113 1239 utriusque,

524 1273 708 1318 sancto
755 1261 1026 1316 Salvatori
1076 1261 1236 1333 legali
1287 1262 1512 1315 tradidit
1561 1261 1882 1314 auctoritate
1928 1258 2119 1313 silvam

527 1355 807 1419 obtimam,
851 1353 908 1405 in
951 1369 1111 1423 quam
1166 1352 1274 1421 fere
1319 1361 1535 1405 centena
1577 1342 1871 1403 consistunt
1920 1349 2120 1402 bonua-

525 1446 635 1510 ria,
675 1460 849 1513 super.
873 1443 1095 1513 ﬂuvium
1137 1441 1304 1495 Dions
1348 1440 1498 1512 vulgo
1541 1449 1920 1511 nuncupatum.
1960 1439 2123 1510 Equi-

524 1534 648 1589 dem
690 1550 812 1588 mox
845 1534 1081 1604 utrisque
1111 1548 1411 1585 concessum
1450 1531 1561 1601 fore
1587 1531 1883 1584 dinoscitur
1908 1547 1942 1583 a
1972 1529 2118 1582 nobis

524 1634 731 1680 centum
756 1624 916 1679 solidi
953 1639 1286 1676 nummorum
1318 1624 1373 1675 in
1414 1639 1545 1675 auro
1571 1621 1777 1676 scilicet
1806 1631 2120 1692 argentoque

424 1728 433 1737 ‘
523 1730 894 1786 equorumque,
930 1715 1069 1768 sicut
1110 1730 1291 1767 eorum
1317 1712 1559 1767 voluntas
1600 1712 1798 1766 extitit.
1834 1711 2009 1782 Hujus
2038 1712 2149 1785 si-l

2147 1787 2190 1844 Β
2220 1821 2336 1859 rum
2379 1803 2660 1877 clavigero,
2713 1823 2832 1859 cum
2882 1806 3087 1861 ceteris
3116 1812 3426 1859 sanctorum
3469 1806 3776 1876 pignoribus,

524 1807 736 1878 quidem
776 1805 1085 1859 traditionis
1123 1815 1240 1874 post
1278 1804 1389 1858 hazc
1435 1804 1724 1873 composita
1768 1810 1843 1856 est
1881 1801 2112 1868 cartula,

524 1896 620 1949 sub
670 1895 903 1948 virorum
948 1895 1247 1947 testimonio
1287 1893 1525 1964 fidelium
1573 1893 1844 1960 utriusque
1886 1893 2108 1947 ordinis.

527 2003 752 2057 quorum
801 1984 1044 2040 manibus
1072 1986 1235 2040 etiam
1281 1985 1499 2038 traditio
1534 1993 1747 2055 peracta
1775 1992 1871 2037 est.
1899 1981 1958 2037 Si
1995 1984 2112 2054 quis

527 2093 669 2144 vero,
720 2078 859 2148 quod
899 2078 1057 2144 absit,
1102 2088 1288 2131 contra
1338 2077 1472 2130 hanc
1525 2076 1790 2130 cartulam
1829 2075 2114 2146 quamlibet

527 2185 779 2240 generare
812 2170 1187 2238 presumpserit
1230 2168 1575 2234 calumniam,
1607 2169 1656 2221 si
1689 2184 1743 2222 se
1779 2167 1967 2221 exinde
2011 2182 2114 2220 non

523 2261 835 2327 correxerit,
888 2269 1133 2314 sanctum
1177 2258 1510 2315 Salvatorem
1556 2268 1741 2314 contra
1793 2275 1847 2313 se
1888 2259 2113 2312 ultorem

522 2352 752 2417 sentiat;
800 2352 949 2405 nobis
1006 2368 1207 2423 quoque
1259 2350 1446 2422 quibus
1494 2350 1640 2405 litem
1681 2349 1942 2416 intulerit,
1993 2350 2113 2402 auri

523 2445 710 2498 uncias
737 2442 806 2497 50
828 2452 879 2497 et
905 2444 1109 2514 argenti
1132 2443 1365 2513 pondera
1385 2450 1599 2495 caoctus
1621 2441 1875 2506 exsolvat,
1904 2450 1951 2493 et
1973 2438 2112 2511 quod

522 2534 710 2602 repetit
752 2533 1023 2587 vindicare
1070 2532 1217 2586 nullo
1268 2532 1422 2586 modo
1465 2541 1752 2603 presumat.
1810 2531 2021 2597 Verum,
2057 2538 2113 2583 ut

521 2639 735 2691 presens
758 2625 969 2677 cartula
998 2624 1155 2692 ﬁrma
1176 2622 1486 2692 stabilisque
1512 2621 1885 2692 perpetualiter
1906 2637 2115 2689 perma-

524 2722 668 2779 neat,
712 2712 1158 2783 constipulatioue
1196 2714 1542 2783 interposita,
1587 2714 1837 2766 diuturno
1887 2722 2114 2782 tempore

523 2805 895 2859 corroboretur
924 2804 1251 2859 inconvulsa.
1279 2803 1540 2861 Caeterum
1562 2805 1907 2874 praesentibus
1931 2813 2113 2857 notum

520 2897 596 2949 sit
619 2905 670 2951 et
692 2895 1016 2963 absentibus,
1047 2895 1299 2950 damnum
1327 2895 1569 2950 abbatem
1597 2894 1967 2950 Heriwardum
1993 2911 2113 2949 eum

527 2988 784 3043 fratribus
825 2988 992 3043 simili
1036 2988 1205 3059 pretio
1241 3003 1576 3043 nummorum
1621 2987 1808 3042 emisse
1862 2985 2113 3059 quicquid

526 3080 863 3152 Wichpertus
885 3081 1137 3135 hactenus
1167 3079 1352 3134 habuit
1392 3080 1450 3133 in
1475 3077 1604 3132 villa
1642 3078 1931 3134 Walaham
1956 3076 2110 3149 vulgo

518 3175 689 3242 dicta,
713 3190 835 3227 cum
870 3170 1083 3244 familia
1116 3172 1250 3226 satis
1282 3171 1494 3242 cognita
1526 3168 1920 3241 perpetualiter.

589 3264 767 3319 Annis
795 3279 925 3335 ergo
952 3263 1076 3333 plus
1104 3263 1356 3318 minusve
1382 3261 1557 3317 tribus
1614 3260 1668 3316 in
1707 3261 1973 3331 regimine
1994 3252 2110 3315 ela-

519 3357 658 3428 psis,
686 3354 1036 3413 Hcriwardus
1057 3355 1229 3410 abbas
1266 3353 1508 3410 debitum
1534 3352 1697 3409 solvit
1729 3350 2108 3417 humanitatis,

519 3455 574 3502 et
594 3447 628 3500 5
661 3443 780 3500 Non
808 3445 935 3501 Maii
978 3445 1263 3517 appositus
1288 3444 1357 3499 ad
1397 3443 1660 3514 populum
1695 3458 1879 3511 suum,
1916 3443 1972 3497 in
2000 3456 2109 3498 tec-

520 3537 689 3594 clesia
720 3538 897 3594 sancti
918 3536 1063 3591 Petri
1090 3536 1301 3607 accepit
1329 3535 1623 3590 tumulum.
1996 3548 1997 3555 ‘

785 3627 874 3682 DE
900 3625 1208 3683 ERLUINO
1233 3625 1524 3682 JUNIORE
1549 3624 1841 3681 ABBATE.

584 3719 680 3775 24.
707 3719 832 3792 (An.
860 3719 1011 3789 991.)
1042 3715 1260 3774 Tertius
1289 3717 1356 3773 ad
1404 3718 1772 3788 praelationem
1799 3717 2076 3772 Gemmela
2095 3745 2108 3758 ο

516 3810 705 3873 censis
724 3807 961 3866 cmnobii
985 3809 1193 3864 electus
1221 3818 1305 3863 est
1333 3807 1610 3877 Erluinus,
1646 3809 1850 3879 prioris
1896 3807 2107 3863 Erluini

519 3902 988 3973 consanguineus,
1024 3907 1078 3954 et
1117 3901 1331 3956 decimo
1359 3899 1480 3954 Kal.
1526 3899 1775 3955 Januarii
1825 3900 1997 3955 abbas
2024 3908 2110 3955 est

520 3995 829 4050 ordinatus.
879 3992 930 4048 Is
965 4000 1231 4063 quantum
1260 3992 1329 4047 ad
1370 3991 1640 4059 seculum,
1678 3992 1865 4048 liberis
1914 4007 2107 4064 proge-

521 4083 795 4140 nitoribus
824 4091 1114 4150 estortus,
1145 4099 1272 4137 nam
1324 4081 1587 4138 Erluinus
1626 4082 2107 4139 Cameracensium

520 4185 655 4232 tunc
684 4175 950 4244 temporis
972 4173 1263 4244 episcopus
1284 4174 1402 4241 ejus
1423 4173 1526 4228 fuit
1560 4176 1890 4244 avunculus;
1927 4191 2106 4246 quan-

520 4275 637 4320 tum
666 4280 798 4321 vero
852 4266 920 4320 ad
970 4264 1141 4320 Deum
1189 4266 1243 4320 in
1287 4264 1569 4321 Gorziensi
1594 4268 1846 4324 coenobio
1870 4267 2106 4339 regulari

519 4356 855 4412 monachicae
877 4357 1001 4412 vitae
1052 4357 1341 4428 disciplina
1371 4358 1616 4428 adprime
1648 4362 2000 4424 exercitatus,
2037 4359 2105 4414 ad

2217 543 2306 589 cto
2331 533 2511 600 Petro,
2534 533 2736 587 ethinc
2784 547 2880 603 per
2925 547 3122 588 manus
3163 531 3373 589 Erluini
3434 533 3769 594 abbatistslis

2217 622 2360 680 facta
2389 634 2471 679 est
2505 624 2836 694 conscriptio
2878 642 2891 677 :

2289 714 2329 787 -ι-
2368 714 2624 769 Omnibus
2673 723 2871 769 sancta:
2916 713 3015 789 Dei
3061 715 3314 771 azcclesiie
3346 715 3615 786 ﬁdelibus,
3657 732 3771 787 νη»

2215 803 2447 859 sentibus
2477 804 2719 858 videlicet
2758 821 2820 858 ac
2852 805 3073 874 futuris,
3122 805 3273 876 longe
3308 805 3521 877 lateque
3563 822 3771 861 contru-

2217 895 2477 963 nentibus,
2504 905 2684 949 notum
2698 896 2815 966 fieri
2839 904 2948 950 toto
2973 896 3148 950 cordis
3169 905 3413 966 optamus
3433 897 3771 968 affectu,qu

2217 987 2425 1041 abbatis
2464 986 2678 1041 Erluini
2702 989 2910 1042 nomine
2931 988 3063 1041 dicti
3099 987 3302 1053 diebus,
3335 989 3527 1058 quibus
3569 987 3771 1042 cenabis

2219 1076 2626 1132 Gemmelacensi
2661 1087 2961 1148 nuncupata
2986 1078 3188 1132 naviter
3228 1086 3449 1148 praeest,
3485 1080 3776 1149 consangui-

2217 1183 2342 1221 neus
2379 1167 2591 1238 patroni
2638 1169 2834 1238 prioris
2857 1168 3115 1239 equivoci,
3139 1168 3358 1238 quidam
3394 1169 3478 1223 vir
3532 1176 3678 1222 ortus
3701 1184 3776 1221 na-

2219 1259 2315 1313 bili
2338 1261 2591 1331 prosapia
2634 1260 2903 1315 Arnoldus
2960 1261 3262 1314 nominatus
3296 1260 3639 1332 ejusdemque
3682 1277 3777 1314 can-

2209 1350 2350 1420 junx
2371 1350 2641 1406 Richeldis
2689 1351 2760 1384 ⁷³⁸
2797 1353 3052 1419 vocitata,
3091 1353 3296 1422 pariter
3324 1353 3380 1408 in
3442 1353 3641 1407 divinis
3668 1344 3778 1407 iace-

2217 1440 2398 1495 dentes
2439 1440 2793 1511 jussionibus,
2832 1443 3010 1512 deiﬁci
3071 1443 3281 1498 timoris
3332 1444 3777 1499 reminiscenteset

2217 1534 2435 1599 amoris,
2458 1535 2578 1604 pari
2607 1543 2908 1589 statuerunt
2954 1533 3210 1589 divinitus
3252 1534 3499 1602 consilio,
3551 1537 3777 1606 quatinus

2215 1637 2310 1691 pro
2336 1621 2507 1676 salute
2529 1625 2830 1677 animarum
2855 1639 3075 1677 suarum
3121 1625 3501 1695 cunctipotenti
3542 1623 3657 1678 Deo
3687 1624 3777 1678 sal-

2218 1714 2386 1766 vatori
2407 1724 2737 1780 cunctorum,
2767 1723 2951 1768 sancto
3010 1730 3213 1784 quoque
3260 1713 3423 1768 Petro
3460 1716 3613 1785 regni
3648 1714 3778 1768 celo-

2212 1914 2332 1969 qua:
2359 1897 2768 1967 prwsentialiter
2801 1897 2943 1978 apud
2977 1913 3072 1951 nos
3129 1896 3399 1963 coluntur,
3433 1898 3603 1950 totius
3660 1897 3781 1949 lterc-

2214 1988 2402 2042 ditatis
2439 1989 2840 2059 possessionem,
2904 2004 3064 2058 quam
3112 1988 3257 2058 infra
3291 1996 3489 2041 nostra
3529 1986 3778 2057 potestatis

2212 2079 2479 2149 possident
2522 2078 2815 2144 abbatiam,
2852 2078 3013 2149 legali
3046 2078 3311 2133 traderent
3347 2078 3659 2132 donatione.
3696 2073 3781 2145 lgi-

2215 2177 2303 2223 tur
2341 2153 2615 2225 amborum
2648 2170 2908 2224 divinitus
2953 2170 3220 2240 inspirata
3260 2169 3637 2235 benivolentia,
3673 2183 3780 2237 qu-

2213 2261 2338 2315 dam
2361 2262 2466 2328 die,
2497 2261 2887 2333 sollempnitate
2913 2261 3117 2316 scilicet
3140 2262 3281 2316 beati
3308 2261 3559 2316 Medardi
3581 2257 3779 2332 pontiﬁ-

2214 2355 2310 2421 cis,
2325 2356 2446 2425 pari
2461 2355 2836 2408 concordantes
2848 2353 3069 2409 aemilio
3079 2362 3429 2408 convenerunt
3441 2394 3457 2420 ,
3474 2350 3779 2424 congregatis

2212 2462 2414 2517 quoque
2468 2446 2708 2516 ﬁdelium
2748 2445 2964 2500 testibus
3008 2446 3242 2499 virorum
3296 2445 3469 2514 partis
3506 2444 3778 2512 utriusque,

2212 2547 2401 2591 cuncta
2436 2554 2555 2608 quae
2590 2537 2857 2607 possidere
2880 2546 3170 2592 cernuntur
3193 2535 3339 2605 infra
3365 2542 3569 2588 ηοεετω
3586 2532 3780 2587 ditionis

2213 2638 2269 2682 ut
2308 2628 2653 2699 praediximus
2692 2628 3026 2695 abbathiam,
3062 2627 3305 2698 legaliter
3328 2626 3670 2681 tradiderunt
3692 2624 3779 2678 Dea

2213 2720 2472 2774 salvatori
2502 2729 2703 2798 nostro,
2734 2721 2886 2791 cujus
2909 2721 3105 2774 honore
3135 2720 3378 2773 conditus
3399 2729 3477 2774 est
3517 2718 3668 2773 locus
3684 2720 3780 2789 in

2213 2811 2407 2879 dictus,
2431 2821 2616 2866 sancto
2653 2828 2855 2882 quoque
2889 2810 3050 2865 Petro
3097 2811 3328 2882 principi
3364 2810 3572 2864 scilicet
3595 2817 3780 2880 aposto-

2212 2903 2406 2971 lorum,
2437 2903 2533 2958 tali
2577 2903 2813 2958 videlicet
2837 2903 3061 2969 ratione,
3111 2918 3214 2973 quo
3251 2904 3522 2956 vitatenus
3560 2917 3661 2955 usu
3686 2900 3781 2970 frl-

2214 3005 2374 3050 antur
2398 2996 2717 3067 fructuaria,
2755 3012 2847 3050 nec
2875 3010 2979 3049 non
2998 3004 3114 3064 post
3152 2994 3449 3048 communis
3479 2994 3610 3049 vitae
3630 2992 3781 3046 deaes-

2212 3101 2330 3139 sum
2357 3086 2577 3140 caenobii
2617 3086 2787 3140 nostri
2814 3085 3169 3155 subjiciuntur
3208 3084 3469 3139 dominio.
3508 3081 3654 3138 Sane
3677 3095 3779 3152 pm

2215 3177 2376 3230 totius
2412 3176 2758 3247 possessionis
2778 3175 2889 3231 hinc
2908 3183 2985 3229 est
3016 3189 3036 3230 :
3061 3173 3311 3246 quicquid
3337 3174 3533 3228 habere
3572 3169 3779 3227 Δίποπί-

2214 3274 2302 3318 tur
2322 3266 2376 3319 in
2401 3264 2619 3335 famulis
2663 3276 2713 3320 et
2769 3265 3069 3336 famulabus
3125 3265 3498 3329 communiter,
3541 3280 3661 3317 cum
3686 3276 3779 3315 ata-

2211 3356 2422 3411 lcndino
2448 3358 2651 3426 pariter
2674 3366 2723 3410 et
2759 3357 2970 3422 camba,
2998 3355 3241 3421 deinceps
3272 3356 3329 3409 in
3355 3356 3528 3426 agris,
3553 3352 3776 3416 culturis,

2211 3448 2367 3502 cultis
2405 3457 2455 3502 et
2478 3448 2718 3515 incultis,
2739 3448 2909 3514 silvis,
2933 3456 3125 3519 pratis,
3157 3446 3392 3516 pascuis,
3424 3447 3585 3517 aquis
3626 3458 3770 3514 aqua-

2211 3555 2388 3593 rumve
2414 3538 2743 3606 decursibus,
2771 3538 2999 3593 exitibus
3039 3538 3270 3603 viarum,
3316 3535 3550 3590 thelanei
3601 3547 3776 3606 quoque

2206 3637 2359 3700 parte
2379 3628 2586 3683 sibimet
2625 3629 2917 3697 accidente,
2968 3643 3087 3682 cum
3113 3627 3318 3682 caeteris
3344 3625 3503 3680 rebus
3531 3624 3775 3696 praedicta

2207 3720 2526 3792 possessioni
2550 3719 2798 3774 subditis.

2277 3811 2367 3867 25.
2396 3809 2511 3866 Sub
2543 3812 2649 3866 hoc
2669 3808 2898 3864 Erluino
2941 3806 3142 3863 molliri
3189 3806 3358 3878 coepit
3382 3805 3774 3877 disciplinan-

2208 3902 2413 3975 gularis
2441 3902 2609 3973 rigor,
2641 3909 2695 3956 et
2715 3899 2978 3971 paulatim
3019 3908 3292 3969 tepescere
3338 3905 3549 3953 sanctae
3571 3907 3774 3951 conver-

2208 4001 2437 4056 sationis
2458 3999 2659 4066 fervor,
2692 3998 2819 4069 quia
2844 4011 2955 4052 non
2984 3996 3189 4051 multus
3212 3996 3265 4049 in
3293 4008 3362 4050 eo
3380 4002 3502 4048 erat
3525 3994 3682 4064 justas
3700 4004 3774 4045 sco

2206 4090 2451 4147 veritatis
2471 4091 2645 4161 vigor.
2685 4086 2825 4144 Nam
2870 4086 3279 4143 secelesiasticis
3318 4084 3510 4151 rebus,
3564 4093 3623 4138 ut
3664 4094 3772 4149 sepe

2206 4182 2413 4238 dictum
2439 4190 2541 4247 est,
2562 4180 2804 4250 undique
2850 4176 3150 4247 dissipatis,
3180 4183 3236 4231 et
3280 4175 3554 4230 reditibus
3586 4182 3639 4229 et
3684 4172 3770 4227 stic

2205 4272 2420 4344 pendiis
2472 4270 2782 4336 minoratis,
2831 4267 3222 4323 attenuabatur
3267 4266 3435 4322 nimis
3481 4279 3668 4320 eorum
3697 4274 3771 4319 res

2206 4362 2513 4418 familiaris.
2532 4360 2721 4433 Itaque
2745 4360 2848 4416 sub
2877 4366 3100 4429 optentu
3128 4357 3469 4428 paupertatis
3488 4357 3616 4413 dum
3637 4353 3771 4424 quis-

518 4461 643 4502 eam
694 4447 954 4504 vivaciter
1020 4449 1394 4518 exequendam
1444 4449 1655 4503 utinam
1712 4458 1822 4504 tam
1879 4451 2107 4505 idoneus
2139 4457 2183 4511 ι)
2209 4471 2316 4527 que
2364 4455 2469 4511 sibi
2521 4453 2788 4520 consulit,
2843 4461 2898 4508 et
2949 4449 3259 4522 posthabita
3312 4449 3624 4504 communis
3661 4445 3771 4499 vita

518 4556 685 4611 quam
736 4539 1065 4597 sufﬁcienter
1112 4540 1447 4596 instructus!
1482 4538 1672 4611 Hujus
1725 4548 1969 4612 tempore
2000 4541 2106 4595 Ar-

520 4633 720 4687 noldus
742 4633 986 4703 quidam,
1014 4634 1101 4688 vir
1130 4632 1352 4698 nobilis,
1380 4642 1590 4703 partem
1636 4633 1819 4703 praedii
1850 4634 2103 4689 Gemme-

522 4722 777 4791 laecnsis,
805 4739 928 4794 qua:
954 4740 1021 4780 ex
1069 4724 1194 4793 jure
1230 4724 1421 4779 uxoris
1446 4739 1559 4779 suae
1581 4723 1859 4778 Ricbeldis
1887 4738 1946 4778 se
1973 4737 2105 4777 con-

520 4813 782 4885 tingebat,
811 4822 1003 4870 sancto
1035 4814 1199 4871 Petro
1219 4815 1473 4872 reddidit.
1504 4815 1783 4886 Siquidem
1813 4813 2105 4870 Heribran-

515 4903 645 4989 dus,
691 4904 787 4975 qui
835 4920 1019 4960 rerum
1073 4915 1386 4961 nostrarum
1436 4906 1646 4976 primus
1697 4906 1922 4962 invasor
1979 4904 2103 4972 fuit,

520 4997 845 5066 Hubertum,
871 5000 967 5072 qui
1005 5000 1169 5070 vulgo
1198 4998 1420 5056 Hubezo
1453 5002 1770 5069 vocabatur,
1805 5018 1872 5057 ex
1894 5001 2103 5057 Renui-

517 5098 606 5164 de,
645 5112 834 5153 sorore
855 5096 1044 5152 domni
1070 5096 1390 5167 Wichperti,
1424 5098 1628 5169 genuit,
1674 5107 1728 5152 et
1761 5097 1901 5153 ﬁlias
1940 5098 2101 5163 duas,

517 5185 835 5254 Richeldem
856 5195 911 5242 et
931 5187 1095 5242 aliam
1126 5186 1284 5257 cujus
1308 5203 1505 5244 nomen
1546 5189 1765 5245 excidit.
1810 5187 1980 5244 Porro
2032 5189 2100 5245 de

515 5278 807 5335 medietate
837 5277 1307 5335 Gemmelaeensis
1346 5278 1690 5351 ﬁsci,quam,
1733 5289 1794 5336 ut
1822 5297 1989 5352 supra
2010 5281 2096 5337 di-

517 5373 723 5440 ximus,
757 5368 1132 5430 Heribrandus
1191 5373 1393 5443 injuste
1442 5376 1750 5446 repetierat,
1811 5378 1896 5434 bis
1922 5379 2098 5435 tribus

514 5465 676 5520 tertia
697 5466 924 5537 singulis
952 5482 1080 5537 pars
1108 5466 1163 5521 in
1196 5464 1462 5522 divisione
1489 5479 1826 5538 provenerat.
1860 5464 1982 5525 “an:
2016 5464 2105 5526 est

517 5556 676 5613 tertia
696 5572 820 5628 quae
843 5573 909 5613 ex
933 5558 1059 5630 jure
1079 5557 1266 5615 uxoris
1289 5556 1554 5616 Ricbildis
1575 5572 1809 5618 cesserat
1830 5562 2093 5633 Arnoldo,

2209 4548 2491 4603 honestate
2510 4562 2625 4603 rem
2652 4545 2977 4601 familiarem
2999 4556 3197 4614 augere
3209 4542 3562 4613 peculiariter
3578 4538 3737 4611 qnen't
3749 4575 3763 4600 ,

2208 4639 2628 4711 vivebantjusto
2654 4637 2938 4703 licentius;
2985 4634 3131 4705 quod
3175 4633 3405 4688 omnino
3438 4649 3548 4687 non
3575 4627 3768 4700 expedit

2207 4719 2603 4784 monachorum
2636 4728 2945 4783 animabus.
2977 4725 3055 4779 Ita
3091 4726 3159 4781 de
3181 4725 3499 4780 sanctuario
3526 4722 3616 4778 Dei
3640 4719 3765 4775 unde

2205 4821 2384 4890 primo
2406 4836 2473 4875 ex
2495 4828 2682 4879 sancta
2713 4819 2767 4873 in
2810 4817 3175 4872 habitantium
3226 4817 3637 4872 conversatione
3679 4812 3763 4867 deo

2205 4914 2473 4971 lectabilis
2509 4915 2694 4970 exibat
2718 4912 2874 4978 odor,
2910 4912 3024 4982 jam
3078 4926 3228 4966 nunc
3252 4911 3483 4967 sinister
3521 4905 3762 4966 diﬂ'unde-

2204 5007 2366 5063 batur
2390 5021 2602 5073 rumor,
2633 5005 2727 5075 qui
2751 5018 3147 5073 nonnunquam
3194 5003 3338 5072 apud
3364 5018 3530 5058 aures
3572 4999 3763 5057 scalis.

2203 5100 2351 5156 rium
2373 5099 2440 5154 ad
2463 5095 2836 5152 infamandam
2857 5096 3027 5149 vitam
3077 5104 3325 5150 nostram
3362 5095 3503 5150 solet
3537 5106 3651 5148 esse
3688 5090 3761 5143 in-

2203 5191 2539 5248 clementior.
2590 5189 2734 5261 Ergo
2756 5187 3015 5243 Erluinus
3040 5187 3230 5257 junior
3268 5195 3557 5258 postquam
3600 5195 3761 5239 annos

2200 5285 2324 5355 plus
2344 5298 2509 5354 quam
2539 5281 2612 5337 25
2663 5280 2769 5337 sub
2810 5279 3032 5335 nomine
3078 5274 3689 5349 pastoralitatisexegit,
3710 5271 3756 5325 ἴ.

2202 5376 2428 5431 Kalend.
2460 5373 2607 5430 Junii
2635 5373 2746 5427 vita
2763 5360 2997 5429 decessit
3017 5371 3142 5443 (An.
3169 5370 3355 5441 1012),
3376 5378 3433 5425 et
3451 5370 3507 5425 in
3533 5364 3755 5423 ecclesia

2202 5470 2377 5524 sancti
2401 5467 2547 5522 Petri
2570 5466 2727 5537 juxta
2737 5464 3193 5535 praedecessorem
3217 5479 3380 5520 suum
3404 5458 3752 5519 Heriwsrdum

2203 5561 2459 5618 tumulari
2484 5557 2703 5613 meruit.

1801 5642 2039 5712 Vsnlas
2077 5650 2478 5712 LECTIONES.

589 5739 657 5781 τπ
676 5737 940 5797 Ricbildis
972 5758 1107 5798 corr.
1137 5741 1412 5799 Ricbeldis
1440 5759 1488 5800 c.
