3906 6316
135 360 250 415 617

559 461 646 517 DE
675 458 996 518 OLPERTO
1017 458 1310 517 ABBATE.

211 555 308 612 26.
341 554 446 611 Sed
490 556 779 611 miserator
821 555 1084 609 Dominus
1126 554 1236 608 cito
1268 551 1456 608 oculos
1511 547 1731 604 miseri-

131 649 351 704 cordiae
373 664 485 703 sua:
508 648 810 718 aperuit,et
829 647 1155 711 interventu,
1187 653 1247 699 ut
1272 644 1565 706 credimus,
1592 639 1737 695 senti

128 740 232 795 sui
253 739 559 809 Wichperti
616 738 844 808 dignum
899 735 1086 790 domui
1135 750 1248 790 sua:
1304 733 1737 814 dispensatorem

128 827 412 902 providit.
438 823 680 892 Revera,
714 826 957 896 inquam,
1011 823 1443 878 misericordiam
1489 820 1613 875 omli
1657 819 1740 872 di-

129 920 519 986 stillaverunt,
573 918 792 988 quando
841 916 1121 986 Olpertum
1160 915 1318 970 nobis
1365 921 1619 982 quartum
1651 909 1742 964 ab-

131 1013 336 1068 batem
375 1011 629 1067 substitui
656 1011 989 1080 delegerunt.
1019 1007 1093 1062 De
1125 1023 1190 1062 eo
1214 1021 1387 1076 pauca
1414 1003 1574 1058 nobis
1604 1017 1742 1072 pm-

132 1104 374 1159 libanda
391 1111 539 1158 sunt.
590 1100 645 1158 is
694 1101 748 1154 in
785 1101 1022 1156 confinio
1050 1097 1400 1153 Sambrensis
1450 1095 1574 1166 pagi
1614 1094 1742 1148 villa

129 1211 273 1265 quae
293 1194 544 1250 Lederna
562 1201 796 1247 vocatur
821 1199 982 1246 natus
1006 1199 1110 1258 est,
1138 1188 1455 1260 parentibus
1476 1195 1742 1258 quantum

124 1288 213 1342 ead
245 1285 498 1346 seculum
530 1301 640 1340 non
670 1284 903 1351 inﬁmis;
922 1293 1188 1354 quantum
1218 1283 1284 1337 ad
1310 1280 1502 1346 Deum,
1528 1279 1746 1349 religio-

132 1379 245 1434 sis.
275 1378 335 1433 ln
362 1378 614 1434 C(enobio
644 1375 939 1432 Laubiensi
964 1391 994 1430 a
1024 1389 1194 1446 puero
1215 1373 1274 1428 in
1309 1371 1597 1441 disciplina
1627 1379 1746 1424 tuo-

132 1467 387 1522 nacbica
413 1466 734 1538 regulariter
758 1467 1021 1531 nutritus,
1049 1471 1104 1520 et
1135 1464 1191 1518 in
1209 1462 1404 1518 studiis
1437 1462 1747 1516 litterarum

125 1557 405 1629 adprime
423 1547 705 1624 eruditus,
728 1574 795 1614 ex
818 1565 1075 1628 provectu
1101 1572 1213 1612 suae
1244 1555 1444 1609 indolis
1472 1562 1750 1609 monstra-

132 1650 243 1705 bat
269 1650 456 1721 qualis
478 1659 625 1706 esset
663 1649 901 1704 futurus.
962 1648 1062 1704 Hic
1105 1649 1199 1703 ubi
1246 1663 1314 1703 ex
1357 1661 1453 1702 ore
1502 1645 1748 1717 Herigeri

134 1740 514 1796 Lobiensium
536 1741 773 1808 abbatis,
801 1740 906 1796 viri
951 1757 1056 1796 suo
1079 1748 1326 1810 tempore
1347 1738 1746 1805 dissertissimi,

1151 347 1376 406 essu
1418 343 1748 402 ansarum
1791 319 2404 398 GEMBLACENSIUMI

3303 346 3412 403 6f!

1758 456 1806 516 Α
1835 452 1919 518 tit,
1948 451 2095 522 quod
2126 452 2217 506 illa
2251 461 2409 508 aetate
2438 453 2491 506 in
2516 451 2912 523 scripturarum
2929 453 3232 510 eruditione
3263 459 3423 514 unice

1837 543 2112 611 claruerit.
2173 543 2329 609 Quod
2362 544 2447 598 vel
2503 545 2558 598 in
2589 545 2694 598 hoc
2743 545 2876 598 satis
2943 546 3160 614 probari
3201 550 3422 616 poterit,

1838 635 1986 704 quod
2025 650 2164 705 opus
2203 645 2404 691 sanctae
2449 635 2707 691 mcelesite
2731 636 2895 690 nimis
2937 637 3068 690 utile
3102 638 3422 705 elaboravit,

1839 725 1968 782 dum
1999 723 2219 779 Olberto
2246 725 2484 780 dictante
2527 734 2580 780 et
2613 724 3263 796 magistrantemagnum
3294 727 3427 784 illud

1841 829 2112 871 canonum
2158 818 2415 872 volumen
2448 817 2838 881 ccntonizavit,
2890 825 2944 870 et
2989 817 3149 886 quasi
3189 819 3433 878 collectis

1841 906 2068 962 floribus
2093 893 2680 980 omniformis'generis
2720 908 2788 963 de
2832 915 2989 978 prato
3032 909 3425 979 scripturarum

1843 1013 2102 1054 coronam
2128 999 2512 1068 preciosiorem
2536 1016 2674 1055 auro
2705 1009 2759 1054 et
2781 1001 2996 1069 t0pazio
3045 1001 3099 1055 in
3147 1002 3292 1057 edito
3326 1020 3434 1059 aec-

1843 1089 2022 1144 clesize
2044 1091 2346 1144 collocavit.
2372 1121 2442 1129 —
2464 1090 2767 1161 Episcopus
2794 1091 2885 1145 ubi
2929 1091 3068 1146 votis
3120 1093 3235 1148 suis
3263 1095 3438 1151 satis-

1842 1175 2049 1237 factum
2101 1197 2226 1237 csse
2268 1183 2486 1250 sensit,
2534 1184 2799 1254 magistro
2860 1183 3136 1256 optionem
3192 1185 3435 1256 optulit,

1843 1280 2028 1325 utrum
2053 1271 2240 1325 mallet
2267 1287 2452 1326 secum
2486 1272 2538 1325 in
2571 1273 2780 1326 honore
2810 1280 2864 1325 et
2890 1272 3129 1327 amicitia
3155 1289 3440 1329 remanere

1846 1379 1915 1418 an
1943 1363 2010 1417 ad
2037 1379 2163 1418 suos
2190 1364 2506 1434 repatriare.
2534 1363 2625 1419 llle
2642 1364 2802 1436 elegit
2828 1365 3146 1434 repatriare,
3171 1367 3299 1436 quia
3324 1368 3443 1437 pla-

1847 1455 1958 1511 cuit
1986 1455 2094 1510 Deo
2123 1457 2195 1511 ita
2223 1471 2323 1526 pro
2372 1458 2533 1525 nobis
2584 1457 2920 1527 dispensare.
2976 1457 3118 1529 Ergo
3162 1476 3286 1514 cum
3315 1477 3442 1531 gra~

1849 1536 2050 1600 tiarum
2080 1547 2295 1602 actione
2319 1547 2577 1618 episcopo
2625 1547 2876 1602 Baldrico
2930 1550 3246 1618 remittitur,
3298 1553 3437 1606 emi-

1848 1637 2033 1692 nentia
2058 1637 2225 1692 studii
2245 1647 2299 1693 et
2325 1639 2603 1710 religionis
2625 1639 2744 1710 ejus
2780 1639 3126 1709 praedicatur,
3149 1652 3204 1696 et
3230 1660 3298 1698 ne
3326 1645 3445 1700 vice

1855 1729 1926 1760 ’³⁸
1962 1729 2270 1786 laborissui
2329 1730 2644 1799 frustretur,
2693 1731 3146 1790 affectuosissime
3195 1736 3245 1788 ei
3293 1752 3445 1791 com-

129 1835 364 1904 aliquid
395 1835 464 1888 de
484 1803 789 1904 scptil'ormi
818 1849 1015 1905 sapore
1044 1803 1247 1888 artium
1273 1833 1429 1900 bibit,
1454 1833 1603 1888 sitim
1628 1803 1754 1887 stu;
1780 1803 1827 1859 Β
1859 1820 2171 1878 mentiatur.

132 1923 219 1992 dii
258 1923 349 1978 sui
381 1923 698 1993 extinguere
722 1939 830 1979 non
870 1923 1067 1994 potuit.
1115 1921 1241 1977 ldeo
1294 1921 1483 1976 ubiubi
1516 1921 1752 1993 aliquem

135 2013 198 2067 in
237 2013 477 2069 scientia
527 2015 730 2069 artium
779 2015 996 2086 egregie
1047 2030 1160 2086 pra:
1200 2013 1415 2069 caeteris
1451 2015 1633 2069 valere
1656 2030 1755 2069 au-

135 2104 363 2173 diebat,
401 2106 585 2160 statim
620 2106 750 2160 illuc
771 2107 1010 2172 volabat,
1048 2114 1103 2161 et
1156 2114 1366 2176 quanto
1403 2106 1644 2176 amplius
1678 2106 1755 2161 si-

135 2197 350 2262 tiebat,
375 2207 527 2252 tanto
547 2198 762 2254 avidius
819 2199 886 2254 de
932 2199 1273 2270 singulorum
1312 2206 1530 2268 pectore
1549 2199 1762 2268 aliquid.

139 2287 485 2343 delectabile
512 2289 820 2344 hauriebat.
861 2286 999 2343 Nam
1045 2298 1099 2344 et
1138 2286 1386 2346 Parisius
1435 2289 1756 2360 aliquandiu

131 2378 305 2448 apud
338 2379 520 2433 sancti
549 2379 620 2410 ’³⁷
647 2378 903 2434 Germani
939 2394 1162 2449 operam
1210 2380 1358 2435 dedit
1399 2389 1454 2435 et
1496 2381 1678 2436 studio
1703 2390 1759 2436 et

43 2503 52 2508 -
141 2480 372 2536 sancta:
398 2486 521 2540 qua:
553 2471 625 2526 ibi
650 2470 892 2526 fervebat
921 2472 1196 2542 religioni.
1227 2471 1387 2544 Apud
1421 2473 1613 2527 urbem
1636 2472 1758 2528 Tri-

143 2561 447 2630 cassinam
480 2562 716 2616 triennio
735 2563 966 2630 studuit,
992 2562 1086 2617 ubi
1129 2571 1285 2633 grata
1309 2563 1430 2618 vice
1480 2571 1534 2618 et
1585 2565 1757 2619 multa

145 2654 224 2708 ab
255 2653 390 2708 aliis
417 2653 628 2719 didicit,
651 2661 716 2718 et
741 2653 1041 2722 prudenter
1060 2654 1204 2709 alios
1259 2653 1467 2710 docuit.
1515 2651 1622 2708 Sed
1658 2669 1762 2710 nec

143 2744 414 2799 Fulbcrti
443 2743 798 2800 Carnotcnsis
834 2745 1078 2815 episcopi
1123 2760 1250 2800 eum
1285 2745 1614 2818 subterfugit
1655 2763 1758 2800 au-

147 2838 398 2902 dientia,
458 2853 622 2907 quem
672 2837 729 2891 in
777 2837 971 2908 peritia
1029 2837 1337 2894 liberalium
1388 2839 1590 2894 artium
1648 2848 1761 2894 tota

143 2927 507 3000 praedicabat
528 2928 779 2984 Francia.
809 2929 878 2984 At
907 2939 1197 3000 postquam
1247 2940 1308 2985 ut
1335 2946 1466 3001 apes
1518 2931 1760 3002 pruden-

150 3020 390 3075 tissima
419 3036 516 3090 per
535 3020 864 3076 florearura
913 3023 1208 3089 exercitus,
1243 3023 1452 3093 liquido
1498 3026 1762 3081 doctrina:

150 3119 396 3165 nectare
434 3122 518 3166 est
541 3112 835 3180 distentus,
859 3113 927 3168 ad
960 3113 1262 3168 alvearium
1285 3115 1521 3170 cmnobii
1563 3117 1648 3172 sui
1679 3126 1762 3173 est
1791 3145 1836 3205 ο

146 3219 483 3274 regressus,
512 3204 698 3275 ibique
717 3205 932 3261 vivebat
953 3205 1207 3278 religiose
1233 3206 1534 3276 studiosus,
1561 3217 1618 3264 et
1641 3217 1762 3264 stu-

153 3295 324 3349 diose
351 3294 658 3365 religiosus.

235 3386 337 3441 27.
366 3385 446 3441 Ea
485 3395 807 3459 tempestate
843 3387 1196 3445 Bnrchardus
1227 3389 1451 3462 quidam
1501 3391 1562 3446 in
1606 3391 1767 3447 Wor-

151 3479 424 3534 macensi
443 3479 674 3535 civitate
695 3481 855 3536 datus
880 3489 1000 3536 erat
1039 3481 1350 3552 episcopus,
1386 3483 1472 3538 vir
1507 3499 1632 3539 cum
1652 3485 1769 3555 epi-

155 3572 388 3641 scopali
413 3571 619 3627 honore
649 3589 758 3628 non
789 3573 1068 3652 indignus,
1090 3582 1208 3628 tum
1265 3589 1364 3644 pro
1385 3574 1646 3645 juvenilis
1692 3591 1770 3632 te-

148 3659 543 3720 Iatisfervore
587 3661 893 3718 litterarum
943 3663 1140 3718 studiis
1182 3673 1449 3734 Oportune
1505 3665 1767 3722 intentus.

153 3751 216 3809 is
243 3753 729 3824 Baldricojuniori
787 3743 1190 3827 Tungrensium
1232 3757 1490 3827 episcopo
1548 3757 1773 3815 fiducia-

159 3847 303 3902 liter
336 3845 654 3900 mandat—
687 3847 806 3917 ejus
835 3864 1031 3918 nempe
1059 3849 1470 3905 contubernalis
1497 3851 1773 3908 etamicus

163 3939 223 3994 in
263 3937 486 4008 palacio
512 3939 656 4008 regis
682 3937 858 3994 fuerat
896 3970 970 3979 —
1012 3950 1074 3996 ut
1117 3940 1224 3996 sibi
1275 3941 1512 4011 aliquem
1551 3943 1772 3999 .litterali

161 4029 414 4084 scientia
435 4029 722 4098 praditum
743 4030 961 4102 dirigat,
985 4031 1145 4102 cujus
1172 4048 1273 4104 ope
1301 4041 1356 4088 et
1387 4033 1636 4089 doctrina
1660 4036 1776 4106 ipse

166 4120 228 4173 in
259 4120 579 4175 eruditione
636 4122 1037 4192 scripturarum
1094 4125 1357 4195 prolicere
1399 4127 1594 4182 valeat.
1640 4128 1777 4196 Quis

159 4219 338 4265 tanto
360 4211 481 4265 viro
508 4212 867 4283 mittidignus
901 4223 1046 4269 esset
1077 4216 1363 4287 diligenter
1383 4218 1669 4288 quaeritur,
1723 4230 1777 4276 et

161 4303 408 4358 tandem
440 4303 510 4357 ad
535 4304 639 4360 hoc
664 4305 847 4360 nullus
900 4303 1121 4360 Olberto
1153 4310 1327 4378 magis
1346 4309 1580 4367 idoneus
1621 4312 1769 4367 inve-

163 4396 360 4466 nitur,
398 4402 453 4448 et
484 4395 624 4450 bona
649 4397 893 4451 omnium
915 4398 982 4452 de
1005 4415 1070 4453 eo
1097 4400 1460 4468 estimatione,
1485 4403 1554 4457 ad
1585 4403 1778 4459 urbem

1923 1911 2014 1965 28.
2039 1910 2181 1965 Cum
2206 1910 2360 1982 'ergo
2391 1912 2547 1968 locus
2583 1912 3049 1970 Gemmelacensis
3078 1926 3296 1972 vacaret
3349 1933 3451 1989 pa-

1853 2009 2024 2069 store,
2058 2002 2339 2059 Baldricus
2361 2005 2652 2076 episcopus
2692 2006 2924 2073 sollicita
2957 2024 3081 2064 cum
3113 2009 3229 2065 suis
3258 2011 3452 2084 agebat

1855 2095 2272 2163 deliberatione,
2297 2095 2422 2166 quis
2447 2096 2647 2169 dignus
2674 2108 2818 2154 esset
2841 2099 3006 2169 hujus
3056 2103 3451 2172 pastoralitatis

1853 2203 2046 2243 curam
2073 2189 2370 2258 suscipere.
2395 2189 2474 2244 Ad
2500 2206 2778 2245 summum
2821 2192 3026 2261 placuit
3052 2196 3297 2250 omnium
3328 2211 3454 2251 seno

1855 2288 2059 2346 tentim,
2083 2278 2306 2336 Olberto
2329 2281 2544 2353 gemina
2568 2281 2794 2337 scientia
2811 2282 3074 2339 adornata
3097 2285 3244 2342 hunc
3272 2288 3453 2347 locum

1857 2387 1968 2442 pra:
2009 2373 2267 2427 omnibus
2315 2381 2644 2443 competere.
2688 2373 2857 2444 Igitur
2899 2377 2969 2430 ab
3021 2377 3278 2448 episcopo
3327 2395 3455 2433 cum

1858 2463 2201 2536 lngobrando
2227 2466 2423 2521 abbate
2454 2482 2558 2522 suo
2616 2469 2936 2534 accersitus,
2987 2469 3086 2525 Dei
3119 2480 3174 2526 et
3199 2473 3451 2528 omnium

1856 2553 2129 2610 bonorum
2153 2556 2363 2626 judicio
2409 2557 2475 2611 ad
2522 2558 2762 2630 regimen
2795 2562 3058 2636 aecclesiae
3097 2573 3180 2619 est
3224 2565 3453 2631 electus,

1859 2655 1913 2702 et
1941 2663 2036 2716 per
2067 2664 2266 2704 manus
2287 2647 2615 2719 lngobrandi
2649 2651 2862 2706 abbatis
2907 2662 2962 2708 et
3015 2654 3334 2711 Godescalci
3368 2673 3458 2714 ar-

1857 2737 2173 2794 chidiaconi
2223 2741 2353 2796 illuc
2403 2750 2488 2795 est
2539 2743 2864 2798 destinatus.
2903 2743 3376 2803 Gemmclacenses
3399 2755 3461 2804 ut

1862 2831 2154 2887 audierunt
2175 2833 2503 2890 inconsultis
2533 2835 2638 2890 sibi
2686 2836 2937 2891 abbatem
2988 2839 3150 2906 mitti,
3178 2843 3344 2897 stulta
3365 2858 3463 2898 ru-

1863 2925 2098 2981 sticitate
2124 2927 2416 2996 episcopali
2434 2927 2772 2994 auctoritati,
2798 2929 2967 2983 immo
2995 2930 3091 2986 Dei
3120 2933 3452 2990 ordinationi

1862 3017 2154 3072 voluerunt
2175 3018 2369 3085 obniti,
2395 3020 2600 3074 nullam
2632 3021 2879 3076 volentes
2907 3023 3164 3078 exhibere
3195 3026 3245 3080 ei
3270 3027 3456 3097 subje-

1864 3109 2123 3175 ctionem,
2154 3109 2312 3179 cujus
2332 3109 2587 3165 dolebant
2610 3110 2728 3166 sine
2757 3128 2853 3166 sua
2900 3113 3178 3168 voluntate
3198 3124 3252 3168 et
3273 3117 3458 3172 consi~

1868 3201 1944 3255 lio
1972 3201 2170 3257 factam
2202 3217 2324 3258 esse
2345 3203 2684 3258 electionem.
2739 3202 2901 3258 Stuiti
2942 3214 2997 3260 et
3043 3208 3176 3272 ccci,
3209 3209 3302 3278 qui
3346 3225 3457 3264 non

1869 3292 2255 3362 intellegebant
2282 3295 2478 3350 melius
2519 3310 2619 3349 sua
2645 3309 2740 3364 spe
2767 3310 2796 3348 a
2823 3294 2931 3349 Deo
2951 3296 3054 3350 sibi
3081 3298 3313 3352 consuli.
3340 3297 3450 3353 Re-

1868 3383 2079 3453 liquum
2103 3383 2208 3438 dici
2237 3400 2361 3439 cum
2385 3394 2541 3442 nocte
2581 3386 2996 3454 superveniente
3051 3387 3107 3442 in
3139 3388 3242 3445 hac
3277 3391 3455 3446 rebel-

1864 3475 2034 3532 lionis
2063 3477 2430 3532 obstinatione
2485 3488 2872 3548 consumptum
2911 3489 3012 3535 est.
3072 3481 3227 3538 Mane
3283 3484 3462 3552 facto,

1871 3566 2146 3622 clarorum
2176 3569 2417 3623 virorum
2443 3569 2536 3639 qui
2566 3569 2833 3639 legatione
2881 3571 3118 3640 episcopi
3165 3569 3466 3642 fungeban-

1873 3669 1963 3714 tur
1999 3661 2225 3715 emolliti
2248 3661 2500 3728 consilio,
2538 3660 2791 3730 quamvis
2825 3661 2978 3714 inviti
3028 3661 3354 3718 destiterunt
3395 3665 3465 3720 ab

1874 3769 2012 3807 ausu
2040 3753 2360 3820 temerario,
2384 3753 2470 3807 vix
2502 3752 2720 3808 tandem
2752 3753 2969 3808 adducti
2995 3753 3314 3810 submittere
3350 3772 3469 3812 ma-

1874 3861 1980 3899 nus
2009 3845 2191 3899 abbati
2223 3861 2254 3899 a
2285 3844 2397 3899 Deo
2429 3845 2624 3900 salutis
2657 3844 2728 3876 7”
2756 3859 2869 3899 suae
2892 3845 3084 3901 electo.
3119 3843 3234 3901 Hoc
3254 3845 3464 3903 factum

1873 3945 1959 3991 est
1982 3936 2015 3990 8
2061 3935 2188 3992 ldus
2213 3936 2443 4008 Augusti
2476 3937 2768 3992 millesimo
2794 3936 3120 3992 duodecimo
3161 3953 3307 4017 anno
3357 3938 3470 3996 Do-

1873 4029 2043 4097 mini;
2099 4038 2456 4086 consecratus
2484 4038 2569 4086 est
2612 4039 2796 4086 autem
2833 4029 2895 4084 ll
2980 4014 3252 4086 Kalendas
3277 4014 3467 4088 Ὀοιο-

1878 4121 2011 4177 bris.

1947 4213 2038 4267 29.
2072 4212 2313 4283 Adeptus
2354 4228 2485 4284 ergo
2532 4230 2720 4270 curam
2763 4218 3180 4285 pastor-alitatis,
3233 4229 3343 4269 non
3383 4231 3471 4272 se-

1879 4303 2057 4374 gniter
2075 4304 2360 4359 laborabat
2401 4320 2597 4359 nomen
2655 4305 2868 4362 abbatis
2917 4307 3143 4379 implere
3191 4307 3370 4363 factis.
3404 4305 3474 4360 Et

1882 4410 2006 4448 cum
2039 4394 2196 4449 initio
2248 4396 2580 4452 occurrisset
2624 4397 2676 4454 ei
2728 4385 2926 4469 magna
2981 4401 3059 4455 rei
3100 4396 3474 4455 restauranda‘.

171 4485 540 4556 Vangionum
592 4486 864 4558 dirigitur.
908 4487 1219 4545 Honoriliee
1267 4492 1596 4564 abepiscopo
1652 4511 1778 4552 sus-
1809 4486 1856 4541 Β
1881 4485 2169 4542 dimcullas
2194 4517 2268 4526 —
2294 4489 2496 4558 quippe
2519 4505 2644 4544 cum
2669 4491 2914 4544 exterius
2961 4490 3240 4566 ingrueret
3290 4486 3472 4559 gravis

88 4642 90 4644 ν
167 4587 404 4650 ceptus,
455 4595 711 4651 magnam
766 4579 1150 4638 familiaritatis
1172 4599 1297 4638 cum
1324 4601 1390 4640 eo
1437 4588 1783 4657 gratiam'est
1882 4579 1961 4634 rei
1986 4578 2274 4634 familiaris
2304 4581 2563 4647 tenuitas,
2599 4582 2828 4637 interius
2851 4591 3031 4637 autem
3055 4583 3476 4652 horreretgran-

171 4659 470 4740 indeptus.
503 4670 805 4742 Episcopus
827 4673 1024 4729 nobilis
1057 4681 1111 4729 et
1154 4684 1355 4744 potens
1383 4692 1491 4732 non
1525 4679 1784 4751 dedigna~

177 4772 279 4817 tur
310 4778 371 4817 se
429 4763 750 4820 submittere
768 4765 837 4820 ad
889 4765 1122 4822 formam
1165 4768 1442 4839 discipuli,
1481 4773 1786 4828 monachus

180 4854 423 4910 humilis
443 4864 498 4910 et
517 4858 837 4927 peregrinus
865 4873 974 4913 non
996 4859 1151 4915 timet
1176 4860 1231 4915 in
1247 4870 1400 4917 tanto
1426 4863 1542 4919 viro
1563 4880 1783 4934 operam

178 4944 457 5001 exhibere
485 4946 752 5028 magiw'i.
805 4946 870 5002 Et
897 4963 1087 5004 revera
1127 4952 1498 5006 necessarium
1556 4954 1632 5007 illi
1665 4963 1784 5010 erat

183 5048 251 5094 ut
280 5038 492 5109 politus
517 5047 661 5094 esset
693 5040 762 5094 ad
801 5055 1037 5112 unguem
1063 5043 1380 5112 multiplicis
1408 5044 1670 5100 doctrina:
1689 5062 1782 5100 ar-

183 5133 386 5201 tificio,
417 5133 576 5202 cujus
598 5133 720 5188 laus
764 5141 818 5187 et
865 5134 1158 5189 aestimatio
1211 5135 1528 5203 pendebata
1555 5146 1666 5191 tam
1696 5155 1785 5192 sa-

181 5224 400 5300 pientis
419 5225 676 5296 discipuli
697 5225 882 5295 suptili
909 5224 1138 5295 judicio.
1189 5224 1464 5292 Quantum
1493 5236 1674 5282 autem
1704 5228 1786 5282 vir

187 5324 368 5371 tantae
390 5318 738 5373 auctoritatis
757 5333 824 5372 ex
846 5316 1053 5374 Olberti
1076 5316 1324 5374 doctrina
1359 5317 1669 5388 profecerit,
1718 5335 1781 5374 ex

183 5406 419 5463 actibus
437 5407 558 5478 ejus
581 5408 953 5464 estimandum
979 5408 1116 5476 erit;
1161 5409 1230 5466 de
1255 5422 1368 5480 quo
1427 5409 1562 5464 satis
1585 5409 1790 5465 consti-

1886 4671 1974 4728 dis
2000 4671 2396 4741 inreligiositas
2445 4702 2516 4712 —
2543 4689 2651 4727 non
2675 4672 2834 4729 facile
2863 4675 2932 4705 7”
2974 4673 3300 4730 memoranti
3347 4683 3474 4744 cre-

1886 4766 2006 4832 das,
2034 4783 2198 4838 quam
2231 4767 2382 4821 brevi
2424 4775 2479 4822 et
2527 4783 2691 4838 quam
2749 4767 2910 4824 facile
2957 4778 3139 4840 optata
3191 4770 3242 4826 ei
3293 4769 3479 4824 arrisit

1885 4863 2241 4932 prosperitas.
2272 4860 2408 4916 Nam
2437 4871 2497 4916 ut
2545 4863 2842 4932 prudenter
2887 4863 3324 4935 indisciplinatos
3359 4880 3480 4919 mo—

1888 4970 1978 5010 res
1999 4969 2187 5009 eorum
2213 4954 2540 5024 corrigeret,
2573 4969 2770 5024 pravas
2789 4955 2908 5011 vias
2935 4971 3150 5023 eorum,
3177 4956 3380 5026 quibus
3409 4954 3478 5010 il-

1887 5041 2034 5096 licite
2069 5041 2316 5113 vagando
2357 5042 2612 5096 aberrare
2673 5042 2942 5108 solebant,
2990 5043 3163 5112 spinis
3212 5040 3479 5112 tegularis

1888 5129 2191 5200 disciplina:
2215 5131 2484 5200 sepiebat;
2518 5131 2714 5186 deinde
2739 5132 2857 5187 vias
2874 5131 3220 5188 rectitudinis
3239 5173 3253 5194 ,
3278 5130 3480 5200 quibu:

1885 5225 1959 5280 ad
1995 5226 2158 5281 vitam
2190 5226 2442 5282 incedere
2471 5227 2751 5294 deberent,
2775 5227 2856 5284 eis
2885 5227 3221 5283 ostendebat.
3269 5223 3337 5277 Et
3383 5223 3482 5277 do-

1895 5326 2019 5374 ctus
2039 5318 2186 5388 quod
2215 5327 2402 5389 pastor
2422 5329 2708 5390 pastorum
2750 5319 3115 5376 committetur
3145 5313 3478 5387 pastoribus,

1897 5409 1996 5480 qui
2017 5410 2340 5480 semetipsos
2362 5420 2417 5466 et
2443 5427 2552 5466 non
2581 5428 2796 5486 gregem
2819 5411 2914 5467 Dei
2935 5417 3194 5481 pascunt,
3229 5407 3324 5478 qui
3354 5422 3477 5461 cum

1482 5562 1717 5619 VARle
1763 5561 2164 5621 LECTIONES.

269 5700 342 5774 τῇ
367 5706 620 5754 sanetum
650 5697 982 5754 Germanum
1037 5715 1177 5755 carr.
1230 5699 1404 5758 sancti
1452 5698 1780 5756 Germanic.
1856 5698 1928 5732 m
1953 5699 2126 5756 vicem
2153 5717 2297 5774 corr,
2325 5702 2463 5760 vice.
2540 5704 2611 5737 ’³⁸
2639 5705 2718 5758 ita
2740 5703 2922 5757 codex.
2999 5700 3069 5733 7"
3093 5698 3245 5759 facili
3297 5709 3482 5760 εαξη.

195 5767 364 5828 facile
385 5787 429 5825 ι’.

525 5863 800 5922 Ρλτιιοι.
841 5863 1028 5925 CLX.

3089 5865 3168 5925 20
