3906 6316
571 307 674 363 6l’9

1681 271 2608 376 sicsnsnriuémmmcsnsrs
3649 325 3728 383 σεο

570 402 886 474 austeritate
916 429 966 475 et
988 421 1225 491 potentia
1249 421 1328 477 eis
1356 421 1643 491 imperant,
1670 430 1725 476 et
1765 423 1914 476 nulla
1968 431 2145 493 pater-
2175 427 2222 486 Α
2249 423 2453 478 salubri
2507 432 2728 495 accepto
2761 425 3012 494 consilio,
3073 430 3344 486 annitente
3397 432 3490 491 sibi
3541 435 3631 493 Ilio
3654 456 3729 496 suo

567 510 756 577 nltatis
785 510 1066 566 aﬂ'ectione
1101 527 1196 566 eos
1219 513 1288 566 ab
1308 513 1511 568 erroris
1549 513 1706 567 devio
1744 523 2018 580 revocant,
2043 529 2143 569 nec

567 614 600 655 a
625 602 766 656 malo
797 602 1042 658 dolentes
1071 603 1142 636 τδί
1203 604 1454 670 liberant,
1511 604 1656 674 quod
1722 603 1996 659 infirmum
2027 615 2144 661 erat

567 690 844 760 alligabat,
875 693 1019 761 quod
1049 692 1386 748 confractum
1417 705 1534 748 erat
1556 694 1961 762 consolidabat,
1994 695 2142 766 quod

567 781 808 848 periebat
829 781 1168 851 requirebat,
1209 792 1264 837 et
1289 783 1536 853 exemplo
1567 784 1862 855 evangelici
1901 783 2142 839 Samari-

564 870 980 926 taniuleeribus
1025 887 1213 928 eorum
1273 873 1456 927 vinum
1512 875 1815 930 severitatis
1852 884 1906 930 et
1958 877 2138 931 oleum

566 961 783 1028 pietatis
810 960 1144 1017 infundebat.
1177 961 1287 1018 Nec
1319 978 1443 1017 eum
1473 979 1596 1032 spes
1619 963 1824 1018 fefellit.
1846 964 1961 1019 Non
1992 966 2138 1020 enim

564 1051 715 1118 prius
743 1051 968 1118 destitit,
992 1069 1176 1122 quam,
1203 1064 1422 1123 accepto
1451 1054 1751 1109 ventilabro
1771 1055 2134 1124 discretionis,

557 1155 685 1208 qua:
718 1150 800 1196 est
845 1151 1018 1196 mater
1066 1142 1350 1211 virtutum,
1408 1145 1590 1214 paleas
1650 1145 1903 1200 vitiorum
1932 1148 2136 1203 dearea

543 1238 835 1312 dominica
861 1240 1130 1306 excussit,
1155 1250 1210 1295 et
1231 1242 1686 1310 granaﬁrtutum
1716 1243 1769 1296 in
1801 1243 1996 1300 horreo
2019 1243 2135 1312 Dei,

561 1328 616 1382 in
647 1331 955 1398 pectoribus
987 1331 1193 1387 scilicet
1219 1332 1483 1397 lltlelium,
1544 1341 1772 1404 purgata
1811 1333 2133 1389 recondidit.

559 1418 668 1475 Nec
695 1422 797 1475 hoc
825 1422 956 1478 satis
990 1438 1111 1478 esse
1138 1423 1316 1478 visum
1340 1432 1424 1478 est
1450 1424 1606 1480 bona:
1645 1424 1766 1494 ejus
1827 1424 2133 1493 intentioni,

560 1526 774 1580 semper
817 1512 871 1565 in
924 1513 1198 1568 anteriora
1247 1513 1503 1569 tendenti.
1559 1513 1748 1570 Sciens
1771 1517 1969 1586 quippe
2007 1517 2135 1586 quia

550 1602 810 1659 otiositas
833 1603 1055 1660 inimica
1081 1614 1164 1660 est
1185 1605 1401 1672 animm,
1425 1622 1557 1662 suos
1594 1607 1709 1676 jam
1741 1609 1874 1664 satis
1897 1609 2135 1666 imbutos

557 1701 744 1749 sancta
800 1695 1088 1766 religione,
1145 1696 1342 1752 studiis
1394 1697 1557 1752 etiam
1601 1698 1901 1754 litterarum
1949 1700 2135 1755 docuit

557 1790 799 1845 studiose
826 1791 1106 1858 insistere;
1141 1799 1201 1846 ut
1220 1792 1348 1846 dum
1371 1808 1468 1861 per
1497 1793 1720 1848 semitas
1740 1795 2132 1864 scripturarum

555 1882 728 1937 oculis
778 1892 940 1952 atque
990 1883 1190 1940 animis
1237 1883 1536 1955 relegerent
1618 1893 1836 1954 patrum
1883 1886 2130 1956 vestigia,

556 1973 762 2028 scirent
814 1975 1485 2031 indubitanter'errorum
1541 1992 1732 2031 cavere
1786 1993 1817 2032 a
1846 1977 1930 2031 via
1984 1987 2038 2032 et
2064 1978 2133 2034 ad

551 2063 698 2117 viam
746 2064 989 2120 veritatis
1042 2065 1354 2122 sectandam
1405 2067 1548 2122 nulla
1594 2075 1910 2138 paterentur
1957 2069 2131 2124 oﬂ'en-

555 2155 756 2211 dicula.

623 2246 711 2302 30.
750 2246 936 2318 Itaque
949 2246 1078 2303 dum
1102 2257 1293 2320 praeter
1316 2250 1407 2306 illa
1439 2266 1560 2321 quae
1574 2251 1914 2308 extrinsecus
1939 2262 2128 2320 erant,

553 2347 772 2411 urgeret
798 2355 925 2396 eum
960 2341 1215 2397 instantia
1260 2359 1358 2398 sua
1414 2343 1710 2412 cotidiana,
1755 2345 1961 2400 scilicet
2011 2347 2131 2400 ani-

552 2446 768 2485 marum
829 2431 934 2487 sibi
991 2433 1409 2490 commissarum
1467 2435 1776 2491 sollicitudo
1847 2437 2126 2504 continua,

548 2520 707 2576 bonae
732 2522 998 2577 voluntati
1027 2523 1147 2592 ejus
1169 2525 1563 2593 c00perabatur
1594 2525 1884 2596 utrobique
1920 2524 2126 2580 Divini-

549 2611 678 2666 tatis
711 2611 1131 2681 omnipotentia.
1169 2611 1449 2682 Siquidem
1475 2624 1765 2684 postquam
1794 2614 2024 2669 interius
2044 2615 2129 2671 vis

487 2705 496 2712 ’
549 2703 719 2760 divini
740 2705 954 2761 timoris
987 2713 1043 2761 et
1075 2704 1256 2762 fervor
1277 2707 1557 2778 religionis
1586 2707 1836 2774 recaluit,
1865 2722 1992 2762 mox
2038 2724 2133 2763 ex-

546 2797 720 2852 terius
739 2811 802 2852 ex
833 2797 977 2852 bono
995 2812 1178 2852 rerum
1207 2806 1471 2868 proventu
1499 2799 1818 2853 exuberavit
1857 2800 1937 2854 rei
1973 2799 2133 2854 fami-

537 2886 704 2962 liaris
763 2888 1060 2958 opulentia.
1119 2887 1458 2959 Quapropter
1487 2889 1570 2943 vir
1611 2889 1722 2944 Deo
1766 2889 1992 2948 devotus
2039 2890 2130 2946 Ol-

532 2977 736 3034 ‘bertns
760 2978 816 3034 in
847 2979 1047 3035 bonam
1100 2995 1250 3050 spem
1281 2980 1570 3048 adductus,
1601 2997 1890 3038 successus
1934 2999 2129 3055 urgere

549 3073 695 3126 suos”
723 3071 888 3142 erepit
925 3072 1237 3128 instantius.
1271 3072 1336 3128 Et
1363 3073 1553 3130 videns
1576 3075 1970 3130 monasterium
2004 3090 2128 3131 cum
2157 3095 2198 3152 ρ

534 3161 776 3218 ofﬁcinis
788 3163 904 3219 suis
924 3164 1257 3219 monachicae
1267 3165 1583 3221 habitationi
1605 3165 1784 3221 minus
1797 3181 1916 3222 esse
1929 3166 2127 3233 habile,

543 3253 691 3324 quod
714 3254 818 3309 sibi
845 3253 1168 3326 displicebat
1193 3270 1294 3326 pro
1324 3270 1422 3310 sua
1445 3255 1707 3311 brevitate
1743 3264 1796 3310 et
1825 3257 1954 3326 quia
1980 3257 2128 3311 nulla

543 3343 759 3401 decoris
810 3354 1066 3401 ornatum
1111 3354 1230 3402 erat
1273 3356 1586 3415 venustate,
1636 3348 1940 3418 praesertim
1981 3348 2127 3419 quod

525 3435 654 3506 jam
677 3436 901 3509 jamque
930 3439 1206 3495 videretur
1237 3439 1478 3495 minitari
1535 3441 1747 3496 ruinam
1793 3456 1892 3512 pro
1955 3441 2126 3497 nimia

523 3537 831 3598 vetustate,
857 3545 1083 3601 sperans
1112 3531 1179 3586 de
1209 3530 1321 3586 Deo
1367 3532 1461 3602 qui
1508 3532 1659 3588 dives
1681 3542 1764 3588 est
1799 3534 1855 3588 in
1909 3533 2126 3589 miseri-

525 3620 748 3687 cordia,
775 3636 920 3676 anno
950 3622 1280 3692 praelationis
1307 3639 1420 3678 sua:
1442 3625 1672 3694 septimo
1693 3641 1846 3680 novae
1865 3626 2124 3681 tecclesiae

542 3711 708 3780 coepit
731 3713 898 3767 ordiri
921 3712 1298 3768 fundamenta.

612 3805 700 3858 51.
735 3803 996 3860 Videntes
1044 3813 1227 3860 autem
1261 3805 1467 3861 Christi
1499 3806 1685 3862 fideles
1714 3806 1768 3861 in
1817 3806 1933 3862 dies
1957 3807 2121 3877 proli-

544 3911 670 3950 cere
733 3895 908 3963 illnm,
963 3897 1269 3952 voluntaria
1325 3897 1678 3953 succurrendi
1751 3898 2121 3966 oportunitate

541 3987 661 4056 ejus
683 3986 998 4042 animabant
1023 3988 1288 4044 animum.
1315 3988 1598 4045 Baldricus
1623 3988 1889 4058 siquidem
1914 3989 2121 4060 episco-

541 4093 644 4146 pus
680 4078 921 4146 gaudens
949 4094 1008 4134 se
1027 4095 1134 4134 non
1159 4095 1281 4138 esse
1315 4077 1638 4136 frustratum
1665 4081 1732 4136 de
1759 4081 1972 4135 abbatis
1993 4097 2024 4135 a
2061 4097 2118 4136 se

2241 515 2439 570 comite
2491 514 2764 585 [leinrico,
2823 519 3048 574 fundum
3091 524 3425 591 proprietatis
3479 541 3578 583 suae
3621 533 3728 600 quod

2243 603 2472 662 Tortosa
2502 616 2748 674 vocatur,
2785 608 2839 663 in
2868 612 3125 680 parochia
3152 612 3361 680 Basciu,
3395 617 3589 673 tradidit
3611 620 3731 676 Gem-

2241 698 2532 753 melacensi
2557 698 2696 753 loco.
2723 698 2791 754 Et
2811 702 2939 770 quia
2964 703 3079 772 ipse
3100 719 3280 760 comes
3313 705 3446 760 infra
3477 712 3728 778 parochiam

2241 787 2734 845 Gemmelacensem
2761 792 2994 848 habebat
3016 795 3222 865 aliquot
3248 813 3460 854 mansos
3480 801 3587 870 jure
3610 802 3731 856 bene-

2239 876 2347 932 ficii
2375 894 2406 932 a
2431 881 2577 950 regia
2604 897 2765 935 manu
2789 882 2965 936 collati
2987 883 3040 938 in
3071 885 3246 940 viculo
3266 884 3454 957 Eyneis
3471 889 3734 956 dicto,f1cto

2240 966 2435 1022 iterum
2454 969 2618 1038 justae
2664 975 3108 1030 commutationis
3153 977 3454 1042 ratiocinio,
3503 978 3730 1037 Tortosam

2238 1058 2354 1128 ipse
2381 1063 2586 1132 recepit
2612 1070 2665 1117 et
2690 1063 2757 1117 ad
2776 1063 2866 1133 jus
2888 1065 3134 1120 beneficii
3163 1067 3246 1121 sui
3270 1069 3550 1134 transtulit,
3584 1070 3732 1142 Eyneis

2235 1164 2367 1204 vero
2395 1153 2711 1222 proprietati
2736 1155 2993 1210 aecclesiae
3017 1155 3471 1215 Gemmelacensis
3505 1165 3732 1217 transcribi

2236 1237 2364 1295 fecit
2394 1281 2412 1309 ,
2475 1242 2621 1312 quod
2679 1260 2780 1314 pro
2829 1245 3125 1302 vicinitatis
3171 1249 3524 1319 oportunitate
3575 1252 3736 1321 utrique

2234 1334 2375 1402 parti
2403 1337 2576 1406 magis
2608 1340 3019 1394 accommodum
3053 1339 3174 1394 fuit.
3205 1341 3360 1408 Quod
3384 1359 3448 1398 ne
3471 1343 3580 1412 quis
3603 1357 3736 1414 poste-

2235 1439 2421 1480 rorum
2469 1428 2691 1483 auderet
2721 1431 3042 1496 convellere,
3073 1433 3478 1487 corroboratum
3509 1443 3583 1488 est
3619 1435 3739 1504 regite

2235 1530 2432 1571 manus
2482 1518 2822 1587 auctoritate,
2850 1526 2912 1574 ut
2951 1519 3111 1576 docet
3137 1522 3468 1592 conscriptio
3493 1523 3634 1593 hujus
3654 1538 3740 1577 car-

2237 1608 2389 1663 tulte:

2222 1725 2234 1730 -
2310 1697 2374 1751 In
2404 1700 2610 1754 nomine
2655 1710 2854 1757 sanctae
2881 1711 2930 1756 et
2961 1703 3252 1758 individua:
3302 1702 3589 1757 Trinitatis.
3620 1702 3740 1756 Hein-

2236 1791 2375 1844 ricus
2402 1795 2581 1861 gratia
2604 1793 2702 1847 Dei
2736 1793 3095 1848 Romanorum
3121 1812 3292 1850 cwsar
3326 1803 3592 1865 angustus,
3618 1795 3741 1846 omi-

2235 1879 2328 1934 bus
2353 1885 2408 1937 in
2437 1881 2648 1938 Christo
2677 1887 2760 1955 pie
2783 1886 2948 1940 vivere
2977 1886 3290 1941 volentibus.
3314 1885 3508 1940 Notum
3527 1902 3620 1939 esse
3638 1884 3744 1938 sols-

2233 1985 2348 2024 mus
2370 1971 2609 2026 omnibus
2644 1982 2753 2027 tam
2777 1975 3120 2044 praesentibus
3151 1992 3313 2045 quam
3337 1975 3524 2045 futuris
3539 1975 3742 2044 quoddam

2233 2070 2427 2115 nostra:
2450 2061 2642 2116 donum
2681 2063 2981 2134 dignitatis,
3012 2064 3150 2134 quod
3192 2064 3436 2134 precibus
3480 2063 3743 2134 quorundam

2233 2161 2532 2207 nostrorum
2556 2154 2795 2224 ﬁdelium
2818 2155 3134 2226 quibusdam
3157 2156 3480 2209 contulimus
3505 2155 3743 2209 (ecclesiis:

2232 2242 2580 2316 Congregatio
2595 2244 2981 2302 Gemblacensis
3004 2247 3259 2303 (ecclesiae
3284 2249 3341 2301 in
3361 2263 3491 2318 pago
3513 2243 3745 2300 Damussi

2230 2337 2381 2403 sitae,
2433 2338 2491 2391 in
2537 2339 2835 2408 parraechia
2887 2339 3089 2395 scilicet
3130 2339 3470 2394 Leodicensis
3517 2338 3743 2400 ecclesia,

2233 2439 2469 2485 asstante
2491 2431 2746 2484 advocato
2767 2448 2862 2485 suo
2882 2432 3150 2502 quandam
3180 2433 3465 2502 cujusdam
3495 2441 3627 2485 terra
3644 2445 3745 2482 cou-

2236 2523 2578 2576 mntatianem
2615 2523 2810 2593 fecerat
2847 2540 2967 2577 cum
3016 2521 3271 2578 Heinrico
3304 2523 3648 2594 Nivigellensis
3672 2519 3744 2573 al-

2235 2611 2395 2667 batia:
2424 2613 2711 2681 advocato,
2771 2628 2932 2685 quam
2979 2621 3186 2667 constat
3231 2614 3437 2684 factam
3469 2613 3631 2667 ordine
3653 2611 3744 2664 ista.

2233 2705 2582 2777 Congregutio
2614 2705 3001 2760 Gemblacensis
3047 2704 3305 2761 (ecclesia:
3343 2704 3746 2776 Nivigellensia'c-

2232 2797 2409 2852 clesiae
2442 2799 2669 2868 quinque
2698 2797 2843 2851 dedit
2888 2813 3097 2852 mansos
3139 2799 3197 2851 in
3242 2798 3378 2852 villa
3422 2796 3602 2851 Bascin
3643 2794 3746 2846 dicta

2230 2891 2381 2955 silos,
2427 2890 2809 2960 prwdictusque
2838 2890 3124 2943 advocatus
3155 2889 3417 2944 (ecclesiis
3447 2885 3748 2958 Nivigellensit

2231 2979 2462 3034 reddidit
2489 2981 2539 3033 ei
2569 2980 2786 3033 totidem
2815 2981 2899 3033 sui
2926 2979 3162 3050 beneﬁcii
3185 2997 3218 3033 a
3252 2997 3344 3034 me
3369 2979 3470 3033 sibi
3495 2978 3597 3031 dati
3624 2976 3668 3028 is
3681 2990 3745 3044 pa-

2231 3070 2413 3122 rochia
2453 3068 2814 3124 Gemblacensi
2868 3072 3086 3140 positos.
3143 3071 3322 3141 Super
3365 3088 3467 3142 quo
3510 3066 3750 3124 concambio

2231 3170 2468 3215 nostram
2497 3161 2824 3231 imperialem
2853 3163 3167 3233 dignitatem
3197 3162 3537 3217 Leodicensis
3559 3157 3750 3214 (ecclesia

2229 3255 2502 3324 episcopus
2546 3253 2806 3309 Wolbodo
2834 3255 2990 3322 adiit,
3017 3263 3067 3308 et
3099 3265 3157 3308 ut
3195 3256 3510 3324 firmitatem
3531 3249 3751 3307 inviolabi-

2229 3344 2331 3398 lem
2354 3345 2609 3416 optineret
2647 3361 2739 3416 per
2767 3361 2847 3399 me
2880 3345 3095 3400 devotus
3139 3347 3341 3400 oravit.
3379 3346 3537 3415 Cujus
3563 3338 3750 3413 petitioni

2227 3455 2499 3492 assensum
2547 3437 2706 3509 facile
2754 3437 2984 3508 prwbui,
3035 3441 3286 3511 quoniam
3344 3450 3395 3494 et
3445 3438 3748 3510 ﬁdelissima

2225 3548 2344 3586 eum
2379 3532 2511 3586 mihi
2545 3533 2603 3585 in
2640 3532 2881 3586 omnibus
2922 3533 3181 3602 comperi,
3214 3541 3266 3586 et
3297 3537 3505 3603 utrique
3553 3526 3747 3586 ecclesia

2225 3622 2590 3675 concambium
2607 3621 2736 3676 utile
2758 3639 2868 3676 esse
2892 3623 3073 3676 multis
3093 3623 3488 3678 adtestantibus
3515 3617 3745 3691 recognovi.

2225 3712 2341 3766 Hoc
2371 3713 2538 3784 igitur
2558 3714 2834 3785 utriusque
2862 3714 3116 3769 aacclesia:
3164 3732 3425 3770 consensu
3453 3713 3660 3785 ﬁdelium
3687 3721 3747 3778 ιο·

2222 3813 2364 3858 ctum
2389 3805 2697 3874 ﬁrmamus,
2727 3815 2776 3859 et
2799 3806 2856 3860 in
2896 3816 3151 3860 aeternum
3190 3808 3500 3862 inviolabile
3536 3815 3580 3860 et
3598 3806 3746 3857 imus-

2223 3894 2385 3949 tabile
2429 3911 2539 3949 esse
2579 3896 2752 3949 edicto
2779 3897 3048 3966 imperiali
3079 3897 3435 3953 decernimus.
3487 3895 3553 3950 Et
3586 3902 3633 3948 ut
3666 3892 3746 3944 Im

2220 3995 2401 4040 nostra
2441 3988 2734 4042 auctoritas
2779 3999 3195 4060 prceceptumque
3233 3989 3583 4044 consensionis
3617 3984 3745 4038 incie-

2219 4076 2333 4132 lata
2367 4079 2609 4150 deinceps
2651 4089 2976 4150 permaneat,
3003 4080 3269 4150 jussimus
3291 4083 3394 4136 hoc
3427 4075 3746 4143 conscribi,si-

541 4167 698 4223 electi
729 4169 872 4225 bona
905 4171 1269 4240 estimatione,
1292 4180 1464 4240 totum
1496 4187 1555 4227 se
1583 4170 1880 4228 transfodit
1913 4172 1966 4226 in
1997 4171 2116 4242 ejus

2230 4167 2434 4238 gillique
2459 4169 2626 4222 nostri
2642 4169 2982 4239 impressione
3007 4172 3271 4225 munitum
3295 4171 3520 4242 signari.

541 4259 852 4327 dilectione,
883 4263 1260 4318 etaecclesiam
1297 4265 1352 4319 in
1401 4263 1710 4320 Bavenchin
1760 4272 1815 4319 et
1845 4264 2114 4319 novellam

541 4350 895 4406 :ecclesiolam
949 4352 1002 4407 in
1033 4351 1182 4421 Heis,
1235 4355 1499 4411 decimam
1529 4370 1748 4426 quoque
1779 4355 1834 4408 in
1861 4354 2112 4410 Bernun-

2288 4257 2510 4330 Signum
2553 4259 2734 4313 domui
2779 4259 3021 4314 Heinrici
3051 4260 3398 4316 invictissimi
3444 4261 3744 4315 Romanorum

2215 4347 2552 4416 imperatoris
2603 4349 2818 4419 augusti
2873 4349 3157 4404 Gonterius
3195 4351 3549 4405 cancellarius
3593 4345 3664 4418 (L.
3695 4340 3745 4373 ’⁵³

540 4441 641 4497 {ait
665 4442 781 4516 [seu
813 4445 884 4477 ἰι
943 4445 996 4500 in
1029 4445 1366 4520 sombresia]
1397 4446 1829 4503 Gemmelacensi
1882 4446 2114 4502 tradidit
2145 4432 2190 4486 D
2219 4438 2321 4510 Μ.)
2348 4440 2457 4493 vice
2500 4438 2863 4494 Erclmnbaldi
2897 4441 3353 4513 archicappellani
3393 4441 3583 4496 notari.
3638 4435 3743 4490 Dm

538 4537 818 4591 accelesiz'e.

607 4553 617 4590 :
651 4553 667 4589 ι
719 4556 726 4565 ε
806 4579 818 4591 .

607 4553 928 4682 ἕὲῗδὲῖῗιιρῐη
961 4645 1179 4700 quoque
1220 4638 1464 4700 tempore
1495 4629 1606 4699 (an.
1643 4627 1800 4695 1015,
1826 4625 1968 4699 Sept.
1995 4627 2113 4698 ΧΠ)

533 4717 830 4772 commissa
846 4734 1033 4789 pugna
1062 4721 1116 4774 in
1145 4719 1380 4776 Florinis
1410 4720 1550 4774 inter
1574 4719 1927 4791 Lantbertum
1950 4719 2119 4774 comi-

533 4815 665 4874 tem,
695 4806 863 4862 ﬁlium
890 4807 1145 4879 Ragineri
1169 4808 1489 4880 Longicolli,
1523 4819 1576 4865 et
1603 4808 1955 4864 Godel'ridum
2008 4810 2112 4865 du-

2219 4533 2252 4587 ὃ
2300 4530 2429 4586 Kal.
2457 4531 2584 4586 Dec.
2641 4532 2931 4587 indictione
2959 4534 3214 4599 secunda,
3240 4551 3383 4587 anno
3403 4531 3660 4586 dominica
3684 4525 3743 4578 is-

2217 4627 2544 4682 caruationis
2581 4625 2736 4692 1018,
2764 4642 2903 4680 anno
2925 4642 3042 4680 vero
3076 4627 3257 4680 damni
3300 4625 3545 4680 Heinrici
3577 4614 3743 4677 seru!“

2217 4721 2484 4790 regnantis
2513 4717 2600 4784 l7,
2630 4718 2839 4786 imperii
2869 4718 2922 4772 5.
2951 4716 3144 4770 Actum
3166 4717 3388 4770 Leodio.

2287 4809 2376 4863 ⁸55.
2413 4807 2594 4862 Abbas
2623 4805 2894 4876 Olpertus,
2943 4807 3186 4877 gaudens
3225 4806 3358 4875 quia
3405 4821 3503 4874 per
3524 4799 3737 4858 auxilium

535 4911 674 4963 cem,
706 4912 831 4952 cum
857 4896 1398 4954 Lambertusibidcm
1422 4900 1613 4969 gladiis
1634 4915 1793 4954 cesus
1814 4900 2116 4969 accepisset
2212 4902 2483 4956 bonorum
2531 4900 2773 4953 virorum
2832 4897 3005 4952 labori
3053 4914 3155 4953 suo
3206 4899 3414 4959 bonum
3475 4898 3738 4966 proventum

533 4987 658 5042 vita:
711 4988 897 5055 finem,
957 4989 1199 5059 conjnnx
1259 4991 1378 5060 ejus
1435 4990 1704 5062 Gerberga
1748 4992 2110 5058 nobilissima,
2213 4994 2356 5048 Deus
2387 4991 2673 5056 inferebat,
2701 4991 2766 5045 ad
2794 4990 3039 5060 augenda
3072 4988 3304 5044 fratrum
3350 4986 3738 5078 stipendia,(_tu2

529 5079 769 5149 peccatis
797 5081 898 5135 viri
924 5081 1007 5136 sui
1043 5091 1392 5151 compuncta,
1430 5097 1553 5136 cum
1591 5085 1785 5138 anima:
1811 5084 1931 5154 ejus
1951 5085 2112 5139 abso-
2212 5083 2378 5137 nimis
2416 5080 2599 5135 tenuia
2629 5087 2805 5143 erant,
2845 5079 3088 5132 animum
3137 5078 3469 5133 intendebat.
3497 5074 3559 5128 Et
3598 5074 3740 5126 sciens

523 5175 794 5238 ,lutionem
823 5183 877 5230 et
929 5175 1174 5246 requiem
1222 5183 1491 5246 quaereret
1541 5192 1637 5246 per
1687 5177 2108 5232 elemosinarum
2207 5187 2329 5229 esse
2358 5171 2850 5235 monachorum,ut
2875 5169 3060 5223 labore
3088 5168 3272 5222 vivant
3291 5169 3742 5255 manuum.etenf'

528 5266 794 5331 remedia,
827 5267 998 5322 voluit
1022 5267 1272 5322 utetiam
1320 5267 1566 5322 aacclesia
1623 5267 2104 5332 Gemmelacensis,
2210 5267 2301 5337 plo
2330 5273 2541 5335 patrum
2566 5271 2620 5317 et
2666 5261 3060 5332 apostolorum,
3087 5260 3410 5315 continuato
3449 5270 3567 5311 cum
3599 5251 3739 5344 ΐηιτξ·

527 5357 687 5427 cujus
713 5357 828 5428 ipse
854 5373 1037 5414 comes
1066 5356 1321 5414 defensor
1346 5357 1543 5425 fuerat,
1570 5373 1637 5414 cx
1680 5359 1864 5414 debito
1910 5360 2108 5414 anima:
2211 5355 2540 5421 buslabore,
2580 5351 3074 5446 secundumquod
3117 5349 3420 5446 necessitas
3459 5344 3741 5446 pallpeig‘j’

525 5447 701 5519 ipsius
727 5451 1059 5520 persolveret
1095 5450 1298 5524 jugiter
1345 5449 1658 5506 orationum
1709 5451 1917 5507 munia.
1952 5449 2108 5506 Unde
2213 5448 2464 5520 exigebat
2491 5455 2546 5500 et
2569 5444 2825 5500 voluntas
2860 5442 3183 5498 obedientiae
3219 5439 3500 5502 suadebat,
3528 5436 3579 5488 in
3611 5436 3737 5496 θυοτ-

1812 5561 2046 5617 VARUE
2087 5558 2486 5619 LECTIONES.

587 5653 662 5712 7“
702 5663 780 5709 tes
808 5671 836 5708 e
865 5672 1002 5711 corr.
1073 5657 1143 5690 7"
1174 5673 1270 5713 seu
1297 5655 1350 5712 in
1377 5653 1689 5712 Sombresia
1716 5655 1911 5709 saeculo
1950 5671 2022 5710 xu
2049 5655 2234 5709 addita
2287 5655 2341 5709 in
2373 5669 2418 5706 c.
2505 5650 2576 5682 7“
2630 5651 2777 5704 adest
2831 5663 3224 5720 monogramma
3275 5638 3521 5696 Πείθεήεί
3569 5629 3626 5687 ll
3667 5640 3737 5679 ιιηο

526 5725 803 5792 peratoris.
