3906 6316
143 371 250 426 69.1

1157 364 1385 423 GESTA
1417 361 1747 420 ABBATUM
1787 359 2372 420 GEMBLACENSIUM

3317 368 3424 426 629

141 489 308 543 tunis
339 487 638 558 supradicti
667 483 858 558 prredii
889 481 1024 540 locis
1056 480 1217 538 factis
1257 480 1533 537 aestuariis
1559 478 1632 513 ’⁷⁵⁸
1654 477 1742 532 vi—
1769 481 1820 544 Α
1847 477 1995 532 nobis
2024 493 2184 549 quam
2211 493 2306 548 pro
2337 475 2448 530 illis
2481 476 2809 532 orationibus
2837 487 3018 534 vacent
3043 480 3100 535 in
3141 488 3253 537 tota
3283 450 3430 554 ipso-

137 582 309 634 varia
351 581 420 634 ad
446 579 789 650 recipiendos
842 577 1021 647 pisces
1077 573 1418 641 construxit;
1447 570 1594 644 quod
1628 569 1742 626 fra-

135 681 302 727 trum
341 673 538 728 usibus
566 673 706 727 satis
735 671 864 725 utile
891 683 1013 724 esse
1033 667 1292 738 providit.

113 787 123 836 ξ
211 765 315 819 34.
371 764 667 820 Successor
696 761 930 818 Baldrici
953 760 1222 830 Wolpodo
1249 759 1359 831 (an.
1395 758 1574 828 1018),
1612 757 1741 828 quia

127 855 386 908 omnino
407 855 622 910 deditus
647 862 766 908 erat
791 861 993 908 sanctae
1019 851 1294 922 religionis
1325 851 1527 915 studio,
1551 849 1742 904 Olber-

127 952 267 998 tum
299 945 892 1016 abbatem'rcligiosius
914 943 1124 998 catteris
1157 944 1340 997 vivere
1365 942 1554 996 libenti
1601 941 1745 996 acci-

124 1038 337 1106 piebat
379 1039 583 1104 animo,
614 1047 668 1093 et
710 1054 834 1093 eum
870 1038 1126 1108 dignatus
1151 1051 1252 1091 suo
1280 1035 1454 1090 latere
1503 1043 1558 1089 et
1593 1034 1736 1088 auri-

121 1130 298 1195 cula,
337 1131 408 1183 ad
459 1131 678 1184 meliora
703 1146 828 1184 eum
859 1130 1078 1184 tendere
1101 1145 1199 1184 sua
1226 1129 1563 1197 provocabat
1616 1142 1741 1198 gra-

121 1221 243 1276 tia.
287 1220 617 1297 Undequod
648 1223 886 1293 primum
913 1222 963 1276 ei
995 1221 1252 1287 occurrit,
1283 1236 1405 1291 quae
1430 1229 1743 1275 antecessor

124 1327 288 1367 suus
317 1313 468 1367 illius
505 1313 682 1383 gratia
726 1313 987 1368 zecclesiaa
1015 1310 1449 1366 Gemmelacensi
1495 1311 1739 1375 tradidit,

125 1417 264 1456 sum
321 1403 690 1472 stipulationis
728 1401 1054 1456 auctoritate
1105 1400 1742 1472 conﬁrmavit;insuper

124 1492 331 1563 ipsam
385 1495 686 1549 aacclesiam
743 1492 1241 1548 Gemmelacensem
1270 1491 1634 1547 immunitatis
1670 1491 1735 1544 li-

121 1590 364 1646 bertate
389 1592 614 1647 donavit
641 1601 694 1646 et
733 1593 852 1646 haec
872 1590 1186 1660 hujusmodi
1215 1598 1379 1645 carne
1424 1589 1742 1646 testimonio

116 1683 388 1752 posteris
410 1683 783 1738 conservanda
813 1682 1113 1753 assignavit
1139 1700 1152 1736 :

205 1767 515 1839 W’olpodo,
549 1769 648 1823 Dei
671 1770 976 1840 disponente
997 1768 1274 1822 clementia
1306 1777 1507 1822 sancta:
1542 1765 1738 1821 Leodi-

1845 588 1964 644 rum
1988 571 2123 626 vita.
2159 569 2274 641 Ego
2302 568 2562 639 Wolpodo
2601 571 2874 642 episcopus
2908 573 3115 628 nomine
3145 591 3248 629 non
3273 592 3429 648 opere
3489 585 3494 588 ’

1843 663 2133 733 subscripsi
2161 671 2211 716 et
2244 662 2572 732 conﬁrmavi.

1916 757 2005 812 55.
2060 755 2343 810 Baldricus
2395 770 2521 824 sepe
2567 770 2732 825 supra
2783 756 3099 815 nominatus
3131 760 3428 833 episcopus

1845 864 1970 904 cum
2002 849 2332 904 retributore
2378 847 2622 902 omnium
2649 847 2760 904 Deo
2789 848 2996 906 faciens
3043 854 3424 910 commertium

1841 938 2145 1009 proficuum
2179 939 2309 1004 sibi,
2364 939 2528 1009 elegit
2575 939 2642 994 de
2692 941 2950 1010 perituris
2999 952 3198 998 aster-na
3248 945 3318 1000 ab
3359 931 3428 1002 eo

1843 1029 2094 1084 mercari.
2141 1029 2270 1084 ldeo
2319 1045 2444 1084 eum
2497 1030 2764 1100 adoptans
2802 1033 3056 1088 heredem
3111 1037 3426 1104 patrimonii

1842 1121 1947 1186 sui,
1979 1121 2290 1176 coenobium
2322 1122 2377 1174 in
2403 1123 2610 1178 honore
2634 1123 2818 1179 fratris
2840 1124 3057 1179 Domini
3087 1126 3274 1182 Jacobi
3298 1128 3426 1184 fun-

1841 1212 1990 1266 davit
2024 1213 2078 1283 in
2111 1213 2288 1268 insula
2316 1212 2742 1282 Leodicensi,ac
2766 1218 3074 1286 portionem
3107 1220 3430 1277 substantiae

1841 1305 2183 1374 temporalis,
2216 1322 2338 1376 quae
2357 1323 2424 1362 ex
2453 1308 2623 1363 multa
2653 1310 2809 1380 copia
2837 1311 3107 1366 nobilium
3135 1324 3422 1383 parentum

1841 1411 2066 1451 suorum
2097 1413 2224 1452 eum
2245 1396 2614 1470 contingebat,
2643 1399 2911 1472 delegavit
2944 1401 3040 1457 ibi.
3084 1401 3194 1457 Sed
3231 1404 3430 1458 imma-

1840 1492 1966 1540 turo
1998 1495 2186 1556 raptus
2231 1486 2448 1556 funere,
2485 1505 2589 1544 non
2618 1492 2794 1560 potuit
2819 1491 2873 1545 in
2916 1493 3022 1548 hoc
3039 1495 3185 1550 votis
3213 1496 3329 1551 suis
3361 1497 3427 1550 ad

1839 1577 2058 1646 plenum
2106 1578 2442 1634 satisfacere.
2488 1578 2665 1650 Cujus
2707 1581 2813 1636 loci
2877 1584 3217 1652 providentia
3296 1587 3427 1656 quia

1838 1669 1974 1722 nulli
1998 1669 2178 1724 adhuc
2223 1670 2505 1740 assignata
2547 1680 2688 1738 crat,
2731 1674 2802 1727 ad
2861 1689 3086 1728 manum
3114 1676 3284 1730 solius
3305 1678 3425 1746 epi-

1842 1759 1991 1828 scopi
2038 1759 2339 1828 spectabat.
2368 1758 2520 1815 Unde
2546 1777 2834 1817 suceessor
2883 1762 3117 1818 Baldrici
3157 1765 3427 1836 Wolpodo

111 1859 319 1912 censis
352 1859 610 1913 (ecclesiis
631 1861 926 1930 episcopus,
954 1859 1197 1914 omnibus
1226 1860 1282 1912 in
1309 1858 1523 1914 Christo
1544 1861 1629 1929 pie
1659 1860 1738 1913 vi-

1846 1848 1931 1919 pic
1957 1849 2242 1917 sollicitus,
2273 1850 2461 1906 habito
2489 1852 2718 1906 consilio
2751 1868 2878 1906 cum
2901 1854 3022 1908 suis
3042 1829 3425 1924 familiaribus,

115 1965 259 2002 vere
296 1949 611 2003 colentibus.
660 1949 951 2021 Unicuique
996 1949 1198 2006 Christi
1251 1949 1492 2019 ﬁdelium
1545 1950 1742 2003 scimus

112 2039 476 2094 omnimodis
522 2056 634 2094 esse
683 2039 1098 2106 elaborandum,
1144 2047 1203 2092 ut
1245 2039 1535 2108 promereri
1578 2039 1746 2108 possit

113 2133 384 2203 gratiam
413 2141 736 2186 sanctorum.
763 2129 904 2198 Quia
923 2133 1001 2186 sic
1033 2142 1142 2185 tam
1169 2133 1401 2204 propria:
1425 2131 1743 2208 fragilitatis

113 2241 311 2294 quam
339 2223 414 2255 7"
439 2224 678 2278 demonis
699 2231 755 2279 'et
781 2224 941 2294 hujus
986 2225 1171 2278 mundi
1203 2225 1536 2279 concutimur
1561 2225 1744 2295 ﬂucti-

111 2318 260 2385 bus,
303 2325 362 2370 ut
397 2319 606 2372 nonnisi
633 2336 815 2373 eorum
841 2320 964 2390 freti
985 2321 1300 2390 patrociniis
1321 2321 1603 2375 subsistere
1619 2338 1743 2392 pos-

109 2411 333 2463 simus.
377 2409 525 2464 Unde
545 2413 722 2464 sancti
745 2411 897 2466 Petri
937 2412 1298 2482 apostolorum
1327 2413 1587 2483 principis
1615 2430 1741 2467 san-

109 2503 320 2572 ctique
340 2500 604 2572 Exuperii
630 2505 880 2574 martyris
911 2504 1242 2576 aliorumque
1288 2513 1595 2559 sanctorum
1638 2523 1738 2576 pa-

111 2591 379 2644 trocinia
405 2608 506 2661 quo
542 2593 698 2661 potui
752 2593 906 2646 modo
946 2610 1178 2664 quwrere
1211 2594 1535 2660 deliberavi,
1585 2611 1740 2666 quem

105 2693 168 2736 et
206 2682 473 2736 omnibus
508 2693 621 2737 tam
649 2684 996 2754 prwsentibus
1037 2701 1197 2755 quam
1231 2685 1427 2755 futuris
1464 2687 1741 2756 noti/icore

110 2774 408 2843 disposui.
444 2773 756 2828 Antecessor
799 2791 942 2828 meus
979 2774 1266 2830 Baldricus
1308 2777 1487 2830 divino
1522 2787 1574 2831 et
1627 2778 1739 2848 ipse

113 2874 324 2918 tactus
348 2865 573 2935 fervore,
605 2867 878 2937 quandam
901 2866 1200 2920 (ecclesiam
1231 2868 1288 2922 in
1309 2867 1574 2922 Bavcclu'n
1596 2878 1739 2923 certe

108 2965 329 3010 nostra
349 2957 513 3010 sitam
537 2955 901 3012 Gemblaeensi
927 2959 1073 3013 dedit
1117 2959 1390 3026 (ecclesiis,
1445 2961 1503 3014 in
1545 2960 1738 3014 honore

106 3048 576 3119 supradictorum
602 3038 880 3105 dedicatas.
904 3049 1065 3105 Dedit
1081 3059 1130 3105 et
1151 3051 1382 3106 decimas
1407 3051 1737 3122 quorundam

108 3153 440 3208 sartorum,
478 3159 596 3214 quce
629 3145 849 3215 quidam
882 3146 940 3199 in
993 3144 1129 3198 silva
1176 3142 1518 3216 [Sombresiaz
1559 3145 1631 3176 7“
1659 3144 1733 3217 et]
1761 3190 1802 3247 Ο

116 3234 278 3289 Heis
309 3234 458 3289 dicta
493 3236 731 3305 ejusdem
761 3235 1148 3291 Gemblacensis
1173 3236 1426 3292 (ecclesia:
1445 3237 1730 3304 sariebant,

104 3343 365 3398 qua’que
402 3327 536 3380 nulli
569 3337 957 3382 antecessorum
1005 3338 1305 3382 nostrorum
1337 3328 1504 3382 aiicui
1542 3345 1733 3398 parro-

109 3420 279 3472 chiae
306 3418 729 3487 assignacerant.
777 3418 848 3471 Et
882 3419 992 3473 hasc
1037 3419 1246 3490 quidem
1293 3419 1388 3472 sub
1437 3420 1733 3474 testimonio

112 3512 361 3566 testium
394 3511 702 3564 idoneorum
748 3511 1018 3580 prtedicta:
1055 3511 1308 3565 azcclesia:
1347 3510 1594 3578 contulit,
1643 3512 1732 3566 sed

103 3601 413 3656 cartalam
455 3602 762 3656 traditionis
806 3613 971 3656 morte
1004 3613 1296 3673 praeventus
1340 3619 1442 3657 non
1473 3604 1618 3673 fecit.
1665 3603 1734 3658 In

103 3712 234 3765 qua
254 3693 514 3762 facienda
546 3694 722 3748 volens
750 3711 830 3748 me
857 3695 1028 3765 facere
1057 3697 1373 3766 participem
1394 3695 1509 3765 ejus
1540 3695 1736 3750 elemo-

105 3787 297 3849 sinae,
329 3786 648 3854 prtedictum
674 3785 871 3839 donum
901 3785 997 3839 sub
1023 3786 1247 3842 cartulw
1271 3789 1424 3858 ﬁrmo
1451 3789 1732 3859 consigna-

108 3873 306 3924 tione.
370 3870 524 3924 Addo
573 3878 622 3924 et
677 3870 828 3924 aliud
858 3887 922 3924 ea:
955 3881 1107 3942 parte
1148 3874 1317 3926 nostri
1339 3873 1556 3940 donum,
1592 3874 1732 3944 quod

104 3961 392 4016 omnibus
432 3961 547 4016 volo
574 3978 684 4016 esse
713 3971 913 4017 notum.
949 3961 1216 4018 Instinctu
1254 3975 1432 4018 nostro
1473 3965 1634 4020 abbas
1682 3975 1733 4020 et

102 4054 482 4125 congregatio
525 4054 769 4124 prtedicti
811 4054 914 4109 loci
945 4055 1240 4110 ecclesiam
1279 4073 1467 4111 novam
1495 4059 1733 4128 ardiﬁca-

101 4149 198 4201 vit
222 4189 242 4212 ,
290 4145 457 4214 juxta
491 4160 652 4216 quam
693 4147 916 4218 antiqua
963 4145 1182 4211 relicta,
1215 4148 1340 4218 quia
1368 4158 1481 4201 erat
1507 4149 1732 4218 parvula

1843 1939 2164 1995 deliberavit
2206 1942 2388 1997 locum
2413 1943 2564 1997 iilum
2611 1944 3027 2014 prudentissimi
3068 1947 3282 2002 abbatis
3330 1947 3426 2003 Ol-

1839 2031 1981 2087 berti
2015 2033 2356 2090 committere
2406 2036 2679 2091 manibus.
2707 2035 2864 2102 Quod
2918 2037 3007 2092 ille
3037 2039 3131 2093 diu
3158 2041 3426 2094 multum—

1841 2139 1949 2194 que
1978 2125 2277 2183 reluctatus
2333 2128 2624 2183 declinavit
2657 2129 2955 2196 humiliter,
2989 2139 3045 2185 at
3090 2132 3181 2185 vix
3199 2133 3425 2188 tandem

1843 2221 2084 2292 suscepit
2104 2222 2422 2279 obedienter
2447 2233 2501 2280 et
2529 2233 2792 2281 executus
2811 2234 2903 2280 est
2935 2228 3250 2296 prudenter.
3287 2227 3426 2283 Nam

1840 2311 2107 2367 aedificato
2129 2315 2369 2371 claustro
2391 2332 2517 2371 cum
2541 2315 2920 2385 ollicinissuis,
2935 2327 3098 2388 prout
3120 2321 3430 2389 patiebatur

1840 2406 2183 2472 Oportunitas
2199 2409 2485 2477 temporis,
2514 2409 2774 2479 colligens
2796 2410 2926 2465 hinc
2955 2412 3080 2466 inde
3097 2413 3246 2468 viros
3289 2413 3431 2469 bene

1839 2493 2078 2550 directos
2103 2497 2172 2551 ad
2200 2513 2451 2553 normam
2477 2499 2782 2570 disciplinae
2810 2502 3165 2573 regularis,et
3187 2504 3428 2560 maxime

1839 2600 1906 2640 ex
1930 2585 2218 2658 disciplina
2258 2591 2472 2646 abbatis
2504 2590 2782 2659 Richardi,
2844 2594 2938 2663 qui
2984 2602 3118 2650 tunc
3161 2598 3427 2666 temporis

1839 2679 2044 2749 ubique
2073 2681 2475 2749 praedicabatur
2518 2683 2573 2737 in
2609 2681 2824 2738 fervore
2876 2693 3082 2741 sancta:
3116 2687 3424 2758 religionis,

1839 2771 2052 2841 primus
2073 2772 2185 2827 illic
2209 2773 2554 2843 propositum
2578 2776 2913 2831 monachicae
2940 2777 3300 2846 professionis
3351 2781 3432 2834 in-

1839 2861 2036 2930 stituit,
2067 2871 2122 2919 et
2148 2865 2331 2935 quoad
2374 2866 2532 2932 vixit,
2562 2867 2743 2922 locum
2794 2867 2948 2922 illum
2978 2868 3047 2922 ad
3081 2869 3298 2924 laudem
3325 2870 3424 2925 Dei

1837 2961 1892 3008 et
1920 2953 2204 3010 hominum
2235 2958 2616 3014 strenuissime
2645 2959 2988 3030 gubernavit.

1909 3044 1998 3100 36.
2039 3044 2150 3102 Nec
2193 3047 2378 3104 minus
2413 3034 2673 3104 insistens
2719 3059 2877 3121 cepto
2927 3051 3076 3121 operi
3118 3051 3432 3108 Gemmela-

1836 3137 2020 3192 censis
2064 3138 2342 3204 ecclesiae,
2388 3139 2648 3210 quicquid
2690 3156 2720 3194 a
2757 3142 3050 3211 semetipso
3091 3142 3428 3200 omnimodis

1835 3228 2136 3283 laborando
2169 3237 2382 3300 poterat
2419 3239 2764 3301 extorquere,
2813 3241 2987 3287 totum
3027 3234 3305 3305 satagebat
3330 3251 3428 3289 ex-

1833 3317 2069 3388 pendere
2108 3317 2162 3371 in
2211 3319 2443 3374 utilitate
2474 3320 2552 3374 rei
2590 3322 3006 3379 aecclesiasticee.
3042 3322 3197 3381 Unde
3217 3326 3284 3380 ad
3315 3334 3426 3381 tam

1833 3421 2144 3481 promptum
2182 3411 2339 3466 bona;
2377 3413 2696 3468 intentionis
2722 3413 2996 3479 allectum,
3036 3416 3427 3472 subministra-

1833 3505 1927 3560 bat
1969 3505 2270 3560 divinitatis
2314 3506 2488 3576 gratia
2533 3513 2779 3575 optatum
2826 3506 3098 3562 effectum.
3141 3507 3426 3580 Siquidem

1833 3595 2109 3650 arridente
2129 3596 2232 3650 sibi
2257 3595 2428 3650 multo
2451 3611 2711 3651 successu
2733 3599 3130 3667 prosperitatis,
3155 3601 3427 3657 maturius

1834 3701 1934 3741 sua
1980 3701 2075 3755 spe
2114 3686 2253 3741 vidit
2302 3688 2834 3742 consummationem
2863 3689 3004 3759 cepti
3044 3690 3249 3760 operis,
3281 3691 3424 3747 infra

1831 3778 2129 3833 triennium
2177 3777 2291 3834 fere
2336 3779 2600 3835 tediﬁcata
2643 3781 2888 3836 :ecclesia
2938 3798 3062 3837 cum
3100 3784 3426 3840 utensilibus

1833 3868 1969 3935 suis,
2006 3876 2320 3924 constructo
2361 3871 2526 3924 etiam
2559 3871 2801 3927 claustro
2843 3888 2969 3928 cum
3015 3872 3245 3931 officinis
3286 3875 3425 3941 suis,

1832 3968 1907 4027 et,
1936 3961 2079 4030 quod
2101 3962 2298 4033 magis'
2317 3970 2436 4017 erat
2461 3963 2511 4018 ei
2539 3963 2592 4016 in
2635 3973 2782 4029 voto,
2824 3965 2938 4035 jam
2974 3966 3042 4021 ad
3072 3967 3293 4036 plenum
3319 3965 3430 4022 fer-

1832 4060 1992 4107 vente
2029 4052 2101 4107 ibi
2132 4061 2337 4108 sanct:e
2365 4055 2646 4126 religionis
2690 4056 2893 4120 studio,
2925 4058 3180 4114 litteralis
3208 4073 3429 4129 quoque
3521 4050 3526 4059 ’

1833 4144 2076 4198 scientiae
2130 4161 2240 4199 non
2285 4146 2634 4202 mediocriter
2691 4149 2905 4220 vigente
2967 4151 3249 4206 exercitio.
3307 4149 3430 4221 ipse

99 4250 165 4292 et
216 4238 341 4291 cito
371 4235 611 4306 lapsura,
645 4235 940 4290 claustrum
967 4246 1016 4291 et
1041 4239 1219 4292 omnia
1245 4247 1602 4293 transmutare
1639 4256 1733 4292 cu-
1833 4237 2038 4290 nullam
2084 4251 2238 4306 paene
2283 4253 2384 4293 nec
2416 4239 2566 4296 curis
2608 4235 2776 4294 animi
2817 4257 2918 4298 nec
2959 4243 3133 4298 labori
3179 4243 3429 4314 corporis

101 4336 288 4382 rant.
317 4325 426 4381 Sed
455 4327 536 4380 liis
563 4328 876 4399 quandoque
903 4329 1082 4398 factis,
1118 4331 1304 4383 timent
1343 4331 1730 4386 circumitionis
1833 4327 2026 4382 laxans
2050 4329 2310 4398 quietem,
2336 4346 2552 4400 semper
2578 4333 2831 4388 tendebat
2852 4335 2921 4389 ad
2953 4335 3136 4405 operis
3163 4351 3425 4392 consum-

103 4419 366 4473 obsonia
405 4418 468 4471 ab
509 4420 746 4474 (ecclesia
777 4422 995 4490 antiqua
1028 4422 1284 4491 exigenda
1309 4440 1420 4477 esse
1441 4423 1506 4477 ab
1535 4427 1734 4494 episco-
1833 4419 2151 4472 malionem-
2212 4417 2288 4473 lia
2352 4421 2608 4476 omnibus
2672 4423 2948 4492 apparatis
2997 4439 3065 4478 ex
3123 4425 3426 4494 voluntate,

99 4513 205 4580 pis
260 4508 468 4578 futuris
493 4551 507 4574 ,
543 4527 606 4563 ea
648 4510 852 4564 scilicet
895 4512 1170 4565 occasione
1192 4553 1208 4579 ,
1260 4514 1400 4583 quod
1463 4523 1730 4569 monaste—
1758 4539 1808 4598 υ
1833 4509 2225 4564 dedicationem
2262 4509 2409 4566 illius
2437 4511 2700 4567 aacclesite
2731 4514 2994 4568 celebrari
3030 4513 3159 4570 fecit
3187 4518 3426 4573 maxima

99 4604 287 4655 rium
327 4600 545 4654 desierit
569 4602 686 4670 ipsa
711 4618 840 4658 esse.
879 4600 1044 4671 Cujus
1073 4605 1146 4656 rei
1171 4606 1431 4659 rationem
1452 4605 1732 4676 diligenter
1834 4600 2077 4654 omnium
2103 4601 2405 4655 \‘iCinorllm
2435 4602 2716 4657 alacritate
2757 4620 2786 4658 a
2834 4603 3095 4661 Durando
3131 4608 3426 4664 venerabili

95 4691 466 4762 inuestigans
517 4709 637 4746 cum
671 4694 882 4758 multis,
927 4696 1184 4764 comperi,
1230 4695 1295 4748 ab
1331 4697 1448 4767 ipsa
1493 4698 1732 4752 (ecclesia
1834 4691 2251 4748 LeOdicenSium
2305 4693 2540 4764 prasUle
2593 4694 2626 4749 8
2668 4695 2938 4752 Kalendas
3001 4698 3234 4770 Augusti
3299 4702 3428 4755 mil-

107 4782 517 4840 Gemblacensi
553 4785 773 4837 servitia
808 4785 990 4856 aliqua
1014 4785 1146 4839 data
1177 4788 1462 4857 non-[uisse
1500 4789 1733 4843 circum-

1842 4785 2024 4840 lesimo
2048 4785 2312 4840 vicesimo
2349 4787 2590 4842 secundo
2621 4803 2766 4843 anno
2816 4789 3050 4848 Domini.
3098 4791 3209 4848 Nec
3254 4794 3428 4848 multo

97 4880 328 4936 itionis
351 4879 555 4934 scilicet
583 4882 691 4934 vice
720 4881 1137 4935 antecessoribus
1162 4884 1314 4949 meis,
1338 4900 1402 4938 ea:
1428 4899 1528 4953 quo
1551 4884 1733 4938 eadem
1833 4887 1959 4949 post
1984 4879 2282 4934 oratorium
2331 4879 2505 4934 sane“
2553 4878 2707 4935 Pauli
2738 4882 2902 4937 situm
2936 4883 3079 4939 infra
3122 4885 3424 4940 claustrum

99 4971 363 5027 abbatia
388 4971 750 5040 muniﬁcentia
777 4973 910 5042 regis
950 4971 1184 5043 subjecta
1216 4983 1294 5028 est
1320 4976 1431 5029 sedi
1478 4976 1730 5030 atcclesiaz
1836 4970 1870 5023 6
1916 4969 2186 5026 Kalendas
2216 4969 2365 5024 Junii
2410 4987 2441 5025 a
2486 4987 2807 5030 successore
2847 4975 3086 5031 Durandi
3113 4975 3426 5046 Raginardo

96 5060 503 5118 Leodicensis.
533 5061 688 5116 Hanc
716 5071 1102 5118 antecessorum
1133 5081 1365 5119 meorum
1395 5067 1729 5122 clementiam
1827 5054 2074 5117 "ledical'i
2101 5061 2248 5128 feeit.
2294 5064 2440 5134 θρυίι
2480 5065 2636 5135 cuius
2663 5067 2908 5120 animum
2954 5067 3254 5122 maximum
3287 5069 3426 5122 auli-

88 5163 169 5214 ίη
208 5152 476 5227 futurum
512 5152 841 5208 decernimus
873 5156 1311 5222 conservandam,
1347 5159 1548 5213 scilicet
1578 5169 1636 5213 ut
1662 5163 1727 5214 ab
1834 5155 1974 5209 citize
1995 5155 2174 5211 locum
2197 5159 2443 5228 optinere
2463 5159 2679 5215 meruit.
2704 5159 2902 5215 Postea
2923 5160 3087 5215 etiam
3109 5167 3426 5214 constructo

83 5249 383 5310 (ecclesia
416 5242 812 5312 Gemblacensi,
843 5246 992 5300 salua
1019 5257 1226 5302 tantum
1244 5250 1574 5305 ordinatione
1595 5269 1728 5322 pon-
1838 5249 2038 5318 duplici
2063 5252 2322 5317 oratorio,
2355 5252 2585 5308 inferius
2610 5254 2816 5308 scilicet
2842 5254 2896 5307 in
2924 5253 3131 5306 honore
3157 5248 3424 5306 Johannis

91 5339 332 5412 riﬁcali
353 5381 369 5405 ,
413 5341 718 5395 servitutem
743 5336 1133 5394 circumitionis
1179 5341 1449 5409 requirant
1501 5340 1725 5401 nullam.
1837 5339 2088 5410 baptista:
2107 5351 2161 5397 et
2178 5341 2447 5398 Johannis
2472 5346 2835 5416 evangelista},
2860 5343 3112 5413 superius
3134 5342 3190 5395 in
3214 5342 3424 5396 honore

90 5432 443 5490 Secundum
472 5443 780 5487 sanctorum
818 5445 1081 5488 canonum
1126 5432 1375 5485 instituta
1418 5435 1728 5502 permittant
1835 5431 2115 5489 Michaelis
2140 5436 2450 5507 archangeli
2477 5448 2532 5493 et
2561 5435 2820 5507 Stephani
2858 5434 3312 5506 prothomartyris
3355 5433 3426 5490 ab

87 5523 425 5580 monachos
457 5525 619 5580 vitam
662 5525 916 5579 deducere
963 5523 1140 5597 quiete
1165 5522 1330 5588 bona,
1367 5533 1425 5576 ut
1475 5533 1583 5577 tam
1633 5542 1727 5595 pro
1831 5527 2021 5583 eodem
2067 5527 2380 5600 Raginardo
2423 5531 2758 5586 sollemniter
2781 5528 3019 5592 dedicari
3046 5526 3175 5584 fecit
3209 5529 3245 5580 2
3295 5525 3425 5583 ldus

1431 5679 1658 5738 VAlllrE
1699 5683 2104 5740 LECTIONES.

193 5798 274 5833 ’δ’
322 5796 396 5854 iis
436 5811 464 5851 e
507 5811 644 5851 corr.
721 5798 791 5828 ⁷³⁵
824 5804 934 5852 tam
965 5814 1101 5852 corr.
1140 5814 1324 5869 quam.
1403 5799 1470 5829 ⁷⁸³⁸
1505 5797 1821 5853 sombresite
1847 5805 1900 5852 et
1927 5807 2042 5871 post
2079 5799 2204 5853 add.
