  <div class='ocr_page' id='page_1' title='image "/cluster/home/n/w/nwhite01/storage/ocr_20150623/160/hvd.32044015473846/314.png"; bbox 0 0 3906 6316; ppageno 0'>
   <div class='ocr_carea' id='block_1_1' title="bbox 199 363 291 419">
    <p class='ocr_par' dir='ltr' id='par_1_1' title="bbox 199 363 291 419">
     <span class='ocr_line' id='line_1_1' title="bbox 199 363 291 419; baseline -0.011 0"><span class='ocrx_word' id='word_1_1' title='bbox 199 363 291 419; x_wconf 62' lang='grc'><strong>615</strong></span> 
     </span>
    </p>
   </div>
   <div class='ocr_carea' id='block_1_2' title="bbox 191 565 1737 636">
    <p class='ocr_par' dir='ltr' id='par_1_2' title="bbox 191 565 1737 636">
     <span class='ocr_line' id='line_1_2' title="bbox 191 565 1737 636; baseline -0.005 -9"><span class='ocrx_word' id='word_1_2' title='bbox 191 570 381 627; x_wconf 81' lang='lat' dir='ltr'><strong>conalia</strong></span> <span class='ocrx_word' id='word_1_3' title='bbox 435 569 578 634; x_wconf 86' lang='lat' dir='ltr'><strong>duo;</strong></span> <span class='ocrx_word' id='word_1_4' title='bbox 617 567 1025 623; x_wconf 72' lang='lat' dir='ltr'><strong>sulxliaconalia</strong></span> <span class='ocrx_word' id='word_1_5' title='bbox 1072 573 1368 636; x_wconf 77' lang='lat' dir='ltr'><strong>quattuor;</strong></span> <span class='ocrx_word' id='word_1_6' title='bbox 1408 565 1590 631; x_wconf 90' lang='lat' dir='ltr'><strong>albas,</strong></span> <span class='ocrx_word' id='word_1_7' title='bbox 1624 571 1737 620; x_wconf 89' lang='lat' dir='ltr'><strong>sto-</strong></span> 
     </span>
    </p>
   </div>
   <div class='ocr_carea' id='block_1_3' title="bbox 191 655 1739 730">
    <p class='ocr_par' dir='ltr' id='par_1_3' title="bbox 191 655 1739 730">
     <span class='ocr_line' id='line_1_3' title="bbox 191 655 1739 730; baseline -0.005 -12"><span class='ocrx_word' id='word_1_8' title='bbox 191 663 279 727; x_wconf 87' lang='lat' dir='ltr'><strong>las,</strong></span> <span class='ocrx_word' id='word_1_9' title='bbox 312 660 500 730; x_wconf 89' lang='lat' dir='ltr'><strong>tapetia</strong></span> <span class='ocrx_word' id='word_1_10' title='bbox 540 668 592 712; x_wconf 92' lang='lat' dir='ltr'><strong>et</strong></span> <span class='ocrx_word' id='word_1_11' title='bbox 627 659 754 727; x_wconf 90' lang='lat' dir='ltr'><strong>alia,</strong></span> <span class='ocrx_word' id='word_1_12' title='bbox 780 675 902 728; x_wconf 76' lang='lat' dir='ltr'><strong>qua:</strong></span> <span class='ocrx_word' id='word_1_13' title='bbox 928 657 1178 728; x_wconf 84' lang='lat' dir='ltr'><strong>quamvis</strong></span> <span class='ocrx_word' id='word_1_14' title='bbox 1216 663 1566 710; x_wconf 87' lang='lat' dir='ltr'><strong>numerentur</strong></span> <span class='ocrx_word' id='word_1_15' title='bbox 1597 655 1739 711; x_wconf 82' lang='lat' dir='ltr'><strong>inter</strong></span> 
     </span>
    </p>
   </div>
   <div class='ocr_carea' id='block_1_4' title="bbox 191 749 1739 820">
    <p class='ocr_par' dir='ltr' id='par_1_4' title="bbox 191 749 1739 820">
     <span class='ocr_line' id='line_1_4' title="bbox 191 749 1739 820; baseline -0.003 -13"><span class='ocrx_word' id='word_1_16' title='bbox 191 753 458 816; x_wconf 86' lang='lat' dir='ltr'><strong>subsiciva,</strong></span> <span class='ocrx_word' id='word_1_17' title='bbox 485 751 600 820; x_wconf 87' lang='lat' dir='ltr'><strong>ejus</strong></span> <span class='ocrx_word' id='word_1_18' title='bbox 642 757 822 804; x_wconf 89' lang='lat' dir='ltr'><strong>tamen</strong></span> <span class='ocrx_word' id='word_1_19' title='bbox 850 749 1115 806; x_wconf 89' lang='lat' dir='ltr'><strong>industria</strong></span> <span class='ocrx_word' id='word_1_20' title='bbox 1140 758 1195 804; x_wconf 92' lang='lat' dir='ltr'><strong>et</strong></span> <span class='ocrx_word' id='word_1_21' title='bbox 1219 749 1404 804; x_wconf 90' lang='lat' dir='ltr'><strong>studio</strong></span> <span class='ocrx_word' id='word_1_22' title='bbox 1433 756 1562 803; x_wconf 90' lang='lat' dir='ltr'><strong>sunt</strong></span> <span class='ocrx_word' id='word_1_23' title='bbox 1586 763 1739 804; x_wconf 83' lang='lat' dir='ltr'><strong>eom—</strong></span> 
     </span>
    </p>
   </div>
   <div class='ocr_carea' id='block_1_5' title="bbox 188 842 1739 916">
    <p class='ocr_par' dir='ltr' id='par_1_5' title="bbox 188 842 1739 916">
     <span class='ocr_line' id='line_1_5' title="bbox 188 842 1739 916; baseline -0.001 -17"><span class='ocrx_word' id='word_1_24' title='bbox 188 855 374 916; x_wconf 86' lang='lat' dir='ltr'><strong>parata,</strong></span> <span class='ocrx_word' id='word_1_25' title='bbox 419 853 511 898; x_wconf 88' lang='lat' dir='ltr'><strong>aut</strong></span> <span class='ocrx_word' id='word_1_26' title='bbox 549 844 668 913; x_wconf 89' lang='lat' dir='ltr'><strong>ejus</strong></span> <span class='ocrx_word' id='word_1_27' title='bbox 705 844 911 900; x_wconf 89' lang='lat' dir='ltr'><strong>amoris</strong></span> <span class='ocrx_word' id='word_1_28' title='bbox 953 843 1124 915; x_wconf 82' lang='lat' dir='ltr'><strong>gratia</strong></span> <span class='ocrx_word' id='word_1_29' title='bbox 1162 858 1194 900; x_wconf 83' lang='lat' dir='ltr'><strong>a</strong></span> <span class='ocrx_word' id='word_1_30' title='bbox 1233 843 1328 900; x_wconf 92' lang='lat' dir='ltr'><strong>Dei</strong></span> <span class='ocrx_word' id='word_1_31' title='bbox 1359 842 1608 900; x_wconf 87' lang='lat' dir='ltr'><strong>ﬁdelibus</strong></span> <span class='ocrx_word' id='word_1_32' title='bbox 1634 855 1739 897; x_wconf 69' lang='lat' dir='ltr'><strong>asc-</strong></span> 
     </span>
    </p>
   </div>
   <div class='ocr_carea' id='block_1_6' title="bbox 186 934 1740 1006">
    <p class='ocr_par' dir='ltr' id='par_1_6' title="bbox 186 934 1740 1006">
     <span class='ocr_line' id='line_1_6' title="bbox 186 934 1740 1006; baseline -0.001 -15"><span class='ocrx_word' id='word_1_33' title='bbox 186 936 342 991; x_wconf 71' lang='lat' dir='ltr'><strong>clesia:</strong></span> <span class='ocrx_word' id='word_1_34' title='bbox 371 936 576 989; x_wconf 86' lang='lat' dir='ltr'><strong>collata.</strong></span> <span class='ocrx_word' id='word_1_35' title='bbox 614 934 747 1001; x_wconf 67' lang='lat' dir='ltr'><strong>Qua:</strong></span> <span class='ocrx_word' id='word_1_36' title='bbox 775 936 994 1006; x_wconf 86' lang='lat' dir='ltr'><strong>quidem</strong></span> <span class='ocrx_word' id='word_1_37' title='bbox 1022 936 1274 1006; x_wconf 79' lang='lat' dir='ltr'><strong>quamvis</strong></span> <span class='ocrx_word' id='word_1_38' title='bbox 1306 951 1416 990; x_wconf 88' lang='lat' dir='ltr'><strong>non</strong></span> <span class='ocrx_word' id='word_1_39' title='bbox 1449 943 1577 990; x_wconf 90' lang='lat' dir='ltr'><strong>sunt</strong></span> <span class='ocrx_word' id='word_1_40' title='bbox 1603 934 1740 990; x_wconf 86' lang='lat' dir='ltr'><strong>adeo</strong></span> 
     </span>
    </p>
   </div>
   <div class='ocr_carea' id='block_1_7' title="bbox 186 1027 1738 1097">
    <p class='ocr_par' dir='ltr' id='par_1_7' title="bbox 186 1027 1738 1097">
     <span class='ocr_line' id='line_1_7' title="bbox 186 1027 1738 1097; baseline -0.001 -14"><span class='ocrx_word' id='word_1_41' title='bbox 186 1029 334 1083; x_wconf 87' lang='lat' dir='ltr'><strong>multa</strong></span> <span class='ocrx_word' id='word_1_42' title='bbox 362 1044 455 1096; x_wconf 92' lang='lat' dir='ltr'><strong>pro</strong></span> <span class='ocrx_word' id='word_1_43' title='bbox 477 1027 640 1097; x_wconf 89' lang='lat' dir='ltr'><strong>prceii</strong></span> <span class='ocrx_word' id='word_1_44' title='bbox 661 1029 1005 1084; x_wconf 89' lang='lat' dir='ltr'><strong>estimatione</strong></span> <span class='ocrx_word' id='word_1_45' title='bbox 1026 1037 1080 1083; x_wconf 92' lang='lat' dir='ltr'><strong>et</strong></span> <span class='ocrx_word' id='word_1_46' title='bbox 1098 1029 1397 1084; x_wconf 91' lang='lat' dir='ltr'><strong>alienarum</strong></span> <span class='ocrx_word' id='word_1_47' title='bbox 1424 1028 1738 1082; x_wconf 75' lang='lat' dir='ltr'><strong>divitiarum</strong></span> 
     </span>
    </p>
   </div>
   <div class='ocr_carea' id='block_1_8' title="bbox 183 1119 1740 1189">
    <p class='ocr_par' dir='ltr' id='par_1_8' title="bbox 183 1119 1740 1189">
     <span class='ocr_line' id='line_1_8' title="bbox 183 1119 1740 1189; baseline 0 -15"><span class='ocrx_word' id='word_1_48' title='bbox 183 1119 582 1188; x_wconf 86' lang='lat' dir='ltr'><strong>comparatione,</strong></span> <span class='ocrx_word' id='word_1_49' title='bbox 613 1127 741 1174; x_wconf 90' lang='lat' dir='ltr'><strong>sunt</strong></span> <span class='ocrx_word' id='word_1_50' title='bbox 778 1129 958 1174; x_wconf 90' lang='lat' dir='ltr'><strong>tamen</strong></span> <span class='ocrx_word' id='word_1_51' title='bbox 988 1120 1156 1175; x_wconf 92' lang='lat' dir='ltr'><strong>multa</strong></span> <span class='ocrx_word' id='word_1_52' title='bbox 1199 1127 1254 1175; x_wconf 90' lang='lat' dir='ltr'><strong>et</strong></span> <span class='ocrx_word' id='word_1_53' title='bbox 1291 1135 1489 1189; x_wconf 87' lang='lat' dir='ltr'><strong>magna</strong></span> <span class='ocrx_word' id='word_1_54' title='bbox 1529 1126 1583 1174; x_wconf 91' lang='lat' dir='ltr'><strong>et</strong></span> <span class='ocrx_word' id='word_1_55' title='bbox 1621 1134 1740 1188; x_wconf 88' lang='lat' dir='ltr'><strong>pre-</strong></span> 
     </span>
    </p>
   </div>
   <div class='ocr_carea' id='block_1_9' title="bbox 181 1211 1740 1283">
    <p class='ocr_par' dir='ltr' id='par_1_9' title="bbox 181 1211 1740 1283">
     <span class='ocr_line' id='line_1_9' title="bbox 181 1211 1740 1283; baseline -0.001 -17"><span class='ocrx_word' id='word_1_56' title='bbox 181 1212 311 1267; x_wconf 88' lang='lat' dir='ltr'><strong>ciosa</strong></span> <span class='ocrx_word' id='word_1_57' title='bbox 359 1227 454 1280; x_wconf 90' lang='lat' dir='ltr'><strong>pro</strong></span> <span class='ocrx_word' id='word_1_58' title='bbox 495 1211 636 1266; x_wconf 85' lang='lat' dir='ltr'><strong>bona</strong></span> <span class='ocrx_word' id='word_1_59' title='bbox 682 1211 802 1281; x_wconf 82' lang='lat' dir='ltr'><strong>ejus</strong></span> <span class='ocrx_word' id='word_1_60' title='bbox 833 1213 1154 1283; x_wconf 81' lang='lat' dir='ltr'><strong>intentione,</strong></span> <span class='ocrx_word' id='word_1_61' title='bbox 1191 1212 1318 1282; x_wconf 87' lang='lat' dir='ltr'><strong>quia</strong></span> <span class='ocrx_word' id='word_1_62' title='bbox 1363 1219 1740 1268; x_wconf 81' lang='lat' dir='ltr'><strong>remuneratur</strong></span> 
     </span>
    </p>
   </div>
   <div class='ocr_carea' id='block_1_10' title="bbox 183 1303 1738 1375">
    <p class='ocr_par' dir='ltr' id='par_1_10' title="bbox 183 1303 1738 1375">
     <span class='ocr_line' id='line_1_10' title="bbox 183 1303 1738 1375; baseline -0.001 -16"><span class='ocrx_word' id='word_1_63' title='bbox 183 1306 424 1359; x_wconf 83' lang='lat' dir='ltr'><strong>honorum</strong></span> <span class='ocrx_word' id='word_1_64' title='bbox 454 1303 598 1360; x_wconf 89' lang='lat' dir='ltr'><strong>Deus</strong></span> <span class='ocrx_word' id='word_1_65' title='bbox 627 1319 737 1359; x_wconf 91' lang='lat' dir='ltr'><strong>non</strong></span> <span class='ocrx_word' id='word_1_66' title='bbox 777 1306 996 1364; x_wconf 84' lang='lat' dir='ltr'><strong>estimat</strong></span> <span class='ocrx_word' id='word_1_67' title='bbox 1027 1321 1094 1360; x_wconf 81' lang='lat' dir='ltr'><strong>ex</strong></span> <span class='ocrx_word' id='word_1_68' title='bbox 1127 1317 1352 1375; x_wconf 88' lang='lat' dir='ltr'><strong>quanto,</strong></span> <span class='ocrx_word' id='word_1_69' title='bbox 1398 1305 1491 1360; x_wconf 87' lang='lat' dir='ltr'><strong>sed</strong></span> <span class='ocrx_word' id='word_1_70' title='bbox 1517 1319 1627 1374; x_wconf 84' lang='lat' dir='ltr'><strong>quo</strong></span> <span class='ocrx_word' id='word_1_71' title='bbox 1655 1303 1738 1358; x_wconf 90' lang='lat' dir='ltr'><strong>vel</strong></span> 
     </span>
    </p>
   </div>
   <div class='ocr_carea' id='block_1_11' title="bbox 180 1393 950 1463">
    <p class='ocr_par' dir='ltr' id='par_1_11' title="bbox 180 1393 950 1463">
     <span class='ocr_line' id='line_1_11' title="bbox 180 1393 950 1463; baseline 0.004 -18"><span class='ocrx_word' id='word_1_72' title='bbox 180 1394 310 1463; x_wconf 85' lang='lat' dir='ltr'><strong>quali</strong></span> <span class='ocrx_word' id='word_1_73' title='bbox 335 1393 432 1448; x_wconf 83' lang='lat' dir='ltr'><strong>sibi</strong></span> <span class='ocrx_word' id='word_1_74' title='bbox 467 1393 724 1456; x_wconf 74' lang='lat' dir='ltr'><strong>oli‘eratur</strong></span> <span class='ocrx_word' id='word_1_75' title='bbox 749 1395 950 1448; x_wconf 90' lang='lat' dir='ltr'><strong>animo.</strong></span> 
     </span>
    </p>
   </div>
   <div class='ocr_carea' id='block_1_12' title="bbox 239 1483 1741 1557">
    <p class='ocr_par' dir='ltr' id='par_1_12' title="bbox 239 1483 1741 1557">
     <span class='ocr_line' id='line_1_12' title="bbox 239 1483 1741 1557; baseline 0.003 -21"><span class='ocrx_word' id='word_1_76' title='bbox 239 1483 319 1536; x_wconf 75' lang='grc'><strong>42.</strong></span> <span class='ocrx_word' id='word_1_77' title='bbox 359 1483 422 1537; x_wconf 83' lang='lat' dir='ltr'><strong>Et</strong></span> <span class='ocrx_word' id='word_1_78' title='bbox 459 1484 587 1553; x_wconf 89' lang='lat' dir='ltr'><strong>quia</strong></span> <span class='ocrx_word' id='word_1_79' title='bbox 631 1501 757 1539; x_wconf 93' lang='lat' dir='ltr'><strong>cum</strong></span> <span class='ocrx_word' id='word_1_80' title='bbox 803 1485 1078 1556; x_wconf 77' lang='lat' dir='ltr'><strong>religionis</strong></span> <span class='ocrx_word' id='word_1_81' title='bbox 1101 1485 1281 1540; x_wconf 90' lang='lat' dir='ltr'><strong>studio</strong></span> <span class='ocrx_word' id='word_1_82' title='bbox 1321 1485 1502 1557; x_wconf 77' lang='lat' dir='ltr'><strong>vigere</strong></span> <span class='ocrx_word' id='word_1_83' title='bbox 1540 1484 1741 1541; x_wconf 79' lang='lat' dir='ltr'><strong>fecerat</strong></span> 
     </span>
    </p>
   </div>
   <div class='ocr_carea' id='block_1_13' title="bbox 175 1572 1740 1642">
    <p class='ocr_par' dir='ltr' id='par_1_13' title="bbox 175 1572 1740 1642">
     <span class='ocr_line' id='line_1_13' title="bbox 175 1572 1740 1642; baseline 0.004 -15"><span class='ocrx_word' id='word_1_84' title='bbox 175 1572 320 1627; x_wconf 88' lang='lat' dir='ltr'><strong>etiam</strong></span> <span class='ocrx_word' id='word_1_85' title='bbox 369 1573 616 1629; x_wconf 88' lang='lat' dir='ltr'><strong>litteralis</strong></span> <span class='ocrx_word' id='word_1_86' title='bbox 663 1575 901 1630; x_wconf 70' lang='lat' dir='ltr'><strong>scientiae</strong></span> <span class='ocrx_word' id='word_1_87' title='bbox 941 1576 1205 1642; x_wconf 87' lang='lat' dir='ltr'><strong>studium,</strong></span> <span class='ocrx_word' id='word_1_88' title='bbox 1235 1591 1303 1631; x_wconf 90' lang='lat' dir='ltr'><strong>ne</strong></span> <span class='ocrx_word' id='word_1_89' title='bbox 1343 1586 1396 1632; x_wconf 92' lang='lat' dir='ltr'><strong>et</strong></span> <span class='ocrx_word' id='word_1_90' title='bbox 1430 1577 1483 1631; x_wconf 91' lang='lat' dir='ltr'><strong>in</strong></span> <span class='ocrx_word' id='word_1_91' title='bbox 1520 1578 1624 1634; x_wconf 88' lang='lat' dir='ltr'><strong>hoc</strong></span> <span class='ocrx_word' id='word_1_92' title='bbox 1659 1578 1740 1634; x_wconf 85' lang='lat' dir='ltr'><strong>eis</strong></span> 
     </span>
    </p>
   </div>
   <div class='ocr_carea' id='block_1_14' title="bbox 177 1664 1742 1746">
    <p class='ocr_par' dir='ltr' id='par_1_14' title="bbox 177 1664 1742 1746">
     <span class='ocr_line' id='line_1_14' title="bbox 177 1664 1742 1746; baseline 0.003 -27"><span class='ocrx_word' id='word_1_93' title='bbox 177 1664 366 1719; x_wconf 86' lang='lat' dir='ltr'><strong>deesset</strong></span> <span class='ocrx_word' id='word_1_94' title='bbox 395 1666 534 1720; x_wconf 92' lang='lat' dir='ltr'><strong>unde</strong></span> <span class='ocrx_word' id='word_1_95' title='bbox 572 1667 884 1736; x_wconf 88' lang='lat' dir='ltr'><strong>hujusmodi</strong></span> <span class='ocrx_word' id='word_1_96' title='bbox 924 1668 1057 1722; x_wconf 90' lang='lat' dir='ltr'><strong>artis</strong></span> <span class='ocrx_word' id='word_1_97' title='bbox 1096 1676 1496 1738; x_wconf 81' lang='lat' dir='ltr'><strong>exequerentur</strong></span> <span class='ocrx_word' id='word_1_98' title='bbox 1533 1671 1742 1746; x_wconf 82' lang='lat' dir='ltr'><strong>exerci-</strong></span> 
     </span>
    </p>
   </div>
   <div class='ocr_carea' id='block_1_15' title="bbox 176 1755 1732 1828">
    <p class='ocr_par' dir='ltr' id='par_1_15' title="bbox 176 1755 1732 1828">
     <span class='ocr_line' id='line_1_15' title="bbox 176 1755 1732 1828; baseline 0.004 -19"><span class='ocrx_word' id='word_1_99' title='bbox 176 1755 316 1822; x_wconf 91' lang='lat' dir='ltr'><strong>tium,</strong></span> <span class='ocrx_word' id='word_1_100' title='bbox 361 1757 816 1812; x_wconf 84' lang='lat' dir='ltr'><strong>sumministravit</strong></span> <span class='ocrx_word' id='word_1_101' title='bbox 847 1757 928 1812; x_wconf 90' lang='lat' dir='ltr'><strong>eis</strong></span> <span class='ocrx_word' id='word_1_102' title='bbox 975 1759 1138 1814; x_wconf 87' lang='lat' dir='ltr'><strong>etiam</strong></span> <span class='ocrx_word' id='word_1_103' title='bbox 1187 1759 1399 1828; x_wconf 86' lang='lat' dir='ltr'><strong>copiam</strong></span> <span class='ocrx_word' id='word_1_104' title='bbox 1447 1759 1732 1816; x_wconf 90' lang='lat' dir='ltr'><strong>librorum.</strong></span> 
     </span>
    </p>
   </div>
   <div class='ocr_carea' id='block_1_16' title="bbox 175 1842 1734 1917">
    <p class='ocr_par' dir='ltr' id='par_1_16' title="bbox 175 1842 1734 1917">
     <span class='ocr_line' id='line_1_16' title="bbox 175 1842 1734 1917; baseline 0.006 -20"><span class='ocrx_word' id='word_1_105' title='bbox 175 1842 277 1898; x_wconf 85' lang='lat' dir='ltr'><strong>Non</strong></span> <span class='ocrx_word' id='word_1_106' title='bbox 310 1862 499 1914; x_wconf 90' lang='lat' dir='ltr'><strong>passus</strong></span> <span class='ocrx_word' id='word_1_107' title='bbox 539 1848 684 1902; x_wconf 90' lang='lat' dir='ltr'><strong>enim</strong></span> <span class='ocrx_word' id='word_1_108' title='bbox 733 1855 793 1902; x_wconf 91' lang='lat' dir='ltr'><strong>ut</strong></span> <span class='ocrx_word' id='word_1_109' title='bbox 843 1863 939 1917; x_wconf 90' lang='lat' dir='ltr'><strong>per</strong></span> <span class='ocrx_word' id='word_1_110' title='bbox 987 1848 1158 1902; x_wconf 91' lang='lat' dir='ltr'><strong>otium</strong></span> <span class='ocrx_word' id='word_1_111' title='bbox 1203 1863 1358 1904; x_wconf 90' lang='lat' dir='ltr'><strong>mens</strong></span> <span class='ocrx_word' id='word_1_112' title='bbox 1406 1857 1498 1903; x_wconf 87' lang='lat' dir='ltr'><strong>aut</strong></span> <span class='ocrx_word' id='word_1_113' title='bbox 1539 1865 1734 1906; x_wconf 87' lang='lat' dir='ltr'><strong>manus</strong></span> 
     </span>
    </p>
   </div>
   <div class='ocr_carea' id='block_1_17' title="bbox 171 1938 1732 2010">
    <p class='ocr_par' dir='ltr' id='par_1_17' title="bbox 171 1938 1732 2010">
     <span class='ocr_line' id='line_1_17' title="bbox 171 1938 1732 2010; baseline 0.003 -18"><span class='ocrx_word' id='word_1_114' title='bbox 171 1953 340 1992; x_wconf 87' lang='lat' dir='ltr'><strong>eorum</strong></span> <span class='ocrx_word' id='word_1_115' title='bbox 363 1946 714 2008; x_wconf 89' lang='lat' dir='ltr'><strong>torpesceret,</strong></span> <span class='ocrx_word' id='word_1_116' title='bbox 738 1939 942 1994; x_wconf 85' lang='lat' dir='ltr'><strong>utiliter</strong></span> <span class='ocrx_word' id='word_1_117' title='bbox 957 1938 1224 2008; x_wconf 89' lang='lat' dir='ltr'><strong>profcctui</strong></span> <span class='ocrx_word' id='word_1_118' title='bbox 1245 1955 1438 1994; x_wconf 92' lang='lat' dir='ltr'><strong>eorum</strong></span> <span class='ocrx_word' id='word_1_119' title='bbox 1459 1942 1732 2010; x_wconf 66' lang='lat' dir='ltr'><strong>praevidet,</strong></span> 
     </span>
    </p>
   </div>
   <div class='ocr_carea' id='block_1_18' title="bbox 173 2025 1736 2097">
    <p class='ocr_par' dir='ltr' id='par_1_18' title="bbox 173 2025 1736 2097">
     <span class='ocr_line' id='line_1_18' title="bbox 173 2025 1736 2097; baseline 0.004 -17"><span class='ocrx_word' id='word_1_120' title='bbox 173 2025 286 2080; x_wconf 77' lang='lat' dir='ltr'><strong>dum</strong></span> <span class='ocrx_word' id='word_1_121' title='bbox 314 2042 404 2081; x_wconf 86' lang='lat' dir='ltr'><strong>eos</strong></span> <span class='ocrx_word' id='word_1_122' title='bbox 445 2036 499 2081; x_wconf 86' lang='lat' dir='ltr'><strong>et</strong></span> <span class='ocrx_word' id='word_1_123' title='bbox 546 2043 641 2096; x_wconf 89' lang='lat' dir='ltr'><strong>per</strong></span> <span class='ocrx_word' id='word_1_124' title='bbox 673 2028 945 2082; x_wconf 86' lang='lat' dir='ltr'><strong>scribendi</strong></span> <span class='ocrx_word' id='word_1_125' title='bbox 995 2029 1232 2084; x_wconf 82' lang='lat' dir='ltr'><strong>laborem</strong></span> <span class='ocrx_word' id='word_1_126' title='bbox 1279 2039 1512 2097; x_wconf 79' lang='lat' dir='ltr'><strong>exercet,</strong></span> <span class='ocrx_word' id='word_1_127' title='bbox 1543 2041 1596 2086; x_wconf 91' lang='lat' dir='ltr'><strong>et</strong></span> <span class='ocrx_word' id='word_1_128' title='bbox 1629 2032 1736 2088; x_wconf 83' lang='lat' dir='ltr'><strong>fre-</strong></span> 
     </span>
    </p>
   </div>
   <div class='ocr_carea' id='block_1_19' title="bbox 170 2119 1735 2189">
    <p class='ocr_par' dir='ltr' id='par_1_19' title="bbox 170 2119 1735 2189">
     <span class='ocr_line' id='line_1_19' title="bbox 170 2119 1735 2189; baseline 0.004 -18"><span class='ocrx_word' id='word_1_129' title='bbox 170 2119 339 2186; x_wconf 87' lang='lat' dir='ltr'><strong>quenti</strong></span> <span class='ocrx_word' id='word_1_130' title='bbox 375 2120 770 2189; x_wconf 79' lang='lat' dir='ltr'><strong>scripturarum</strong></span> <span class='ocrx_word' id='word_1_131' title='bbox 812 2121 1164 2176; x_wconf 75' lang='lat' dir='ltr'><strong>meditatione</strong></span> <span class='ocrx_word' id='word_1_132' title='bbox 1209 2121 1423 2177; x_wconf 87' lang='lat' dir='ltr'><strong>animos</strong></span> <span class='ocrx_word' id='word_1_133' title='bbox 1447 2137 1638 2177; x_wconf 90' lang='lat' dir='ltr'><strong>eorum</strong></span> <span class='ocrx_word' id='word_1_134' title='bbox 1667 2123 1735 2180; x_wconf 85' lang='lat' dir='ltr'><strong>ad</strong></span> 
     </span>
    </p>
   </div>
   <div class='ocr_carea' id='block_1_20' title="bbox 171 2210 1733 2284">
    <p class='ocr_par' dir='ltr' id='par_1_20' title="bbox 171 2210 1733 2284">
     <span class='ocr_line' id='line_1_20' title="bbox 171 2210 1733 2284; baseline 0.003 -22"><span class='ocrx_word' id='word_1_135' title='bbox 171 2210 372 2265; x_wconf 82' lang='lat' dir='ltr'><strong>meliora</strong></span> <span class='ocrx_word' id='word_1_136' title='bbox 421 2221 724 2281; x_wconf 77' lang='lat' dir='ltr'><strong>promovet.</strong></span> <span class='ocrx_word' id='word_1_137' title='bbox 773 2211 1060 2282; x_wconf 83' lang='lat' dir='ltr'><strong>Appellens</strong></span> <span class='ocrx_word' id='word_1_138' title='bbox 1107 2227 1238 2283; x_wconf 87' lang='lat' dir='ltr'><strong>ergo</strong></span> <span class='ocrx_word' id='word_1_139' title='bbox 1284 2213 1530 2268; x_wconf 88' lang='lat' dir='ltr'><strong>animum</strong></span> <span class='ocrx_word' id='word_1_140' title='bbox 1575 2215 1733 2284; x_wconf 85' lang='lat' dir='ltr'><strong>quasi</strong></span> 
     </span>
    </p>
   </div>
   <div class='ocr_carea' id='block_1_21' title="bbox 171 2302 1734 2375">
    <p class='ocr_par' dir='ltr' id='par_1_21' title="bbox 171 2302 1734 2375">
     <span class='ocr_line' id='line_1_21' title="bbox 171 2302 1734 2375; baseline 0.004 -21"><span class='ocrx_word' id='word_1_141' title='bbox 171 2302 288 2356; x_wconf 87' lang='lat' dir='ltr'><strong>alter</strong></span> <span class='ocrx_word' id='word_1_142' title='bbox 333 2303 555 2372; x_wconf 88' lang='lat' dir='ltr'><strong>quidam</strong></span> <span class='ocrx_word' id='word_1_143' title='bbox 623 2303 986 2372; x_wconf 86' lang='lat' dir='ltr'><strong>Philadelfns,</strong></span> <span class='ocrx_word' id='word_1_144' title='bbox 1050 2305 1114 2359; x_wconf 92' lang='lat' dir='ltr'><strong>ad</strong></span> <span class='ocrx_word' id='word_1_145' title='bbox 1161 2305 1583 2362; x_wconf 88' lang='lat' dir='ltr'><strong>construendam</strong></span> <span class='ocrx_word' id='word_1_146' title='bbox 1635 2321 1734 2375; x_wconf 89' lang='lat' dir='ltr'><strong>pro</strong></span> 
     </span>
    </p>
   </div>
   <div class='ocr_carea' id='block_1_22' title="bbox 170 2396 1733 2466">
    <p class='ocr_par' dir='ltr' id='par_1_22' title="bbox 170 2396 1733 2466">
     <span class='ocr_line' id='line_1_22' title="bbox 170 2396 1733 2466; baseline 0.003 -19"><span class='ocrx_word' id='word_1_147' title='bbox 170 2407 311 2460; x_wconf 83' lang='lat' dir='ltr'><strong>posse</strong></span> <span class='ocrx_word' id='word_1_148' title='bbox 345 2410 443 2448; x_wconf 91' lang='lat' dir='ltr'><strong>suo</strong></span> <span class='ocrx_word' id='word_1_149' title='bbox 479 2396 864 2451; x_wconf 83' lang='lat' dir='ltr'><strong>bibliothecam</strong></span> <span class='ocrx_word' id='word_1_150' title='bbox 897 2397 1220 2466; x_wconf 86' lang='lat' dir='ltr'><strong>plenariam,</strong></span> <span class='ocrx_word' id='word_1_151' title='bbox 1261 2405 1416 2452; x_wconf 82' lang='lat' dir='ltr'><strong>vetus</strong></span> <span class='ocrx_word' id='word_1_152' title='bbox 1444 2405 1497 2450; x_wconf 89' lang='lat' dir='ltr'><strong>et</strong></span> <span class='ocrx_word' id='word_1_153' title='bbox 1534 2414 1733 2452; x_wconf 82' lang='lat' dir='ltr'><strong>novum</strong></span> 
     </span>
    </p>
   </div>
   <div class='ocr_carea' id='block_1_23' title="bbox 171 2483 1734 2548">
    <p class='ocr_par' dir='ltr' id='par_1_23' title="bbox 171 2483 1734 2548">
     <span class='ocr_line' id='line_1_23' title="bbox 171 2483 1734 2548; baseline 0.007 -11"><span class='ocrx_word' id='word_1_154' title='bbox 171 2490 533 2542; x_wconf 88' lang='lat' dir='ltr'><strong>testamentum</strong></span> <span class='ocrx_word' id='word_1_155' title='bbox 557 2488 926 2544; x_wconf 90' lang='lat' dir='ltr'><strong>continentem</strong></span> <span class='ocrx_word' id='word_1_156' title='bbox 983 2489 1039 2544; x_wconf 90' lang='lat' dir='ltr'><strong>in</strong></span> <span class='ocrx_word' id='word_1_157' title='bbox 1085 2483 1194 2544; x_wconf 86' lang='lat' dir='ltr'><strong>uno</strong></span> <span class='ocrx_word' id='word_1_158' title='bbox 1234 2490 1507 2546; x_wconf 91' lang='lat' dir='ltr'><strong>volumine</strong></span> <span class='ocrx_word' id='word_1_159' title='bbox 1551 2500 1734 2548; x_wconf 86' lang='lat' dir='ltr'><strong>trans-</strong></span> 
     </span>
    </p>
   </div>
   <div class='ocr_carea' id='block_1_24' title="bbox 167 2574 1735 2652">
    <p class='ocr_par' dir='ltr' id='par_1_24' title="bbox 167 2574 1735 2652">
     <span class='ocr_line' id='line_1_24' title="bbox 167 2574 1735 2652; baseline 0.005 -23"><span class='ocrx_word' id='word_1_160' title='bbox 167 2574 363 2642; x_wconf 79' lang='lat' dir='ltr'><strong>scripsit</strong></span> <span class='ocrx_word' id='word_1_161' title='bbox 391 2577 457 2608; x_wconf 71' lang='grc'><strong>⁷⁸³</strong></span> <span class='ocrx_word' id='word_1_162' title='bbox 485 2577 790 2633; x_wconf 83' lang='lat' dir='ltr'><strong>historiam.</strong></span> <span class='ocrx_word' id='word_1_163' title='bbox 816 2578 880 2632; x_wconf 86' lang='lat' dir='ltr'><strong>Et</strong></span> <span class='ocrx_word' id='word_1_164' title='bbox 904 2580 974 2612; x_wconf 71' lang='lat'><strong>7&quot;</strong></span> <span class='ocrx_word' id='word_1_165' title='bbox 996 2579 1193 2634; x_wconf 64' lang='lat' dir='ltr'><strong>divinae</strong></span> <span class='ocrx_word' id='word_1_166' title='bbox 1215 2579 1432 2649; x_wconf 85' lang='lat' dir='ltr'><strong>quidem</strong></span> <span class='ocrx_word' id='word_1_167' title='bbox 1455 2582 1735 2652; x_wconf 70' lang='lat' dir='ltr'><strong>scripturae</strong></span> 
     </span>
    </p>
   </div>
   <div class='ocr_carea' id='block_1_25' title="bbox 169 2664 1734 2743">
    <p class='ocr_par' dir='ltr' id='par_1_25' title="bbox 169 2664 1734 2743">
     <span class='ocr_line' id='line_1_25' title="bbox 169 2664 1734 2743; baseline 0.009 -26"><span class='ocrx_word' id='word_1_168' title='bbox 169 2664 275 2733; x_wconf 87' lang='lat' dir='ltr'><strong>plus</strong></span> <span class='ocrx_word' id='word_1_169' title='bbox 315 2683 472 2736; x_wconf 85' lang='lat' dir='ltr'><strong>quam</strong></span> <span class='ocrx_word' id='word_1_170' title='bbox 528 2678 751 2725; x_wconf 88' lang='lat' dir='ltr'><strong>centum</strong></span> <span class='ocrx_word' id='word_1_171' title='bbox 804 2671 1078 2743; x_wconf 81' lang='lat' dir='ltr'><strong>congessit</strong></span> <span class='ocrx_word' id='word_1_172' title='bbox 1121 2672 1420 2738; x_wconf 84' lang='lat' dir='ltr'><strong>volumina,</strong></span> <span class='ocrx_word' id='word_1_173' title='bbox 1473 2675 1734 2731; x_wconf 89' lang='lat' dir='ltr'><strong>secularis</strong></span> 
     </span>
    </p>
   </div>
   <div class='ocr_carea' id='block_1_26' title="bbox 167 2761 1735 2835">
    <p class='ocr_par' dir='ltr' id='par_1_26' title="bbox 167 2761 1735 2835">
     <span class='ocr_line' id='line_1_26' title="bbox 167 2761 1735 2835; baseline 0.008 -25"><span class='ocrx_word' id='word_1_174' title='bbox 167 2773 278 2812; x_wconf 87' lang='lat' dir='ltr'><strong>vero</strong></span> <span class='ocrx_word' id='word_1_175' title='bbox 305 2761 605 2830; x_wconf 76' lang='lat' dir='ltr'><strong>disciplinae</strong></span> <span class='ocrx_word' id='word_1_176' title='bbox 634 2762 801 2818; x_wconf 91' lang='lat' dir='ltr'><strong>libros</strong></span> <span class='ocrx_word' id='word_1_177' title='bbox 833 2763 1248 2835; x_wconf 88' lang='lat' dir='ltr'><strong>quinquaginta.</strong></span> <span class='ocrx_word' id='word_1_178' title='bbox 1272 2763 1579 2824; x_wconf 77' lang='lat' dir='ltr'><strong>Mirandum</strong></span> <span class='ocrx_word' id='word_1_179' title='bbox 1603 2782 1735 2823; x_wconf 85' lang='lat' dir='ltr'><strong>sane</strong></span> 
     </span>
    </p>
   </div>
   <div class='ocr_carea' id='block_1_27' title="bbox 166 2852 1733 2914">
    <p class='ocr_par' dir='ltr' id='par_1_27' title="bbox 166 2852 1733 2914">
     <span class='ocr_line' id='line_1_27' title="bbox 166 2852 1733 2914; baseline 0.003 -7"><span class='ocrx_word' id='word_1_180' title='bbox 166 2865 317 2907; x_wconf 76' lang='lat' dir='ltr'><strong>unum</strong></span> <span class='ocrx_word' id='word_1_181' title='bbox 371 2852 650 2907; x_wconf 90' lang='lat' dir='ltr'><strong>hominem</strong></span> <span class='ocrx_word' id='word_1_182' title='bbox 708 2853 764 2908; x_wconf 90' lang='lat' dir='ltr'><strong>in</strong></span> <span class='ocrx_word' id='word_1_183' title='bbox 821 2863 972 2909; x_wconf 89' lang='lat' dir='ltr'><strong>tanta</strong></span> <span class='ocrx_word' id='word_1_184' title='bbox 1028 2856 1290 2910; x_wconf 85' lang='lat' dir='ltr'><strong>tenuitate</strong></span> <span class='ocrx_word' id='word_1_185' title='bbox 1338 2871 1520 2911; x_wconf 91' lang='lat' dir='ltr'><strong>rerum</strong></span> <span class='ocrx_word' id='word_1_186' title='bbox 1582 2866 1733 2914; x_wconf 87' lang='lat' dir='ltr'><strong>tanta</strong></span> 
     </span>
    </p>
   </div>
   <div class='ocr_carea' id='block_1_28' title="bbox 165 2943 1732 3016">
    <p class='ocr_par' dir='ltr' id='par_1_28' title="bbox 165 2943 1732 3016">
     <span class='ocr_line' id='line_1_28' title="bbox 165 2943 1732 3016; baseline 0.005 -19"><span class='ocrx_word' id='word_1_187' title='bbox 165 2943 385 3010; x_wconf 81' lang='lat' dir='ltr'><strong>potuisse</strong></span> <span class='ocrx_word' id='word_1_188' title='bbox 422 2960 782 3014; x_wconf 89' lang='lat' dir='ltr'><strong>comparare,-</strong></span> <span class='ocrx_word' id='word_1_189' title='bbox 811 2947 918 3001; x_wconf 90' lang='lat' dir='ltr'><strong>nisi</strong></span> <span class='ocrx_word' id='word_1_190' title='bbox 960 2955 1271 3010; x_wconf 82' lang='lat' dir='ltr'><strong>occurreret</strong></span> <span class='ocrx_word' id='word_1_191' title='bbox 1292 2949 1500 3016; x_wconf 90' lang='lat' dir='ltr'><strong>animo,</strong></span> <span class='ocrx_word' id='word_1_192' title='bbox 1529 2949 1732 3005; x_wconf 79' lang='lat' dir='ltr'><strong>timen-</strong></span> 
     </span>
    </p>
   </div>
   <div class='ocr_carea' id='block_1_29' title="bbox 166 3033 886 3093">
    <p class='ocr_par' dir='ltr' id='par_1_29' title="bbox 166 3033 886 3093">
     <span class='ocr_line' id='line_1_29' title="bbox 166 3033 886 3093; baseline 0.01 -7"><span class='ocrx_word' id='word_1_193' title='bbox 166 3033 293 3089; x_wconf 89' lang='lat' dir='ltr'><strong>tibus</strong></span> <span class='ocrx_word' id='word_1_194' title='bbox 323 3035 486 3091; x_wconf 90' lang='lat' dir='ltr'><strong>Deum</strong></span> <span class='ocrx_word' id='word_1_195' title='bbox 511 3036 654 3090; x_wconf 89' lang='lat' dir='ltr'><strong>nihil</strong></span> <span class='ocrx_word' id='word_1_196' title='bbox 680 3037 886 3093; x_wconf 81' lang='lat' dir='ltr'><strong>deesse.</strong></span> 
     </span>
    </p>
   </div>
   <div class='ocr_carea' id='block_1_30' title="bbox 1145 348 2382 414">
    <p class='ocr_par' dir='ltr' id='par_1_30' title="bbox 1145 348 2382 414">
     <span class='ocr_line' id='line_1_30' title="bbox 1145 348 2382 414; baseline -0.005 0"><span class='ocrx_word' id='word_1_197' title='bbox 1145 355 1372 414; x_wconf 80' lang='lat' dir='ltr'><strong>GESTA</strong></span> <span class='ocrx_word' id='word_1_198' title='bbox 1409 349 1740 408; x_wconf 76' lang='lat' dir='ltr'><strong>ABBATUM</strong></span> <span class='ocrx_word' id='word_1_199' title='bbox 1777 348 2382 408; x_wconf 78' lang='lat' dir='ltr'><strong>GEMBLACENSIUM.</strong></span> 
     </span>
    </p>
   </div>
   <div class='ocr_carea' id='block_1_31' title="bbox 193 463 3428 545">
    <p class='ocr_par' dir='ltr' id='par_1_31' title="bbox 193 463 3428 545">
     <span class='ocr_line' id='line_1_31' title="bbox 193 463 3428 545; baseline 0.001 -16"><span class='ocrx_word' id='word_1_200' title='bbox 193 493 252 534; x_wconf 79' lang='lat' dir='ltr'><strong>ex</strong></span> <span class='ocrx_word' id='word_1_201' title='bbox 293 474 455 545; x_wconf 82' lang='lat' dir='ltr'><strong>palliis</strong></span> <span class='ocrx_word' id='word_1_202' title='bbox 498 473 677 528; x_wconf 81' lang='lat' dir='ltr'><strong>decem</strong></span> <span class='ocrx_word' id='word_1_203' title='bbox 717 481 773 527; x_wconf 87' lang='lat' dir='ltr'><strong>et</strong></span> <span class='ocrx_word' id='word_1_204' title='bbox 793 481 968 538; x_wconf 80' lang='lat' dir='ltr'><strong>octo;</strong></span> <span class='ocrx_word' id='word_1_205' title='bbox 1013 469 1228 527; x_wconf 82' lang='lat' dir='ltr'><strong>casulas</strong></span> <span class='ocrx_word' id='word_1_206' title='bbox 1259 469 1547 525; x_wconf 89' lang='lat' dir='ltr'><strong>duodecim</strong></span> <span class='ocrx_word' id='word_1_207' title='bbox 1572 486 1587 536; x_wconf 89' lang='lat'><strong>;</strong></span> <span class='ocrx_word' id='word_1_208' title='bbox 1617 467 1738 523; x_wconf 88' lang='lat' dir='ltr'><strong>dia-</strong></span> <span class='ocrx_word' id='word_1_209' title='bbox 1767 467 1809 523; x_wconf 79' lang='grc' dir='ltr'>Α</span> <span class='ocrx_word' id='word_1_210' title='bbox 1837 471 2057 519; x_wconf 89' lang='lat' dir='ltr'><strong>cantum</strong></span> <span class='ocrx_word' id='word_1_211' title='bbox 2079 463 2244 518; x_wconf 91' lang='lat' dir='ltr'><strong>etiam</strong></span> <span class='ocrx_word' id='word_1_212' title='bbox 2279 466 2346 544; x_wconf 74' lang='lat' dir='ltr'><strong>de</strong></span> <span class='ocrx_word' id='word_1_213' title='bbox 2391 479 2458 520; x_wconf 90' lang='lat' dir='ltr'><strong>eo</strong></span> <span class='ocrx_word' id='word_1_214' title='bbox 2487 466 2814 537; x_wconf 86' lang='lat' dir='ltr'><strong>melillcavit,</strong></span> <span class='ocrx_word' id='word_1_215' title='bbox 2847 469 3176 541; x_wconf 82' lang='lat' dir='ltr'><strong>antiphonas</strong></span> <span class='ocrx_word' id='word_1_216' title='bbox 3203 485 3428 543; x_wconf 85' lang='lat' dir='ltr'><strong>quoque.</strong></span> 
     </span>
    </p>
   </div>
   <div class='ocr_carea' id='block_1_32' title="bbox 3311 357 3420 416">
    <p class='ocr_par' dir='ltr' id='par_1_32' title="bbox 3311 357 3420 416">
     <span class='ocr_line' id='line_1_32' title="bbox 3311 357 3420 416; baseline 0 0"><span class='ocrx_word' id='word_1_217' title='bbox 3311 357 3420 416; x_wconf 66' lang='lat'><strong>616</strong></span> 
     </span>
    </p>
   </div>
   <div class='ocr_carea' id='block_1_33' title="bbox 1836 555 3420 626">
    <p class='ocr_par' dir='ltr' id='par_1_33' title="bbox 1836 555 3420 626">
     <span class='ocr_line' id='line_1_33' title="bbox 1836 555 3420 626; baseline 0.005 -16"><span class='ocrx_word' id='word_1_218' title='bbox 1836 571 2000 626; x_wconf 84' lang='lat' dir='ltr'><strong>super</strong></span> <span class='ocrx_word' id='word_1_219' title='bbox 2027 555 2374 612; x_wconf 87' lang='lat' dir='ltr'><strong>matutinales</strong></span> <span class='ocrx_word' id='word_1_220' title='bbox 2397 556 2585 614; x_wconf 91' lang='lat' dir='ltr'><strong>laudes</strong></span> <span class='ocrx_word' id='word_1_221' title='bbox 2615 559 2669 614; x_wconf 91' lang='lat' dir='ltr'><strong>in</strong></span> <span class='ocrx_word' id='word_1_222' title='bbox 2700 561 2933 616; x_wconf 85' lang='lat' dir='ltr'><strong>transitu</strong></span> <span class='ocrx_word' id='word_1_223' title='bbox 2961 572 3162 624; x_wconf 75' lang='lat' dir='ltr'><strong>sancta:</strong></span> <span class='ocrx_word' id='word_1_224' title='bbox 3195 561 3420 618; x_wconf 87' lang='lat' dir='ltr'><strong>Waldc-</strong></span> 
     </span>
    </p>
   </div>
   <div class='ocr_carea' id='block_1_34' title="bbox 1835 647 3419 726">
    <p class='ocr_par' dir='ltr' id='par_1_34' title="bbox 1835 647 3419 726">
     <span class='ocr_line' id='line_1_34' title="bbox 1835 647 3419 726; baseline 0.004 -22"><span class='ocrx_word' id='word_1_225' title='bbox 1835 648 2055 715; x_wconf 79' lang='lat' dir='ltr'><strong>drudis,</strong></span> <span class='ocrx_word' id='word_1_226' title='bbox 2072 648 2187 718; x_wconf 87' lang='lat' dir='ltr'><strong>ipse</strong></span> <span class='ocrx_word' id='word_1_227' title='bbox 2217 664 2400 705; x_wconf 89' lang='lat' dir='ltr'><strong>comes</strong></span> <span class='ocrx_word' id='word_1_228' title='bbox 2425 647 2728 722; x_wconf 82' lang='lat' dir='ltr'><strong>Raginerus</strong></span> <span class='ocrx_word' id='word_1_229' title='bbox 2768 663 2830 709; x_wconf 91' lang='lat' dir='ltr'><strong>et.</strong></span> <span class='ocrx_word' id='word_1_230' title='bbox 2863 651 3151 716; x_wconf 77' lang='lat' dir='ltr'><strong>Uathuidis</strong></span> <span class='ocrx_word' id='word_1_231' title='bbox 3179 657 3419 726; x_wconf 88' lang='lat' dir='ltr'><strong>conjunx</strong></span> 
     </span>
    </p>
   </div>
   <div class='ocr_carea' id='block_1_35' title="bbox 1836 739 3420 815">
    <p class='ocr_par' dir='ltr' id='par_1_35' title="bbox 1836 739 3420 815">
     <span class='ocr_line' id='line_1_35' title="bbox 1836 739 3420 815; baseline 0.007 -22"><span class='ocrx_word' id='word_1_232' title='bbox 1836 739 1956 810; x_wconf 88' lang='lat' dir='ltr'><strong>ejus</strong></span> <span class='ocrx_word' id='word_1_233' title='bbox 2009 739 2270 810; x_wconf 88' lang='lat' dir='ltr'><strong>quicquid</strong></span> <span class='ocrx_word' id='word_1_234' title='bbox 2319 741 2508 815; x_wconf 66' lang='grc' dir='ltr'><strong>ρηεάἰὶ</strong></span> <span class='ocrx_word' id='word_1_235' title='bbox 2552 743 2829 802; x_wconf 79' lang='lat' dir='ltr'><strong>habebant</strong></span> <span class='ocrx_word' id='word_1_236' title='bbox 2877 745 2930 800; x_wconf 90' lang='lat' dir='ltr'><strong>in</strong></span> <span class='ocrx_word' id='word_1_237' title='bbox 2982 745 3118 801; x_wconf 88' lang='lat' dir='ltr'><strong>Dion</strong></span> <span class='ocrx_word' id='word_1_238' title='bbox 3162 749 3420 804; x_wconf 62' lang='lat' dir='ltr'><strong>ecclesia:</strong></span> 
     </span>
    </p>
   </div>
   <div class='ocr_carea' id='block_1_36' title="bbox 1837 835 2302 891">
    <p class='ocr_par' dir='ltr' id='par_1_36' title="bbox 1837 835 2302 891">
     <span class='ocr_line' id='line_1_36' title="bbox 1837 835 2302 891; baseline 0.004 -2"><span class='ocrx_word' id='word_1_239' title='bbox 1837 843 2038 890; x_wconf 72' lang='lat' dir='ltr'><strong>nostra:</strong></span> <span class='ocrx_word' id='word_1_240' title='bbox 2061 835 2302 891; x_wconf 85' lang='lat' dir='ltr'><strong>tradidit.</strong></span> 
     </span>
    </p>
   </div>
   <div class='ocr_carea' id='block_1_37' title="bbox 1907 925 3431 1002">
    <p class='ocr_par' dir='ltr' id='par_1_37' title="bbox 1907 925 3431 1002">
     <span class='ocr_line' id='line_1_37' title="bbox 1907 925 3431 1002; baseline 0.002 -20"><span class='ocrx_word' id='word_1_241' title='bbox 1907 926 1996 982; x_wconf 70' lang='grc'><strong>44.</strong></span> <span class='ocrx_word' id='word_1_242' title='bbox 2061 925 2196 982; x_wconf 87' lang='lat' dir='ltr'><strong>Tam</strong></span> <span class='ocrx_word' id='word_1_243' title='bbox 2238 927 2567 984; x_wconf 85' lang='lat' dir='ltr'><strong>laudabilem</strong></span> <span class='ocrx_word' id='word_1_244' title='bbox 2613 939 2668 986; x_wconf 90' lang='lat' dir='ltr'><strong>et</strong></span> <span class='ocrx_word' id='word_1_245' title='bbox 2731 930 2921 987; x_wconf 88' lang='lat' dir='ltr'><strong>utilem</strong></span> <span class='ocrx_word' id='word_1_246' title='bbox 2977 930 3431 1002; x_wconf 67' lang='lat' dir='ltr'><strong>v1tam.degens,,</strong></span> 
     </span>
    </p>
   </div>
   <div class='ocr_carea' id='block_1_38' title="bbox 1839 1011 3420 1092">
    <p class='ocr_par' dir='ltr' id='par_1_38' title="bbox 1839 1011 3420 1092">
     <span class='ocr_line' id='line_1_38' title="bbox 1839 1011 3420 1092; baseline 0.003 -18"><span class='ocrx_word' id='word_1_247' title='bbox 1839 1025 2128 1088; x_wconf 86' lang='lat' dir='ltr'><strong>postquam</strong></span> <span class='ocrx_word' id='word_1_248' title='bbox 2155 1018 2209 1072; x_wconf 93' lang='lat' dir='ltr'><strong>in</strong></span> <span class='ocrx_word' id='word_1_249' title='bbox 2253 1018 2320 1073; x_wconf 78' lang='grc'><strong>57</strong></span> <span class='ocrx_word' id='word_1_250' title='bbox 2348 1035 2523 1076; x_wconf 89' lang='lat' dir='ltr'><strong>annos</strong></span> <span class='ocrx_word' id='word_1_251' title='bbox 2549 1021 2732 1092; x_wconf 86' lang='lat' dir='ltr'><strong>exegit</strong></span> <span class='ocrx_word' id='word_1_252' title='bbox 2767 1011 2982 1091; x_wconf 80' lang='lat' dir='ltr'><strong>tempus</strong></span> <span class='ocrx_word' id='word_1_253' title='bbox 3005 1037 3119 1076; x_wconf 66' lang='lat' dir='ltr'><strong>suae</strong></span> <span class='ocrx_word' id='word_1_254' title='bbox 3145 1021 3420 1092; x_wconf 66' lang='lat' dir='ltr'><strong>praelatio&lt;</strong></span> 
     </span>
    </p>
   </div>
   <div class='ocr_carea' id='block_1_39' title="bbox 1837 1106 3420 1182">
    <p class='ocr_par' dir='ltr' id='par_1_39' title="bbox 1837 1106 3420 1182">
     <span class='ocr_line' id='line_1_39' title="bbox 1837 1106 3420 1182; baseline 0.003 -20"><span class='ocrx_word' id='word_1_255' title='bbox 1837 1106 1946 1175; x_wconf 89' lang='lat' dir='ltr'><strong>nis,</strong></span> <span class='ocrx_word' id='word_1_256' title='bbox 1977 1109 2154 1163; x_wconf 89' lang='lat' dir='ltr'><strong>sensit</strong></span> <span class='ocrx_word' id='word_1_257' title='bbox 2180 1124 2238 1164; x_wconf 90' lang='lat' dir='ltr'><strong>se</strong></span> <span class='ocrx_word' id='word_1_258' title='bbox 2295 1125 2328 1164; x_wconf 88' lang='lat' dir='ltr'><strong>a</strong></span> <span class='ocrx_word' id='word_1_259' title='bbox 2362 1108 2474 1165; x_wconf 92' lang='lat' dir='ltr'><strong>Deo</strong></span> <span class='ocrx_word' id='word_1_260' title='bbox 2506 1111 2724 1167; x_wconf 77' lang='lat' dir='ltr'><strong>invitari</strong></span> <span class='ocrx_word' id='word_1_261' title='bbox 2757 1112 2826 1168; x_wconf 91' lang='lat' dir='ltr'><strong>ad</strong></span> <span class='ocrx_word' id='word_1_262' title='bbox 2873 1112 3121 1168; x_wconf 92' lang='lat' dir='ltr'><strong>bravium</strong></span> <span class='ocrx_word' id='word_1_263' title='bbox 3170 1128 3420 1182; x_wconf 65' lang='lat' dir='ltr'><strong>supernas</strong></span> 
     </span>
    </p>
   </div>
   <div class='ocr_carea' id='block_1_40' title="bbox 1838 1197 3418 1273">
    <p class='ocr_par' dir='ltr' id='par_1_40' title="bbox 1838 1197 3418 1273">
     <span class='ocr_line' id='line_1_40' title="bbox 1838 1197 3418 1273; baseline 0.005 -23"><span class='ocrx_word' id='word_1_264' title='bbox 1838 1197 2142 1252; x_wconf 88' lang='lat' dir='ltr'><strong>vocationis</strong></span> <span class='ocrx_word' id='word_1_265' title='bbox 2172 1198 2284 1267; x_wconf 87' lang='lat' dir='ltr'><strong>(an.</strong></span> <span class='ocrx_word' id='word_1_266' title='bbox 2314 1199 2496 1271; x_wconf 75' lang='grc'><strong>1048).</strong></span> <span class='ocrx_word' id='word_1_267' title='bbox 2524 1199 2592 1255; x_wconf 84' lang='grc' dir='ltr'>Ει</span> <span class='ocrx_word' id='word_1_268' title='bbox 2618 1202 2866 1272; x_wconf 87' lang='lat' dir='ltr'><strong>exemplo</strong></span> <span class='ocrx_word' id='word_1_269' title='bbox 2889 1202 3096 1262; x_wconf 83' lang='lat' dir='ltr'><strong>domini</strong></span> <span class='ocrx_word' id='word_1_270' title='bbox 3124 1201 3275 1269; x_wconf 74' lang='lat' dir='ltr'><strong>Iesu,</strong></span> <span class='ocrx_word' id='word_1_271' title='bbox 3319 1203 3418 1273; x_wconf 87' lang='lat' dir='ltr'><strong>qui</strong></span> 
     </span>
    </p>
   </div>
   <div class='ocr_carea' id='block_1_41' title="bbox 1839 1288 3423 1365">
    <p class='ocr_par' dir='ltr' id='par_1_41' title="bbox 1839 1288 3423 1365">
     <span class='ocr_line' id='line_1_41' title="bbox 1839 1288 3423 1365; baseline 0.006 -24"><span class='ocrx_word' id='word_1_272' title='bbox 1839 1288 2172 1345; x_wconf 88' lang='lat' dir='ltr'><strong>transiturus</strong></span> <span class='ocrx_word' id='word_1_273' title='bbox 2196 1290 2263 1346; x_wconf 87' lang='lat' dir='ltr'><strong>ad</strong></span> <span class='ocrx_word' id='word_1_274' title='bbox 2284 1289 2530 1360; x_wconf 80' lang='lat' dir='ltr'><strong>Patrem,</strong></span> <span class='ocrx_word' id='word_1_275' title='bbox 2547 1307 2674 1348; x_wconf 90' lang='lat' dir='ltr'><strong>cum</strong></span> <span class='ocrx_word' id='word_1_276' title='bbox 2701 1293 2984 1350; x_wconf 71' lang='lat' dir='ltr'><strong>dilexisset</strong></span> <span class='ocrx_word' id='word_1_277' title='bbox 3000 1311 3128 1350; x_wconf 90' lang='lat' dir='ltr'><strong>suos</strong></span> <span class='ocrx_word' id='word_1_278' title='bbox 3149 1293 3242 1365; x_wconf 94' lang='lat' dir='ltr'><strong>qui</strong></span> <span class='ocrx_word' id='word_1_279' title='bbox 3265 1302 3423 1350; x_wconf 87' lang='lat' dir='ltr'><strong>erant</strong></span> 
     </span>
    </p>
   </div>
   <div class='ocr_carea' id='block_1_42' title="bbox 1838 1380 3424 1457">
    <p class='ocr_par' dir='ltr' id='par_1_42' title="bbox 1838 1380 3424 1457">
     <span class='ocr_line' id='line_1_42' title="bbox 1838 1380 3424 1457; baseline 0.006 -23"><span class='ocrx_word' id='word_1_280' title='bbox 1838 1380 1896 1434; x_wconf 91' lang='lat' dir='ltr'><strong>in</strong></span> <span class='ocrx_word' id='word_1_281' title='bbox 1923 1382 2148 1449; x_wconf 89' lang='lat' dir='ltr'><strong>mundo,</strong></span> <span class='ocrx_word' id='word_1_282' title='bbox 2203 1383 2258 1437; x_wconf 90' lang='lat' dir='ltr'><strong>in</strong></span> <span class='ocrx_word' id='word_1_283' title='bbox 2305 1383 2469 1439; x_wconf 85' lang='lat' dir='ltr'><strong>ﬁnem</strong></span> <span class='ocrx_word' id='word_1_284' title='bbox 2498 1401 2594 1441; x_wconf 91' lang='lat' dir='ltr'><strong>eos</strong></span> <span class='ocrx_word' id='word_1_285' title='bbox 2642 1386 2851 1454; x_wconf 82' lang='lat' dir='ltr'><strong>dilexit,</strong></span> <span class='ocrx_word' id='word_1_286' title='bbox 2892 1387 3055 1442; x_wconf 90' lang='lat' dir='ltr'><strong>etiam</strong></span> <span class='ocrx_word' id='word_1_287' title='bbox 3115 1389 3231 1457; x_wconf 91' lang='lat' dir='ltr'><strong>ipse</strong></span> <span class='ocrx_word' id='word_1_288' title='bbox 3278 1388 3424 1444; x_wconf 81' lang='lat' dir='ltr'><strong>ﬁlios</strong></span> 
     </span>
    </p>
   </div>
   <div class='ocr_carea' id='block_1_43' title="bbox 1839 1474 3420 1552">
    <p class='ocr_par' dir='ltr' id='par_1_43' title="bbox 1839 1474 3420 1552">
     <span class='ocr_line' id='line_1_43' title="bbox 1839 1474 3420 1552; baseline 0.006 -23"><span class='ocrx_word' id='word_1_289' title='bbox 1839 1488 1988 1539; x_wconf 91' lang='lat' dir='ltr'><strong>suos,</strong></span> <span class='ocrx_word' id='word_1_290' title='bbox 2016 1490 2156 1544; x_wconf 90' lang='lat' dir='ltr'><strong>quos</strong></span> <span class='ocrx_word' id='word_1_291' title='bbox 2181 1474 2291 1532; x_wconf 88' lang='lat' dir='ltr'><strong>Deo</strong></span> <span class='ocrx_word' id='word_1_292' title='bbox 2349 1475 2402 1531; x_wconf 93' lang='lat' dir='ltr'><strong>in</strong></span> <span class='ocrx_word' id='word_1_293' title='bbox 2445 1478 2567 1533; x_wconf 91' lang='lat' dir='ltr'><strong>sinu</strong></span> <span class='ocrx_word' id='word_1_294' title='bbox 2598 1488 2856 1536; x_wconf 70' lang='lat' dir='ltr'><strong>maternae</strong></span> <span class='ocrx_word' id='word_1_295' title='bbox 2884 1481 3189 1537; x_wconf 88' lang='lat' dir='ltr'><strong>dulcedinis</strong></span> <span class='ocrx_word' id='word_1_296' title='bbox 3219 1497 3420 1552; x_wconf 85' lang='lat' dir='ltr'><strong>genue-</strong></span> 
     </span>
    </p>
   </div>
   <div class='ocr_carea' id='block_1_44' title="bbox 1840 1566 3412 1644">
    <p class='ocr_par' dir='ltr' id='par_1_44' title="bbox 1840 1566 3412 1644">
     <span class='ocr_line' id='line_1_44' title="bbox 1840 1566 3412 1644; baseline 0.004 -24"><span class='ocrx_word' id='word_1_297' title='bbox 1840 1575 1925 1622; x_wconf 89' lang='lat' dir='ltr'><strong>rat</strong></span> <span class='ocrx_word' id='word_1_298' title='bbox 1965 1575 2018 1622; x_wconf 93' lang='lat' dir='ltr'><strong>et</strong></span> <span class='ocrx_word' id='word_1_299' title='bbox 2061 1566 2257 1623; x_wconf 76' lang='lat' dir='ltr'><strong>aﬂ‘ectu</strong></span> <span class='ocrx_word' id='word_1_300' title='bbox 2305 1578 2545 1644; x_wconf 64' lang='lat' dir='ltr'><strong>paternas</strong></span> <span class='ocrx_word' id='word_1_301' title='bbox 2596 1571 2978 1628; x_wconf 86' lang='lat' dir='ltr'><strong>sollicitudinis</strong></span> <span class='ocrx_word' id='word_1_302' title='bbox 3040 1572 3412 1639; x_wconf 87' lang='lat' dir='ltr'><strong>educaverat,</strong></span> 
     </span>
    </p>
   </div>
   <div class='ocr_carea' id='block_1_45' title="bbox 1840 1659 3418 1738">
    <p class='ocr_par' dir='ltr' id='par_1_45' title="bbox 1840 1659 3418 1738">
     <span class='ocr_line' id='line_1_45' title="bbox 1840 1659 3418 1738; baseline 0.004 -24"><span class='ocrx_word' id='word_1_303' title='bbox 1840 1675 2014 1728; x_wconf 88' lang='lat' dir='ltr'><strong>usque</strong></span> <span class='ocrx_word' id='word_1_304' title='bbox 2043 1659 2099 1714; x_wconf 89' lang='lat' dir='ltr'><strong>in</strong></span> <span class='ocrx_word' id='word_1_305' title='bbox 2132 1659 2292 1715; x_wconf 86' lang='lat' dir='ltr'><strong>ﬁnem</strong></span> <span class='ocrx_word' id='word_1_306' title='bbox 2323 1661 2532 1718; x_wconf 75' lang='lat' dir='ltr'><strong>dilexit.</strong></span> <span class='ocrx_word' id='word_1_307' title='bbox 2553 1662 2656 1729; x_wconf 86' lang='lat' dir='ltr'><strong>Qui</strong></span> <span class='ocrx_word' id='word_1_308' title='bbox 2682 1664 2810 1734; x_wconf 92' lang='lat' dir='ltr'><strong>quia</strong></span> <span class='ocrx_word' id='word_1_309' title='bbox 2832 1665 3046 1720; x_wconf 91' lang='lat' dir='ltr'><strong>duobus</strong></span> <span class='ocrx_word' id='word_1_310' title='bbox 3069 1665 3418 1738; x_wconf 78' lang='lat' dir='ltr'><strong>monasteriis</strong></span> 
     </span>
    </p>
   </div>
   <div class='ocr_carea' id='block_1_46' title="bbox 1841 1752 3416 1826">
    <p class='ocr_par' dir='ltr' id='par_1_46' title="bbox 1841 1752 3416 1826">
     <span class='ocr_line' id='line_1_46' title="bbox 1841 1752 3416 1826; baseline 0.003 -20"><span class='ocrx_word' id='word_1_311' title='bbox 1841 1760 2088 1822; x_wconf 65' lang='lat' dir='ltr'><strong>precerat,</strong></span> <span class='ocrx_word' id='word_1_312' title='bbox 2119 1761 2173 1807; x_wconf 91' lang='lat' dir='ltr'><strong>et</strong></span> <span class='ocrx_word' id='word_1_313' title='bbox 2203 1753 2275 1808; x_wconf 89' lang='lat' dir='ltr'><strong>ob</strong></span> <span class='ocrx_word' id='word_1_314' title='bbox 2305 1752 2358 1808; x_wconf 90' lang='lat' dir='ltr'><strong>id</strong></span> <span class='ocrx_word' id='word_1_315' title='bbox 2394 1754 2652 1810; x_wconf 91' lang='lat' dir='ltr'><strong>continua</strong></span> <span class='ocrx_word' id='word_1_316' title='bbox 2678 1756 2898 1826; x_wconf 90' lang='lat' dir='ltr'><strong>regendi</strong></span> <span class='ocrx_word' id='word_1_317' title='bbox 2952 1757 3214 1814; x_wconf 86' lang='lat' dir='ltr'><strong>instantia</strong></span> <span class='ocrx_word' id='word_1_318' title='bbox 3243 1757 3416 1812; x_wconf 78' lang='lat' dir='ltr'><strong>alter—</strong></span> 
     </span>
    </p>
   </div>
   <div class='ocr_carea' id='block_1_47' title="bbox 1837 1847 3416 1916">
    <p class='ocr_par' dir='ltr' id='par_1_47' title="bbox 1837 1847 3416 1916">
     <span class='ocr_line' id='line_1_47' title="bbox 1837 1847 3416 1916; baseline 0.003 -14"><span class='ocrx_word' id='word_1_319' title='bbox 1837 1847 2008 1902; x_wconf 89' lang='lat' dir='ltr'><strong>natim</strong></span> <span class='ocrx_word' id='word_1_320' title='bbox 2039 1847 2430 1902; x_wconf 88' lang='lat' dir='ltr'><strong>habitationem</strong></span> <span class='ocrx_word' id='word_1_321' title='bbox 2459 1864 2616 1904; x_wconf 91' lang='lat' dir='ltr'><strong>suam</strong></span> <span class='ocrx_word' id='word_1_322' title='bbox 2647 1859 2860 1904; x_wconf 89' lang='lat' dir='ltr'><strong>mutare</strong></span> <span class='ocrx_word' id='word_1_323' title='bbox 2882 1860 3258 1916; x_wconf 83' lang='lat' dir='ltr'><strong>consueverat,</strong></span> <span class='ocrx_word' id='word_1_324' title='bbox 3285 1858 3416 1906; x_wconf 88' lang='lat' dir='ltr'><strong>tunc</strong></span> 
     </span>
    </p>
   </div>
   <div class='ocr_carea' id='block_1_48' title="bbox 1835 1937 3414 2010">
    <p class='ocr_par' dir='ltr' id='par_1_48' title="bbox 1835 1937 3414 2010">
     <span class='ocr_line' id='line_1_48' title="bbox 1835 1937 3414 2010; baseline 0.002 -17"><span class='ocrx_word' id='word_1_325' title='bbox 1835 1939 1889 1993; x_wconf 92' lang='lat' dir='ltr'><strong>in</strong></span> <span class='ocrx_word' id='word_1_326' title='bbox 1917 1937 2345 1995; x_wconf 88' lang='lat' dir='ltr'><strong>Gemmelacensi</strong></span> <span class='ocrx_word' id='word_1_327' title='bbox 2376 1941 2628 1995; x_wconf 74' lang='lat' dir='ltr'><strong>coenobio</strong></span> <span class='ocrx_word' id='word_1_328' title='bbox 2670 1941 2988 2010; x_wconf 82' lang='lat' dir='ltr'><strong>aliquandiu</strong></span> <span class='ocrx_word' id='word_1_329' title='bbox 3018 1951 3414 2008; x_wconf 71' lang='lat' dir='ltr'><strong>commoratus,</strong></span> 
     </span>
    </p>
   </div>
   <div class='ocr_carea' id='block_1_49' title="bbox 1835 2029 3410 2100">
    <p class='ocr_par' dir='ltr' id='par_1_49' title="bbox 1835 2029 3410 2100">
     <span class='ocr_line' id='line_1_49' title="bbox 1835 2029 3410 2100; baseline 0.003 -16"><span class='ocrx_word' id='word_1_330' title='bbox 1835 2030 2072 2085; x_wconf 88' lang='lat' dir='ltr'><strong>natalem</strong></span> <span class='ocrx_word' id='word_1_331' title='bbox 2101 2029 2473 2100; x_wconf 85' lang='lat' dir='ltr'><strong>apostolorum</strong></span> <span class='ocrx_word' id='word_1_332' title='bbox 2528 2030 2674 2088; x_wconf 90' lang='lat' dir='ltr'><strong>Petri</strong></span> <span class='ocrx_word' id='word_1_333' title='bbox 2702 2040 2756 2087; x_wconf 91' lang='lat' dir='ltr'><strong>et</strong></span> <span class='ocrx_word' id='word_1_334' title='bbox 2795 2031 2950 2088; x_wconf 88' lang='lat' dir='ltr'><strong>Pauli</strong></span> <span class='ocrx_word' id='word_1_335' title='bbox 2999 2033 3410 2090; x_wconf 85' lang='lat' dir='ltr'><strong>solemnizabat.</strong></span> 
     </span>
    </p>
   </div>
   <div class='ocr_carea' id='block_1_50' title="bbox 1836 2119 3416 2194">
    <p class='ocr_par' dir='ltr' id='par_1_50' title="bbox 1836 2119 3416 2194">
     <span class='ocr_line' id='line_1_50' title="bbox 1836 2119 3416 2194; baseline 0.003 -20"><span class='ocrx_word' id='word_1_336' title='bbox 1836 2119 1902 2175; x_wconf 85' lang='lat' dir='ltr'><strong>Et</strong></span> <span class='ocrx_word' id='word_1_337' title='bbox 1923 2122 2265 2193; x_wconf 83' lang='lat' dir='ltr'><strong>congregatis</strong></span> <span class='ocrx_word' id='word_1_338' title='bbox 2291 2122 2418 2177; x_wconf 85' lang='lat' dir='ltr'><strong>filiis</strong></span> <span class='ocrx_word' id='word_1_339' title='bbox 2444 2122 2579 2190; x_wconf 90' lang='lat' dir='ltr'><strong>suis,</strong></span> <span class='ocrx_word' id='word_1_340' title='bbox 2615 2123 2823 2193; x_wconf 80' lang='lat' dir='ltr'><strong>prolixe</strong></span> <span class='ocrx_word' id='word_1_341' title='bbox 2836 2131 2889 2178; x_wconf 91' lang='lat' dir='ltr'><strong>et</strong></span> <span class='ocrx_word' id='word_1_342' title='bbox 2913 2124 2998 2194; x_wconf 92' lang='lat' dir='ltr'><strong>pie</strong></span> <span class='ocrx_word' id='word_1_343' title='bbox 3014 2123 3416 2180; x_wconf 88' lang='lat' dir='ltr'><strong>sermocinatus</strong></span> 
     </span>
    </p>
   </div>
   <div class='ocr_carea' id='block_1_51' title="bbox 1835 2213 3415 2284">
    <p class='ocr_par' dir='ltr' id='par_1_51' title="bbox 1835 2213 3415 2284">
     <span class='ocr_line' id='line_1_51' title="bbox 1835 2213 3415 2284; baseline 0.001 -16"><span class='ocrx_word' id='word_1_344' title='bbox 1835 2222 1917 2268; x_wconf 87' lang='lat' dir='ltr'><strong>est</strong></span> <span class='ocrx_word' id='word_1_345' title='bbox 1945 2213 2048 2278; x_wconf 88' lang='lat' dir='ltr'><strong>eis,</strong></span> <span class='ocrx_word' id='word_1_346' title='bbox 2075 2221 2130 2268; x_wconf 92' lang='lat' dir='ltr'><strong>et</strong></span> <span class='ocrx_word' id='word_1_347' title='bbox 2156 2221 2423 2283; x_wconf 88' lang='lat' dir='ltr'><strong>quantum</strong></span> <span class='ocrx_word' id='word_1_348' title='bbox 2446 2224 2658 2284; x_wconf 88' lang='lat' dir='ltr'><strong>poterat</strong></span> <span class='ocrx_word' id='word_1_349' title='bbox 2682 2213 2937 2272; x_wconf 77' lang='lat' dir='ltr'><strong>facundia</strong></span> <span class='ocrx_word' id='word_1_350' title='bbox 2959 2215 3150 2272; x_wconf 79' lang='lat' dir='ltr'><strong>diserti</strong></span> <span class='ocrx_word' id='word_1_351' title='bbox 3173 2215 3415 2270; x_wconf 87' lang='lat' dir='ltr'><strong>doctoris</strong></span> 
     </span>
    </p>
   </div>
   <div class='ocr_carea' id='block_1_52' title="bbox 1833 2303 3413 2375">
    <p class='ocr_par' dir='ltr' id='par_1_52' title="bbox 1833 2303 3413 2375">
     <span class='ocr_line' id='line_1_52' title="bbox 1833 2303 3413 2375; baseline -0.001 -18"><span class='ocrx_word' id='word_1_352' title='bbox 1833 2311 1888 2358; x_wconf 89' lang='lat' dir='ltr'><strong>et</strong></span> <span class='ocrx_word' id='word_1_353' title='bbox 1918 2303 2092 2373; x_wconf 87' lang='lat' dir='ltr'><strong>pietas</strong></span> <span class='ocrx_word' id='word_1_354' title='bbox 2123 2303 2406 2360; x_wconf 79' lang='lat' dir='ltr'><strong>all‘ectuosi</strong></span> <span class='ocrx_word' id='word_1_355' title='bbox 2433 2305 2625 2375; x_wconf 90' lang='lat' dir='ltr'><strong>patris,</strong></span> <span class='ocrx_word' id='word_1_356' title='bbox 2656 2305 2912 2362; x_wconf 87' lang='lat' dir='ltr'><strong>monebat</strong></span> <span class='ocrx_word' id='word_1_357' title='bbox 2931 2320 3048 2372; x_wconf 88' lang='lat' dir='ltr'><strong>eos,</strong></span> <span class='ocrx_word' id='word_1_358' title='bbox 3075 2320 3144 2360; x_wconf 92' lang='lat' dir='ltr'><strong>ne</strong></span> <span class='ocrx_word' id='word_1_359' title='bbox 3184 2305 3252 2358; x_wconf 90' lang='lat' dir='ltr'><strong>ab</strong></span> <span class='ocrx_word' id='word_1_360' title='bbox 3283 2318 3413 2358; x_wconf 85' lang='lat' dir='ltr'><strong>ara-</strong></span> 
     </span>
    </p>
   </div>
   <div class='ocr_carea' id='block_1_53' title="bbox 1834 2396 3419 2468">
    <p class='ocr_par' dir='ltr' id='par_1_53' title="bbox 1834 2396 3419 2468">
     <span class='ocr_line' id='line_1_53' title="bbox 1834 2396 3419 2468; baseline -0.001 -18"><span class='ocrx_word' id='word_1_361' title='bbox 1834 2405 1920 2451; x_wconf 91' lang='lat' dir='ltr'><strong>tro</strong></span> <span class='ocrx_word' id='word_1_362' title='bbox 1941 2396 2202 2452; x_wconf 89' lang='lat' dir='ltr'><strong>dominici</strong></span> <span class='ocrx_word' id='word_1_363' title='bbox 2222 2397 2402 2468; x_wconf 87' lang='lat' dir='ltr'><strong>operis</strong></span> <span class='ocrx_word' id='word_1_364' title='bbox 2430 2398 2620 2453; x_wconf 91' lang='lat' dir='ltr'><strong>oculos</strong></span> <span class='ocrx_word' id='word_1_365' title='bbox 2649 2405 2976 2462; x_wconf 85' lang='lat' dir='ltr'><strong>averterent,</strong></span> <span class='ocrx_word' id='word_1_366' title='bbox 3007 2405 3065 2450; x_wconf 90' lang='lat' dir='ltr'><strong>ut</strong></span> <span class='ocrx_word' id='word_1_367' title='bbox 3089 2413 3119 2451; x_wconf 91' lang='lat' dir='ltr'><strong>a</strong></span> <span class='ocrx_word' id='word_1_368' title='bbox 3148 2397 3419 2450; x_wconf 84' lang='lat' dir='ltr'><strong>fermento</strong></span> 
     </span>
    </p>
   </div>
   <div class='ocr_carea' id='block_1_54' title="bbox 1833 2485 3416 2554">
    <p class='ocr_par' dir='ltr' id='par_1_54' title="bbox 1833 2485 3416 2554">
     <span class='ocr_line' id='line_1_54' title="bbox 1833 2485 3416 2554; baseline -0.003 -10"><span class='ocrx_word' id='word_1_369' title='bbox 1833 2488 2166 2544; x_wconf 84' lang='lat' dir='ltr'><strong>secularium</strong></span> <span class='ocrx_word' id='word_1_370' title='bbox 2193 2498 2472 2554; x_wconf 81' lang='lat' dir='ltr'><strong>caverent,</strong></span> <span class='ocrx_word' id='word_1_371' title='bbox 2505 2497 2696 2544; x_wconf 91' lang='lat' dir='ltr'><strong>utnon</strong></span> <span class='ocrx_word' id='word_1_372' title='bbox 2730 2489 2907 2544; x_wconf 89' lang='lat' dir='ltr'><strong>solum</strong></span> <span class='ocrx_word' id='word_1_373' title='bbox 2938 2503 3126 2544; x_wconf 90' lang='lat' dir='ltr'><strong>coram</strong></span> <span class='ocrx_word' id='word_1_374' title='bbox 3163 2487 3275 2542; x_wconf 92' lang='lat' dir='ltr'><strong>Deo</strong></span> <span class='ocrx_word' id='word_1_375' title='bbox 3321 2485 3416 2548; x_wconf 86' lang='lat' dir='ltr'><strong>sed</strong></span> 
     </span>
    </p>
   </div>
   <div class='ocr_carea' id='block_1_55' title="bbox 1833 2579 3419 2650">
    <p class='ocr_par' dir='ltr' id='par_1_55' title="bbox 1833 2579 3419 2650">
     <span class='ocr_line' id='line_1_55' title="bbox 1833 2579 3419 2650; baseline -0.001 -16"><span class='ocrx_word' id='word_1_376' title='bbox 1833 2579 1998 2634; x_wconf 90' lang='lat' dir='ltr'><strong>etiam</strong></span> <span class='ocrx_word' id='word_1_377' title='bbox 2022 2594 2208 2636; x_wconf 81' lang='lat' dir='ltr'><strong>coram</strong></span> <span class='ocrx_word' id='word_1_378' title='bbox 2237 2579 2554 2638; x_wconf 82' lang='lat' dir='ltr'><strong>hominibus</strong></span> <span class='ocrx_word' id='word_1_379' title='bbox 2579 2581 2720 2639; x_wconf 76' lang='lat' dir='ltr'><strong>bona</strong></span> <span class='ocrx_word' id='word_1_380' title='bbox 2747 2579 3111 2650; x_wconf 86' lang='lat' dir='ltr'><strong>providerent,</strong></span> <span class='ocrx_word' id='word_1_381' title='bbox 3144 2587 3198 2634; x_wconf 94' lang='lat' dir='ltr'><strong>et</strong></span> <span class='ocrx_word' id='word_1_382' title='bbox 3221 2588 3419 2634; x_wconf 77' lang='lat' dir='ltr'><strong>caetera</strong></span> 
     </span>
    </p>
   </div>
   <div class='ocr_carea' id='block_1_56' title="bbox 1829 2671 3414 2742">
    <p class='ocr_par' dir='ltr' id='par_1_56' title="bbox 1829 2671 3414 2742">
     <span class='ocr_line' id='line_1_56' title="bbox 1829 2671 3414 2742; baseline -0.003 -14"><span class='ocrx_word' id='word_1_383' title='bbox 1829 2671 1889 2728; x_wconf 93' lang='lat' dir='ltr'><strong>id</strong></span> <span class='ocrx_word' id='word_1_384' title='bbox 1917 2686 2111 2742; x_wconf 83' lang='lat' dir='ltr'><strong>genus,</strong></span> <span class='ocrx_word' id='word_1_385' title='bbox 2142 2686 2264 2741; x_wconf 63' lang='lat' dir='ltr'><strong>quae</strong></span> <span class='ocrx_word' id='word_1_386' title='bbox 2289 2671 2364 2740; x_wconf 90' lang='lat' dir='ltr'><strong>pii</strong></span> <span class='ocrx_word' id='word_1_387' title='bbox 2387 2680 2441 2727; x_wconf 92' lang='lat' dir='ltr'><strong>et</strong></span> <span class='ocrx_word' id='word_1_388' title='bbox 2469 2671 2734 2742; x_wconf 85' lang='lat' dir='ltr'><strong>sapientis</strong></span> <span class='ocrx_word' id='word_1_389' title='bbox 2765 2672 2864 2726; x_wconf 86' lang='lat' dir='ltr'><strong>viri</strong></span> <span class='ocrx_word' id='word_1_390' title='bbox 2893 2673 3177 2727; x_wconf 88' lang='lat' dir='ltr'><strong>eruetabat</strong></span> <span class='ocrx_word' id='word_1_391' title='bbox 3202 2680 3414 2742; x_wconf 85' lang='lat' dir='ltr'><strong>pectus.</strong></span> 
     </span>
    </p>
   </div>
   <div class='ocr_carea' id='block_1_57' title="bbox 1834 2760 3418 2832">
    <p class='ocr_par' dir='ltr' id='par_1_57' title="bbox 1834 2760 3418 2832">
     <span class='ocr_line' id='line_1_57' title="bbox 1834 2760 3418 2832; baseline 0 -16"><span class='ocrx_word' id='word_1_392' title='bbox 1834 2760 1980 2817; x_wconf 85' lang='lat' dir='ltr'><strong>Inter</strong></span> <span class='ocrx_word' id='word_1_393' title='bbox 2004 2762 2336 2832; x_wconf 91' lang='lat' dir='ltr'><strong>loquendum</strong></span> <span class='ocrx_word' id='word_1_394' title='bbox 2368 2771 2494 2818; x_wconf 89' lang='lat' dir='ltr'><strong>ante</strong></span> <span class='ocrx_word' id='word_1_395' title='bbox 2524 2764 2696 2819; x_wconf 90' lang='lat' dir='ltr'><strong>altare</strong></span> <span class='ocrx_word' id='word_1_396' title='bbox 2723 2764 2898 2819; x_wconf 86' lang='lat' dir='ltr'><strong>sancti</strong></span> <span class='ocrx_word' id='word_1_397' title='bbox 2928 2763 3072 2820; x_wconf 91' lang='lat' dir='ltr'><strong>Petri</strong></span> <span class='ocrx_word' id='word_1_398' title='bbox 3097 2779 3192 2818; x_wconf 88' lang='lat' dir='ltr'><strong>eos</strong></span> <span class='ocrx_word' id='word_1_399' title='bbox 3212 2761 3418 2828; x_wconf 79' lang='lat' dir='ltr'><strong>eduxit,</strong></span> 
     </span>
    </p>
   </div>
   <div class='ocr_carea' id='block_1_58' title="bbox 1833 2854 3422 2926">
    <p class='ocr_par' dir='ltr' id='par_1_58' title="bbox 1833 2854 3422 2926">
     <span class='ocr_line' id='line_1_58' title="bbox 1833 2854 3422 2926; baseline -0.002 -15"><span class='ocrx_word' id='word_1_400' title='bbox 1833 2870 1961 2911; x_wconf 87' lang='lat' dir='ltr'><strong>cum</strong></span> <span class='ocrx_word' id='word_1_401' title='bbox 2039 2855 2345 2924; x_wconf 87' lang='lat' dir='ltr'><strong>psalmodia</strong></span> <span class='ocrx_word' id='word_1_402' title='bbox 2423 2863 2478 2910; x_wconf 88' lang='lat' dir='ltr'><strong>et</strong></span> <span class='ocrx_word' id='word_1_403' title='bbox 2550 2856 2798 2912; x_wconf 88' lang='lat' dir='ltr'><strong>oratione</strong></span> <span class='ocrx_word' id='word_1_404' title='bbox 2868 2865 3150 2926; x_wconf 84' lang='lat' dir='ltr'><strong>pastorum</strong></span> <span class='ocrx_word' id='word_1_405' title='bbox 3213 2854 3422 2925; x_wconf 87' lang='lat' dir='ltr'><strong>pastori</strong></span> 
     </span>
    </p>
   </div>
   <div class='ocr_carea' id='block_1_59' title="bbox 1829 2946 3419 3022">
    <p class='ocr_par' dir='ltr' id='par_1_59' title="bbox 1829 2946 3419 3022">
     <span class='ocr_line' id='line_1_59' title="bbox 1829 2946 3419 3022; baseline -0.002 -20"><span class='ocrx_word' id='word_1_406' title='bbox 1829 2961 1928 3002; x_wconf 87' lang='lat' dir='ltr'><strong>eos</strong></span> <span class='ocrx_word' id='word_1_407' title='bbox 1975 2946 2394 3022; x_wconf 86' lang='lat' dir='ltr'><strong>commendavit,</strong></span> <span class='ocrx_word' id='word_1_408' title='bbox 2447 2947 2516 3004; x_wconf 86' lang='lat' dir='ltr'><strong>ab</strong></span> <span class='ocrx_word' id='word_1_409' title='bbox 2565 2947 2822 3006; x_wconf 85' lang='lat' dir='ltr'><strong>onmibus</strong></span> <span class='ocrx_word' id='word_1_410' title='bbox 2867 2947 3179 3007; x_wconf 86' lang='lat' dir='ltr'><strong>commissis</strong></span> <span class='ocrx_word' id='word_1_411' title='bbox 3231 2954 3419 3016; x_wconf 82' lang='lat' dir='ltr'><strong>pasto-</strong></span> 
     </span>
    </p>
   </div>
   <div class='ocr_carea' id='block_1_60' title="bbox 1835 3029 3419 3106">
    <p class='ocr_par' dir='ltr' id='par_1_60' title="bbox 1835 3029 3419 3106">
     <span class='ocr_line' id='line_1_60' title="bbox 1835 3029 3419 3106; baseline -0.001 -15"><span class='ocrx_word' id='word_1_412' title='bbox 1835 3036 1937 3093; x_wconf 89' lang='lat' dir='ltr'><strong>rali</strong></span> <span class='ocrx_word' id='word_1_413' title='bbox 1966 3029 2236 3105; x_wconf 86' lang='lat' dir='ltr'><strong>potestate</strong></span> <span class='ocrx_word' id='word_1_414' title='bbox 2269 3036 2521 3102; x_wconf 88' lang='lat' dir='ltr'><strong>absolvit,</strong></span> <span class='ocrx_word' id='word_1_415' title='bbox 2561 3044 2616 3090; x_wconf 94' lang='lat' dir='ltr'><strong>ct</strong></span> <span class='ocrx_word' id='word_1_416' title='bbox 2664 3035 2934 3106; x_wconf 83' lang='lat' dir='ltr'><strong>Spirituali</strong></span> <span class='ocrx_word' id='word_1_417' title='bbox 2988 3034 3419 3094; x_wconf 81' lang='lat' dir='ltr'><strong>sanctiﬁcatione</strong></span> 
     </span>
    </p>
   </div>
   <div class='ocr_carea' id='block_1_61' title="bbox 224 3124 3420 3211">
    <p class='ocr_par' dir='ltr' id='par_1_61' title="bbox 224 3124 3420 3211">
     <span class='ocr_line' id='line_1_61' title="bbox 224 3124 3420 3211; baseline 0.001 -34"><span class='ocrx_word' id='word_1_418' title='bbox 224 3125 301 3178; x_wconf 75' lang='grc'><strong>45.</strong></span> <span class='ocrx_word' id='word_1_419' title='bbox 343 3124 452 3196; x_wconf 86' lang='lat' dir='ltr'><strong>Ego</strong></span> <span class='ocrx_word' id='word_1_420' title='bbox 497 3142 636 3183; x_wconf 88' lang='lat' dir='ltr'><strong>sane</strong></span> <span class='ocrx_word' id='word_1_421' title='bbox 673 3128 802 3184; x_wconf 92' lang='lat' dir='ltr'><strong>dum</strong></span> <span class='ocrx_word' id='word_1_422' title='bbox 849 3129 1152 3185; x_wconf 87' lang='lat' dir='ltr'><strong>studiorum</strong></span> <span class='ocrx_word' id='word_1_423' title='bbox 1200 3130 1404 3201; x_wconf 85' lang='lat' dir='ltr'><strong>ingenii</strong></span> <span class='ocrx_word' id='word_1_424' title='bbox 1436 3141 1489 3198; x_wconf 88' lang='lat' dir='ltr'><strong>et</strong></span> <span class='ocrx_word' id='word_1_425' title='bbox 1531 3134 1734 3192; x_wconf 83' lang='lat' dir='ltr'><strong>laboris</strong></span> <span class='ocrx_word' id='word_1_426' title='bbox 1763 3155 1804 3211; x_wconf 69' lang='grc' dir='ltr'><strong>ρ</strong></span> <span class='ocrx_word' id='word_1_427' title='bbox 1843 3127 2138 3183; x_wconf 83' lang='lat' dir='ltr'><strong>benedixit.</strong></span> <span class='ocrx_word' id='word_1_428' title='bbox 2163 3125 2228 3181; x_wconf 90' lang='lat' dir='ltr'><strong>Et</strong></span> <span class='ocrx_word' id='word_1_429' title='bbox 2257 3136 2317 3181; x_wconf 93' lang='lat' dir='ltr'><strong>ut</strong></span> <span class='ocrx_word' id='word_1_430' title='bbox 2351 3128 2602 3184; x_wconf 89' lang='lat' dir='ltr'><strong>ultimum</strong></span> <span class='ocrx_word' id='word_1_431' title='bbox 2635 3128 2755 3184; x_wconf 88' lang='lat' dir='ltr'><strong>vale</strong></span> <span class='ocrx_word' id='word_1_432' title='bbox 2789 3141 2896 3181; x_wconf 91' lang='lat' dir='ltr'><strong>non</strong></span> <span class='ocrx_word' id='word_1_433' title='bbox 2924 3127 3042 3181; x_wconf 89' lang='lat' dir='ltr'><strong>sine</strong></span> <span class='ocrx_word' id='word_1_434' title='bbox 3070 3126 3314 3180; x_wconf 86' lang='lat' dir='ltr'><strong>lacrimis</strong></span> <span class='ocrx_word' id='word_1_435' title='bbox 3339 3125 3420 3180; x_wconf 85' lang='lat' dir='ltr'><strong>eis</strong></span> 
     </span>
    </p>
   </div>
   <div class='ocr_carea' id='block_1_62' title="bbox 168 3216 1735 3294">
    <p class='ocr_par' dir='ltr' id='par_1_62' title="bbox 168 3216 1735 3294">
     <span class='ocr_line' id='line_1_62' title="bbox 168 3216 1735 3294; baseline 0.012 -28"><span class='ocrx_word' id='word_1_436' title='bbox 168 3216 288 3270; x_wconf 87' lang='lat' dir='ltr'><strong>tanti</strong></span> <span class='ocrx_word' id='word_1_437' title='bbox 333 3218 432 3272; x_wconf 88' lang='lat' dir='ltr'><strong>viri</strong></span> <span class='ocrx_word' id='word_1_438' title='bbox 477 3219 761 3284; x_wconf 87' lang='lat' dir='ltr'><strong>recordor,</strong></span> <span class='ocrx_word' id='word_1_439' title='bbox 808 3221 1033 3276; x_wconf 88' lang='lat' dir='ltr'><strong>omnino</strong></span> <span class='ocrx_word' id='word_1_440' title='bbox 1081 3221 1340 3288; x_wconf 82' lang='lat' dir='ltr'><strong>demiror,</strong></span> <span class='ocrx_word' id='word_1_441' title='bbox 1388 3226 1534 3294; x_wconf 87' lang='lat' dir='ltr'><strong>quod</strong></span> <span class='ocrx_word' id='word_1_442' title='bbox 1583 3227 1641 3283; x_wconf 93' lang='lat' dir='ltr'><strong>in</strong></span> <span class='ocrx_word' id='word_1_443' title='bbox 1669 3245 1735 3285; x_wconf 90' lang='lat' dir='ltr'><strong>eo</strong></span> 
     </span>
    </p>
   </div>
   <div class='ocr_carea' id='block_1_63' title="bbox 165 3308 1730 3391">
    <p class='ocr_par' dir='ltr' id='par_1_63' title="bbox 165 3308 1730 3391">
     <span class='ocr_line' id='line_1_63' title="bbox 165 3308 1730 3391; baseline 0.008 -27"><span class='ocrx_word' id='word_1_444' title='bbox 165 3308 368 3375; x_wconf 61' lang='lat' dir='ltr'><strong>gemina:</strong></span> <span class='ocrx_word' id='word_1_445' title='bbox 413 3310 665 3366; x_wconf 61' lang='lat' dir='ltr'><strong>scientiae</strong></span> <span class='ocrx_word' id='word_1_446' title='bbox 716 3319 828 3366; x_wconf 89' lang='lat' dir='ltr'><strong>tam</strong></span> <span class='ocrx_word' id='word_1_447' title='bbox 870 3313 1085 3383; x_wconf 79' lang='lat' dir='ltr'><strong>egregie</strong></span> <span class='ocrx_word' id='word_1_448' title='bbox 1141 3315 1402 3372; x_wconf 86' lang='lat' dir='ltr'><strong>claruerit</strong></span> <span class='ocrx_word' id='word_1_449' title='bbox 1447 3317 1516 3348; x_wconf 81' lang='lat'><strong>&#39;“</strong></span> <span class='ocrx_word' id='word_1_450' title='bbox 1562 3319 1730 3391; x_wconf 88' lang='lat' dir='ltr'><strong>vigor.</strong></span> 
     </span>
    </p>
   </div>
   <div class='ocr_carea' id='block_1_64' title="bbox 164 3392 1734 3477">
    <p class='ocr_par' dir='ltr' id='par_1_64' title="bbox 164 3392 1734 3477">
     <span class='ocr_line' id='line_1_64' title="bbox 164 3392 1734 3477; baseline 0.008 -23"><span class='ocrx_word' id='word_1_451' title='bbox 164 3397 204 3454; x_wconf 76' lang='grc' dir='ltr'>Α</span> <span class='ocrx_word' id='word_1_452' title='bbox 227 3415 385 3471; x_wconf 87' lang='lat' dir='ltr'><strong>puero</strong></span> <span class='ocrx_word' id='word_1_453' title='bbox 417 3403 574 3456; x_wconf 90' lang='lat' dir='ltr'><strong>enim</strong></span> <span class='ocrx_word' id='word_1_454' title='bbox 603 3403 656 3456; x_wconf 93' lang='lat' dir='ltr'><strong>in</strong></span> <span class='ocrx_word' id='word_1_455' title='bbox 686 3405 980 3460; x_wconf 89' lang='lat' dir='ltr'><strong>solitudine</strong></span> <span class='ocrx_word' id='word_1_456' title='bbox 1006 3392 1287 3464; x_wconf 80' lang='lat' dir='ltr'><strong>claustrali</strong></span> <span class='ocrx_word' id='word_1_457' title='bbox 1316 3409 1600 3477; x_wconf 83' lang='lat' dir='ltr'><strong>educatus,</strong></span> <span class='ocrx_word' id='word_1_458' title='bbox 1623 3419 1734 3466; x_wconf 87' lang='lat' dir='ltr'><strong>tam</strong></span> 
     </span>
    </p>
   </div>
   <div class='ocr_carea' id='block_1_65' title="bbox 165 3489 1734 3569">
    <p class='ocr_par' dir='ltr' id='par_1_65' title="bbox 165 3489 1734 3569">
     <span class='ocr_line' id='line_1_65' title="bbox 165 3489 1734 3569; baseline 0.01 -28"><span class='ocrx_word' id='word_1_459' title='bbox 165 3489 336 3546; x_wconf 84' lang='lat' dir='ltr'><strong>sollers</strong></span> <span class='ocrx_word' id='word_1_460' title='bbox 371 3502 425 3548; x_wconf 89' lang='lat' dir='ltr'><strong>et</strong></span> <span class='ocrx_word' id='word_1_461' title='bbox 467 3495 714 3565; x_wconf 89' lang='lat' dir='ltr'><strong>prudens</strong></span> <span class='ocrx_word' id='word_1_462' title='bbox 761 3498 1012 3565; x_wconf 88' lang='lat' dir='ltr'><strong>apparuit</strong></span> <span class='ocrx_word' id='word_1_463' title='bbox 1060 3497 1115 3552; x_wconf 92' lang='lat' dir='ltr'><strong>in</strong></span> <span class='ocrx_word' id='word_1_464' title='bbox 1169 3499 1522 3569; x_wconf 90' lang='lat' dir='ltr'><strong>disponendis</strong></span> <span class='ocrx_word' id='word_1_465' title='bbox 1564 3517 1734 3558; x_wconf 87' lang='lat' dir='ltr'><strong>mun-</strong></span> 
     </span>
    </p>
   </div>
   <div class='ocr_carea' id='block_1_66' title="bbox 165 3579 1735 3658">
    <p class='ocr_par' dir='ltr' id='par_1_66' title="bbox 165 3579 1735 3658">
     <span class='ocr_line' id='line_1_66' title="bbox 165 3579 1735 3658; baseline 0.011 -26"><span class='ocrx_word' id='word_1_466' title='bbox 165 3579 302 3636; x_wconf 89' lang='lat' dir='ltr'><strong>danis</strong></span> <span class='ocrx_word' id='word_1_467' title='bbox 325 3584 504 3650; x_wconf 87' lang='lat' dir='ltr'><strong>rebus,</strong></span> <span class='ocrx_word' id='word_1_468' title='bbox 559 3593 618 3639; x_wconf 94' lang='lat' dir='ltr'><strong>ut</strong></span> <span class='ocrx_word' id='word_1_469' title='bbox 656 3585 746 3640; x_wconf 88' lang='lat' dir='ltr'><strong>vix</strong></span> <span class='ocrx_word' id='word_1_470' title='bbox 792 3587 1347 3658; x_wconf 88' lang='lat' dir='ltr'><strong>aliquis-secularium</strong></span> <span class='ocrx_word' id='word_1_471' title='bbox 1381 3591 1656 3648; x_wconf 80' lang='lat' dir='ltr'><strong>videretur</strong></span> <span class='ocrx_word' id='word_1_472' title='bbox 1684 3595 1735 3650; x_wconf 87' lang='lat' dir='ltr'><strong>ei</strong></span> 
     </span>
    </p>
   </div>
   <div class='ocr_carea' id='block_1_67' title="bbox 164 3672 1736 3754">
    <p class='ocr_par' dir='ltr' id='par_1_67' title="bbox 164 3672 1736 3754">
     <span class='ocr_line' id='line_1_67' title="bbox 164 3672 1736 3754; baseline 0.01 -29"><span class='ocrx_word' id='word_1_473' title='bbox 164 3672 532 3737; x_wconf 65' lang='lat' dir='ltr'><strong>praferendus.</strong></span> <span class='ocrx_word' id='word_1_474' title='bbox 610 3675 677 3731; x_wconf 82' lang='lat' dir='ltr'><strong>Et</strong></span> <span class='ocrx_word' id='word_1_475' title='bbox 715 3687 922 3735; x_wconf 82' lang='lat' dir='ltr'><strong>contra</strong></span> <span class='ocrx_word' id='word_1_476' title='bbox 958 3679 1088 3734; x_wconf 91' lang='lat' dir='ltr'><strong>dum</strong></span> <span class='ocrx_word' id='word_1_477' title='bbox 1146 3695 1205 3747; x_wconf 85' lang='lat' dir='ltr'><strong>se</strong></span> <span class='ocrx_word' id='word_1_478' title='bbox 1263 3682 1611 3754; x_wconf 82' lang='lat' dir='ltr'><strong>restringeret</strong></span> <span class='ocrx_word' id='word_1_479' title='bbox 1667 3684 1736 3741; x_wconf 83' lang='lat' dir='ltr'><strong>ad</strong></span> 
     </span>
    </p>
   </div>
   <div class='ocr_carea' id='block_1_68' title="bbox 166 3760 1736 3846">
    <p class='ocr_par' dir='ltr' id='par_1_68' title="bbox 166 3760 1736 3846">
     <span class='ocr_line' id='line_1_68' title="bbox 166 3760 1736 3846; baseline 0.007 -29"><span class='ocrx_word' id='word_1_480' title='bbox 166 3760 374 3831; x_wconf 79' lang='lat' dir='ltr'><strong>rigorem</strong></span> <span class='ocrx_word' id='word_1_481' title='bbox 432 3769 767 3846; x_wconf 66' lang='lat' dir='ltr'><strong>monasticae,</strong></span> <span class='ocrx_word' id='word_1_482' title='bbox 813 3771 1266 3838; x_wconf 81' lang='lat' dir='ltr'><strong>conversationis,</strong></span> <span class='ocrx_word' id='word_1_483' title='bbox 1322 3773 1375 3827; x_wconf 90' lang='lat' dir='ltr'><strong>id</strong></span> <span class='ocrx_word' id='word_1_484' title='bbox 1429 3773 1546 3843; x_wconf 86' lang='lat' dir='ltr'><strong>ipse</strong></span> <span class='ocrx_word' id='word_1_485' title='bbox 1594 3774 1736 3830; x_wconf 90' lang='lat' dir='ltr'><strong>inter</strong></span> 
     </span>
    </p>
   </div>
   <div class='ocr_carea' id='block_1_69' title="bbox 163 3857 1732 3935">
    <p class='ocr_par' dir='ltr' id='par_1_69' title="bbox 163 3857 1732 3935">
     <span class='ocr_line' id='line_1_69' title="bbox 163 3857 1732 3935; baseline 0.012 -29"><span class='ocrx_word' id='word_1_486' title='bbox 163 3857 424 3924; x_wconf 88' lang='lat' dir='ltr'><strong>strepitum</strong></span> <span class='ocrx_word' id='word_1_487' title='bbox 451 3860 858 3916; x_wconf 70' lang='lat' dir='ltr'><strong>:ecclesiasticaz</strong></span> <span class='ocrx_word' id='word_1_488' title='bbox 878 3863 1278 3931; x_wconf 87' lang='lat' dir='ltr'><strong>procurationis</strong></span> <span class='ocrx_word' id='word_1_489' title='bbox 1314 3866 1564 3935; x_wconf 84' lang='lat' dir='ltr'><strong>explebat</strong></span> <span class='ocrx_word' id='word_1_490' title='bbox 1599 3869 1732 3924; x_wconf 89' lang='lat' dir='ltr'><strong>sub-</strong></span> 
     </span>
    </p>
   </div>
   <div class='ocr_carea' id='block_1_70' title="bbox 163 3942 1734 4024">
    <p class='ocr_par' dir='ltr' id='par_1_70' title="bbox 163 3942 1734 4024">
     <span class='ocr_line' id='line_1_70' title="bbox 163 3942 1734 4024; baseline 0.012 -30"><span class='ocrx_word' id='word_1_491' title='bbox 163 3942 328 3999; x_wconf 84' lang='lat' dir='ltr'><strong>sicivis</strong></span> <span class='ocrx_word' id='word_1_492' title='bbox 347 3948 551 4016; x_wconf 89' lang='lat' dir='ltr'><strong>operis,</strong></span> <span class='ocrx_word' id='word_1_493' title='bbox 571 3949 716 4018; x_wconf 93' lang='lat' dir='ltr'><strong>quod</strong></span> <span class='ocrx_word' id='word_1_494' title='bbox 741 3949 830 4003; x_wconf 90' lang='lat' dir='ltr'><strong>vix</strong></span> <span class='ocrx_word' id='word_1_495' title='bbox 851 3949 1048 4020; x_wconf 88' lang='lat' dir='ltr'><strong>aliquis</strong></span> <span class='ocrx_word' id='word_1_496' title='bbox 1068 3950 1204 4005; x_wconf 90' lang='lat' dir='ltr'><strong>alter</strong></span> <span class='ocrx_word' id='word_1_497' title='bbox 1223 3952 1510 4024; x_wconf 87' lang='lat' dir='ltr'><strong>attingeret</strong></span> <span class='ocrx_word' id='word_1_498' title='bbox 1531 3971 1734 4014; x_wconf 83' lang='lat' dir='ltr'><strong>vacans</strong></span> 
     </span>
    </p>
   </div>
   <div class='ocr_carea' id='block_1_71' title="bbox 165 4027 1732 4108">
    <p class='ocr_par' dir='ltr' id='par_1_71' title="bbox 165 4027 1732 4108">
     <span class='ocr_line' id='line_1_71' title="bbox 165 4027 1732 4108; baseline 0.01 -20"><span class='ocrx_word' id='word_1_499' title='bbox 165 4031 262 4089; x_wconf 89' lang='lat' dir='ltr'><strong>Deo</strong></span> <span class='ocrx_word' id='word_1_500' title='bbox 287 4036 337 4090; x_wconf 91' lang='lat' dir='ltr'><strong>in</strong></span> <span class='ocrx_word' id='word_1_501' title='bbox 365 4039 608 4108; x_wconf 90' lang='lat' dir='ltr'><strong>quietem</strong></span> <span class='ocrx_word' id='word_1_502' title='bbox 651 4027 968 4096; x_wconf 64' lang='lat' dir='ltr'><strong>monasticae</strong></span> <span class='ocrx_word' id='word_1_503' title='bbox 1014 4042 1344 4102; x_wconf 86' lang='lat' dir='ltr'><strong>solitudinis.</strong></span> <span class='ocrx_word' id='word_1_504' title='bbox 1390 4043 1500 4102; x_wconf 85' lang='lat' dir='ltr'><strong>Nec</strong></span> <span class='ocrx_word' id='word_1_505' title='bbox 1531 4046 1732 4104; x_wconf 83' lang='lat' dir='ltr'><strong>frustra</strong></span> 
     </span>
    </p>
   </div>
   <div class='ocr_carea' id='block_1_72' title="bbox 163 4123 1734 4212">
    <p class='ocr_par' dir='ltr' id='par_1_72' title="bbox 163 4123 1734 4212">
     <span class='ocr_line' id='line_1_72' title="bbox 163 4123 1734 4212; baseline 0.013 -34"><span class='ocrx_word' id='word_1_506' title='bbox 163 4123 290 4182; x_wconf 88' lang='lat' dir='ltr'><strong>fama</strong></span> <span class='ocrx_word' id='word_1_507' title='bbox 344 4131 589 4187; x_wconf 88' lang='lat' dir='ltr'><strong>nominis</strong></span> <span class='ocrx_word' id='word_1_508' title='bbox 634 4133 754 4202; x_wconf 87' lang='lat' dir='ltr'><strong>ejus</strong></span> <span class='ocrx_word' id='word_1_509' title='bbox 804 4133 1003 4204; x_wconf 90' lang='lat' dir='ltr'><strong>ubique</strong></span> <span class='ocrx_word' id='word_1_510' title='bbox 1050 4135 1412 4204; x_wconf 87' lang='lat' dir='ltr'><strong>discurrebat,</strong></span> <span class='ocrx_word' id='word_1_511' title='bbox 1459 4139 1525 4194; x_wconf 91' lang='lat' dir='ltr'><strong>de</strong></span> <span class='ocrx_word' id='word_1_512' title='bbox 1575 4142 1734 4212; x_wconf 88' lang='lat' dir='ltr'><strong>cujus</strong></span> 
     </span>
    </p>
   </div>
   <div class='ocr_carea' id='block_1_73' title="bbox 160 4213 1729 4297">
    <p class='ocr_par' dir='ltr' id='par_1_73' title="bbox 160 4213 1729 4297">
     <span class='ocr_line' id='line_1_73' title="bbox 160 4213 1729 4297; baseline 0.011 -27"><span class='ocrx_word' id='word_1_513' title='bbox 160 4213 388 4274; x_wconf 89' lang='lat' dir='ltr'><strong>doctrina</strong></span> <span class='ocrx_word' id='word_1_514' title='bbox 425 4229 544 4276; x_wconf 90' lang='lat' dir='ltr'><strong>tam</strong></span> <span class='ocrx_word' id='word_1_515' title='bbox 588 4220 762 4279; x_wconf 88' lang='lat' dir='ltr'><strong>dulcis</strong></span> <span class='ocrx_word' id='word_1_516' title='bbox 791 4224 926 4278; x_wconf 87' lang='lat' dir='ltr'><strong>odor</strong></span> <span class='ocrx_word' id='word_1_517' title='bbox 975 4223 1134 4296; x_wconf 87' lang='lat' dir='ltr'><strong>longe</strong></span> <span class='ocrx_word' id='word_1_518' title='bbox 1175 4225 1391 4297; x_wconf 89' lang='lat' dir='ltr'><strong>lateque</strong></span> <span class='ocrx_word' id='word_1_519' title='bbox 1432 4231 1729 4287; x_wconf 88' lang='lat' dir='ltr'><strong>crescebat.</strong></span> 
     </span>
    </p>
   </div>
   <div class='ocr_carea' id='block_1_74' title="bbox 165 4303 1733 4386">
    <p class='ocr_par' dir='ltr' id='par_1_74' title="bbox 165 4303 1733 4386">
     <span class='ocr_line' id='line_1_74' title="bbox 165 4303 1733 4386; baseline 0.012 -27"><span class='ocrx_word' id='word_1_520' title='bbox 165 4303 398 4378; x_wconf 83' lang='lat' dir='ltr'><strong>Exceptis</strong></span> <span class='ocrx_word' id='word_1_521' title='bbox 427 4313 578 4366; x_wconf 90' lang='lat' dir='ltr'><strong>enim</strong></span> <span class='ocrx_word' id='word_1_522' title='bbox 611 4313 718 4367; x_wconf 92' lang='lat' dir='ltr'><strong>illis</strong></span> <span class='ocrx_word' id='word_1_523' title='bbox 741 4330 880 4384; x_wconf 88' lang='lat' dir='ltr'><strong>quos</strong></span> <span class='ocrx_word' id='word_1_524' title='bbox 903 4315 958 4368; x_wconf 89' lang='lat' dir='ltr'><strong>in</strong></span> <span class='ocrx_word' id='word_1_525' title='bbox 983 4317 1323 4386; x_wconf 89' lang='lat' dir='ltr'><strong>subjectione</strong></span> <span class='ocrx_word' id='word_1_526' title='bbox 1348 4336 1446 4375; x_wconf 87' lang='lat' dir='ltr'><strong>sua</strong></span> <span class='ocrx_word' id='word_1_527' title='bbox 1474 4321 1526 4374; x_wconf 93' lang='lat' dir='ltr'><strong>in</strong></span> <span class='ocrx_word' id='word_1_528' title='bbox 1552 4323 1733 4378; x_wconf 89' lang='lat' dir='ltr'><strong>studio</strong></span> 
     </span>
    </p>
   </div>
   <div class='ocr_carea' id='block_1_75' title="bbox 160 4401 1734 4482">
    <p class='ocr_par' dir='ltr' id='par_1_75' title="bbox 160 4401 1734 4482">
     <span class='ocr_line' id='line_1_75' title="bbox 160 4401 1734 4482; baseline 0.011 -32"><span class='ocrx_word' id='word_1_529' title='bbox 160 4407 208 4451; x_wconf 87' lang='lat' dir='ltr'><strong>et</strong></span> <span class='ocrx_word' id='word_1_530' title='bbox 234 4401 486 4473; x_wconf 86' lang='lat' dir='ltr'><strong>religione</strong></span> <span class='ocrx_word' id='word_1_531' title='bbox 523 4405 770 4473; x_wconf 92' lang='lat' dir='ltr'><strong>nutrivit,</strong></span> <span class='ocrx_word' id='word_1_532' title='bbox 812 4408 1013 4463; x_wconf 90' lang='lat' dir='ltr'><strong>multas</strong></span> <span class='ocrx_word' id='word_1_533' title='bbox 1048 4408 1318 4466; x_wconf 85' lang='lat' dir='ltr'><strong>clericalis</strong></span> <span class='ocrx_word' id='word_1_534' title='bbox 1359 4411 1566 4468; x_wconf 90' lang='lat' dir='ltr'><strong>ordinis</strong></span> <span class='ocrx_word' id='word_1_535' title='bbox 1611 4429 1734 4482; x_wconf 86' lang='lat' dir='ltr'><strong>per-</strong></span> 
     </span>
    </p>
   </div>
   <div class='ocr_carea' id='block_1_76' title="bbox 1838 3215 3422 3288">
    <p class='ocr_par' dir='ltr' id='par_1_76' title="bbox 1838 3215 3422 3288">
     <span class='ocr_line' id='line_1_76' title="bbox 1838 3215 3422 3288; baseline -0.003 -16"><span class='ocrx_word' id='word_1_536' title='bbox 1838 3215 1987 3284; x_wconf 81' lang='lat' dir='ltr'><strong>fecit,</strong></span> <span class='ocrx_word' id='word_1_537' title='bbox 2019 3216 2284 3274; x_wconf 90' lang='lat' dir='ltr'><strong>Leodium</strong></span> <span class='ocrx_word' id='word_1_538' title='bbox 2331 3218 2485 3272; x_wconf 90' lang='lat' dir='ltr'><strong>abiit.</strong></span> <span class='ocrx_word' id='word_1_539' title='bbox 2516 3216 2823 3288; x_wconf 80' lang='lat' dir='ltr'><strong>Urgebatur</strong></span> <span class='ocrx_word' id='word_1_540' title='bbox 2844 3216 2990 3271; x_wconf 92' lang='lat' dir='ltr'><strong>enim</strong></span> <span class='ocrx_word' id='word_1_541' title='bbox 3033 3216 3173 3270; x_wconf 91' lang='lat' dir='ltr'><strong>tristi</strong></span> <span class='ocrx_word' id='word_1_542' title='bbox 3226 3215 3422 3269; x_wconf 90' lang='lat' dir='ltr'><strong>nuntio</strong></span> 
     </span>
    </p>
   </div>
   <div class='ocr_carea' id='block_1_77' title="bbox 1833 3306 3422 3379">
    <p class='ocr_par' dir='ltr' id='par_1_77' title="bbox 1833 3306 3422 3379">
     <span class='ocr_line' id='line_1_77' title="bbox 1833 3306 3422 3379; baseline -0.005 -11"><span class='ocrx_word' id='word_1_543' title='bbox 1833 3309 1902 3368; x_wconf 87' lang='lat' dir='ltr'><strong>de</strong></span> <span class='ocrx_word' id='word_1_544' title='bbox 1933 3309 2246 3365; x_wconf 83' lang='lat' dir='ltr'><strong>infirmitate</strong></span> <span class='ocrx_word' id='word_1_545' title='bbox 2273 3310 2495 3378; x_wconf 89' lang='lat' dir='ltr'><strong>gloriosi</strong></span> <span class='ocrx_word' id='word_1_546' title='bbox 2541 3309 2780 3379; x_wconf 89' lang='lat' dir='ltr'><strong>episcopi</strong></span> <span class='ocrx_word' id='word_1_547' title='bbox 2821 3307 3134 3373; x_wconf 87' lang='lat' dir='ltr'><strong>Wathonis,</strong></span> <span class='ocrx_word' id='word_1_548' title='bbox 3185 3306 3274 3362; x_wconf 93' lang='lat' dir='ltr'><strong>cui</strong></span> <span class='ocrx_word' id='word_1_549' title='bbox 3305 3306 3422 3376; x_wconf 88' lang='lat' dir='ltr'><strong>ipse</strong></span> 
     </span>
    </p>
   </div>
   <div class='ocr_carea' id='block_1_78' title="bbox 1835 3397 3422 3471">
    <p class='ocr_par' dir='ltr' id='par_1_78' title="bbox 1835 3397 3422 3471">
     <span class='ocr_line' id='line_1_78' title="bbox 1835 3397 3422 3471; baseline -0.004 -12"><span class='ocrx_word' id='word_1_550' title='bbox 1835 3403 2000 3459; x_wconf 88' lang='lat' dir='ltr'><strong>etiam</strong></span> <span class='ocrx_word' id='word_1_551' title='bbox 2032 3403 2137 3458; x_wconf 93' lang='lat' dir='ltr'><strong>hoc</strong></span> <span class='ocrx_word' id='word_1_552' title='bbox 2163 3403 2394 3460; x_wconf 85' lang='lat' dir='ltr'><strong>debebat</strong></span> <span class='ocrx_word' id='word_1_553' title='bbox 2421 3411 2616 3471; x_wconf 59' lang='lat' dir='ltr'><strong>praeter</strong></span> <span class='ocrx_word' id='word_1_554' title='bbox 2639 3399 3002 3456; x_wconf 88' lang='lat' dir='ltr'><strong>reverentiam</strong></span> <span class='ocrx_word' id='word_1_555' title='bbox 3057 3398 3251 3454; x_wconf 65' lang='lat' dir='ltr'><strong>debitae</strong></span> <span class='ocrx_word' id='word_1_556' title='bbox 3293 3397 3422 3453; x_wconf 89' lang='lat' dir='ltr'><strong>sub-</strong></span> 
     </span>
    </p>
   </div>
   <div class='ocr_carea' id='block_1_79' title="bbox 1831 3488 3413 3565">
    <p class='ocr_par' dir='ltr' id='par_1_79' title="bbox 1831 3488 3413 3565">
     <span class='ocr_line' id='line_1_79' title="bbox 1831 3488 3413 3565; baseline -0.003 -17"><span class='ocrx_word' id='word_1_557' title='bbox 1831 3492 2089 3565; x_wconf 90' lang='lat' dir='ltr'><strong>jectionis</strong></span> <span class='ocrx_word' id='word_1_558' title='bbox 2108 3493 2254 3563; x_wconf 92' lang='lat' dir='ltr'><strong>quod</strong></span> <span class='ocrx_word' id='word_1_559' title='bbox 2283 3493 2403 3563; x_wconf 89' lang='lat' dir='ltr'><strong>ejus</strong></span> <span class='ocrx_word' id='word_1_560' title='bbox 2433 3491 2840 3560; x_wconf 90' lang='lat' dir='ltr'><strong>condiscipulus</strong></span> <span class='ocrx_word' id='word_1_561' title='bbox 2889 3503 2943 3546; x_wconf 89' lang='lat' dir='ltr'><strong>et</strong></span> <span class='ocrx_word' id='word_1_562' title='bbox 2978 3506 3009 3544; x_wconf 94' lang='lat' dir='ltr'><strong>a</strong></span> <span class='ocrx_word' id='word_1_563' title='bbox 3038 3506 3210 3560; x_wconf 89' lang='lat' dir='ltr'><strong>puero</strong></span> <span class='ocrx_word' id='word_1_564' title='bbox 3234 3488 3413 3544; x_wconf 86' lang='lat' dir='ltr'><strong>fuerat</strong></span> 
     </span>
    </p>
   </div>
   <div class='ocr_carea' id='block_1_80' title="bbox 1837 3582 3419 3654">
    <p class='ocr_par' dir='ltr' id='par_1_80' title="bbox 1837 3582 3419 3654">
     <span class='ocr_line' id='line_1_80' title="bbox 1837 3582 3419 3654; baseline -0.004 -12"><span class='ocrx_word' id='word_1_565' title='bbox 1837 3586 2267 3654; x_wconf 90' lang='lat' dir='ltr'><strong>contubernalis,</strong></span> <span class='ocrx_word' id='word_1_566' title='bbox 2289 3595 2342 3640; x_wconf 90' lang='lat' dir='ltr'><strong>et</strong></span> <span class='ocrx_word' id='word_1_567' title='bbox 2385 3585 2454 3642; x_wconf 89' lang='lat' dir='ltr'><strong>ab</strong></span> <span class='ocrx_word' id='word_1_568' title='bbox 2477 3583 2602 3638; x_wconf 84' lang='lat' dir='ltr'><strong>inde</strong></span> <span class='ocrx_word' id='word_1_569' title='bbox 2641 3583 2773 3638; x_wconf 89' lang='lat' dir='ltr'><strong>inita</strong></span> <span class='ocrx_word' id='word_1_570' title='bbox 2822 3584 2963 3637; x_wconf 92' lang='lat' dir='ltr'><strong>inter</strong></span> <span class='ocrx_word' id='word_1_571' title='bbox 3019 3599 3115 3638; x_wconf 89' lang='lat' dir='ltr'><strong>eos</strong></span> <span class='ocrx_word' id='word_1_572' title='bbox 3164 3582 3419 3642; x_wconf 72' lang='lat' dir='ltr'><strong>amicitia:</strong></span> 
     </span>
    </p>
   </div>
   <div class='ocr_carea' id='block_1_81' title="bbox 1838 3673 3420 3750">
    <p class='ocr_par' dir='ltr' id='par_1_81' title="bbox 1838 3673 3420 3750">
     <span class='ocr_line' id='line_1_81' title="bbox 1838 3673 3420 3750; baseline -0.003 -18"><span class='ocrx_word' id='word_1_573' title='bbox 1838 3677 2014 3750; x_wconf 88' lang='lat' dir='ltr'><strong>gratia</strong></span> <span class='ocrx_word' id='word_1_574' title='bbox 2039 3693 2165 3732; x_wconf 91' lang='lat' dir='ltr'><strong>cum</strong></span> <span class='ocrx_word' id='word_1_575' title='bbox 2213 3677 2335 3748; x_wconf 89' lang='lat' dir='ltr'><strong>ipsa</strong></span> <span class='ocrx_word' id='word_1_576' title='bbox 2363 3683 2520 3732; x_wconf 59' lang='lat' dir='ltr'><strong>astate</strong></span> <span class='ocrx_word' id='word_1_577' title='bbox 2569 3675 2687 3730; x_wconf 89' lang='lat' dir='ltr'><strong>sine</strong></span> <span class='ocrx_word' id='word_1_578' title='bbox 2741 3675 2964 3744; x_wconf 78' lang='lat' dir='ltr'><strong>querela</strong></span> <span class='ocrx_word' id='word_1_579' title='bbox 3007 3673 3169 3728; x_wconf 90' lang='lat' dir='ltr'><strong>simul</strong></span> <span class='ocrx_word' id='word_1_580' title='bbox 3193 3688 3420 3727; x_wconf 88' lang='lat' dir='ltr'><strong>concre-</strong></span> 
     </span>
    </p>
   </div>
   <div class='ocr_carea' id='block_1_82' title="bbox 1835 3754 3418 3836">
    <p class='ocr_par' dir='ltr' id='par_1_82' title="bbox 1835 3754 3418 3836">
     <span class='ocr_line' id='line_1_82' title="bbox 1835 3754 3418 3836; baseline -0.003 -15"><span class='ocrx_word' id='word_1_581' title='bbox 1835 3754 2076 3836; x_wconf 71' lang='lat' dir='ltr'><strong>verat,et</strong></span> <span class='ocrx_word' id='word_1_582' title='bbox 2129 3776 2187 3822; x_wconf 91' lang='lat' dir='ltr'><strong>ut</strong></span> <span class='ocrx_word' id='word_1_583' title='bbox 2218 3767 2291 3822; x_wconf 87' lang='lat' dir='ltr'><strong>ita</strong></span> <span class='ocrx_word' id='word_1_584' title='bbox 2322 3767 2500 3826; x_wconf 84' lang='lat' dir='ltr'><strong>dicam</strong></span> <span class='ocrx_word' id='word_1_585' title='bbox 2539 3782 2664 3821; x_wconf 90' lang='lat' dir='ltr'><strong>eum</strong></span> <span class='ocrx_word' id='word_1_586' title='bbox 2700 3767 2781 3821; x_wconf 92' lang='lat' dir='ltr'><strong>eis</strong></span> <span class='ocrx_word' id='word_1_587' title='bbox 2822 3765 3156 3820; x_wconf 88' lang='lat' dir='ltr'><strong>insenuerat.</strong></span> <span class='ocrx_word' id='word_1_588' title='bbox 3192 3761 3418 3833; x_wconf 86' lang='lat' dir='ltr'><strong>Episco-</strong></span> 
     </span>
    </p>
   </div>
   <div class='ocr_carea' id='block_1_83' title="bbox 1835 3855 3422 3930">
    <p class='ocr_par' dir='ltr' id='par_1_83' title="bbox 1835 3855 3422 3930">
     <span class='ocr_line' id='line_1_83' title="bbox 1835 3855 3422 3930; baseline -0.003 -16"><span class='ocrx_word' id='word_1_589' title='bbox 1835 3875 1940 3929; x_wconf 91' lang='lat' dir='ltr'><strong>pus</strong></span> <span class='ocrx_word' id='word_1_590' title='bbox 1974 3858 2217 3930; x_wconf 86' lang='lat' dir='ltr'><strong>gaudens</strong></span> <span class='ocrx_word' id='word_1_591' title='bbox 2244 3875 2303 3916; x_wconf 90' lang='lat' dir='ltr'><strong>se</strong></span> <span class='ocrx_word' id='word_1_592' title='bbox 2337 3859 2682 3915; x_wconf 91' lang='lat' dir='ltr'><strong>consolatum</strong></span> <span class='ocrx_word' id='word_1_593' title='bbox 2724 3873 2847 3914; x_wconf 89' lang='lat' dir='ltr'><strong>esse</strong></span> <span class='ocrx_word' id='word_1_594' title='bbox 2888 3864 3075 3926; x_wconf 85' lang='lat' dir='ltr'><strong>optata</strong></span> <span class='ocrx_word' id='word_1_595' title='bbox 3103 3855 3422 3910; x_wconf 86' lang='lat' dir='ltr'><strong>visitatione</strong></span> 
     </span>
    </p>
   </div>
   <div class='ocr_carea' id='block_1_84' title="bbox 1835 3951 3416 4024">
    <p class='ocr_par' dir='ltr' id='par_1_84' title="bbox 1835 3951 3416 4024">
     <span class='ocr_line' id='line_1_84' title="bbox 1835 3951 3416 4024; baseline -0.004 -12"><span class='ocrx_word' id='word_1_596' title='bbox 1835 3956 2019 4024; x_wconf 90' lang='lat' dir='ltr'><strong>amici,</strong></span> <span class='ocrx_word' id='word_1_597' title='bbox 2049 3956 2119 4012; x_wconf 90' lang='lat' dir='ltr'><strong>ab</strong></span> <span class='ocrx_word' id='word_1_598' title='bbox 2143 3971 2210 4012; x_wconf 89' lang='lat' dir='ltr'><strong>eo</strong></span> <span class='ocrx_word' id='word_1_599' title='bbox 2249 3957 2307 4011; x_wconf 92' lang='lat' dir='ltr'><strong>in</strong></span> <span class='ocrx_word' id='word_1_600' title='bbox 2356 3956 2580 4014; x_wconf 86' lang='lat' dir='ltr'><strong>nomine</strong></span> <span class='ocrx_word' id='word_1_601' title='bbox 2608 3954 2822 4010; x_wconf 90' lang='lat' dir='ltr'><strong>Domini</strong></span> <span class='ocrx_word' id='word_1_602' title='bbox 2865 3951 3166 4009; x_wconf 90' lang='lat' dir='ltr'><strong>secundum</strong></span> <span class='ocrx_word' id='word_1_603' title='bbox 3209 3965 3416 4022; x_wconf 83' lang='lat' dir='ltr'><strong>praece-</strong></span> 
     </span>
    </p>
   </div>
   <div class='ocr_carea' id='block_1_85' title="bbox 1836 4040 3414 4118">
    <p class='ocr_par' dir='ltr' id='par_1_85' title="bbox 1836 4040 3414 4118">
     <span class='ocr_line' id='line_1_85' title="bbox 1836 4040 3414 4118; baseline -0.006 -15"><span class='ocrx_word' id='word_1_604' title='bbox 1836 4056 1990 4118; x_wconf 90' lang='lat' dir='ltr'><strong>ptum</strong></span> <span class='ocrx_word' id='word_1_605' title='bbox 2003 4044 2434 4117; x_wconf 77' lang='lat' dir='ltr'><strong>apostoliJacobi</strong></span> <span class='ocrx_word' id='word_1_606' title='bbox 2463 4045 2688 4115; x_wconf 88' lang='lat' dir='ltr'><strong>expetiit</strong></span> <span class='ocrx_word' id='word_1_607' title='bbox 2712 4041 2959 4114; x_wconf 89' lang='lat' dir='ltr'><strong>inungui.</strong></span> <span class='ocrx_word' id='word_1_608' title='bbox 2989 4041 3218 4096; x_wconf 88' lang='lat' dir='ltr'><strong>Peracto</strong></span> <span class='ocrx_word' id='word_1_609' title='bbox 3250 4040 3414 4095; x_wconf 90' lang='lat' dir='ltr'><strong>inun-</strong></span> 
     </span>
    </p>
   </div>
   <div class='ocr_carea' id='block_1_86' title="bbox 1833 4131 3413 4206">
    <p class='ocr_par' dir='ltr' id='par_1_86' title="bbox 1833 4131 3413 4206">
     <span class='ocr_line' id='line_1_86' title="bbox 1833 4131 3413 4206; baseline -0.007 -10"><span class='ocrx_word' id='word_1_610' title='bbox 1833 4131 2036 4198; x_wconf 80' lang='lat' dir='ltr'><strong>ctionis</strong></span> <span class='ocrx_word' id='word_1_611' title='bbox 2062 4137 2260 4206; x_wconf 81' lang='lat' dir='ltr'><strong>cilicio,</strong></span> <span class='ocrx_word' id='word_1_612' title='bbox 2285 4153 2411 4194; x_wconf 92' lang='lat' dir='ltr'><strong>cum</strong></span> <span class='ocrx_word' id='word_1_613' title='bbox 2444 4136 2760 4193; x_wconf 90' lang='lat' dir='ltr'><strong>missionem</strong></span> <span class='ocrx_word' id='word_1_614' title='bbox 2794 4141 3003 4205; x_wconf 89' lang='lat' dir='ltr'><strong>peteret</strong></span> <span class='ocrx_word' id='word_1_615' title='bbox 3038 4132 3106 4188; x_wconf 92' lang='lat' dir='ltr'><strong>ab</strong></span> <span class='ocrx_word' id='word_1_616' title='bbox 3134 4132 3413 4202; x_wconf 90' lang='lat' dir='ltr'><strong>episcopo,</strong></span> 
     </span>
    </p>
   </div>
   <div class='ocr_carea' id='block_1_87' title="bbox 1835 4223 3415 4301">
    <p class='ocr_par' dir='ltr' id='par_1_87' title="bbox 1835 4223 3415 4301">
     <span class='ocr_line' id='line_1_87' title="bbox 1835 4223 3415 4301; baseline -0.008 -12"><span class='ocrx_word' id='word_1_617' title='bbox 1835 4241 1890 4289; x_wconf 89' lang='lat' dir='ltr'><strong>et</strong></span> <span class='ocrx_word' id='word_1_618' title='bbox 1918 4232 2096 4289; x_wconf 88' lang='lat' dir='ltr'><strong>adhuc</strong></span> <span class='ocrx_word' id='word_1_619' title='bbox 2129 4233 2194 4288; x_wconf 91' lang='lat' dir='ltr'><strong>de</strong></span> <span class='ocrx_word' id='word_1_620' title='bbox 2214 4245 2316 4301; x_wconf 86' lang='lat' dir='ltr'><strong>spe</strong></span> <span class='ocrx_word' id='word_1_621' title='bbox 2365 4230 2489 4284; x_wconf 62' lang='lat' dir='ltr'><strong>vitae</strong></span> <span class='ocrx_word' id='word_1_622' title='bbox 2537 4245 2652 4287; x_wconf 79' lang='lat' dir='ltr'><strong>sua:</strong></span> <span class='ocrx_word' id='word_1_623' title='bbox 2710 4227 3031 4282; x_wconf 84' lang='lat' dir='ltr'><strong>liducialiter</strong></span> <span class='ocrx_word' id='word_1_624' title='bbox 3060 4232 3314 4298; x_wconf 90' lang='lat' dir='ltr'><strong>quereret</strong></span> <span class='ocrx_word' id='word_1_625' title='bbox 3345 4223 3415 4278; x_wconf 88' lang='lat' dir='ltr'><strong>ab</strong></span> 
     </span>
    </p>
   </div>
   <div class='ocr_carea' id='block_1_88' title="bbox 1835 4316 3411 4394">
    <p class='ocr_par' dir='ltr' id='par_1_88' title="bbox 1835 4316 3411 4394">
     <span class='ocr_line' id='line_1_88' title="bbox 1835 4316 3411 4394; baseline -0.006 -16"><span class='ocrx_word' id='word_1_626' title='bbox 1835 4338 1922 4390; x_wconf 88' lang='lat' dir='ltr'><strong>eo,</strong></span> <span class='ocrx_word' id='word_1_627' title='bbox 1955 4324 2244 4394; x_wconf 89' lang='lat' dir='ltr'><strong>episcopus</strong></span> <span class='ocrx_word' id='word_1_628' title='bbox 2297 4330 2473 4377; x_wconf 89' lang='lat' dir='ltr'><strong>tactus</strong></span> <span class='ocrx_word' id='word_1_629' title='bbox 2500 4321 2692 4391; x_wconf 88' lang='lat' dir='ltr'><strong>spiritu</strong></span> <span class='ocrx_word' id='word_1_630' title='bbox 2746 4319 2962 4375; x_wconf 89' lang='lat' dir='ltr'><strong>divino:</strong></span> <span class='ocrx_word' id='word_1_631' title='bbox 2989 4318 3188 4384; x_wconf 79' lang='lat' dir='ltr'><strong>Hodie,</strong></span> <span class='ocrx_word' id='word_1_632' title='bbox 3214 4316 3411 4386; x_wconf 89' lang='lat' dir='ltr'><strong>inquit,</strong></span> 
     </span>
    </p>
   </div>
   <div class='ocr_carea' id='block_1_89' title="bbox 1836 4405 3416 4478">
    <p class='ocr_par' dir='ltr' id='par_1_89' title="bbox 1836 4405 3416 4478">
     <span class='ocr_line' id='line_1_89' title="bbox 1836 4405 3416 4478; baseline -0.005 -14"><span class='ocrx_word' id='word_1_633' title='bbox 1836 4426 1940 4463; x_wconf 81' lang='lat' dir='ltr'><strong>non</strong></span> <span class='ocrx_word' id='word_1_634' title='bbox 1967 4411 2185 4478; x_wconf 79' lang='lat' dir='ltr'><strong>moriar,</strong></span> <span class='ocrx_word' id='word_1_635' title='bbox 2217 4427 2247 4464; x_wconf 90' lang='grc' dir='ltr'><em>ο</em></span> <span class='ocrx_word' id='word_1_636' title='bbox 2277 4409 2436 4462; x_wconf 88' lang='lat' dir='ltr'><strong>amici</strong></span> <span class='ocrx_word' id='word_1_637' title='bbox 2469 4409 2591 4475; x_wconf 85' lang='lat' dir='ltr'><strong>mei,</strong></span> <span class='ocrx_word' id='word_1_638' title='bbox 2619 4407 2708 4462; x_wconf 80' lang='lat' dir='ltr'><strong>sed</strong></span> <span class='ocrx_word' id='word_1_639' title='bbox 2730 4425 2847 4462; x_wconf 85' lang='lat' dir='ltr'><strong>cras</strong></span> <span class='ocrx_word' id='word_1_640' title='bbox 2882 4408 2937 4461; x_wconf 86' lang='lat' dir='ltr'><strong>in</strong></span> <span class='ocrx_word' id='word_1_641' title='bbox 2959 4406 3159 4463; x_wconf 81' lang='lat' dir='ltr'><strong>Christi</strong></span> <span class='ocrx_word' id='word_1_642' title='bbox 3207 4405 3416 4458; x_wconf 83' lang='lat' dir='ltr'><strong>nomine</strong></span> 
     </span>
    </p>
   </div>
   <div class='ocr_carea' id='block_1_90' title="bbox 162 4495 3413 4572">
    <p class='ocr_par' dir='ltr' id='par_1_90' title="bbox 162 4495 3413 4572">
     <span class='ocr_line' id='line_1_90' title="bbox 162 4495 3413 4572; baseline 0.003 -31"><span class='ocrx_word' id='word_1_643' title='bbox 162 4503 330 4559; x_wconf 89' lang='lat' dir='ltr'><strong>sonas,</strong></span> <span class='ocrx_word' id='word_1_644' title='bbox 373 4495 645 4564; x_wconf 83' lang='lat' dir='ltr'><strong>quosdam</strong></span> <span class='ocrx_word' id='word_1_645' title='bbox 687 4497 850 4551; x_wconf 90' lang='lat' dir='ltr'><strong>etiam</strong></span> <span class='ocrx_word' id='word_1_646' title='bbox 897 4500 1152 4567; x_wconf 89' lang='lat' dir='ltr'><strong>curiales,</strong></span> <span class='ocrx_word' id='word_1_647' title='bbox 1194 4501 1441 4556; x_wconf 88' lang='lat' dir='ltr'><strong>doctrina</strong></span> <span class='ocrx_word' id='word_1_648' title='bbox 1472 4517 1570 4557; x_wconf 91' lang='lat' dir='ltr'><strong>sua</strong></span> <span class='ocrx_word' id='word_1_649' title='bbox 1601 4518 1730 4572; x_wconf 92' lang='lat' dir='ltr'><strong>pro-</strong></span> <span class='ocrx_word' id='word_1_650' title='bbox 1764 4501 1809 4560; x_wconf 91' lang='lat' dir='ltr'><strong>D</strong></span> <span class='ocrx_word' id='word_1_651' title='bbox 1834 4504 2126 4557; x_wconf 76' lang='lat' dir='ltr'><strong>succurrite</strong></span> <span class='ocrx_word' id='word_1_652' title='bbox 2149 4503 2297 4556; x_wconf 84' lang='lat' dir='ltr'><strong>mihi.</strong></span> <span class='ocrx_word' id='word_1_653' title='bbox 2351 4501 2444 4555; x_wconf 91' lang='lat' dir='ltr'><strong>llle</strong></span> <span class='ocrx_word' id='word_1_654' title='bbox 2473 4500 2770 4572; x_wconf 87' lang='lat' dir='ltr'><strong>desperans</strong></span> <span class='ocrx_word' id='word_1_655' title='bbox 2791 4501 2856 4555; x_wconf 90' lang='lat' dir='ltr'><strong>de</strong></span> <span class='ocrx_word' id='word_1_656' title='bbox 2882 4501 2988 4553; x_wconf 89' lang='lat' dir='ltr'><strong>vita</strong></span> <span class='ocrx_word' id='word_1_657' title='bbox 3045 4500 3226 4565; x_wconf 82' lang='lat' dir='ltr'><strong>amici,</strong></span> <span class='ocrx_word' id='word_1_658' title='bbox 3259 4512 3413 4552; x_wconf 85' lang='lat' dir='ltr'><strong>reso-</strong></span> 
     </span>
    </p>
   </div>
   <div class='ocr_carea' id='block_1_91' title="bbox 163 4585 1733 4666">
    <p class='ocr_par' dir='ltr' id='par_1_91' title="bbox 163 4585 1733 4666">
     <span class='ocr_line' id='line_1_91' title="bbox 163 4585 1733 4666; baseline 0.011 -31"><span class='ocrx_word' id='word_1_659' title='bbox 163 4585 335 4651; x_wconf 91' lang='lat' dir='ltr'><strong>movit,</strong></span> <span class='ocrx_word' id='word_1_660' title='bbox 360 4603 600 4656; x_wconf 88' lang='lat' dir='ltr'><strong>quorum</strong></span> <span class='ocrx_word' id='word_1_661' title='bbox 635 4589 861 4646; x_wconf 82' lang='lat' dir='ltr'><strong>illustris</strong></span> <span class='ocrx_word' id='word_1_662' title='bbox 897 4593 1140 4661; x_wconf 90' lang='lat' dir='ltr'><strong>probitas</strong></span> <span class='ocrx_word' id='word_1_663' title='bbox 1167 4595 1252 4650; x_wconf 92' lang='lat' dir='ltr'><strong>vel</strong></span> <span class='ocrx_word' id='word_1_664' title='bbox 1283 4595 1519 4666; x_wconf 89' lang='lat' dir='ltr'><strong>dignitas</strong></span> <span class='ocrx_word' id='word_1_665' title='bbox 1545 4607 1733 4666; x_wconf 90' lang='lat' dir='ltr'><strong>postea</strong></span> 
     </span>
    </p>
   </div>
   <div class='ocr_carea' id='block_1_92' title="bbox 159 4680 1734 4752">
    <p class='ocr_par' dir='ltr' id='par_1_92' title="bbox 159 4680 1734 4752">
     <span class='ocr_line' id='line_1_92' title="bbox 159 4680 1734 4752; baseline 0.011 -26"><span class='ocrx_word' id='word_1_666' title='bbox 159 4684 346 4732; x_wconf 61' lang='lat' dir='ltr'><strong>sancte</strong></span> <span class='ocrx_word' id='word_1_667' title='bbox 374 4680 638 4735; x_wconf 61' lang='lat' dir='ltr'><strong>ecclesia:</strong></span> <span class='ocrx_word' id='word_1_668' title='bbox 659 4697 866 4752; x_wconf 69' lang='lat' dir='ltr'><strong>magna:</strong></span> <span class='ocrx_word' id='word_1_669' title='bbox 882 4684 1095 4739; x_wconf 90' lang='lat' dir='ltr'><strong>utilitati</strong></span> <span class='ocrx_word' id='word_1_670' title='bbox 1119 4694 1174 4740; x_wconf 93' lang='lat' dir='ltr'><strong>et</strong></span> <span class='ocrx_word' id='word_1_671' title='bbox 1196 4687 1466 4742; x_wconf 87' lang='lat' dir='ltr'><strong>honestati</strong></span> <span class='ocrx_word' id='word_1_672' title='bbox 1492 4687 1610 4742; x_wconf 83' lang='lat' dir='ltr'><strong>fuit.</strong></span> <span class='ocrx_word' id='word_1_673' title='bbox 1628 4686 1734 4743; x_wconf 83' lang='lat' dir='ltr'><strong>Sed</strong></span> 
     </span>
    </p>
   </div>
   <div class='ocr_carea' id='block_1_93' title="bbox 158 4767 1734 4845">
    <p class='ocr_par' dir='ltr' id='par_1_93' title="bbox 158 4767 1734 4845">
     <span class='ocr_line' id='line_1_93' title="bbox 158 4767 1734 4845; baseline 0.011 -28"><span class='ocrx_word' id='word_1_674' title='bbox 158 4773 208 4818; x_wconf 90' lang='lat' dir='ltr'><strong>et</strong></span> <span class='ocrx_word' id='word_1_675' title='bbox 236 4767 288 4820; x_wconf 91' lang='lat' dir='ltr'><strong>in</strong></span> <span class='ocrx_word' id='word_1_676' title='bbox 318 4769 422 4825; x_wconf 88' lang='lat' dir='ltr'><strong>hoc</strong></span> <span class='ocrx_word' id='word_1_677' title='bbox 452 4770 508 4825; x_wconf 92' lang='lat' dir='ltr'><strong>in</strong></span> <span class='ocrx_word' id='word_1_678' title='bbox 537 4773 798 4828; x_wconf 77' lang='lat' dir='ltr'><strong>:ecclesiis</strong></span> <span class='ocrx_word' id='word_1_679' title='bbox 842 4772 936 4829; x_wconf 91' lang='lat' dir='ltr'><strong>Dei</strong></span> <span class='ocrx_word' id='word_1_680' title='bbox 975 4776 1094 4845; x_wconf 88' lang='lat' dir='ltr'><strong>ejus</strong></span> <span class='ocrx_word' id='word_1_681' title='bbox 1135 4777 1424 4833; x_wconf 84' lang='lat' dir='ltr'><strong>laudabilis</strong></span> <span class='ocrx_word' id='word_1_682' title='bbox 1471 4779 1734 4834; x_wconf 89' lang='lat' dir='ltr'><strong>memoria</strong></span> 
     </span>
    </p>
   </div>
   <div class='ocr_carea' id='block_1_94' title="bbox 161 4856 1729 4936">
    <p class='ocr_par' dir='ltr' id='par_1_94' title="bbox 161 4856 1729 4936">
     <span class='ocr_line' id='line_1_94' title="bbox 161 4856 1729 4936; baseline 0.01 -28"><span class='ocrx_word' id='word_1_683' title='bbox 161 4856 326 4914; x_wconf 72' lang='lat' dir='ltr'><strong>adhuc</strong></span> <span class='ocrx_word' id='word_1_684' title='bbox 375 4863 532 4928; x_wconf 89' lang='lat' dir='ltr'><strong>vivit,</strong></span> <span class='ocrx_word' id='word_1_685' title='bbox 579 4865 720 4934; x_wconf 90' lang='lat' dir='ltr'><strong>quod</strong></span> <span class='ocrx_word' id='word_1_686' title='bbox 772 4865 912 4919; x_wconf 88' lang='lat' dir='ltr'><strong>vitas</strong></span> <span class='ocrx_word' id='word_1_687' title='bbox 939 4866 1248 4936; x_wconf 90' lang='lat' dir='ltr'><strong>aliquorum</strong></span> <span class='ocrx_word' id='word_1_688' title='bbox 1294 4856 1729 4924; x_wconf 57' lang='lat' dir='ltr'><strong>&quot;&quot;Sanctorum</strong></span> 
     </span>
    </p>
   </div>
   <div class='ocr_carea' id='block_1_95' title="bbox 162 4943 1731 5028">
    <p class='ocr_par' dir='ltr' id='par_1_95' title="bbox 162 4943 1731 5028">
     <span class='ocr_line' id='line_1_95' title="bbox 162 4943 1731 5028; baseline 0.011 -31"><span class='ocrx_word' id='word_1_689' title='bbox 162 4943 418 5016; x_wconf 86' lang='lat' dir='ltr'><strong>aliquibus</strong></span> <span class='ocrx_word' id='word_1_690' title='bbox 459 4951 513 5005; x_wconf 92' lang='lat' dir='ltr'><strong>in</strong></span> <span class='ocrx_word' id='word_1_691' title='bbox 551 4951 685 5008; x_wconf 90' lang='lat' dir='ltr'><strong>locis</strong></span> <span class='ocrx_word' id='word_1_692' title='bbox 713 4953 916 5024; x_wconf 90' lang='lat' dir='ltr'><strong>liquide</strong></span> <span class='ocrx_word' id='word_1_693' title='bbox 950 4965 1004 5010; x_wconf 91' lang='lat' dir='ltr'><strong>et</strong></span> <span class='ocrx_word' id='word_1_694' title='bbox 1032 4956 1195 5026; x_wconf 81' lang='lat' dir='ltr'><strong>polite</strong></span> <span class='ocrx_word' id='word_1_695' title='bbox 1221 4958 1549 5028; x_wconf 89' lang='lat' dir='ltr'><strong>composuit,</strong></span> <span class='ocrx_word' id='word_1_696' title='bbox 1580 4967 1635 5014; x_wconf 92' lang='lat' dir='ltr'><strong>et</strong></span> <span class='ocrx_word' id='word_1_697' title='bbox 1663 4958 1731 5014; x_wconf 90' lang='lat' dir='ltr'><strong>de</strong></span> 
     </span>
    </p>
   </div>
   <div class='ocr_carea' id='block_1_96' title="bbox 161 5040 1732 5120">
    <p class='ocr_par' dir='ltr' id='par_1_96' title="bbox 161 5040 1732 5120">
     <span class='ocr_line' id='line_1_96' title="bbox 161 5040 1732 5120; baseline 0.011 -31"><span class='ocrx_word' id='word_1_698' title='bbox 161 5040 312 5103; x_wconf 81' lang='lat' dir='ltr'><strong>gestis</strong></span> <span class='ocrx_word' id='word_1_699' title='bbox 330 5056 521 5096; x_wconf 89' lang='lat' dir='ltr'><strong>eorum</strong></span> <span class='ocrx_word' id='word_1_700' title='bbox 551 5045 605 5097; x_wconf 92' lang='lat' dir='ltr'><strong>in</strong></span> <span class='ocrx_word' id='word_1_701' title='bbox 627 5045 785 5100; x_wconf 88' lang='lat' dir='ltr'><strong>laude</strong></span> <span class='ocrx_word' id='word_1_702' title='bbox 805 5045 895 5100; x_wconf 90' lang='lat' dir='ltr'><strong>Dei</strong></span> <span class='ocrx_word' id='word_1_703' title='bbox 922 5048 1219 5102; x_wconf 90' lang='lat' dir='ltr'><strong>secundum</strong></span> <span class='ocrx_word' id='word_1_704' title='bbox 1245 5049 1484 5120; x_wconf 85' lang='lat' dir='ltr'><strong>regulam</strong></span> <span class='ocrx_word' id='word_1_705' title='bbox 1511 5050 1732 5106; x_wconf 66' lang='lat' dir='ltr'><strong>musica:</strong></span> 
     </span>
    </p>
   </div>
   <div class='ocr_carea' id='block_1_97' title="bbox 160 5126 1733 5206">
    <p class='ocr_par' dir='ltr' id='par_1_97' title="bbox 160 5126 1733 5206">
     <span class='ocr_line' id='line_1_97' title="bbox 160 5126 1733 5206; baseline 0.011 -28"><span class='ocrx_word' id='word_1_706' title='bbox 160 5126 464 5199; x_wconf 59' lang='lat' dir='ltr'><strong>discipline,</strong></span> <span class='ocrx_word' id='word_1_707' title='bbox 505 5135 558 5188; x_wconf 92' lang='lat' dir='ltr'><strong>in</strong></span> <span class='ocrx_word' id='word_1_708' title='bbox 581 5153 689 5206; x_wconf 83' lang='lat' dir='ltr'><strong>qua</strong></span> <span class='ocrx_word' id='word_1_709' title='bbox 715 5138 942 5192; x_wconf 89' lang='lat' dir='ltr'><strong>multum</strong></span> <span class='ocrx_word' id='word_1_710' title='bbox 973 5139 1204 5204; x_wconf 90' lang='lat' dir='ltr'><strong>valebat,</strong></span> <span class='ocrx_word' id='word_1_711' title='bbox 1249 5140 1565 5196; x_wconf 89' lang='lat' dir='ltr'><strong>dulcissime</strong></span> <span class='ocrx_word' id='word_1_712' title='bbox 1600 5157 1733 5198; x_wconf 83' lang='lat' dir='ltr'><strong>ean--</strong></span> 
     </span>
    </p>
   </div>
   <div class='ocr_carea' id='block_1_98' title="bbox 161 5225 1729 5304">
    <p class='ocr_par' dir='ltr' id='par_1_98' title="bbox 161 5225 1729 5304">
     <span class='ocr_line' id='line_1_98' title="bbox 161 5225 1729 5304; baseline 0.011 -33"><span class='ocrx_word' id='word_1_713' title='bbox 161 5225 242 5274; x_wconf 91' lang='lat' dir='ltr'><strong>tus</strong></span> <span class='ocrx_word' id='word_1_714' title='bbox 273 5225 618 5283; x_wconf 88' lang='lat' dir='ltr'><strong>moditicavit.</strong></span> <span class='ocrx_word' id='word_1_715' title='bbox 663 5227 808 5283; x_wconf 89' lang='lat' dir='ltr'><strong>lnter</strong></span> <span class='ocrx_word' id='word_1_716' title='bbox 853 5246 975 5299; x_wconf 69' lang='lat' dir='ltr'><strong>qua:</strong></span> <span class='ocrx_word' id='word_1_717' title='bbox 1013 5231 1141 5301; x_wconf 86' lang='lat' dir='ltr'><strong>quia</strong></span> <span class='ocrx_word' id='word_1_718' title='bbox 1185 5241 1408 5302; x_wconf 85' lang='lat' dir='ltr'><strong>rogante</strong></span> <span class='ocrx_word' id='word_1_719' title='bbox 1459 5233 1729 5304; x_wconf 84' lang='lat' dir='ltr'><strong>Raginero</strong></span> 
     </span>
    </p>
   </div>
   <div class='ocr_carea' id='block_1_99' title="bbox 159 5312 1726 5394">
    <p class='ocr_par' dir='ltr' id='par_1_99' title="bbox 159 5312 1726 5394">
     <span class='ocr_line' id='line_1_99' title="bbox 159 5312 1726 5394; baseline 0.008 -29"><span class='ocrx_word' id='word_1_720' title='bbox 159 5312 346 5369; x_wconf 68' lang='lat' dir='ltr'><strong>comite</strong></span> <span class='ocrx_word' id='word_1_721' title='bbox 376 5316 543 5372; x_wconf 89' lang='lat' dir='ltr'><strong>vitam</strong></span> <span class='ocrx_word' id='word_1_722' title='bbox 575 5320 747 5375; x_wconf 88' lang='lat' dir='ltr'><strong>sancti</strong></span> <span class='ocrx_word' id='word_1_723' title='bbox 793 5319 992 5380; x_wconf 79' lang='lat' dir='ltr'><strong>Veroni</strong></span> <span class='ocrx_word' id='word_1_724' title='bbox 1025 5321 1355 5380; x_wconf 87' lang='lat' dir='ltr'><strong>confessoris</strong></span> <span class='ocrx_word' id='word_1_725' title='bbox 1396 5325 1726 5394; x_wconf 87' lang='lat' dir='ltr'><strong>composuit,</strong></span> 
     </span>
    </p>
   </div>
   <div class='ocr_carea' id='block_1_100' title="bbox 1835 4588 3415 4661">
    <p class='ocr_par' dir='ltr' id='par_1_100' title="bbox 1835 4588 3415 4661">
     <span class='ocr_line' id='line_1_100' title="bbox 1835 4588 3415 4661; baseline -0.004 -13"><span class='ocrx_word' id='word_1_726' title='bbox 1835 4594 1982 4649; x_wconf 90' lang='lat' dir='ltr'><strong>lutns</strong></span> <span class='ocrx_word' id='word_1_727' title='bbox 2012 4594 2065 4648; x_wconf 90' lang='lat' dir='ltr'><strong>in</strong></span> <span class='ocrx_word' id='word_1_728' title='bbox 2096 4593 2337 4648; x_wconf 89' lang='lat' dir='ltr'><strong>lacrimis</strong></span> <span class='ocrx_word' id='word_1_729' title='bbox 2383 4607 2486 4646; x_wconf 91' lang='lat' dir='ltr'><strong>nec</strong></span> <span class='ocrx_word' id='word_1_730' title='bbox 2514 4592 2698 4646; x_wconf 91' lang='lat' dir='ltr'><strong>valens</strong></span> <span class='ocrx_word' id='word_1_731' title='bbox 2723 4601 3023 4661; x_wconf 89' lang='lat' dir='ltr'><strong>temperare</strong></span> <span class='ocrx_word' id='word_1_732' title='bbox 3050 4590 3256 4653; x_wconf 86' lang='lat' dir='ltr'><strong>dolori:</strong></span> <span class='ocrx_word' id='word_1_733' title='bbox 3293 4588 3415 4642; x_wconf 84' lang='lat' dir='ltr'><strong>Non</strong></span> 
     </span>
    </p>
   </div>
   <div class='ocr_carea' id='block_1_101' title="bbox 1834 4680 3409 4754">
    <p class='ocr_par' dir='ltr' id='par_1_101' title="bbox 1834 4680 3409 4754">
     <span class='ocr_line' id='line_1_101' title="bbox 1834 4680 3409 4754; baseline -0.003 -15"><span class='ocrx_word' id='word_1_734' title='bbox 1834 4686 1998 4752; x_wconf 78' lang='lat' dir='ltr'><strong>sinat,</strong></span> <span class='ocrx_word' id='word_1_735' title='bbox 2028 4683 2222 4754; x_wconf 91' lang='lat' dir='ltr'><strong>inquit,</strong></span> <span class='ocrx_word' id='word_1_736' title='bbox 2246 4683 2386 4738; x_wconf 76' lang='lat' dir='ltr'><strong>Deus</strong></span> <span class='ocrx_word' id='word_1_737' title='bbox 2421 4699 2502 4737; x_wconf 88' lang='lat' dir='ltr'><strong>me</strong></span> <span class='ocrx_word' id='word_1_738' title='bbox 2539 4691 2735 4753; x_wconf 80' lang='lat' dir='ltr'><strong>septem</strong></span> <span class='ocrx_word' id='word_1_739' title='bbox 2773 4682 2883 4735; x_wconf 80' lang='lat' dir='ltr'><strong>dies</strong></span> <span class='ocrx_word' id='word_1_740' title='bbox 2927 4682 3248 4750; x_wconf 81' lang='lat' dir='ltr'><strong>supervivere</strong></span> <span class='ocrx_word' id='word_1_741' title='bbox 3293 4680 3409 4734; x_wconf 86' lang='lat' dir='ltr'><strong>tibi.</strong></span> 
     </span>
    </p>
   </div>
   <div class='ocr_carea' id='block_1_102' title="bbox 1834 4773 3413 4843">
    <p class='ocr_par' dir='ltr' id='par_1_102' title="bbox 1834 4773 3413 4843">
     <span class='ocr_line' id='line_1_102' title="bbox 1834 4773 3413 4843; baseline -0.004 -11"><span class='ocrx_word' id='word_1_742' title='bbox 1834 4776 2011 4841; x_wconf 20' lang='lat' dir='ltr'><strong>Etlad</strong></span> <span class='ocrx_word' id='word_1_743' title='bbox 2067 4775 2463 4831; x_wconf 87' lang='lat' dir='ltr'><strong>monasterium</strong></span> <span class='ocrx_word' id='word_1_744' title='bbox 2507 4775 2681 4829; x_wconf 90' lang='lat' dir='ltr'><strong>sancti</strong></span> <span class='ocrx_word' id='word_1_745' title='bbox 2713 4773 2902 4828; x_wconf 85' lang='lat' dir='ltr'><strong>Jacobi</strong></span> <span class='ocrx_word' id='word_1_746' title='bbox 2946 4774 3035 4830; x_wconf 89' lang='lat' dir='ltr'><strong>cui</strong></span> <span class='ocrx_word' id='word_1_747' title='bbox 3067 4780 3297 4843; x_wconf 63' lang='lat' dir='ltr'><strong>praeerat</strong></span> <span class='ocrx_word' id='word_1_748' title='bbox 3327 4787 3413 4826; x_wconf 89' lang='lat' dir='ltr'><strong>re-</strong></span> 
     </span>
    </p>
   </div>
   <div class='ocr_carea' id='block_1_103' title="bbox 1836 4862 3412 4941">
    <p class='ocr_par' dir='ltr' id='par_1_103' title="bbox 1836 4862 3412 4941">
     <span class='ocr_line' id='line_1_103' title="bbox 1836 4862 3412 4941; baseline -0.003 -19"><span class='ocrx_word' id='word_1_749' title='bbox 1836 4884 2078 4941; x_wconf 87' lang='lat' dir='ltr'><strong>gressus,</strong></span> <span class='ocrx_word' id='word_1_750' title='bbox 2115 4867 2281 4938; x_wconf 74' lang='lat' dir='ltr'><strong>cmpit</strong></span> <span class='ocrx_word' id='word_1_751' title='bbox 2313 4865 2535 4922; x_wconf 89' lang='lat' dir='ltr'><strong>destitui</strong></span> <span class='ocrx_word' id='word_1_752' title='bbox 2562 4865 2812 4935; x_wconf 89' lang='lat' dir='ltr'><strong>corporis</strong></span> <span class='ocrx_word' id='word_1_753' title='bbox 2833 4864 3063 4929; x_wconf 76' lang='lat' dir='ltr'><strong>viribus,</strong></span> <span class='ocrx_word' id='word_1_754' title='bbox 3091 4879 3214 4919; x_wconf 77' lang='lat' dir='ltr'><strong>mox</strong></span> <span class='ocrx_word' id='word_1_755' title='bbox 3245 4862 3412 4918; x_wconf 85' lang='lat' dir='ltr'><strong>etiam</strong></span> 
     </span>
    </p>
   </div>
   <div class='ocr_carea' id='block_1_104' title="bbox 1835 4953 3412 5023">
    <p class='ocr_par' dir='ltr' id='par_1_104' title="bbox 1835 4953 3412 5023">
     <span class='ocr_line' id='line_1_104' title="bbox 1835 4953 3412 5023; baseline -0.007 -6"><span class='ocrx_word' id='word_1_756' title='bbox 1835 4959 2020 5018; x_wconf 85' lang='lat' dir='ltr'><strong>vexari</strong></span> <span class='ocrx_word' id='word_1_757' title='bbox 2049 4959 2246 5014; x_wconf 87' lang='lat' dir='ltr'><strong>acriter</strong></span> <span class='ocrx_word' id='word_1_758' title='bbox 2269 4956 2684 5023; x_wconf 86' lang='lat' dir='ltr'><strong>febribus.Quid</strong></span> <span class='ocrx_word' id='word_1_759' title='bbox 2709 4956 2913 5010; x_wconf 89' lang='lat' dir='ltr'><strong>multa?</strong></span> <span class='ocrx_word' id='word_1_760' title='bbox 2933 4953 3242 5010; x_wconf 89' lang='lat' dir='ltr'><strong>Secundum</strong></span> <span class='ocrx_word' id='word_1_761' title='bbox 3272 4969 3412 5022; x_wconf 67' lang='lat' dir='ltr'><strong>pra:-</strong></span> 
     </span>
    </p>
   </div>
   <div class='ocr_carea' id='block_1_105' title="bbox 1833 5041 3412 5120">
    <p class='ocr_par' dir='ltr' id='par_1_105' title="bbox 1833 5041 3412 5120">
     <span class='ocr_line' id='line_1_105' title="bbox 1833 5041 3412 5120; baseline -0.008 -12"><span class='ocrx_word' id='word_1_762' title='bbox 1833 5052 2037 5108; x_wconf 90' lang='lat' dir='ltr'><strong>dictum</strong></span> <span class='ocrx_word' id='word_1_763' title='bbox 2057 5059 2112 5106; x_wconf 92' lang='lat' dir='ltr'><strong>et</strong></span> <span class='ocrx_word' id='word_1_764' title='bbox 2132 5060 2319 5106; x_wconf 85' lang='lat' dir='ltr'><strong>votum</strong></span> <span class='ocrx_word' id='word_1_765' title='bbox 2342 5049 2557 5120; x_wconf 90' lang='lat' dir='ltr'><strong>piorum</strong></span> <span class='ocrx_word' id='word_1_766' title='bbox 2579 5049 2844 5114; x_wconf 88' lang='lat' dir='ltr'><strong>virorum,</strong></span> <span class='ocrx_word' id='word_1_767' title='bbox 2866 5047 3105 5101; x_wconf 91' lang='lat' dir='ltr'><strong>crastino</strong></span> <span class='ocrx_word' id='word_1_768' title='bbox 3133 5045 3238 5109; x_wconf 90' lang='lat' dir='ltr'><strong>die,</strong></span> <span class='ocrx_word' id='word_1_769' title='bbox 3263 5041 3412 5113; x_wconf 87' lang='lat' dir='ltr'><strong>quod</strong></span> 
     </span>
    </p>
   </div>
   <div class='ocr_carea' id='block_1_106' title="bbox 1832 5133 3406 5209">
    <p class='ocr_par' dir='ltr' id='par_1_106' title="bbox 1832 5133 3406 5209">
     <span class='ocr_line' id='line_1_106' title="bbox 1832 5133 3406 5209; baseline -0.007 -13"><span class='ocrx_word' id='word_1_770' title='bbox 1832 5150 1917 5197; x_wconf 92' lang='lat' dir='ltr'><strong>est</strong></span> <span class='ocrx_word' id='word_1_771' title='bbox 1947 5141 1980 5194; x_wconf 87' lang='lat'><strong>8</strong></span> <span class='ocrx_word' id='word_1_772' title='bbox 2012 5140 2143 5196; x_wconf 88' lang='lat' dir='ltr'><strong>ldus</strong></span> <span class='ocrx_word' id='word_1_773' title='bbox 2187 5138 2336 5204; x_wconf 83' lang='lat' dir='ltr'><strong>Julii,</strong></span> <span class='ocrx_word' id='word_1_774' title='bbox 2367 5139 2657 5208; x_wconf 90' lang='lat' dir='ltr'><strong>episcopus</strong></span> <span class='ocrx_word' id='word_1_775' title='bbox 2691 5137 2946 5209; x_wconf 88' lang='lat' dir='ltr'><strong>migravit</strong></span> <span class='ocrx_word' id='word_1_776' title='bbox 2991 5136 3058 5192; x_wconf 82' lang='lat' dir='ltr'><strong>ad</strong></span> <span class='ocrx_word' id='word_1_777' title='bbox 3091 5133 3406 5198; x_wconf 88' lang='lat' dir='ltr'><strong>Dominum,</strong></span> 
     </span>
    </p>
   </div>
   <div class='ocr_carea' id='block_1_107' title="bbox 1833 5228 3410 5301">
    <p class='ocr_par' dir='ltr' id='par_1_107' title="bbox 1833 5228 3410 5301">
     <span class='ocr_line' id='line_1_107' title="bbox 1833 5228 3410 5301; baseline -0.008 -12"><span class='ocrx_word' id='word_1_778' title='bbox 1833 5232 2016 5289; x_wconf 82' lang='lat' dir='ltr'><strong>Abbas</strong></span> <span class='ocrx_word' id='word_1_779' title='bbox 2042 5240 2246 5297; x_wconf 88' lang='lat' dir='ltr'><strong>autem,</strong></span> <span class='ocrx_word' id='word_1_780' title='bbox 2274 5230 2368 5301; x_wconf 90' lang='lat' dir='ltr'><strong>qui</strong></span> <span class='ocrx_word' id='word_1_781' title='bbox 2396 5231 2653 5300; x_wconf 85' lang='lat' dir='ltr'><strong>episcOpo</strong></span> <span class='ocrx_word' id='word_1_782' title='bbox 2680 5229 2908 5284; x_wconf 89' lang='lat' dir='ltr'><strong>dimidio</strong></span> <span class='ocrx_word' id='word_1_783' title='bbox 2931 5228 3128 5284; x_wconf 78' lang='lat' dir='ltr'><strong>animze</strong></span> <span class='ocrx_word' id='word_1_784' title='bbox 3172 5239 3286 5280; x_wconf 67' lang='lat' dir='ltr'><strong>sua:</strong></span> <span class='ocrx_word' id='word_1_785' title='bbox 3323 5237 3410 5277; x_wconf 87' lang='lat' dir='ltr'><strong>se-</strong></span> 
     </span>
    </p>
   </div>
   <div class='ocr_carea' id='block_1_108' title="bbox 1831 5313 3408 5396">
    <p class='ocr_par' dir='ltr' id='par_1_108' title="bbox 1831 5313 3408 5396">
     <span class='ocr_line' id='line_1_108' title="bbox 1831 5313 3408 5396; baseline -0.006 -17"><span class='ocrx_word' id='word_1_786' title='bbox 1831 5333 1976 5396; x_wconf 89' lang='lat' dir='ltr'><strong>ptem</strong></span> <span class='ocrx_word' id='word_1_787' title='bbox 1994 5324 2112 5379; x_wconf 89' lang='lat' dir='ltr'><strong>dies</strong></span> <span class='ocrx_word' id='word_1_788' title='bbox 2134 5323 2480 5394; x_wconf 89' lang='lat' dir='ltr'><strong>supervivere</strong></span> <span class='ocrx_word' id='word_1_789' title='bbox 2505 5323 2712 5388; x_wconf 85' lang='lat' dir='ltr'><strong>noluit,</strong></span> <span class='ocrx_word' id='word_1_790' title='bbox 2737 5321 2856 5391; x_wconf 89' lang='lat' dir='ltr'><strong>ipso</strong></span> <span class='ocrx_word' id='word_1_791' title='bbox 2877 5319 3106 5388; x_wconf 87' lang='lat' dir='ltr'><strong>septimo</strong></span> <span class='ocrx_word' id='word_1_792' title='bbox 3131 5317 3238 5381; x_wconf 89' lang='lat' dir='ltr'><strong>die,</strong></span> <span class='ocrx_word' id='word_1_793' title='bbox 3260 5313 3408 5386; x_wconf 88' lang='lat' dir='ltr'><strong>quod</strong></span> 
     </span>
    </p>
   </div>
   <div class='ocr_carea' id='block_1_109' title="bbox 1417 5505 2086 5580">
    <p class='ocr_par' dir='ltr' id='par_1_109' title="bbox 1417 5505 2086 5580">
     <span class='ocr_line' id='line_1_109' title="bbox 1417 5505 2086 5580; baseline -0.007 -1"><span class='ocrx_word' id='word_1_794' title='bbox 1417 5505 1650 5580; x_wconf 65' lang='grc' dir='ltr'>νΑιιιΕ</span> <span class='ocrx_word' id='word_1_795' title='bbox 1688 5506 2086 5580; x_wconf 77' lang='lat' dir='ltr'><strong>LECTIONES.</strong></span> 
     </span>
    </p>
   </div>
   <div class='ocr_carea' id='block_1_110' title="bbox 225 5691 630 5756">
    <p class='ocr_par' dir='ltr' id='par_1_110' title="bbox 225 5691 630 5756">
     <span class='ocr_line' id='line_1_110' title="bbox 225 5691 630 5756; baseline 0.01 -6"><span class='ocrx_word' id='word_1_796' title='bbox 225 5691 294 5726; x_wconf 76' lang='lat'><strong>&quot;’</strong></span> <span class='ocrx_word' id='word_1_797' title='bbox 329 5712 358 5750; x_wconf 74' lang='grc' dir='ltr'><strong><em>ο</em></strong></span> <span class='ocrx_word' id='word_1_798' title='bbox 390 5713 528 5756; x_wconf 80' lang='lat' dir='ltr'><strong>corr.</strong></span> <span class='ocrx_word' id='word_1_799' title='bbox 585 5719 630 5754; x_wconf 88' lang='grc'><strong>‹·.</strong></span> 
     </span>
    </p>
   </div>
   <div class='ocr_carea' id='block_1_111' title="bbox 162 5771 1449 5833">
    <p class='ocr_par' dir='ltr' id='par_1_111' title="bbox 162 5771 1449 5833">
     <span class='ocr_line' id='line_1_111' title="bbox 162 5771 1449 5833; baseline 0.011 -17"><span class='ocrx_word' id='word_1_800' title='bbox 162 5776 415 5833; x_wconf 73' lang='lat' dir='ltr'><strong>posuerat.</strong></span> <span class='ocrx_word' id='word_1_801' title='bbox 511 5773 575 5803; x_wconf 81' lang='grc'><strong>⁷¹¹</strong></span> <span class='ocrx_word' id='word_1_802' title='bbox 634 5771 871 5832; x_wconf 77' lang='lat' dir='ltr'><strong>elarierit</strong></span> <span class='ocrx_word' id='word_1_803' title='bbox 917 5789 1055 5828; x_wconf 79' lang='lat' dir='ltr'><strong>corr.</strong></span> <span class='ocrx_word' id='word_1_804' title='bbox 1117 5773 1371 5830; x_wconf 73' lang='lat' dir='ltr'><strong>claruerit</strong></span> <span class='ocrx_word' id='word_1_805' title='bbox 1394 5771 1449 5830; x_wconf 59' lang='lat' dir='ltr'><strong>&#39;c.</strong></span> 
     </span>
    </p>
   </div>
   <div class='ocr_carea' id='block_1_112' title="bbox 717 5689 3411 5774">
    <p class='ocr_par' dir='ltr' id='par_1_112' title="bbox 717 5689 3411 5774">
     <span class='ocr_line' id='line_1_112' title="bbox 717 5689 3411 5774; baseline -0.001 -20"><span class='ocrx_word' id='word_1_806' title='bbox 717 5702 966 5774; x_wconf 63' lang='lat' dir='ltr'><strong>Fortasse</strong></span> <span class='ocrx_word' id='word_1_807' title='bbox 1017 5701 1118 5771; x_wconf 83' lang='lat' dir='ltr'><strong>{uit</strong></span> <span class='ocrx_word' id='word_1_808' title='bbox 1151 5700 1862 5774; x_wconf 15' lang='lat' dir='ltr'><strong>rconscripsit.‘ﬂ&quot;&#39;fAlio</strong></span> <span class='ocrx_word' id='word_1_809' title='bbox 1910 5707 2207 5774; x_wconf 70' lang='lat' dir='ltr'><strong>atramento</strong></span> <span class='ocrx_word' id='word_1_810' title='bbox 2232 5701 2397 5774; x_wconf 71' lang='lat' dir='ltr'><strong>pergit</strong></span> <span class='ocrx_word' id='word_1_811' title='bbox 2422 5699 2557 5752; x_wconf 87' lang='lat' dir='ltr'><strong>idem</strong></span> <span class='ocrx_word' id='word_1_812' title='bbox 2607 5696 2798 5762; x_wconf 78' lang='lat' dir='ltr'><strong>scriba,</strong></span> <span class='ocrx_word' id='word_1_813' title='bbox 2843 5696 2931 5766; x_wconf 84' lang='lat' dir='ltr'><strong>qui</strong></span> <span class='ocrx_word' id='word_1_814' title='bbox 2961 5702 3009 5749; x_wconf 76' lang='lat' dir='ltr'><strong>ct</strong></span> <span class='ocrx_word' id='word_1_815' title='bbox 3035 5689 3411 5768; x_wconf 68' lang='lat' dir='ltr'><strong>transscripsit</strong></span> 
     </span>
    </p>
   </div>
   <div class='ocr_carea' id='block_1_113' title="bbox 1558 5769 2680 5845">
    <p class='ocr_par' dir='ltr' id='par_1_113' title="bbox 1558 5769 2680 5845">
     <span class='ocr_line' id='line_1_113' title="bbox 1558 5769 2680 5845; baseline -0.009 -15"><span class='ocrx_word' id='word_1_816' title='bbox 1558 5773 1626 5807; x_wconf 82' lang='grc'><strong>⁷⁸¹</strong></span> <span class='ocrx_word' id='word_1_817' title='bbox 1650 5772 1862 5845; x_wconf 76' lang='lat' dir='ltr'><strong>aliquas</strong></span> <span class='ocrx_word' id='word_1_818' title='bbox 1915 5771 2097 5826; x_wconf 80' lang='lat' dir='ltr'><strong>statim</strong></span> <span class='ocrx_word' id='word_1_819' title='bbox 2125 5785 2261 5824; x_wconf 87' lang='lat' dir='ltr'><strong>corr.</strong></span> <span class='ocrx_word' id='word_1_820' title='bbox 2285 5769 2603 5840; x_wconf 65' lang='lat' dir='ltr'><strong>:aliquorum</strong></span> <span class='ocrx_word' id='word_1_821' title='bbox 2635 5785 2680 5821; x_wconf 82' lang='grc' dir='ltr'><strong>τ.</strong></span> 
     </span>
    </p>
   </div>
   <div class='ocr_carea' id='block_1_114' title="bbox 3461 5795 3484 5824">
    <p class='ocr_par' dir='ltr' id='par_1_114' title="bbox 3461 5795 3484 5824">
     <span class='ocr_line' id='line_1_114' title="bbox 3461 5795 3484 5824; baseline 0 0"><span class='ocrx_word' id='word_1_822' title='bbox 3461 5795 3484 5824; x_wconf 59' lang='grc' dir='ltr'><strong>κ</strong></span> 
     </span>
    </p>
   </div>
  </div>
