3906 6316
497 365 617 422 627

1645 359 2007 418 SIGEBERTI
2045 359 2574 422 GEMBLACENSIS

507 492 593 540 est
622 481 659 536 2
712 479 839 536 ldus
862 478 1014 548 Julii,
1035 478 1249 536 felicem
1270 479 1524 551 spiritum
1550 482 1690 540 calo
1716 481 1950 536 reddidit
1981 479 2106 535 mil-
2132 483 2179 541 Α
2204 479 2480 552 dignitati,
2506 478 2670 535 credo
2695 492 2798 534 nos
2825 477 2992 534 modo
3011 479 3127 537 illic
3176 496 3277 536 sua
3328 482 3595 539 tutabitur
3654 501 3769 556 gra-

508 575 702 631 lesimo
729 574 1152 645 quadragesimo
1180 582 1373 630 octavo
1399 589 1544 629 anno
1569 573 1804 628 Domini.

582 669 673 724 45.
705 668 776 724 At
794 668 1057 738 exequias
1079 667 1287 723 funeris
1309 667 1430 738 ejus
1465 681 1576 737 quo
1589 666 1957 722 venerationis
1997 665 2092 719 bo-

509 774 670 826 nore,
698 774 809 829 quo
857 759 1226 815 miserationis
1247 760 1435 814 dolore
1482 767 1800 829 prosecutus
1841 758 1912 813 sit
1961 773 2091 828 grex

507 848 747 904 cmnobii
779 849 1088 919 utriusque,
1116 849 1210 919 qui
1235 849 1288 903 in
1312 849 1533 904 Christo
1556 849 1661 904 sub
1687 849 1808 919 ejus
1854 847 2094 918 profece-

507 947 590 992 rat
617 938 982 1005 institutione,
1009 954 1407 1008 supervacuum
1437 947 1521 994 est
1557 955 1882 994 memorare.
1921 939 2090 995 Gem-

508 1030 851 1087 m‘elacenses
880 1032 1150 1102 siquidem
1175 1033 1358 1087 audita
1382 1032 1455 1102 pii
1479 1033 1715 1103 pastoris
1752 1033 2088 1100 inﬁrmitate,

508 1124 599 1178 cui
624 1133 750 1195 post
778 1123 950 1180 Deum
972 1135 1024 1180 et
1049 1126 1286 1195 primum
1313 1125 1419 1181 loci
1445 1126 1619 1182 nostri
1657 1135 2091 1184 constructorem

508 1213 849 1286 Wicpertum
873 1216 1134 1286 quicquid
1159 1232 1297 1288 pene
1325 1217 1596 1274 habebant
1623 1219 1932 1290 gaudebant
1982 1219 2091 1273 im-

511 1318 726 1379 putare,
783 1309 886 1379 pia:
919 1309 1228 1366 dilectionis
1263 1310 1365 1366 alis
1400 1326 1510 1365 non
1562 1311 1895 1366 distulerunt
1961 1311 2092 1366 illuc

506 1401 818 1457 convolare.
842 1400 1212 1457 Contristabat
1238 1418 1334 1458 eos
1362 1418 1473 1458 non
1505 1403 1856 1459 mediocriter
1897 1419 2091 1458 aman-

505 1493 709 1548 tissimi
764 1491 936 1562 patris
979 1493 1282 1560 destitutio,
1321 1494 1415 1549 sed
1447 1493 1569 1564 pl‘us
1621 1510 1787 1564 quam
1847 1493 1955 1548 dici
1998 1493 2085 1548 vel

503 1583 653 1639 credi
705 1584 880 1654 possit
922 1584 1218 1640 miserabili
1255 1586 1724 1641 contristabantur
1755 1584 2086 1650 infortunio,

502 1673 651 1744 quod
680 1674 978 1728 carendum
1005 1676 1088 1730 eis
1111 1683 1257 1730 esset
1285 1675 1531 1746 corporis
1555 1676 1678 1746 ejus
1705 1675 1934 1746 pignore
1965 1689 2090 1744 pre-

502 1765 665 1820 tioso.
692 1763 760 1819 Et
803 1765 849 1821 si
880 1765 1124 1835 aliquam
1145 1767 1290 1821 viam
1319 1767 1400 1823 eis
1427 1768 1735 1836 aperuisset
1773 1767 1866 1823 Dei
1895 1768 2089 1839 digna-

2195 572 2291 638 tia,
2333 588 2472 642 quos
2527 571 2617 627 hic
2665 578 2775 626 tam
2825 580 3050 643 paterna
3104 573 3333 630 nutrivit
3377 576 3766 633 misericordia.

2386 661 2458 693 ’186

2193 663 2365 717 Amen
2386 663 2478 715 ⁷⁵⁸.

2616 751 2708 806 DE
2741 750 3024 808 MYSACH
3058 753 3352 811 ABBATE.

2264 847 2354 902 47.
2388 845 2664 902 Deodvino
2709 847 2764 902 in
2815 848 3076 903 cathedra
3117 849 3377 904 aacclesiaa
3428 849 3767 908 Leodicensis

2167 941 2512 1012 -subrogato,
2541 939 2761 1012 Mysacb
2783 941 2962 996 virum
2983 956 3118 996 sane
3165 943 3538 998 venerabilem
3576 960 3766 1015 cogno-

2195 1039 2381 1085 ento
2402 1029 2756 1086 Mathelinum
2781 1031 3033 1088 abbatem
3062 1033 3318 1088 substituti
3341 1033 3764 1090 Gemmelacensi

2192 1121 2480 1189 emnobio,
2529 1137 2764 1179 concors
2821 1123 2992 1178 totius
3026 1125 3473 1195 congregationis
3523 1127 3767 1196 expetivit

2191 1211 2470 1269 electio.ls
2481 1214 2663 1270 abbati
2677 1212 2900 1269 Olberto
2929 1215 3426 1286 consanguinitatis
3447 1217 3765 1286 conjunctis

2190 1304 2357 1372 linea,
2380 1313 2433 1360 et
2453 1321 2484 1358 a
2509 1305 2704 1376 primis
2734 1307 2900 1361 annis
2917 1322 3044 1361 cum
3081 1305 3250 1362 fratre
3275 1322 3378 1362 suo
3405 1323 3550 1379 eque
3574 1324 3766 1363 memo-

2191 1398 2381 1453 rabilis
2403 1398 2528 1454 vitae
2574 1398 2850 1470 Fulquino
2875 1401 3202 1471 regulariter
3221 1410 3278 1457 et
3295 1403 3548 1458 studiose
3577 1403 3633 1458 in
3661 1404 3769 1474 ejus

2190 1489 2456 1546 educatus
2502 1492 2813 1562 disciplina,
2837 1493 2905 1549 ad
2935 1493 3042 1549 hoc
3092 1502 3324 1564 uterque
3346 1495 3597 1550 excrevit
3625 1495 3768 1550 bona:

2192 1582 2394 1638 indolis
2427 1583 2717 1651 industria,
2747 1593 2810 1639 ut
2872 1599 3090 1658 magna.r
3116 1586 3373 1642 utilitatis
3422 1586 3610 1642 locum
3655 1601 3766 1642 sor-

2193 1675 2282 1730 tiri
2314 1687 2655 1732 mererentur
2680 1677 2736 1731 in
2768 1675 2865 1732 Dei
2891 1677 3160 1734 aeeclesia.
3194 1675 3274 1732 Ex
3307 1677 3516 1748 quibus
3553 1677 3768 1748 Fulqui-

2191 1783 2298 1822 nus
2323 1767 2510 1837 junior
2555 1777 2734 1836 aetate,
2762 1769 3085 1825 minatus
3132 1769 3190 1825 in
3221 1769 3486 1825 exercitio
3519 1769 3762 1825 litterulis

501 1857 601 1925 tio,
633 1858 774 1912 nihil
801 1859 1099 1929 optabilius
1128 1875 1321 1915 eurum
1368 1862 1615 1917 omnium
1650 1863 1849 1918 insedit
1878 1864 2085 1932 animo,
2122 1841 2168 1896 Β
2192 1861 2454 1927 scientia},
2487 1861 2731 1932 glorioso
2779 1859 3186 1918 Stabuiensium
3243 1861 3430 1916 abbati
3472 1859 3681 1932 Poponi
3706 1861 3764 1916 ad

501 1964 668 2020 quam
695 1949 748 2004 id
783 1965 943 2020 agere
971 1950 1159 2021 aliquo
1184 1953 1371 2019 modo,
1401 1961 1462 2007 ut
1490 1967 1695 2024 corpus
1711 1953 1957 2009 defuncti
1999 1970 2088 2010 re-

499 2041 705 2098 ferrent
733 2043 1164 2100 Gemmelacensi
1198 2046 1468 2101 coenobio.
1501 2045 1608 2101 Sed
1631 2046 1682 2101 id
1708 2063 1811 2102 nec
1830 2048 2088 2118 precibus

505 2133 776 2203 optinere,
804 2149 905 2189 nec
937 2134 1122 2204 aliqua
1161 2135 1389 2190 omnino
1413 2135 1622 2190 ratione
1648 2144 1945 2206 potuerunt
1968 2136 2085 2192 elﬁ-

499 2240 646 2291 cere,
671 2225 1034 2298 gaudentibus
1079 2227 1290 2282 civibus
1329 2227 1398 2282 ad
1430 2227 1653 2282 tutelam
1683 2228 1924 2284 civitatis
1971 2244 2088 2284 sua:

498 2319 918 2390 prmsentialiter
969 2327 1082 2374 tam
1115 2319 1290 2376 sancti
1362 2319 1466 2373 viri
1519 2319 1824 2389 patrocinia
1889 2335 2086 2389 prove—

498 2409 668 2465 nisse.
705 2408 965 2482 Sepultus
1007 2419 1093 2466 est
1127 2410 1292 2481 igitur
1322 2410 1374 2464 in
1396 2410 1640 2465 :ecclesia
1665 2411 1842 2465 sancti
1870 2409 2084 2478 Jacobi,

497 2507 560 2554 ut
583 2499 770 2557 decuit
793 2502 1035 2572 primum
1062 2502 1314 2558 abbatem
1350 2501 1523 2573 ipsius
1546 2502 1675 2570 loci,
1701 2511 1755 2558 et
1780 2502 1887 2558 hoc
1905 2503 2084 2573 epita-

496 2592 690 2661 phium
719 2594 1042 2664 inscrime
1071 2603 1157 2649 est
1179 2595 1407 2650 libitina:
1429 2585 1602 2666 ipsius
1631 2595 1858 2649 tumuli:

497 2682 606 2738 Hic
623 2685 695 2716 ⁷⁸³
697 2685 843 2755 jacet
855 2687 1108 2740 abbatum
1128 2687 1420 2758 speculum,
1444 2687 1603 2742 decus
1615 2696 1664 2742 et
1679 2687 2080 2755 monachorum,

565 2772 742 2828 Abba:
771 2773 1041 2843 Olbertus,
1072 2777 1172 2845 ﬂos
1199 2777 1448 2846 paradiso
1479 2789 1620 2834 tuus.

500 2862 744 2935 Praefuit
758 2866 1013 2921 (ecclesiis
1045 2867 1285 2922 normal?
1299 2869 1512 2922 tramite
1542 2867 1720 2932 binis;

564 2954 764 3028 Leggt‘a
789 2975 979 3028 corpus
1007 2958 1186 3027 habet,
1212 2959 1424 3015 Gemble
1447 2960 1672 3015 carendo
1701 2959 1866 3014 doles.

565 3047 656 3103 46.
684 3048 901 3105 Perlato
925 3052 992 3107 ad
1021 3051 1497 3108 Gemmelacenses
1541 3061 1653 3107 tam
1691 3052 1834 3108 tristi
1865 3051 2080 3118 nuntio,

497 3141 758 3198 omnibus
787 3143 967 3213 palam
995 3142 1202 3198 factum
1225 3153 1309 3199 est
1344 3144 1516 3215 ipsius
1545 3143 1794 3198 veritatis
1839 3143 2085 3198 testimo-

495 3234 610 3302 nio,
639 3251 748 3306 qua
776 3236 1168 3305 pastoralitatis
1194 3232 1560 3292 sollicitudine
1583 3251 1774 3291 omnes
1791 3235 2078 3302 habuerat,

493 3341 604 3396 qua
655 3327 1002 3397 paternitatis
1049 3329 1336 3384 dulcedine
1383 3343 1578 3383 omnes
1631 3328 1922 3394 nutrierat,
1971 3342 2081 3398 qua

496 3416 749 3474 karitatis
798 3421 1158 3476 unanimitate
1203 3435 1398 3477 omnes
1450 3437 1481 3476 a
1528 3435 1698 3491 parvo
1756 3435 1932 3490 usque
2011 3419 2081 3475 ad

497 3526 758 3583 magnum
809 3513 914 3568 sibi
970 3513 1024 3568 in
1078 3512 1299 3570 Christo
1359 3513 1696 3570 devinxerat.
1750 3512 1886 3580 Quis
1933 3513 2080 3567 enim

493 3605 703 3674 poterit.
722 3605 925 3673 dicere,
953 3606 1082 3676 quis
1101 3607 1302 3662 dicenti
1332 3606 1535 3677 poterit
1557 3606 1816 3672 credere,
1839 3614 2080 3675 quantus

491 3695 622 3751 ilico
641 3697 888 3752 omnium
917 3695 1095 3754 laetus
1123 3699 1198 3755 sit
1229 3714 1552 3764 concursus,
1585 3706 1823 3768 quantus
1846 3695 2078 3752 fratrum

491 3790 820 3845 merentium
851 3788 1016 3844 fuerit
1037 3791 1238 3857 luctus,
1264 3799 1502 3860 quantus
1524 3805 1828 3859 pauperum
1849 3789 2076 3856 clamor,

491 3889 732 3950 quantus
759 3880 1090 3951 pupillorum
1112 3889 1167 3936 et
1188 3881 1478 3935 viduarum
1502 3881 1658 3935 dolor
1679 3880 1706 3934 ?
1728 3880 1811 3935 Ab
1831 3880 2078 3934 omnium

491 3986 587 4026 ore
612 3981 772 4027 sonat
803 3988 902 4041 pro
928 3973 1140 4028 collatis
1163 3973 1270 4028 sibi
1292 3973 1569 4028 beneﬁciis
1589 3973 1887 4044 gratiarum
1911 3975 2076 4040 actio,

490 4073 604 4118 tam
633 4064 724 4134 pia
755 4074 810 4120 et
839 4066 1168 4123 exaudibilis
1198 4083 1298 4136 pro
1328 4066 1674 4122 absolutione
1710 4067 1908 4124 animae
1955 4069 2077 4138 ejus

491 4156 562 4209 ab
591 4156 785 4212 amicis
831 4157 1037 4212 Christi
1073 4159 1143 4214 ad
1199 4159 1399 4215 cmlum
1433 4160 1828 4215 transmittitur
1873 4162 2071 4218 oratio.

490 4247 627 4314 Quis
670 4264 862 4304 eorum
911 4251 1006 4321 qui
1058 4260 1166 4308 tam
1231 4252 1558 4309 aﬂ‘ectuosas
1599 4252 1736 4308 vidit
1793 4254 2073 4324 exequias,

489 4339 638 4410 quis,
663 4357 820 4413 rogo,
863 4352 974 4397 tam
1025 4342 1163 4414 pias,
1219 4353 1328 4398 tam
1364 4345 1610 4411 meritas,
1657 4353 1769 4400 tam
1817 4343 2074 4416 profusas

489 4433 704 4492 dubitet
751 4435 922 4493 Deum
968 4446 1282 4510 acceptasse
1317 4438 1603 4504 lacrimas,
1621 4455 1761 4509 quas
1815 4455 1924 4493 non
1973 4453 2073 4492 ex-

2189 1953 2455 2024 regendas
2477 1970 2774 2026 puerorum
2824 1956 3005 2012 scolas
3053 1956 3316 2022 directus,
3340 1963 3396 2011 et
3429 1971 3529 2026 per
3566 1956 3765 2026 aliquot

2187 2063 2364 2102 annos
2403 2048 2460 2101 in
2505 2062 2726 2101 morum
2750 2047 3040 2103 honestate
3087 2047 3157 2103 ab
3191 2062 3259 2103 eo
3310 2047 3446 2102 satis
3481 2047 3760 2116 probatus,

2186 2151 2283 2207 per
2306 2137 2673 2192 interventum
2715 2137 2839 2207 ejus
2880 2137 2936 2191 in
2962 2136 3212 2192 Mettensi
3241 2135 3379 2192 urbe
3414 2135 3484 2190 ad
3530 2135 3759 2206 regimen

2185 2229 2419 2285 abbatiaa
2458 2230 2632 2285 sancti
2675 2227 2949 2285 Vincentii
3002 2227 3261 2300 martyris
3296 2235 3383 2282 est
3439 2235 3752 2297 promotus,

2185 2321 2332 2392 quod
2355 2337 2530 2391 usque
2555 2321 2622 2377 ad
2659 2321 2822 2376 linem
2862 2322 2988 2376 vita:
3027 2337 3141 2376 sua:
3173 2320 3378 2374 utiliter
3404 2327 3460 2374 et
3480 2317 3756 2373 laudabili-

2186 2421 2268 2467 ter
2329 2421 2414 2466 est
2440 2421 2722 2468 executus.
2755 2411 2975 2483 Mysacb
3025 2412 3095 2444 ⁷⁸⁷
3158 2421 3340 2466 autem
3400 2409 3571 2464 frater
3631 2409 3756 2478 ejus,

2183 2504 2348 2560 etiam
2384 2502 2611 2558 Virduni
2656 2502 2760 2558 sub
2809 2501 3087 2558 Ricbardo
3125 2501 3323 2556 abbate
3371 2500 3430 2554 in
3484 2498 3758 2570 gymnasio

2184 2593 2502 2648 monasticae
2561 2592 2869 2664 disciplinae
2915 2591 3240 2663 regulariter
3286 2589 3646 2657 exercitatus,
3673 2602 3756 2658 per

2183 2685 2446 2740 omniain
2481 2685 2684 2740 virtute
2719 2684 3042 2740 obedientiaa
3071 2683 3208 2738 satis
3236 2692 3322 2737 est
3370 2681 3655 2751 probatus.
3696 2678 3757 2732 At

2186 2787 2474 2849 postquam
2499 2777 2756 2832 inventus
2788 2785 2874 2832 est
2908 2775 3077 2831 etiam
3097 2790 3220 2830 esse
3244 2775 3460 2845 patiens
3494 2773 3752 2837 laborum,

2183 2867 2238 2927 et
2258 2880 2518 2927 strenuus
2549 2878 2604 2924 et
2633 2869 2877 2940 prudens
2914 2868 2970 2923 in
3009 2867 3370 2937 dispositione
3418 2863 3752 2920 ecclesiasti-

2185 2976 2374 3015 carum
2396 2960 2851 3026 rerum,domnus
2876 2960 3048 3016 abbas
3067 2957 3460 3013 Olbertuseum
3477 2972 3579 3012 suo
3610 2954 3749 3010 lateri

2184 3051 2858 3123 adjunctum,participem
2875 3050 3004 3106 fecit
3036 3045 3282 3105 omnium
3314 3063 3545 3118 Operum
3557 3055 3611 3101 et
3633 3059 3753 3100 con-

2185 3146 2436 3203 siliorum
2459 3142 2792 3201 suorum.Et
2804 3142 3068 3199 ordinans
3095 3156 3222 3197 eum
3262 3139 3370 3195 sibi
3396 3137 3752 3210 praepositum,

2185 3238 2466 3296 commisit
2491 3237 2614 3308 ejus
2641 3236 2943 3307 prudentia:
2987 3234 3258 3304 secundas
3290 3240 3478 3302 partes
3522 3230 3749 3286 omnim

2185 3344 2391 3384 rerum.
2424 3327 2482 3382 ln
2507 3327 2669 3397 cujus
2705 3325 3028 3382 obedientite
3067 3323 3390 3380 executione
3423 3330 3574 3377 tanta
3598 3317 3750 3390 viguit

2186 3423 2547 3493 subiectione,
2577 3431 2639 3476 ut
2665 3421 2814 3476 nulla
2844 3435 3088 3490 unquam
3108 3419 3362 3474 titillatus
3406 3417 3478 3472 sit
3503 3413 3749 3486 superbiat

2184 3511 2482 3566 inﬂatione.
2533 3509 2598 3564 Et
2625 3525 2721 3580 per
2741 3509 2946 3564 multos
2992 3523 3167 3563 annos
3215 3515 3330 3561 tam
3374 3504 3665 3576 prudenter
3699 3509 3746 3554 et

2184 3605 2389 3660 utiliter
2412 3603 2567 3670 vixit,
2604 3611 2667 3657 ut
2699 3610 2992 3672 postquam
3037 3608 3242 3657 sancta:
3279 3597 3562 3653 memoria:
3598 3594 3748 3649 abbas

2183 3697 2437 3754 Olbertus
2465 3697 2720 3751 humana:
2742 3703 2952 3750 naturae
2974 3692 3159 3759 cessit,
3183 3691 3370 3746 nullus
3391 3689 3441 3744 ei
3466 3688 3560 3758 qui
3584 3700 3746 3742 succe-

2182 3788 2564 3859 deretdignior
2590 3801 2658 3842 eo
2685 3786 2940 3840 inventus
2969 3783 3058 3839 sit.
3075 3782 3263 3853 Itaque
3289 3781 3320 3834 7
3356 3779 3623 3834 Kalendas
3647 3777 3743 3828 Au-

2182 3881 2328 3953 gusti
2373 3881 2602 3950 adeptus
2667 3877 2741 3910 "'
2785 3877 2967 3932 locum
3019 3873 3308 3945 regiminis
3369 3865 3740 3926 meclesiastici,

2181 3980 2536 4030 consecratus
2557 3979 2738 4026 autem
2765 3969 2796 4023 7
2845 3966 2973 4024 ldus
3011 3966 3272 4037 Augusti,
3299 3964 3608 4020 attendebat
3631 3960 3740 4015 dili.

2181 4065 2330 4136 genti
2365 4062 2622 4118 instantia
2653 4061 2758 4116 sibi
2799 4069 2854 4115 et
2883 4058 3056 4130 gregi.
3100 4055 3238 4111 Nam
3283 4054 3586 4111 secundum
3613 4049 3740 4122 quod

2180 4155 2464 4221 didicerat,
2515 4151 2839 4224 regulariter
2890 4158 2947 4205 et
2999 4148 3086 4219 pie
3143 4147 3387 4211 vivebat,
3443 4155 3498 4200 et
3567 4156 3739 4198 secun-

2179 4249 2310 4304 dum
2333 4245 2481 4318 quod
2509 4244 2724 4300 vivebat
2773 4243 2937 4298 etiam
2980 4241 3119 4296 alios
3149 4239 3334 4293 vivere
3378 4236 3621 4292 docebat.
3646 4230 3741 4284 Res

2178 4340 2439 4398 aecelesim
2471 4337 2771 4408 antiquitus
2795 4335 3086 4390 attributas
3110 4332 3192 4387 vel
3229 4339 3418 4401 postea
3463 4325 3739 4397 adquisitas

2178 4451 2279 4506 pro
2299 4442 2464 4503 captu
2493 4441 2548 4485 ct
2582 4445 2745 4501 posse
2792 4441 2895 4484 suo
2942 4428 2998 4482 in
3032 4424 3183 4480 nullo
3226 4437 3470 4493 unquam
3505 4416 3732 4490 neglexit,

489 4528 781 4598 torquebat
799 4530 983 4602 aliqua
1008 4531 1247 4587 carnalis
1269 4531 1574 4587 aﬂ‘eetionis
1606 4531 1924 4595 necessitas,
1978 4529 2073 4586 sed
2105 4531 2150 4590 D
2176 4543 2278 4582 nec
2323 4525 2533 4580 incuria
2581 4523 2666 4578 vel
2708 4521 2928 4577 inscitia
2970 4535 3071 4575 sua
3117 4534 3212 4574 eas
3259 4514 3537 4579 diminuit,
3588 4512 3736 4602 immo

486 4635 628 4690 quas
698 4623 950 4680 eliciebat
990 4625 1188 4695 placita
1240 4624 1352 4680 Deo
1397 4624 1699 4695 spiritualis
1761 4622 2073 4678 dilectionis

485 4713 698 4783 pietas?
726 4713 831 4781 Qui
860 4732 990 4788 ergo
1033 4725 1112 4772 tot
1140 4717 1358 4772 amicos,
1403 4717 1794 4772 conciliaverat
1849 4715 1954 4770 sibi
2004 4715 2070 4769 de

487 4805 796 4876 iniquitatis
828 4824 1161 4876 mammona,
1191 4815 1442 4882 receptus
1468 4819 1551 4866 est
1575 4809 1644 4864 ab
1665 4808 1748 4864 eis
1783 4808 1836 4861 in
1867 4817 2071 4862 aeterna

487 4897 855 4954 tabernacula.
883 4899 950 4954 Et
975 4901 1102 4970 quia
1123 4902 1262 4957 bene
1308 4901 1672 4968 ministravit,
1702 4899 1872 4972 gradu
1925 4893 2072 4954 bono

485 4989 769 5060 adquisito.
819 4990 923 5046 sibi
982 4991 1072 5058 7”,
1123 4993 1365 5048 ctelestis
1432 4993 1602 5048 curiae
1671 4991 1946 5062 ascriptus
1997 4991 2070 5022 ⁷⁸⁸

2175 4619 2291 4690 jugi
2325 4619 2510 4672 labore
2544 4625 2598 4670 ct
2644 4613 2925 4686 vigilantia
2966 4609 3372 4681 multiplicavit.
3417 4599 3732 4691 Adversariis

2178 4710 2438 4766 aecelcsize
2489 4709 2746 4763 audacter
2793 4720 3010 4776 semper
3052 4703 3278 4768 restitit,
3339 4696 3595 4770 stipendia
3636 4691 3732 4746 fra-

2172 4813 2316 4860 trum
2369 4802 2596 4856 lidcliter
2647 4800 2890 4864 adauxit,
2919 4805 2975 4854 et
3024 4811 3095 4851 ne
3137 4810 3236 4866 per
3276 4791 3492 4863 singula
3537 4794 3730 4843 curram

2174 4910 2312 4966 Opus
2340 4896 2430 4961 sit,
2469 4895 2702 4950 utilitate
2734 4888 3127 4948 aecclesiastica
3155 4887 3308 4942 intus
3353 4892 3410 4940 et
3438 4891 3584 4938 extra
3613 4871 3729 4931 nihil

2174 4989 2359 5044 carius
2386 5003 2630 5058 unquam
2653 4984 2866 5040 habuit.

894 5224 1733 5317 CONTINUATIO
1808 5221 2350 5316 AUCTORE
2426 5171 3366 5315 GODESCHALCOV

554 5399 644 5454 48.
671 5399 791 5470 Ipse
811 5400 889 5433 ⁷η
909 5398 1074 5454 etiam
1120 5408 1248 5454 ante
1292 5407 1348 5454 et
1395 5407 1551 5462 retro
1584 5397 1858 5464 oculatus,
1886 5397 2069 5454 sciens

485 5494 802 5551 interiorem
836 5493 1115 5548 hominem
1149 5493 1268 5549 sine
1293 5491 1551 5547 exteriori
1576 5507 1685 5546 non
1744 5507 1906 5562 posse
1929 5490 2064 5546 sub-

2177 5404 2391 5461 sistere,
2425 5410 2771 5467 quecumque
2795 5394 2848 5449 in
2875 5393 3092 5448 abbatia
3118 5391 3406 5446 invenerat
3421 5399 3473 5442 et
3499 5398 3608 5455 qua:
3627 5381 3722 5449 ipso

2173 5488 2512 5559 adquisierat
2544 5489 2599 5542 in
2627 5487 2766 5542 duas
2789 5494 2972 5558 partes
2993 5482 3266 5549 dividens,
3295 5481 3350 5535 in
3396 5480 3536 5534 victu
3554 5485 3601 5529 et
3644 5483 3718 5522 το·

1788 5623 2020 5678 VARIA’I
2062 5621 2466 5679 LECTIONES.

545 5717 618 5751 "'
652 5717 843 5773 Versus
865 5709 1050 5773 'rubro
1073 5728 1371 5774 atramento
1405 5719 1608 5786 scripti.
1682 5717 1752 5748 7"
1784 5735 1820 5770 ::

1877 5716 2000 5776 sibi.
2078 5715 2150 5747 ⁷⁸⁵
2171 5715 2444 5782 ascriptus
2469 5732 2504 5766 ει
2539 5713 2596 5765 d.

2746 5711 2818 5742 "‘
2848 5725 3006 5765 amen
3033 5727 3081 5765 ο.
3193 5709 3264 5744 ⁷³⁷
3298 5709 3461 5764 minio
3475 5704 3706 5773 strip!!!"-

482 5789 558 5826 "'
577 5797 692 5862 post
727 5790 954 5860 adeptus
987 5807 1198 5845 erasum
1219 5800 1302 5847 cst
1330 5808 1376 5844 c.
1455 5781 1525 5823 ⁷⁵⁶
1555 5789 1664 5844 alia
1708 5805 1863 5842 manu
1906 5789 2070 5860 pergit
2102 5786 2274 5857 prima
2311 5781 2451 5840 linea
2477 5784 2540 5838 in
2566 5781 2679 5837 loco
2713 5781 3090 5852 raso_scripta.
