3906 6316
215 397 305 455 629
1070 398 1266 453 GEST.
1302 399 1454 454 ABB.
1491 399 1741 457 GEMBL.
1776 429 1844 439 -
1869 353 2140 455 CON'fIN.
2181 400 2516 458 GODESCII.

3317 351 3423 454 σέο

214 510 329 565 stitu
355 507 573 563 fratrum
603 507 898 562 distribuit.
956 505 1287 563 Vestiarium
1311 511 1384 564 ita
1415 512 1742 580 composuit.
1774 512 1820 572 Α
1850 511 2077 566 salutem
2099 511 2378 577 aacclesiar,
2402 528 2502 566 nec
2525 511 2856 567 medicorum
2881 513 3141 568 auxilium
3164 513 3420 582 quesivito

211 599 436 668 Quinque
482 598 644 652 libras
669 613 1019 652 nummorum
1045 597 1101 652 in
1131 598 1256 653 villa
1279 599 1537 670 Templus
1577 601 1744 666 dicta,

210 698 257 743 et
282 697 380 742 tres
407 687 566 743 libras
589 687 641 740 in
664 688 791 742 villa
821 687 1084 755 Pheroth,
1120 699 1228 745 tres
1254 691 1421 746 libras
1451 699 1748 761 etquatuor

209 777 391 833 solidos
418 777 470 830 in
495 777 615 831 villa
649 776 872 844 Mannil,
924 788 1047 832 octo
1086 779 1289 834 solidos
1342 781 1410 835 de
1454 788 1595 835 terra
1639 780 1746 836 Fa-

207 869 358 923 stradi
384 868 436 921 in
459 868 582 922 villa
629 866 768 933 Niel,
818 869 871 922 in
903 869 1029 923 villa
1050 868 1306 926 Esnatica
1338 879 1394 926 et
1443 872 1742 943 municipio

206 959 349 1014 Eneis
378 960 636 1028 quosdam
662 959 872 1015 reditus
898 961 1170 1028 decrevit;
1201 962 1257 1016 in
1285 963 1411 1017 villa
1435 964 1601 1050 etiam
1623 979 1748 1036 quae

203 1052 390 1109 Castris
419 1054 616 1109 dicitur
638 1055 672 1108 4
720 1055 888 1111 libras
916 1057 1269 1112 denariorum
1308 1059 1588 1114 annuatim
1636 1068 1748 1116 sta-

203 1144 308 1208 tuit,
333 1159 393 1198 ea
421 1144 630 1199 ratione
667 1152 726 1198 ut
752 1161 864 1200 uno
892 1161 1038 1201 anno
1065 1147 1293 1218 pellicias
1337 1165 1369 1203 a
1401 1151 1749 1218 vestierario,

199 1244 245 1289 et
262 1235 416 1290 altero
441 1236 618 1306 pellici
643 1253 674 1291 a
700 1237 806 1293 loci
835 1240 1147 1308 praeposito,
1178 1249 1232 1295 et
1260 1242 1488 1297 cucullaa
1514 1250 1569 1298 et
1600 1244 1746 1298 tuni-

197 1341 264 1381 αθ
301 1323 551 1382 fratribus
577 1327 838 1384 darentur
883 1345 913 1384 a
940 1332 1264 1386 camerario.
1313 1331 1372 1388 in
1418 1334 1542 1389 villa
1579 1335 1743 1392 etiam

199 1418 329 1474 Turb
346 1420 506 1487 dicta,
536 1437 660 1491 qua:
681 1422 783 1476 sita
813 1432 896 1477 est
943 1423 996 1475 in
1020 1439 1157 1495 pago
1186 1424 1542 1482 Bracbantico
1581 1443 1746 1498 super

193 1525 370 1579 aquam
448 1527 571 1581 quae
630 1512 702 1566 ob
778 1512 1123 1568 dulcedinem
1178 1523 1234 1570 et
1281 1516 1583 1573 bonitatem
1655 1519 1743 1574 sui

193 1600 311 1656 Oilla
323 1601 464 1674 (896)
476 1604 544 1658 ab
561 1603 751 1659 incolis
766 1605 984 1674 dicitur,
998 1605 1338 1662 medietatem
1355 1609 1560 1666 reditus
1577 1613 1742 1668 totius

193 1693 310 1749 villa:
328 1695 643 1750 vestierario
663 1696 944 1768 delegavit.
969 1697 1100 1753 Post
1121 1700 1235 1755 haec
1259 1699 1558 1760 Balduinus
1585 1705 1743 1760 cleri-

190 1797 276 1839 cus
306 1783 617 1841 Sonciensis
639 1785 966 1842 fraternitati
992 1796 1195 1845 nostra:
1228 1791 1488 1859 sociatus,
1513 1793 1740 1849 alteram

1850 604 1945 658 sed
1977 604 2032 658 in
2055 603 2166 658 Deo
2193 605 2512 659 fiducialiter
2534 614 2537 617 ‘
2557 606 2812 673 speravit.
2852 604 2917 658 Et
2947 605 3075 659 dum
3119 606 3192 660 ita
3220 605 3420 660 bonam

1849 708 2074 762 operum
2119 709 2344 749 suorum
2393 695 2920 750 consummationem
2951 695 3217 765 patienter
3252 709 3420 764 expe-

1849 795 1990 852 ctat,
2049 803 2146 857 per
2200 787 2371 857 ipsius
2423 788 2694 857 patientia:
2748 787 3002 842 virtutem
3062 789 3258 842 bonam
3314 783 3420 843 sibi

1847 879 2371 934 consummationem
2414 889 2698 950 praeparat.
2746 878 3016 933 Excoctus
3057 893 3186 948 ergo
3220 877 3318 932 diu
3363 878 3418 931 in

1844 969 2062 1024 camino
2101 969 2466 1026 tribulationis
2510 979 2564 1025 et
2611 969 2963 1032 infirmitatis,
3012 978 3306 1038 postquam
3348 968 3420 1020 Ξῖ)

1845 1069 2020 1111 annos
2078 1056 2132 1111 in
2192 1057 2454 1127 regimine
2505 1057 2770 1125 explevit,
2821 1056 2856 1110 5
2920 1054 3064 1109 ldus.
3099 1052 3420 1108 Novembris

1846 1143 2087 1200 debitum
2113 1146 2273 1202 solvit
2303 1146 2660 1201 humanitatis
2685 1161 2828 1200 anno
2867 1144 2998 1200 1071
3039 1143 3272 1198 Domini.

2229 1235 2319 1289 DE
2353 1234 2708 1290 TIETMARO
2737 1234 3026 1289 ABBA'PE.

1918 1327 2004 1380 51.
2040 1325 2307 1382 Defuncto
2340 1327 2550 1383 Misach
2572 1325 2789 1393 abbate,
2825 1327 2919 1396 qui
2950 1333 3102 1395 pater
3123 1333 3234 1379 tam
3268 1339 3420 1378 ama-

1843 1418 1968 1474 bilis
2016 1427 2072 1474 et
2119 1419 2377 1475 accclesize
2421 1417 2516 1474 Dei
2565 1427 2677 1474 tam
2734 1418 2883 1474 utilis
2931 1417 3137 1484 fuerat,
3185 1417 3418 1471 multum

1845 1510 2078 1566 meroris
2110 1519 2164 1566 et
2196 1510 2578 1566 sollicitudinis
2611 1509 3098 1567 Gemblacensibus
3137 1523 3417 1564 remanse-

1843 1610 1946 1657 rat.
1973 1602 2152 1660 Meror
2178 1611 2295 1658 erat
2317 1603 2384 1659 de
2414 1603 2554 1658 tanti
2588 1606 2828 1673 pastoris
2862 1600 3181 1668 amissione,
3212 1599 3419 1656 sollici-

1841 1695 1992 1763 tudo,
2041 1710 2111 1752 ne
2141 1695 2193 1752 ei
2225 1695 2541 1772 succederet
2566 1695 2662 1766 qui
2700 1701 3028 1766 congregata
3063 1692 3418 1763 dispergeret,

1843 1787 2221 1862 dispersanon
2248 1771 2621 1859 congregaret.
2646 1785 2751 1842 Sed
2781 1783 3204 1842 misericorditer
3223 1797 3422 1839 conso-

190 1875 528 1944 medietatem,
574 1893 697 1947 quae
735 1878 785 1932 ei
811 1878 934 1948 jure
955 1881 1268 1950 patrimonii
1290 1885 1648 1954 competebat,
1673 1887 1744 1944 ob
1776 1860 1819 1915 Β
1845 1880 1988 1935 latus
2009 1860 2214 1936 esteos
2233 1879 2376 1935 Deus
2397 1887 2552 1950 pater
2597 1877 3120 1943 misericordlarum,
3155 1875 3294 1930 dans
3337 1873 3419 1929 eis

189 1965 386 2021 salutet:
419 1968 614 2023 anima:
639 1985 753 2023 suae
778 1969 994 2039 adjecit.
1022 1969 1225 2027 Statuit
1250 1974 1436 2040 etiam,
1471 1985 1529 2030 ut
1554 1992 1740 2034 came-

189 2057 347 2112 rarius
368 2073 460 2126 per
484 2075 544 2114 se
573 2060 836 2128 villicum,
869 2061 1220 2120 investituras
1251 2074 1307 2120 et
1327 2067 1525 2136 placita
1545 2069 1743 2126 habeat

185 2145 413 2202 villarum
444 2151 548 2204 sub
585 2167 645 2206 se
665 2152 998 2223 degentium.
1049 2154 1344 2212 Cellerario
1394 2159 1462 2214 ad
1493 2161 1740 2232 saginam

184 2237 586 2305 comparandam
616 2249 834 2294 centum
861 2242 1065 2298 solidos
1095 2244 1350 2300 instituit.
1382 2247 1464 2301 Ad
1486 2251 1740 2307 utensilia

184 2328 525 2396 comparanda
555 2329 918 2400 ofﬁcinarum,
951 2334 1057 2390 hoc
1076 2344 1160 2390 est
1186 2337 1455 2407 coquinae,
1497 2340 1737 2410 pistrini,

183 2419 382 2486 cambaa,
412 2421 675 2492 granarii,
709 2423 928 2495 triginta
959 2426 1161 2482 solidos
1183 2429 1250 2484 de
1290 2445 1456 2486 censu
1497 2433 1740 2488 cortilio-

180 2523 287 2562 rum
312 2512 592 2565 annuatim
614 2512 732 2566 dari
747 2515 991 2579 censuit;
1015 2516 1256 2573 decimas
1277 2517 1385 2574 feni
1405 2521 1549 2576 unde
1569 2521 1738 2578 boves

180 2613 294 2654 suos
323 2601 486 2656 aleret
528 2603 716 2657 dedit:
751 2606 1097 2673 praebendam
1129 2617 1182 2662 et
1215 2609 1432 2666 calceos
1488 2613 1728 2670 bubulco

176 2691 256 2759 qui
312 2693 450 2763 ligna
517 2695 590 2749 de
641 2696 777 2751 silva
828 2713 923 2767 per
967 2699 1212 2771 singulos
1253 2703 1372 2758 dies
1442 2705 1737 2763 adduceret

177 2783 436 2839 stabilivit:
491 2787 717 2841 hortum
781 2789 847 2843 ad
906 2790 1094 2845 holera
1149 2792 1417 2862 facienda,
1473 2797 1737 2854 bubulca-

175 2876 293 2930 riarl
333 2887 537 2934 cortem
574 2895 700 2935 cum
743 2882 960 2936 cortilio
1005 2883 1243 2941 bubulco
1280 2886 1566 2958 delegavit.
1608 2889 1735 2946 Haac

174 2969 333 3023 omnia
361 2971 460 3026 sub
510 2987 650 3026 cura
695 2973 960 3028 cellerarii
1008 2984 1294 3043 statuens,
1338 2995 1585 3036 mensam
1631 2981 1736 3038 fra-

174 3067 297 3114 trum
343 3063 443 3117 sub
493 3063 620 3132 ejus
690 3080 821 3119 cura
878 3068 1181 3123 constituit.
1232 3067 1418 3140 Itaque
1487 3087 1683 3142 panem
1715 3116 1730 3142 ,

175 3151 406 3208 librarum
457 3156 736 3222 duarum;
787 3157 1058 3228 legumen,
1107 3161 1374 3229 pisorum,
1425 3179 1521 3219 seu
1567 3164 1724 3222 fabae.

173 3243 241 3298 Ad
292 3247 622 3316 emptionem
673 3249 898 3303 secundi
955 3250 1220 3319 pulmenti
1245 3293 1261 3318 ,
1316 3267 1547 3308 ovorum
1573 3295 1591 3323 ,
1638 3271 1732 3312 ca-

171 3335 256 3401 sei,
281 3352 370 3391 seu
417 3337 658 3407 piscium
689 3339 877 3394 decem
907 3349 962 3396 et
1009 3350 1134 3397 octo
1181 3341 1436 3401 denarios
1464 3362 1561 3416 per
1613 3347 1730 3404 dies

178 3427 417 3499 singulos.
456 3431 501 3482 A
532 3427 796 3486 Kalendis
824 3431 1076 3489 Octobris
1101 3449 1274 3504 usque
1297 3436 1363 3491 ad
1396 3437 1728 3495 dominicam

170 3526 565 3593 septuagesima:
595 3526 815 3581 tertium
867 3526 1208 3595 pulmentum
1258 3527 1552 3584 herbarum
1595 3531 1727 3586 hor-

169 3614 399 3682 tensium,
439 3618 626 3688 justas
673 3619 812 3674 duas
865 3617 1094 3674 cervicae
1147 3617 1360 3687 diatim,
1411 3637 1726 3678 mensuram

167 3705 262 3760 vini
315 3723 406 3779 per
441 3711 693 3781 singulos
731 3718 971 3780 quatuor
1021 3711 1215 3766 diebus
1235 3711 1554 3770 ebdomadis
1600 3730 1728 3771 cum

168 3796 376 3856 karitate
403 3804 656 3871 sabbati;
688 3804 988 3874 paximates
1011 3805 1389 3877 similagineos
1416 3808 1472 3862 in
1516 3809 1727 3866 duode-

166 3891 258 3945 cim
297 3896 592 3966 pmcipuis
616 3897 1113 3967 sollempnitatibus
1160 3899 1290 3952 anni
1326 3899 1460 3955 hora
1490 3903 1726 3972 prandii,

167 3982 420 4051 placentas
449 3996 504 4042 et
530 3986 743 4043 oblatas
791 4004 916 4042 cum
959 3987 1082 4043 aliis
1137 3988 1377 4046 bellariis
1426 3991 1492 4047 ad
1535 4007 1727 4048 cenam

167 4077 554 4136 amministrare
577 4080 850 4150 praecepit.
887 4078 1024 4136 Cras
1050 4079 1277 4135 forsitan
1310 4083 1452 4138 dicet
1502 4085 1723 4155 aliquis,

165 4166 460 4232 qualitatem
496 4170 842 4240 perpendens
888 4171 1173 4240 praesentis
1215 4173 1513 4241 temporis:
1587 4174 1723 4229 Fal-

165 4272 266 4311 sum
285 4270 380 4327 est,
411 4262 556 4332 quod
595 4262 680 4315 hic
702 4262 929 4333 legitur;
971 4279 1237 4334 nunquam
1262 4265 1358 4318 tali
1417 4266 1592 4320 seculo
1641 4269 1725 4322 usi

165 4358 271 4401 sunt
305 4353 549 4406 monachi
601 4352 751 4406 illius
802 4355 1075 4423 temporis.
1129 4352 1244 4410 Scit
1282 4355 1446 4423 Deus,
1495 4358 1590 4428 qui
1641 4366 1726 4414 est

165 4453 358 4498 summa
411 4444 640 4511 veritas,
678 4445 806 4514 quia
835 4445 982 4514 quod
1012 4445 1122 4501 vidl
1175 4446 1392 4517 scripsi,
1433 4457 1488 4503 et
1544 4450 1722 4506 adhuc

165 4543 441 4600 supersunt
463 4544 634 4590 testes
666 4535 848 4590 idonei
878 4536 970 4590 ⁷⁸⁸.

218 4625 299 4680 49.
326 4628 548 4683 Addidit
576 4629 860 4683 annuatim
899 4629 1156 4685 aacclesize
1181 4631 1392 4686 custodi
1417 4633 1492 4686 ευ
1515 4633 1720 4693 solidos

162 4730 492 4774 nummorum
522 4719 590 4775 ad
620 4721 1017 4790 coemptionem
1040 4721 1172 4788 vini,
1195 4738 1261 4776 ex
1283 4724 1471 4793 quo'm
1497 4725 1728 4782 cotidia-

161 4821 278 4861 num
301 4809 481 4866 missae
540 4811 869 4867 sacrificium
902 4820 1116 4881 oportet
1141 4813 1420 4868 celebrari.
1456 4814 1536 4869 Ad
1562 4816 1722 4870 anni-

162 4903 438 4957 versariam
464 4903 608 4958 diem
636 4920 750 4958 sua:
790 4903 1146 4973 depositionis
1191 4904 1475 4960 constituit
1508 4922 1724 4960 annua-

159 4988 248 5044 tim
288 4992 403 5048 dari
452 4993 716 5049 fratribus
758 4996 791 5050 8
832 4995 1135 5050 solidorum
1186 4995 1500 5064 karitatem,
1549 4998 1723 5068 gratia

163 5081 253 5148 piae
295 5087 702 5142 recordationis.
747 5086 805 5141 ln
836 5087 1099 5142 memoria
1150 5095 1350 5142 aeterna
1391 5089 1495 5145 erit
1545 5089 1724 5145 bonus

161 5171 510 5246 dispensator,
551 5181 620 5235 ab
643 5181 921 5236 auditione
968 5181 1111 5236 mala
1161 5199 1269 5236 non
1318 5183 1550 5250 timebit,
1594 5182 1720 5252 quia

163 5277 275 5332 Spes
301 5268 418 5337 ejus
448 5285 663 5340 semper
688 5271 742 5325 in
779 5271 1012 5326 Domino
1040 5270 1161 5326 fuit.

223 5355 307 5412 50.
340 5357 543 5416 Ultima
565 5370 704 5417 etate
727 5363 990 5434 egrotavit
1009 5363 1196 5418 dolore
1218 5363 1415 5432 pedum
1439 5365 1723 5420 vehemen-

161 5447 390 5517 tissime,
448 5454 542 5510 sed
590 5470 688 5510 nec
740 5455 795 5510 in
858 5456 974 5526 ipsa
1038 5455 1352 5511 infirmitate
1409 5458 1725 5528 neglegebat

1841 1985 1906 2024 ex
1931 1968 2122 2024 eodem
2146 1970 2374 2025 cenobio
2397 1969 2648 2025 abbatem
2692 1968 2912 2024 nomine
2938 1967 3294 2021 'l‘ietmarum-.
3319 1963 3420 2020 Hic

1844 2077 1940 2131 per
1978 2063 2164 2117 omnia
2229 2077 2465 2133 sequens
2528 2062 2758 2133 vestigia
2819 2059 3239 2132 praedecessoris
3308 2058 3417 2124 sui,

1841 2153 2063 2209 adauxit
2089 2155 2271 2224 potius
2291 2169 2455 2224 quam
2479 2155 2676 2210 minuit
2695 2153 3056 2210 substantiam
3077 2151 3416 2208 monasterii.

1841 2245 1943 2312 Qui
1983 2247 2114 2302 dum
2158 2246 2493 2316 temporibus
2541 2244 2764 2300 antefati
2803 2244 3015 2301 abbatis
3055 2252 3244 2300 custos
3276 2254 3421 2300 esset

1840 2340 2124 2403 :ecclesiaa.
2180 2339 2467 2394 ambonem
2515 2337 2778 2409 evangelii
2824 2346 2879 2393 et
2935 2336 3194 2392 feretrum
3243 2337 3419 2392 sancti

1843 2429 2099 2500 Exuperii
2133 2447 2268 2486 auro
2287 2440 2339 2486 et
2361 2439 2584 2502 argento
2610 2430 2848 2497 vestivit,
2891 2437 2946 2485 et
2988 2444 3151 2500 opere
3183 2427 3420 2499 anaglifo

1839 2522 2133 2578 decoravit.
2167 2522 2304 2579 Huic
2333 2524 2560 2595 gloriam
2605 2523 2794 2578 mundi
2822 2521 3047 2593 fugienti
3084 2529 3139 2576 et
3179 2536 3416 2591 pauper-

1839 2624 2002 2671 tatem
2031 2615 2234 2673 Christi
2291 2617 2348 2671 in
2376 2617 2633 2672 omnibus
2657 2616 2926 2686 sequenti,
2960 2615 3223 2685 praedium
3269 2613 3416 2670 Huc-

1837 2707 1977 2763 berti
2014 2710 2226 2776 clerici,
2275 2709 2371 2779 qui
2406 2718 2650 2780 apostata
2684 2709 2864 2764 dictus
2885 2707 3082 2774 fuerat,
3119 2715 3418 2764 conventus
3452 2737 3465 2750 -

1838 2801 2068 2856 fratrum
2095 2801 2544 2857 indominicatum
2567 2800 2730 2855 dedit.
2756 2799 2875 2870 lpse
2895 2799 3156 2854 fratribus
3177 2797 3418 2853 fraterna

1836 2901 1891 2948 et
1931 2902 2155 2963 paterna
2190 2893 2562 2950 vicissitudine
2586 2909 2654 2947 ex
2686 2893 2952 2948 reditibus
2979 2892 3098 2962 ejus
3127 2890 3317 2962 ιιι-ειξὰἱί
3348 2889 3437 2946 50

1837 2985 2041 3040 solidos
2075 2985 2378 3051 redonavit,
2417 3001 2481 3040 ea
2513 2985 2825 3041 conditione
2849 2993 2910 3039 ut
2937 3001 2968 3040 a
2996 3000 3055 3040 se
3101 2991 3156 3041 et
3197 2997 3417 3039 succes—

1836 3071 2054 3126 soribus
2101 3070 2216 3126 suis
2263 3071 2544 3124 annuatim
2590 3070 2657 3124 ad
2708 3085 2842 3126 usus
2883 3069 3115 3124 fratrum
3171 3069 3227 3124 in
3263 3067 3416 3124 festis

1836 3161 2124 3233 praecipuis
2145 3160 2255 3215 duo
2277 3161 2435 3216 solidi
2456 3161 2718 3216 darentur
2735 3160 2791 3214 in
2806 3161 3134 3230 emptionem
3158 3159 3410 3230 piscium.

1903 3253 1991 3308 52.
2015 3252 2123 3309 Iste
2155 3261 2310 3323 pater
2329 3269 2423 3323 per
2455 3268 2650 3307 manus
2669 3251 2855 3307 domui
2877 3250 3113 3306 Lietardi
3139 3251 3414 3322 praepositi

1833 3345 1918 3401 sui
1960 3345 2188 3416 criptam
2231 3345 2286 3400 in
2336 3345 2542 3400 honore
2587 3351 2790 3400 sanctae
2821 3342 2916 3399 Dei
2958 3341 3238 3414 genitricis
3280 3355 3414 3397 con-

1832 3439 2052 3506 struxit,
2077 3446 2132 3494 et
2166 3436 2468 3495 cancellum
2513 3436 2702 3492 altaris
2732 3435 2906 3492 sancti
2933 3435 3080 3492 Petri
3108 3450 3176 3491 ex
3217 3434 3412 3492 humili

1831 3537 1886 3583 et
1913 3544 2080 3600 parvo
2100 3528 2155 3584 in
2185 3544 2248 3584 ea
2270 3527 2446 3583 forma
2474 3543 2583 3598 qua
2618 3543 2765 3582 nunc
2788 3528 3031 3584 cernitur
3061 3525 3408 3593 reformavit;

1832 3620 2192 3688 infirmorum,
2217 3619 2508 3685 infantum,
2537 3619 2812 3690 hospitum
2835 3635 3245 3690 pauperumque
3261 3635 3408 3674 sem-

1830 3727 1926 3782 per
1969 3727 2157 3768 curam
2203 3710 2624 3781 praecordialiter
2658 3709 2876 3777 habuit;
2918 3709 3262 3780 prabendam
3297 3707 3410 3767 fra-

1829 3812 1974 3857 trum
2002 3803 2056 3858 si.
2081 3817 2188 3858 non
2219 3799 2461 3868 adauxit,
2493 3800 2549 3854 in
2567 3799 2736 3856 'nullo
2763 3799 3038 3865 diminuit,
3069 3798 3164 3854 sed
3193 3799 3405 3864 vinum,

1829 3896 2028 3966 pisces,
2061 3895 2297 3951 similam
2341 3891 2677 3962 temporibus
2719 3891 3121 3948 statutisomni
3167 3898 3409 3960 tempore

1828 3988 1954 4042 vita:
1990 4003 2103 4043 suae
2146 3987 2353 4057 absque
2392 3985 2501 4042 ulla
2529 3985 2912 4040 retractatione
2951 3982 3406 4040 subministravit.

1897 4079 1986 4135 53.
2019 4079 2232 4134 Franco
2273 4078 2431 4134 miles
2472 4093 2641 4147 nepos
2663 4076 2782 4146 ejus
2821 4075 3147 4147 cognomine
3185 4073 3406 4145 Longus

1825 4170 1894 4226 de
1926 4170 2051 4225 vilia
2081 4169 2232 4224 Lirul
2263 4169 2407 4225 dicta
2454 4169 2620 4227 ﬁliam
2663 4167 2826 4222 villici
2856 4166 3146 4222 Albcronis
3190 4163 3246 4218 in
3275 4179 3409 4220 con—

1824 4263 2036 4334 jugium
2066 4263 2271 4334 accepit
2295 4271 2348 4318 et
2380 4263 2450 4318 ab
2494 4261 2708 4329 abbate,
2751 4269 2935 4330 utpote
2972 4276 3003 4314 a
3032 4267 3254 4330 parente
3279 4273 3402 4324 suo,

1831 4355 2142 4412 molendino
2186 4355 2240 4410 in
2291 4355 2586 4425 municipio
2629 4353 2791 4410 Eneis
2848 4353 2955 4407 sito
2986 4351 3110 4422 jure
3159 4349 3406 4406 beneficii

1829 4455 2169 4513 muneratur,
2207 4447 2309 4501 hac
2333 4446 2562 4511 ratione,
2606 4453 2663 4499 ut
2689 4443 2947 4514 quamdiu
2990 4442 3107 4510 ipse
3149 4450 3216 4497 et.
3251 4440 3411 4494 heres

1753 4567 1804 4626 υ
1829 4539 1950 4610 ejus
1976 4539 2240 4605 viverent,
2269 4539 2372 4591 hoc
2398 4535 2724 4602 fruerentur,
2751 4543 2806 4589 et
2841 4534 2887 4588 si
2924 4533 3043 4590 vita-
3063 4531 3404 4596 decederent,

1828 4629 2162 4687 monasterio
2192 4628 2589 4684 restitueretur.
2627 4624 2772 4680 Infra
2809 4623 3244 4694 quinquennium
3275 4638 3407 4694 ergo

1831 4723 2000 4777 tribu:
2033 4719 2216 4776 liberis
2255 4735 2322 4774 ex
2347 4719 2428 4773 eis
2451 4716 2770 4788 procreatis,
2795 4715 3008 4770 Franco
3053 4715 3195 4785 apud
3229 4714 3408 4770 Distre

1827 4814 1884 4869 in
1922 4813 2061 4868 bello
2089 4811 2393 4882 perimitur,
2446 4817 2500 4864 et
2529 4808 2596 4862 ab
2625 4807 2816 4863 amicis
2851 4807 3075 4873 relatus,
3129 4807 3185 4860 in
3235 4807 3408 4878 cymi-

1827 4905 1966 4961 terie
1992 4903 2422 4962 Gemmelacensi
2445 4917 2570 4959 cum
2609 4901 2795 4956 multis
2834 4899 3075 4958 lacrimis
3123 4899 3402 4970 sepelitur.

1826 4997 1951 5052 Filii
1984 4995 2148 5051 etiam
2201 4995 2340 5065 ejus,
2394 5002 2520 5048 ante
2554 5000 2784 5047 mortem
2834 4991 2904 5023 ⁷⁶¹
2950 4991 3122 5060 patris
3167 4999 3222 5044 et
3258 4998 3402 5059 post,

1829 5087 2109 5143 hominem
2145 5094 2370 5141 exuunt.
2403 5083 2499 5140 His
2530 5085 2604 5140 ita
2631 5082 3038 5150 decedentibus,
3074 5081 3244 5136 abbas
3286 5095 3410 5150 qua:

1826 5181 2049 5236 dederat
2095 5177 2307 5248 repetit,
2355 5185 2438 5234 set
2486 5177 2642 5231 aliter
2695 5190 2858 5245 quam
2905 5173 3157 5244 sperabat
3203 5172 3402 5226 evenit.

1828 5272 2151 5328 Reinfredus
2189 5271 2335 5327 enim
2383 5271 2540 5326 miles
2571 5268 2843 5324 Mafiensis
2889 5264 3122 5322 conubio
3164 5264 3408 5319 sociatus

1825 5366 2028 5421 relicta:
2057 5364 2376 5430 Franconis,
2411 5363 2594 5418 omnia
2639 5377 2762 5432 quae
2793 5361 2913 5430 ejus
2948 5359 3184 5423 fuerant,
3239 5355 3404 5410 anni-

1826 5465 1974 5512 tcntc
2010 5465 2064 5512 ct
2108 5457 2399 5528 adjuvante
2429 5455 2693 5510 Alberone
2735 5451 2936 5518 villico,
2979 5451 3103 5520 jure
3131 5447 3405 5520 conjugali

1409 5549 1638 5602 VARUE
1667 5548 2067 5608 LECTIONES.

220 5627 286 5662 ⁷⁸⁸
311 5633 432 5688 Alio
463 5645 688 5708 tempore
708 5641 888 5695 eadem
912 5656 1099 5696 manus
1121 5642 1312 5713 pergit.
1389 5640 1457 5674 ’⁸⁸
1486 5657 1550 5698 cx
1575 5657 1686 5712 quo
1707 5659 1734 5695 ε
1758 5659 1894 5697 corr.
1973 5643 2045 5674 ⁷⁸³
2081 5643 2390 5713 sequebatur
2415 5638 2586 5709 primo
2607 5635 2725 5705 ejus
2747 5648 2867 5687 mox
2887 5649 3099 5691 erasum

1639 5733 1867 5790 NOTAE.

229 5810 372 5883 (896)
399 5815 436 5871 l.
466 5834 514 5873 e.
541 5821 737 5877 oleum.
