  <div class='ocr_page' id='page_1' title='image "/cluster/home/n/w/nwhite01/storage/ocr_20150623/160/hvd.32044015473846/317.png"; bbox 0 0 3906 6316; ppageno 0'>
   <div class='ocr_carea' id='block_1_1' title="bbox 522 346 629 401">
    <p class='ocr_par' dir='ltr' id='par_1_1' title="bbox 522 346 629 401">
     <span class='ocr_line' id='line_1_1' title="bbox 522 346 629 401; baseline 0 0"><span class='ocrx_word' id='word_1_1' title='bbox 522 346 629 401; x_wconf 71' lang='grc' dir='ltr'><strong>οὖΐ</strong></span> 
     </span>
    </p>
   </div>
   <div class='ocr_carea' id='block_1_2' title="bbox 1691 343 3713 412">
    <p class='ocr_par' dir='ltr' id='par_1_2' title="bbox 1691 343 3713 412">
     <span class='ocr_line' id='line_1_2' title="bbox 1691 343 3713 412; baseline -0.001 -6"><span class='ocrx_word' id='word_1_2' title='bbox 1691 345 2053 406; x_wconf 66' lang='grc' dir='ltr'><strong>ςιρεθειιτι</strong></span> <span class='ocrx_word' id='word_1_3' title='bbox 2085 343 2609 404; x_wconf 72' lang='lat' dir='ltr'><strong>GEMBLACENSIS</strong></span> <span class='ocrx_word' id='word_1_4' title='bbox 3115 368 3123 375; x_wconf 76' lang='grc'><em>’</em></span> <span class='ocrx_word' id='word_1_5' title='bbox 3440 344 3452 351; x_wconf 69' lang='grc'>’</span> <span class='ocrx_word' id='word_1_6' title='bbox 3630 352 3713 412; x_wconf 63' lang='grc'><strong>62</strong></span> 
     </span>
    </p>
   </div>
   <div class='ocr_carea' id='block_1_3' title="bbox 522 462 3715 536">
    <p class='ocr_par' dir='ltr' id='par_1_3' title="bbox 522 462 3715 536">
     <span class='ocr_line' id='line_1_3' title="bbox 522 462 3715 536; baseline 0.003 -19"><span class='ocrx_word' id='word_1_7' title='bbox 522 470 773 532; x_wconf 83' lang='lat' dir='ltr'><strong>occupat.</strong></span> <span class='ocrx_word' id='word_1_8' title='bbox 800 462 984 521; x_wconf 75' lang='lat' dir='ltr'><strong>Abbas</strong></span> <span class='ocrx_word' id='word_1_9' title='bbox 1008 472 1067 521; x_wconf 89' lang='lat' dir='ltr'><strong>et</strong></span> <span class='ocrx_word' id='word_1_10' title='bbox 1089 474 1343 535; x_wconf 60' lang='lat' dir='ltr'><strong>perennis</strong></span> <span class='ocrx_word' id='word_1_11' title='bbox 1372 464 1670 521; x_wconf 80' lang='lat' dir='ltr'><strong>Franeonis</strong></span> <span class='ocrx_word' id='word_1_12' title='bbox 1714 480 1878 534; x_wconf 83' lang='lat' dir='ltr'><strong>super</strong></span> <span class='ocrx_word' id='word_1_13' title='bbox 1907 464 2012 519; x_wconf 86' lang='lat' dir='ltr'><strong>hac</strong></span> <span class='ocrx_word' id='word_1_14' title='bbox 2038 476 2101 517; x_wconf 91' lang='lat' dir='ltr'><strong>re</strong></span> <span class='ocrx_word' id='word_1_15' title='bbox 2123 465 2177 526; x_wconf 76' lang='grc' dir='ltr'>Α</span> <span class='ocrx_word' id='word_1_16' title='bbox 2204 472 2532 520; x_wconf 89' lang='lat' dir='ltr'><strong>conventum</strong></span> <span class='ocrx_word' id='word_1_17' title='bbox 2566 480 2658 521; x_wconf 87' lang='lat' dir='ltr'><strong>res</strong></span> <span class='ocrx_word' id='word_1_18' title='bbox 2683 462 2946 529; x_wconf 73' lang='lat' dir='ltr'><strong>defertur,</strong></span> <span class='ocrx_word' id='word_1_19' title='bbox 2976 462 3231 520; x_wconf 86' lang='lat' dir='ltr'><strong>instinctu</strong></span> <span class='ocrx_word' id='word_1_20' title='bbox 3261 464 3523 536; x_wconf 84' lang='lat' dir='ltr'><strong>majorum</strong></span> <span class='ocrx_word' id='word_1_21' title='bbox 3555 465 3715 526; x_wconf 71' lang='lat' dir='ltr'><strong>Albam</strong></span> 
     </span>
    </p>
   </div>
   <div class='ocr_carea' id='block_1_4' title="bbox 521 552 2099 627">
    <p class='ocr_par' dir='ltr' id='par_1_4' title="bbox 521 552 2099 627">
     <span class='ocr_line' id='line_1_4' title="bbox 521 552 2099 627; baseline 0.003 -20"><span class='ocrx_word' id='word_1_22' title='bbox 521 552 809 624; x_wconf 74' lang='lat' dir='ltr'><strong>indignati,</strong></span> <span class='ocrx_word' id='word_1_23' title='bbox 837 553 1189 611; x_wconf 77' lang='lat' dir='ltr'><strong>Reinfredum</strong></span> <span class='ocrx_word' id='word_1_24' title='bbox 1212 556 1601 627; x_wconf 81' lang='lat' dir='ltr'><strong>aggrediuntur</strong></span> <span class='ocrx_word' id='word_1_25' title='bbox 1627 554 1683 609; x_wconf 90' lang='lat' dir='ltr'><strong>in</strong></span> <span class='ocrx_word' id='word_1_26' title='bbox 1706 555 1908 625; x_wconf 88' lang='lat' dir='ltr'><strong>placito</strong></span> <span class='ocrx_word' id='word_1_27' title='bbox 1933 571 2099 625; x_wconf 86' lang='lat' dir='ltr'><strong>gene-</strong></span> 
     </span>
    </p>
   </div>
   <div class='ocr_carea' id='block_1_5' title="bbox 518 636 2097 719">
    <p class='ocr_par' dir='ltr' id='par_1_5' title="bbox 518 636 2097 719">
     <span class='ocr_line' id='line_1_5' title="bbox 518 636 2097 719; baseline 0.003 -21"><span class='ocrx_word' id='word_1_28' title='bbox 518 644 653 711; x_wconf 86' lang='lat' dir='ltr'><strong>rali;</strong></span> <span class='ocrx_word' id='word_1_29' title='bbox 688 654 772 700; x_wconf 89' lang='lat' dir='ltr'><strong>set</strong></span> <span class='ocrx_word' id='word_1_30' title='bbox 801 661 967 702; x_wconf 80' lang='lat' dir='ltr'><strong>socer</strong></span> <span class='ocrx_word' id='word_1_31' title='bbox 988 648 1189 703; x_wconf 79' lang='lat' dir='ltr'><strong>Albero</strong></span> <span class='ocrx_word' id='word_1_32' title='bbox 1210 663 1470 719; x_wconf 82' lang='lat' dir='ltr'><strong>generum</strong></span> <span class='ocrx_word' id='word_1_33' title='bbox 1500 663 1599 718; x_wconf 90' lang='lat' dir='ltr'><strong>per</strong></span> <span class='ocrx_word' id='word_1_34' title='bbox 1625 636 1809 703; x_wconf 85' lang='lat' dir='ltr'><strong>omnia</strong></span> <span class='ocrx_word' id='word_1_35' title='bbox 1836 646 2097 703; x_wconf 83' lang='lat' dir='ltr'><strong>defendit.</strong></span> 
     </span>
    </p>
   </div>
   <div class='ocr_carea' id='block_1_6' title="bbox 518 732 2105 810">
    <p class='ocr_par' dir='ltr' id='par_1_6' title="bbox 518 732 2105 810">
     <span class='ocr_line' id='line_1_6' title="bbox 518 732 2105 810; baseline 0.004 -22"><span class='ocrx_word' id='word_1_36' title='bbox 518 732 647 790; x_wconf 74' lang='lat' dir='ltr'><strong>Haec</strong></span> <span class='ocrx_word' id='word_1_37' title='bbox 680 752 768 791; x_wconf 87' lang='lat' dir='ltr'><strong>res</strong></span> <span class='ocrx_word' id='word_1_38' title='bbox 797 738 888 792; x_wconf 90' lang='lat' dir='ltr'><strong>diu</strong></span> <span class='ocrx_word' id='word_1_39' title='bbox 920 748 1193 807; x_wconf 86' lang='lat' dir='ltr'><strong>protracta</strong></span> <span class='ocrx_word' id='word_1_40' title='bbox 1226 740 1295 795; x_wconf 90' lang='lat' dir='ltr'><strong>ad</strong></span> <span class='ocrx_word' id='word_1_41' title='bbox 1341 739 1674 795; x_wconf 74' lang='lat' dir='ltr'><strong>audientiam</strong></span> <span class='ocrx_word' id='word_1_42' title='bbox 1715 739 1961 810; x_wconf 85' lang='lat' dir='ltr'><strong>pervenit</strong></span> <span class='ocrx_word' id='word_1_43' title='bbox 1987 740 2105 809; x_wconf 86' lang='lat' dir='ltr'><strong>epi—</strong></span> 
     </span>
    </p>
   </div>
   <div class='ocr_carea' id='block_1_7' title="bbox 517 824 2106 896">
    <p class='ocr_par' dir='ltr' id='par_1_7' title="bbox 517 824 2106 896">
     <span class='ocr_line' id='line_1_7' title="bbox 517 824 2106 896; baseline 0.006 -17"><span class='ocrx_word' id='word_1_44' title='bbox 517 826 673 896; x_wconf 83' lang='lat' dir='ltr'><strong>scopi</strong></span> <span class='ocrx_word' id='word_1_45' title='bbox 726 824 968 883; x_wconf 80' lang='lat' dir='ltr'><strong>Henrici.</strong></span> <span class='ocrx_word' id='word_1_46' title='bbox 1019 828 1181 885; x_wconf 80' lang='lat' dir='ltr'><strong>Pater</strong></span> <span class='ocrx_word' id='word_1_47' title='bbox 1219 828 1492 885; x_wconf 85' lang='lat' dir='ltr'><strong>Reinfredi</strong></span> <span class='ocrx_word' id='word_1_48' title='bbox 1534 839 1666 887; x_wconf 82' lang='lat' dir='ltr'><strong>tunc</strong></span> <span class='ocrx_word' id='word_1_49' title='bbox 1702 830 1843 887; x_wconf 89' lang='lat' dir='ltr'><strong>forte</strong></span> <span class='ocrx_word' id='word_1_50' title='bbox 1888 833 2106 888; x_wconf 78' lang='lat' dir='ltr'><strong>viliicus</strong></span> 
     </span>
    </p>
   </div>
   <div class='ocr_carea' id='block_1_8' title="bbox 518 918 2110 993">
    <p class='ocr_par' dir='ltr' id='par_1_8' title="bbox 518 918 2110 993">
     <span class='ocr_line' id='line_1_8' title="bbox 518 918 2110 993; baseline 0.006 -24"><span class='ocrx_word' id='word_1_51' title='bbox 518 924 639 971; x_wconf 87' lang='lat' dir='ltr'><strong>erat</strong></span> <span class='ocrx_word' id='word_1_52' title='bbox 669 918 930 989; x_wconf 87' lang='lat' dir='ltr'><strong>episcopi.</strong></span> <span class='ocrx_word' id='word_1_53' title='bbox 964 919 1149 992; x_wconf 87' lang='lat' dir='ltr'><strong>Itaque</strong></span> <span class='ocrx_word' id='word_1_54' title='bbox 1177 922 1248 955; x_wconf 78' lang='grc'><strong>⁷⁸³</strong></span> <span class='ocrx_word' id='word_1_55' title='bbox 1277 922 1568 993; x_wconf 90' lang='lat' dir='ltr'><strong>episcopus</strong></span> <span class='ocrx_word' id='word_1_56' title='bbox 1602 923 1887 980; x_wconf 83' lang='lat' dir='ltr'><strong>blanditiis</strong></span> <span class='ocrx_word' id='word_1_57' title='bbox 1905 923 2110 979; x_wconf 72' lang='lat' dir='ltr'><strong>delini-</strong></span> 
     </span>
    </p>
   </div>
   <div class='ocr_carea' id='block_1_9' title="bbox 519 1012 2107 1086">
    <p class='ocr_par' dir='ltr' id='par_1_9' title="bbox 519 1012 2107 1086">
     <span class='ocr_line' id='line_1_9' title="bbox 519 1012 2107 1086; baseline 0.004 -21"><span class='ocrx_word' id='word_1_58' title='bbox 519 1015 612 1065; x_wconf 80' lang='lat' dir='ltr'><strong>tus</strong></span> <span class='ocrx_word' id='word_1_59' title='bbox 656 1017 715 1064; x_wconf 88' lang='lat' dir='ltr'><strong>et</strong></span> <span class='ocrx_word' id='word_1_60' title='bbox 758 1012 1076 1069; x_wconf 65' lang='lat' dir='ltr'><strong>muneribm</strong></span> <span class='ocrx_word' id='word_1_61' title='bbox 1114 1022 1425 1080; x_wconf 77' lang='lat' dir='ltr'><strong>exceeatus,</strong></span> <span class='ocrx_word' id='word_1_62' title='bbox 1462 1015 1735 1071; x_wconf 73' lang='lat' dir='ltr'><strong>consentit</strong></span> <span class='ocrx_word' id='word_1_63' title='bbox 1768 1024 2017 1086; x_wconf 87' lang='lat' dir='ltr'><strong>peccato,</strong></span> <span class='ocrx_word' id='word_1_64' title='bbox 2050 1024 2107 1071; x_wconf 90' lang='lat' dir='ltr'><strong>et</strong></span> 
     </span>
    </p>
   </div>
   <div class='ocr_carea' id='block_1_10' title="bbox 519 1102 2107 1179">
    <p class='ocr_par' dir='ltr' id='par_1_10' title="bbox 519 1102 2107 1179">
     <span class='ocr_line' id='line_1_10' title="bbox 519 1102 2107 1179; baseline 0.003 -21"><span class='ocrx_word' id='word_1_65' title='bbox 519 1102 801 1174; x_wconf 74' lang='lat' dir='ltr'><strong>injustitize</strong></span> <span class='ocrx_word' id='word_1_66' title='bbox 830 1105 946 1176; x_wconf 82' lang='lat' dir='ltr'><strong>lege</strong></span> <span class='ocrx_word' id='word_1_67' title='bbox 978 1106 1217 1173; x_wconf 90' lang='lat' dir='ltr'><strong>decreta,</strong></span> <span class='ocrx_word' id='word_1_68' title='bbox 1248 1105 1577 1162; x_wconf 78' lang='lat' dir='ltr'><strong>Reinfrcdus</strong></span> <span class='ocrx_word' id='word_1_69' title='bbox 1598 1108 1777 1162; x_wconf 86' lang='lat' dir='ltr'><strong>victor</strong></span> <span class='ocrx_word' id='word_1_70' title='bbox 1799 1108 1979 1163; x_wconf 82' lang='lat' dir='ltr'><strong>extitit</strong></span> <span class='ocrx_word' id='word_1_71' title='bbox 2009 1123 2107 1179; x_wconf 90' lang='lat' dir='ltr'><strong>per</strong></span> 
     </span>
    </p>
   </div>
   <div class='ocr_carea' id='block_1_11' title="bbox 518 1194 2102 1267">
    <p class='ocr_par' dir='ltr' id='par_1_11' title="bbox 518 1194 2102 1267">
     <span class='ocr_line' id='line_1_11' title="bbox 518 1194 2102 1267; baseline 0.001 -16"><span class='ocrx_word' id='word_1_72' title='bbox 518 1196 727 1251; x_wconf 87' lang='lat' dir='ltr'><strong>omnia.</strong></span> <span class='ocrx_word' id='word_1_73' title='bbox 782 1194 873 1252; x_wconf 88' lang='lat' dir='ltr'><strong>Sic</strong></span> <span class='ocrx_word' id='word_1_74' title='bbox 921 1198 1293 1253; x_wconf 80' lang='lat' dir='ltr'><strong>molendinum</strong></span> <span class='ocrx_word' id='word_1_75' title='bbox 1331 1198 1531 1267; x_wconf 85' lang='lat' dir='ltr'><strong>injuste</strong></span> <span class='ocrx_word' id='word_1_76' title='bbox 1590 1198 1776 1253; x_wconf 86' lang='lat' dir='ltr'><strong>abbati</strong></span> <span class='ocrx_word' id='word_1_77' title='bbox 1816 1198 2102 1267; x_wconf 89' lang='lat' dir='ltr'><strong>aufertur;</strong></span> 
     </span>
    </p>
   </div>
   <div class='ocr_carea' id='block_1_12' title="bbox 517 1287 2107 1358">
    <p class='ocr_par' dir='ltr' id='par_1_12' title="bbox 517 1287 2107 1358">
     <span class='ocr_line' id='line_1_12' title="bbox 517 1287 2107 1358; baseline 0.001 -14"><span class='ocrx_word' id='word_1_78' title='bbox 517 1287 870 1344; x_wconf 71' lang='lat' dir='ltr'><strong>sic&#39;heredes</strong></span> <span class='ocrx_word' id='word_1_79' title='bbox 898 1290 1132 1358; x_wconf 80' lang='lat' dir='ltr'><strong>proximi</strong></span> <span class='ocrx_word' id='word_1_80' title='bbox 1158 1290 1492 1356; x_wconf 81' lang='lat' dir='ltr'><strong>exberedati,</strong></span> <span class='ocrx_word' id='word_1_81' title='bbox 1542 1290 1721 1346; x_wconf 71' lang='lat' dir='ltr'><strong>adhuc</strong></span> <span class='ocrx_word' id='word_1_82' title='bbox 1757 1291 1928 1346; x_wconf 87' lang='lat' dir='ltr'><strong>nimie</strong></span> <span class='ocrx_word' id='word_1_83' title='bbox 1974 1306 2107 1347; x_wconf 90' lang='lat' dir='ltr'><strong>con-</strong></span> 
     </span>
    </p>
   </div>
   <div class='ocr_carea' id='block_1_13' title="bbox 517 1381 2107 1452">
    <p class='ocr_par' dir='ltr' id='par_1_13' title="bbox 517 1381 2107 1452">
     <span class='ocr_line' id='line_1_13' title="bbox 517 1381 2107 1452; baseline 0.003 -19"><span class='ocrx_word' id='word_1_84' title='bbox 517 1389 844 1448; x_wconf 73' lang='lat' dir='ltr'><strong>querantur.</strong></span> <span class='ocrx_word' id='word_1_85' title='bbox 882 1381 1081 1437; x_wconf 77' lang='lat' dir='ltr'><strong>Albero</strong></span> <span class='ocrx_word' id='word_1_86' title='bbox 1124 1398 1236 1452; x_wconf 88' lang='lat' dir='ltr'><strong>pro</strong></span> <span class='ocrx_word' id='word_1_87' title='bbox 1268 1383 1372 1437; x_wconf 87' lang='lat' dir='ltr'><strong>hac</strong></span> <span class='ocrx_word' id='word_1_88' title='bbox 1417 1382 1733 1437; x_wconf 83' lang='lat' dir='ltr'><strong>inﬁdelitate</strong></span> <span class='ocrx_word' id='word_1_89' title='bbox 1776 1382 2107 1438; x_wconf 85' lang='lat' dir='ltr'><strong>villicatione</strong></span> 
     </span>
    </p>
   </div>
   <div class='ocr_carea' id='block_1_14' title="bbox 517 1472 2104 1546">
    <p class='ocr_par' dir='ltr' id='par_1_14' title="bbox 517 1472 2104 1546">
     <span class='ocr_line' id='line_1_14' title="bbox 517 1472 2104 1546; baseline 0.004 -22"><span class='ocrx_word' id='word_1_90' title='bbox 517 1472 785 1541; x_wconf 85' lang='lat' dir='ltr'><strong>privatus,</strong></span> <span class='ocrx_word' id='word_1_91' title='bbox 813 1483 924 1529; x_wconf 66' lang='lat' dir='ltr'><strong>sset</strong></span> <span class='ocrx_word' id='word_1_92' title='bbox 950 1489 1050 1544; x_wconf 87' lang='lat' dir='ltr'><strong>pro</strong></span> <span class='ocrx_word' id='word_1_93' title='bbox 1076 1475 1344 1546; x_wconf 90' lang='lat' dir='ltr'><strong>injustitia</strong></span> <span class='ocrx_word' id='word_1_94' title='bbox 1392 1492 1424 1531; x_wconf 91' lang='lat' dir='ltr'><strong>a</strong></span> <span class='ocrx_word' id='word_1_95' title='bbox 1467 1475 1579 1531; x_wconf 88' lang='lat' dir='ltr'><strong>Deo</strong></span> <span class='ocrx_word' id='word_1_96' title='bbox 1626 1491 1733 1531; x_wconf 90' lang='lat' dir='ltr'><strong>non</strong></span> <span class='ocrx_word' id='word_1_97' title='bbox 1769 1476 2014 1546; x_wconf 88' lang='lat' dir='ltr'><strong>punitus,</strong></span> <span class='ocrx_word' id='word_1_98' title='bbox 2050 1474 2104 1531; x_wconf 89' lang='lat' dir='ltr'><strong>in</strong></span> 
     </span>
    </p>
   </div>
   <div class='ocr_carea' id='block_1_15' title="bbox 517 1563 2101 1639">
    <p class='ocr_par' dir='ltr' id='par_1_15' title="bbox 517 1563 2101 1639">
     <span class='ocr_line' id='line_1_15' title="bbox 517 1563 2101 1639; baseline 0.002 -20"><span class='ocrx_word' id='word_1_99' title='bbox 517 1563 888 1621; x_wconf 89' lang='lat' dir='ltr'><strong>ecclesiastica</strong></span> <span class='ocrx_word' id='word_1_100' title='bbox 925 1567 1100 1622; x_wconf 83' lang='lat' dir='ltr'><strong>inhiat</strong></span> <span class='ocrx_word' id='word_1_101' title='bbox 1128 1577 1253 1639; x_wconf 88' lang='lat' dir='ltr'><strong>post</strong></span> <span class='ocrx_word' id='word_1_102' title='bbox 1276 1569 1390 1639; x_wconf 89' lang='lat' dir='ltr'><strong>jam</strong></span> <span class='ocrx_word' id='word_1_103' title='bbox 1431 1566 1564 1623; x_wconf 86' lang='lat' dir='ltr'><strong>dicti</strong></span> <span class='ocrx_word' id='word_1_104' title='bbox 1596 1567 1723 1623; x_wconf 90' lang='lat' dir='ltr'><strong>facti</strong></span> <span class='ocrx_word' id='word_1_105' title='bbox 1753 1568 2101 1623; x_wconf 83' lang='lat' dir='ltr'><strong>decennium.</strong></span> 
     </span>
    </p>
   </div>
   <div class='ocr_carea' id='block_1_16' title="bbox 516 1655 2108 1732">
    <p class='ocr_par' dir='ltr' id='par_1_16' title="bbox 516 1655 2108 1732">
     <span class='ocr_line' id='line_1_16' title="bbox 516 1655 2108 1732; baseline 0.005 -23"><span class='ocrx_word' id='word_1_106' title='bbox 516 1655 791 1715; x_wconf 74' lang='lat' dir='ltr'><strong>Aliodium</strong></span> <span class='ocrx_word' id='word_1_107' title='bbox 835 1658 981 1715; x_wconf 83' lang='lat' dir='ltr'><strong>enim</strong></span> <span class='ocrx_word' id='word_1_108' title='bbox 1013 1658 1130 1714; x_wconf 77' lang='lat' dir='ltr'><strong>Ruz</strong></span> <span class='ocrx_word' id='word_1_109' title='bbox 1159 1660 1385 1727; x_wconf 66' lang='lat' dir='ltr'><strong>dictitas,</strong></span> <span class='ocrx_word' id='word_1_110' title='bbox 1432 1660 1580 1732; x_wconf 80' lang='lat' dir='ltr'><strong>quod</strong></span> <span class='ocrx_word' id='word_1_111' title='bbox 1611 1661 1806 1717; x_wconf 87' lang='lat' dir='ltr'><strong>Petrus</strong></span> <span class='ocrx_word' id='word_1_112' title='bbox 1832 1658 2108 1717; x_wconf 87' lang='lat' dir='ltr'><strong>Calvellus</strong></span> 
     </span>
    </p>
   </div>
   <div class='ocr_carea' id='block_1_17' title="bbox 516 1749 2101 1822">
    <p class='ocr_par' dir='ltr' id='par_1_17' title="bbox 516 1749 2101 1822">
     <span class='ocr_line' id='line_1_17' title="bbox 516 1749 2101 1822; baseline 0.003 -18"><span class='ocrx_word' id='word_1_113' title='bbox 516 1759 709 1804; x_wconf 87' lang='lat' dir='ltr'><strong>sancto</strong></span> <span class='ocrx_word' id='word_1_114' title='bbox 733 1749 903 1805; x_wconf 85' lang='lat' dir='ltr'><strong>Petro</strong></span> <span class='ocrx_word' id='word_1_115' title='bbox 921 1766 1106 1807; x_wconf 88' lang='lat' dir='ltr'><strong>coram</strong></span> <span class='ocrx_word' id='word_1_116' title='bbox 1131 1754 1345 1809; x_wconf 82' lang='lat' dir='ltr'><strong>idoneis</strong></span> <span class='ocrx_word' id='word_1_117' title='bbox 1365 1755 1596 1810; x_wconf 80' lang='lat' dir='ltr'><strong>testibus</strong></span> <span class='ocrx_word' id='word_1_118' title='bbox 1611 1754 1931 1822; x_wconf 85' lang='lat' dir='ltr'><strong>tradiderat,</strong></span> <span class='ocrx_word' id='word_1_119' title='bbox 1957 1752 2101 1809; x_wconf 90' lang='lat' dir='ltr'><strong>mala</strong></span> 
     </span>
    </p>
   </div>
   <div class='ocr_carea' id='block_1_18' title="bbox 515 1819 2177 1918">
    <p class='ocr_par' dir='ltr' id='par_1_18' title="bbox 515 1819 2177 1918">
     <span class='ocr_line' id='line_1_18' title="bbox 515 1819 2177 1918; baseline 0.004 -24"><span class='ocrx_word' id='word_1_120' title='bbox 515 1848 673 1896; x_wconf 81' lang='lat' dir='ltr'><strong>actus</strong></span> <span class='ocrx_word' id='word_1_121' title='bbox 701 1842 1016 1911; x_wconf 79' lang='lat' dir='ltr'><strong>cupiditate,</strong></span> <span class='ocrx_word' id='word_1_122' title='bbox 1045 1845 1150 1900; x_wconf 89' lang='lat' dir='ltr'><strong>sibi</strong></span> <span class='ocrx_word' id='word_1_123' title='bbox 1179 1846 1415 1901; x_wconf 84' lang='lat' dir='ltr'><strong>rediberi</strong></span> <span class='ocrx_word' id='word_1_124' title='bbox 1444 1856 1622 1918; x_wconf 83' lang='lat' dir='ltr'><strong>rogat,</strong></span> <span class='ocrx_word' id='word_1_125' title='bbox 1661 1847 1852 1903; x_wconf 90' lang='lat' dir='ltr'><strong>dicens</strong></span> <span class='ocrx_word' id='word_1_126' title='bbox 1881 1819 1940 1904; x_wconf 65' lang='lat' dir='ltr'><strong>se</strong></span> <span class='ocrx_word' id='word_1_127' title='bbox 1960 1856 2106 1901; x_wconf 88' lang='lat' dir='ltr'><strong>tem-</strong></span> <span class='ocrx_word' id='word_1_128' title='bbox 2133 1819 2177 1873; x_wconf 77' lang='grc' dir='ltr'><strong>Β</strong></span> 
     </span>
    </p>
   </div>
   <div class='ocr_carea' id='block_1_19' title="bbox 513 1930 2100 2002">
    <p class='ocr_par' dir='ltr' id='par_1_19' title="bbox 513 1930 2100 2002">
     <span class='ocr_line' id='line_1_19' title="bbox 513 1930 2100 2002; baseline 0.005 -16"><span class='ocrx_word' id='word_1_129' title='bbox 513 1946 648 2002; x_wconf 89' lang='lat' dir='ltr'><strong>pore</strong></span> <span class='ocrx_word' id='word_1_130' title='bbox 709 1930 1021 1991; x_wconf 84' lang='lat' dir='ltr'><strong>traditionis</strong></span> <span class='ocrx_word' id='word_1_131' title='bbox 1071 1952 1102 1990; x_wconf 92' lang='lat' dir='ltr'><strong>a</strong></span> <span class='ocrx_word' id='word_1_132' title='bbox 1158 1936 1321 1992; x_wconf 83' lang='lat' dir='ltr'><strong>Petro</strong></span> <span class='ocrx_word' id='word_1_133' title='bbox 1375 1938 1786 1993; x_wconf 86' lang='lat' dir='ltr'><strong>denominatum</strong></span> <span class='ocrx_word' id='word_1_134' title='bbox 1843 1939 2100 1994; x_wconf 84' lang='lat' dir='ltr'><strong>heredem</strong></span> 
     </span>
    </p>
   </div>
   <div class='ocr_carea' id='block_1_20' title="bbox 513 2023 2101 2100">
    <p class='ocr_par' dir='ltr' id='par_1_20' title="bbox 513 2023 2101 2100">
     <span class='ocr_line' id='line_1_20' title="bbox 513 2023 2101 2100; baseline 0.006 -23"><span class='ocrx_word' id='word_1_135' title='bbox 513 2023 851 2094; x_wconf 80' lang='lat' dir='ltr'><strong>adoptivum.</strong></span> <span class='ocrx_word' id='word_1_136' title='bbox 900 2027 1085 2084; x_wconf 80' lang='lat' dir='ltr'><strong>Abbas</strong></span> <span class='ocrx_word' id='word_1_137' title='bbox 1128 2038 1183 2084; x_wconf 90' lang='lat' dir='ltr'><strong>et</strong></span> <span class='ocrx_word' id='word_1_138' title='bbox 1235 2030 1558 2099; x_wconf 57' lang='lat' dir='ltr'><strong>praepositus</strong></span> <span class='ocrx_word' id='word_1_139' title='bbox 1602 2031 1726 2100; x_wconf 90' lang='lat' dir='ltr'><strong>plus</strong></span> <span class='ocrx_word' id='word_1_140' title='bbox 1774 2046 1941 2100; x_wconf 84' lang='lat' dir='ltr'><strong>quam</strong></span> <span class='ocrx_word' id='word_1_141' title='bbox 1993 2031 2101 2086; x_wconf 83' lang='lat' dir='ltr'><strong>dici</strong></span> 
     </span>
    </p>
   </div>
   <div class='ocr_carea' id='block_1_21' title="bbox 513 2118 2103 2192">
    <p class='ocr_par' dir='ltr' id='par_1_21' title="bbox 513 2118 2103 2192">
     <span class='ocr_line' id='line_1_21' title="bbox 513 2118 2103 2192; baseline 0.004 -22"><span class='ocrx_word' id='word_1_142' title='bbox 513 2124 694 2184; x_wconf 83' lang='lat' dir='ltr'><strong>potest</strong></span> <span class='ocrx_word' id='word_1_143' title='bbox 726 2118 989 2174; x_wconf 87' lang='lat' dir='ltr'><strong>admirati</strong></span> <span class='ocrx_word' id='word_1_144' title='bbox 1010 2134 1176 2190; x_wconf 89' lang='lat' dir='ltr'><strong>super</strong></span> <span class='ocrx_word' id='word_1_145' title='bbox 1219 2121 1344 2186; x_wconf 90' lang='lat' dir='ltr'><strong>hoc,</strong></span> <span class='ocrx_word' id='word_1_146' title='bbox 1383 2129 1579 2192; x_wconf 86' lang='lat' dir='ltr'><strong>rogant</strong></span> <span class='ocrx_word' id='word_1_147' title='bbox 1604 2132 1655 2175; x_wconf 88' lang='lat' dir='ltr'><strong>et</strong></span> <span class='ocrx_word' id='word_1_148' title='bbox 1702 2130 1996 2190; x_wconf 81' lang='lat' dir='ltr'><strong>precantur</strong></span> <span class='ocrx_word' id='word_1_149' title='bbox 2042 2130 2103 2177; x_wconf 92' lang='lat' dir='ltr'><strong>ut</strong></span> 
     </span>
    </p>
   </div>
   <div class='ocr_carea' id='block_1_22' title="bbox 514 2207 2103 2285">
    <p class='ocr_par' dir='ltr' id='par_1_22' title="bbox 514 2207 2103 2285">
     <span class='ocr_line' id='line_1_22' title="bbox 514 2207 2103 2285; baseline 0.006 -24"><span class='ocrx_word' id='word_1_150' title='bbox 514 2207 744 2265; x_wconf 80' lang='lat' dir='ltr'><strong>desistat</strong></span> <span class='ocrx_word' id='word_1_151' title='bbox 767 2212 837 2266; x_wconf 92' lang='lat' dir='ltr'><strong>ab</strong></span> <span class='ocrx_word' id='word_1_152' title='bbox 862 2212 1095 2283; x_wconf 88' lang='lat' dir='ltr'><strong>incepto.</strong></span> <span class='ocrx_word' id='word_1_153' title='bbox 1146 2210 1244 2267; x_wconf 77' lang='lat' dir='ltr'><strong>Ille</strong></span> <span class='ocrx_word' id='word_1_154' title='bbox 1282 2214 1338 2267; x_wconf 90' lang='lat' dir='ltr'><strong>in</strong></span> <span class='ocrx_word' id='word_1_155' title='bbox 1369 2214 1577 2268; x_wconf 85' lang='lat' dir='ltr'><strong>malitia</strong></span> <span class='ocrx_word' id='word_1_156' title='bbox 1601 2230 1976 2284; x_wconf 87' lang='lat' dir='ltr'><strong>perseverans,</strong></span> <span class='ocrx_word' id='word_1_157' title='bbox 2008 2231 2103 2285; x_wconf 90' lang='lat' dir='ltr'><strong>per</strong></span> 
     </span>
    </p>
   </div>
   <div class='ocr_carea' id='block_1_23' title="bbox 513 2300 2100 2377">
    <p class='ocr_par' dir='ltr' id='par_1_23' title="bbox 513 2300 2100 2377">
     <span class='ocr_line' id='line_1_23' title="bbox 513 2300 2100 2377; baseline 0.003 -22"><span class='ocrx_word' id='word_1_158' title='bbox 513 2315 775 2371; x_wconf 76' lang='lat' dir='ltr'><strong>generum</strong></span> <span class='ocrx_word' id='word_1_159' title='bbox 800 2300 1173 2369; x_wconf 83' lang='lat' dir='ltr'><strong>R’einfredum,</strong></span> <span class='ocrx_word' id='word_1_160' title='bbox 1190 2305 1285 2376; x_wconf 87' lang='lat' dir='ltr'><strong>qui</strong></span> <span class='ocrx_word' id='word_1_161' title='bbox 1312 2314 1444 2361; x_wconf 90' lang='lat' dir='ltr'><strong>tunc</strong></span> <span class='ocrx_word' id='word_1_162' title='bbox 1463 2306 1679 2361; x_wconf 80' lang='lat' dir='ltr'><strong>villicus</strong></span> <span class='ocrx_word' id='word_1_163' title='bbox 1698 2316 1815 2361; x_wconf 88' lang='lat' dir='ltr'><strong>erat</strong></span> <span class='ocrx_word' id='word_1_164' title='bbox 1835 2306 2100 2377; x_wconf 86' lang='lat' dir='ltr'><strong>episcopi,</strong></span> 
     </span>
    </p>
   </div>
   <div class='ocr_carea' id='block_1_24' title="bbox 512 2392 2103 2465">
    <p class='ocr_par' dir='ltr' id='par_1_24' title="bbox 512 2392 2103 2465">
     <span class='ocr_line' id='line_1_24' title="bbox 512 2392 2103 2465; baseline 0.005 -19"><span class='ocrx_word' id='word_1_165' title='bbox 512 2392 770 2465; x_wconf 86' lang='lat' dir='ltr'><strong>episcopo</strong></span> <span class='ocrx_word' id='word_1_166' title='bbox 814 2405 1197 2465; x_wconf 75' lang='lat' dir='ltr'><strong>praesentatur,</strong></span> <span class='ocrx_word' id='word_1_167' title='bbox 1235 2413 1459 2453; x_wconf 84' lang='lat' dir='ltr'><strong>causam</strong></span> <span class='ocrx_word' id='word_1_168' title='bbox 1501 2413 1657 2453; x_wconf 88' lang='lat' dir='ltr'><strong>suam</strong></span> <span class='ocrx_word' id='word_1_169' title='bbox 1701 2407 1754 2452; x_wconf 90' lang='lat' dir='ltr'><strong>et</strong></span> <span class='ocrx_word' id='word_1_170' title='bbox 1789 2400 1957 2454; x_wconf 88' lang='lat' dir='ltr'><strong>multa</strong></span> <span class='ocrx_word' id='word_1_171' title='bbox 1987 2400 2103 2454; x_wconf 87' lang='lat' dir='ltr'><strong>veri</strong></span> 
     </span>
    </p>
   </div>
   <div class='ocr_carea' id='block_1_25' title="bbox 512 2484 2103 2563">
    <p class='ocr_par' dir='ltr' id='par_1_25' title="bbox 512 2484 2103 2563">
     <span class='ocr_line' id='line_1_25' title="bbox 512 2484 2103 2563; baseline 0.004 -22"><span class='ocrx_word' id='word_1_172' title='bbox 512 2484 716 2542; x_wconf 76' lang='lat' dir='ltr'><strong>similia</strong></span> <span class='ocrx_word' id='word_1_173' title='bbox 747 2488 985 2559; x_wconf 81' lang='lat' dir='ltr'><strong>episcopi</strong></span> <span class='ocrx_word' id='word_1_174' title='bbox 1036 2490 1236 2561; x_wconf 80' lang='lat' dir='ltr'><strong>ingerit</strong></span> <span class='ocrx_word' id='word_1_175' title='bbox 1269 2492 1515 2547; x_wconf 84' lang='lat' dir='ltr'><strong>auribus.</strong></span> <span class='ocrx_word' id='word_1_176' title='bbox 1543 2491 1845 2563; x_wconf 85' lang='lat' dir='ltr'><strong>Episcopus</strong></span> <span class='ocrx_word' id='word_1_177' title='bbox 1876 2508 1991 2547; x_wconf 88' lang='lat' dir='ltr'><strong>rem</strong></span> <span class='ocrx_word' id='word_1_178' title='bbox 2034 2492 2103 2547; x_wconf 88' lang='lat' dir='ltr'><strong>ad</strong></span> 
     </span>
    </p>
   </div>
   <div class='ocr_carea' id='block_1_26' title="bbox 512 2579 2101 2649">
    <p class='ocr_par' dir='ltr' id='par_1_26' title="bbox 512 2579 2101 2649">
     <span class='ocr_line' id='line_1_26' title="bbox 512 2579 2101 2649; baseline 0.005 -18"><span class='ocrx_word' id='word_1_179' title='bbox 512 2579 806 2634; x_wconf 82' lang='lat' dir='ltr'><strong>consilium</strong></span> <span class='ocrx_word' id='word_1_180' title='bbox 836 2580 1044 2649; x_wconf 64' lang='lat' dir='ltr'><strong>denari;</strong></span> <span class='ocrx_word' id='word_1_181' title='bbox 1092 2584 1328 2639; x_wconf 87' lang='lat' dir='ltr'><strong>consilio</strong></span> <span class='ocrx_word' id='word_1_182' title='bbox 1376 2584 1517 2639; x_wconf 88' lang='lat' dir='ltr'><strong>inito</strong></span> <span class='ocrx_word' id='word_1_183' title='bbox 1539 2584 1643 2639; x_wconf 91' lang='lat' dir='ltr'><strong>hoc</strong></span> <span class='ocrx_word' id='word_1_184' title='bbox 1683 2585 1960 2639; x_wconf 86' lang='lat' dir='ltr'><strong>decretum</strong></span> <span class='ocrx_word' id='word_1_185' title='bbox 1996 2592 2101 2649; x_wconf 87' lang='lat' dir='ltr'><strong>est,</strong></span> 
     </span>
    </p>
   </div>
   <div class='ocr_carea' id='block_1_27' title="bbox 515 2672 2104 2747">
    <p class='ocr_par' dir='ltr' id='par_1_27' title="bbox 515 2672 2104 2747">
     <span class='ocr_line' id='line_1_27' title="bbox 515 2672 2104 2747; baseline 0.005 -24"><span class='ocrx_word' id='word_1_186' title='bbox 515 2672 642 2726; x_wconf 91' lang='lat' dir='ltr'><strong>utsi</strong></span> <span class='ocrx_word' id='word_1_187' title='bbox 664 2672 864 2728; x_wconf 68' lang='lat' dir='ltr'><strong>Albcro</strong></span> <span class='ocrx_word' id='word_1_188' title='bbox 884 2690 945 2729; x_wconf 88' lang='lat' dir='ltr'><strong>ea</strong></span> <span class='ocrx_word' id='word_1_189' title='bbox 981 2690 1106 2745; x_wconf 65' lang='lat' dir='ltr'><strong>qua:</strong></span> <span class='ocrx_word' id='word_1_190' title='bbox 1146 2676 1363 2745; x_wconf 86' lang='lat' dir='ltr'><strong>petebat</strong></span> <span class='ocrx_word' id='word_1_191' title='bbox 1405 2675 1764 2747; x_wconf 87' lang='lat' dir='ltr'><strong>jurejurando</strong></span> <span class='ocrx_word' id='word_1_192' title='bbox 1804 2692 1931 2731; x_wconf 88' lang='lat' dir='ltr'><strong>vera</strong></span> <span class='ocrx_word' id='word_1_193' title='bbox 1981 2692 2104 2731; x_wconf 87' lang='lat' dir='ltr'><strong>esse</strong></span> 
     </span>
    </p>
   </div>
   <div class='ocr_carea' id='block_1_28' title="bbox 514 2762 2101 2838">
    <p class='ocr_par' dir='ltr' id='par_1_28' title="bbox 514 2762 2101 2838">
     <span class='ocr_line' id='line_1_28' title="bbox 514 2762 2101 2838; baseline 0.004 -23"><span class='ocrx_word' id='word_1_194' title='bbox 514 2762 779 2828; x_wconf 78' lang='lat' dir='ltr'><strong>timaret,</strong></span> <span class='ocrx_word' id='word_1_195' title='bbox 804 2766 951 2834; x_wconf 84' lang='lat' dir='ltr'><strong>quod</strong></span> <span class='ocrx_word' id='word_1_196' title='bbox 975 2766 1239 2836; x_wconf 88' lang='lat' dir='ltr'><strong>querebat</strong></span> <span class='ocrx_word' id='word_1_197' title='bbox 1259 2767 1549 2837; x_wconf 88' lang='lat' dir='ltr'><strong>acciperet,</strong></span> <span class='ocrx_word' id='word_1_198' title='bbox 1573 2766 1921 2838; x_wconf 87' lang='lat' dir='ltr'><strong>sigillumquc</strong></span> <span class='ocrx_word' id='word_1_199' title='bbox 1941 2783 2101 2823; x_wconf 88' lang='lat' dir='ltr'><strong>suum</strong></span> 
     </span>
    </p>
   </div>
   <div class='ocr_carea' id='block_1_29' title="bbox 516 2855 2105 2928">
    <p class='ocr_par' dir='ltr' id='par_1_29' title="bbox 516 2855 2105 2928">
     <span class='ocr_line' id='line_1_29' title="bbox 516 2855 2105 2928; baseline 0.005 -23"><span class='ocrx_word' id='word_1_200' title='bbox 516 2868 642 2907; x_wconf 86' lang='lat' dir='ltr'><strong>cum</strong></span> <span class='ocrx_word' id='word_1_201' title='bbox 666 2855 898 2925; x_wconf 87' lang='lat' dir='ltr'><strong>epistola</strong></span> <span class='ocrx_word' id='word_1_202' title='bbox 920 2857 1103 2911; x_wconf 82' lang='lat' dir='ltr'><strong>abbati</strong></span> <span class='ocrx_word' id='word_1_203' title='bbox 1130 2857 1314 2928; x_wconf 81' lang='lat' dir='ltr'><strong>dirigit</strong></span> <span class='ocrx_word' id='word_1_204' title='bbox 1343 2858 1804 2928; x_wconf 80' lang='lat' dir='ltr'><strong>praesentandum.</strong></span> <span class='ocrx_word' id='word_1_205' title='bbox 1835 2858 2018 2915; x_wconf 84' lang='lat' dir='ltr'><strong>Abbas</strong></span> <span class='ocrx_word' id='word_1_206' title='bbox 2044 2866 2105 2913; x_wconf 90' lang='lat' dir='ltr'><strong>ut</strong></span> 
     </span>
    </p>
   </div>
   <div class='ocr_carea' id='block_1_30' title="bbox 492 2946 2105 3021">
    <p class='ocr_par' dir='ltr' id='par_1_30' title="bbox 492 2946 2105 3021">
     <span class='ocr_line' id='line_1_30' title="bbox 492 2946 2105 3021; baseline 0.004 -22"><span class='ocrx_word' id='word_1_207' title='bbox 492 2946 646 3017; x_wconf 70' lang='lat' dir='ltr'><strong>legit</strong></span> <span class='ocrx_word' id='word_1_208' title='bbox 673 2948 983 3016; x_wconf 76' lang='lat' dir='ltr'><strong>epistolam,</strong></span> <span class='ocrx_word' id='word_1_209' title='bbox 1010 2948 1242 3005; x_wconf 79' lang='lat' dir='ltr'><strong>frontem</strong></span> <span class='ocrx_word' id='word_1_210' title='bbox 1271 2966 1476 3021; x_wconf 87' lang='lat' dir='ltr'><strong>rugans</strong></span> <span class='ocrx_word' id='word_1_211' title='bbox 1501 2959 1555 3005; x_wconf 89' lang='lat' dir='ltr'><strong>et</strong></span> <span class='ocrx_word' id='word_1_212' title='bbox 1580 2961 1771 3021; x_wconf 90' lang='lat' dir='ltr'><strong>pectus</strong></span> <span class='ocrx_word' id='word_1_213' title='bbox 1792 2951 2105 3021; x_wconf 89' lang='lat' dir='ltr'><strong>percutiens</strong></span> 
     </span>
    </p>
   </div>
   <div class='ocr_carea' id='block_1_31' title="bbox 513 3040 2105 3114">
    <p class='ocr_par' dir='ltr' id='par_1_31' title="bbox 513 3040 2105 3114">
     <span class='ocr_line' id='line_1_31' title="bbox 513 3040 2105 3114; baseline 0.002 -20"><span class='ocrx_word' id='word_1_214' title='bbox 513 3040 812 3110; x_wconf 73' lang='lat' dir='ltr'><strong>pneposito</strong></span> <span class='ocrx_word' id='word_1_215' title='bbox 865 3041 1147 3113; x_wconf 74' lang='lat' dir='ltr'><strong>legendam</strong></span> <span class='ocrx_word' id='word_1_216' title='bbox 1193 3042 1437 3098; x_wconf 88' lang='lat' dir='ltr'><strong>tradidit.</strong></span> <span class='ocrx_word' id='word_1_217' title='bbox 1469 3041 1801 3113; x_wconf 71' lang='lat' dir='ltr'><strong>Prrepositus</strong></span> <span class='ocrx_word' id='word_1_218' title='bbox 1844 3051 1907 3097; x_wconf 91' lang='lat' dir='ltr'><strong>ut</strong></span> <span class='ocrx_word' id='word_1_219' title='bbox 1951 3042 2105 3114; x_wconf 85' lang='lat' dir='ltr'><strong>legit,</strong></span> 
     </span>
    </p>
   </div>
   <div class='ocr_carea' id='block_1_32' title="bbox 514 3126 2101 3203">
    <p class='ocr_par' dir='ltr' id='par_1_32' title="bbox 514 3126 2101 3203">
     <span class='ocr_line' id='line_1_32' title="bbox 514 3126 2101 3203; baseline 0.002 -17"><span class='ocrx_word' id='word_1_220' title='bbox 514 3131 659 3188; x_wconf 80' lang='lat' dir='ltr'><strong>diem</strong></span> <span class='ocrx_word' id='word_1_221' title='bbox 684 3134 880 3203; x_wconf 83' lang='lat' dir='ltr'><strong>placiti</strong></span> <span class='ocrx_word' id='word_1_222' title='bbox 905 3134 1111 3191; x_wconf 77' lang='lat' dir='ltr'><strong>statuit.</strong></span> <span class='ocrx_word' id='word_1_223' title='bbox 1153 3126 1250 3191; x_wconf 86' lang='lat' dir='ltr'><strong>Die</strong></span> <span class='ocrx_word' id='word_1_224' title='bbox 1286 3134 1450 3201; x_wconf 89' lang='lat' dir='ltr'><strong>dicta,</strong></span> <span class='ocrx_word' id='word_1_225' title='bbox 1480 3135 1652 3191; x_wconf 84' lang='lat' dir='ltr'><strong>abbas</strong></span> <span class='ocrx_word' id='word_1_226' title='bbox 1683 3136 1949 3191; x_wconf 85' lang='lat' dir='ltr'><strong>interesse</strong></span> <span class='ocrx_word' id='word_1_227' title='bbox 1990 3150 2101 3190; x_wconf 89' lang='lat' dir='ltr'><strong>non</strong></span> 
     </span>
    </p>
   </div>
   <div class='ocr_carea' id='block_1_33' title="bbox 513 3225 2103 3297">
    <p class='ocr_par' dir='ltr' id='par_1_33' title="bbox 513 3225 2103 3297">
     <span class='ocr_line' id='line_1_33' title="bbox 513 3225 2103 3297; baseline 0.003 -20"><span class='ocrx_word' id='word_1_228' title='bbox 513 3225 634 3280; x_wconf 61' lang='lat' dir='ltr'><strong>Vult</strong></span> <span class='ocrx_word' id='word_1_229' title='bbox 669 3226 893 3297; x_wconf 82' lang='lat' dir='ltr'><strong>placito,</strong></span> <span class='ocrx_word' id='word_1_230' title='bbox 926 3242 1041 3282; x_wconf 90' lang='lat' dir='ltr'><strong>rem</strong></span> <span class='ocrx_word' id='word_1_231' title='bbox 1070 3243 1289 3283; x_wconf 82' lang='lat' dir='ltr'><strong>omnem</strong></span> <span class='ocrx_word' id='word_1_232' title='bbox 1312 3227 1607 3282; x_wconf 83' lang='lat' dir='ltr'><strong>committit</strong></span> <span class='ocrx_word' id='word_1_233' title='bbox 1633 3226 1944 3297; x_wconf 66' lang='lat' dir='ltr'><strong>praeposito,</strong></span> <span class='ocrx_word' id='word_1_234' title='bbox 1980 3226 2103 3296; x_wconf 84' lang='lat' dir='ltr'><strong>ejus</strong></span> 
     </span>
    </p>
   </div>
   <div class='ocr_carea' id='block_1_34' title="bbox 510 3298 2106 3387">
    <p class='ocr_par' dir='ltr' id='par_1_34' title="bbox 510 3298 2106 3387">
     <span class='ocr_line' id='line_1_34' title="bbox 510 3298 2106 3387; baseline 0.001 -17"><span class='ocrx_word' id='word_1_235' title='bbox 510 3316 673 3387; x_wconf 81' lang='lat' dir='ltr'><strong>jussu</strong></span> <span class='ocrx_word' id='word_1_236' title='bbox 725 3318 998 3373; x_wconf 82' lang='lat' dir='ltr'><strong>adunatur</strong></span> <span class='ocrx_word' id='word_1_237' title='bbox 1046 3298 1250 3374; x_wconf 72' lang='lat' dir='ltr'><strong>contio.</strong></span> <span class='ocrx_word' id='word_1_238' title='bbox 1306 3317 1444 3374; x_wconf 88' lang='lat' dir='ltr'><strong>Cum</strong></span> <span class='ocrx_word' id='word_1_239' title='bbox 1491 3319 1609 3374; x_wconf 87' lang='lat' dir='ltr'><strong>suis</strong></span> <span class='ocrx_word' id='word_1_240' title='bbox 1669 3318 1902 3373; x_wconf 81' lang='lat' dir='ltr'><strong>testibus</strong></span> <span class='ocrx_word' id='word_1_241' title='bbox 1952 3318 2106 3373; x_wconf 90' lang='lat' dir='ltr'><strong>adest</strong></span> 
     </span>
    </p>
   </div>
   <div class='ocr_carea' id='block_1_35' title="bbox 514 3402 2107 3481">
    <p class='ocr_par' dir='ltr' id='par_1_35' title="bbox 514 3402 2107 3481">
     <span class='ocr_line' id='line_1_35' title="bbox 514 3402 2107 3481; baseline 0.001 -19"><span class='ocrx_word' id='word_1_242' title='bbox 514 3402 735 3477; x_wconf 72' lang='lat' dir='ltr'><strong>Albero,</strong></span> <span class='ocrx_word' id='word_1_243' title='bbox 768 3413 913 3481; x_wconf 73' lang='lat' dir='ltr'><strong>quod</strong></span> <span class='ocrx_word' id='word_1_244' title='bbox 936 3413 1201 3472; x_wconf 86' lang='lat' dir='ltr'><strong>auerebat</strong></span> <span class='ocrx_word' id='word_1_245' title='bbox 1226 3412 1344 3468; x_wconf 81' lang='lat' dir='ltr'><strong>sine</strong></span> <span class='ocrx_word' id='word_1_246' title='bbox 1369 3412 1632 3468; x_wconf 85' lang='lat' dir='ltr'><strong>dilatione</strong></span> <span class='ocrx_word' id='word_1_247' title='bbox 1655 3410 1795 3467; x_wconf 89' lang='lat' dir='ltr'><strong>falso</strong></span> <span class='ocrx_word' id='word_1_248' title='bbox 1816 3410 2107 3466; x_wconf 83' lang='lat' dir='ltr'><strong>conﬁrmat</strong></span> 
     </span>
    </p>
   </div>
   <div class='ocr_carea' id='block_1_36' title="bbox 517 3502 2106 3576">
    <p class='ocr_par' dir='ltr' id='par_1_36' title="bbox 517 3502 2106 3576">
     <span class='ocr_line' id='line_1_36' title="bbox 517 3502 2106 3576; baseline 0.001 -20"><span class='ocrx_word' id='word_1_249' title='bbox 517 3510 881 3559; x_wconf 81' lang='lat' dir='ltr'><strong>sacramento.</strong></span> <span class='ocrx_word' id='word_1_250' title='bbox 912 3502 1054 3560; x_wconf 71' lang='lat' dir='ltr'><strong>Vera</strong></span> <span class='ocrx_word' id='word_1_251' title='bbox 1094 3521 1218 3561; x_wconf 82' lang='lat' dir='ltr'><strong>esse</strong></span> <span class='ocrx_word' id='word_1_252' title='bbox 1264 3520 1389 3576; x_wconf 68' lang='lat' dir='ltr'><strong>quae</strong></span> <span class='ocrx_word' id='word_1_253' title='bbox 1430 3504 1732 3575; x_wconf 88' lang='lat' dir='ltr'><strong>jnraverat,</strong></span> <span class='ocrx_word' id='word_1_254' title='bbox 1785 3511 1953 3558; x_wconf 84' lang='lat' dir='ltr'><strong>testes</strong></span> <span class='ocrx_word' id='word_1_255' title='bbox 1976 3517 2106 3572; x_wconf 87' lang='lat' dir='ltr'><strong>pro-</strong></span> 
     </span>
    </p>
   </div>
   <div class='ocr_carea' id='block_1_37' title="bbox 518 3593 2107 3668">
    <p class='ocr_par' dir='ltr' id='par_1_37' title="bbox 518 3593 2107 3668">
     <span class='ocr_line' id='line_1_37' title="bbox 518 3593 2107 3668; baseline -0.001 -18"><span class='ocrx_word' id='word_1_256' title='bbox 518 3604 825 3664; x_wconf 85' lang='lat' dir='ltr'><strong>sequuntur</strong></span> <span class='ocrx_word' id='word_1_257' title='bbox 844 3612 975 3651; x_wconf 88' lang='lat' dir='ltr'><strong>vero</strong></span> <span class='ocrx_word' id='word_1_258' title='bbox 999 3595 1259 3668; x_wconf 56' lang='lat' dir='ltr'><strong>penurio,</strong></span> <span class='ocrx_word' id='word_1_259' title='bbox 1285 3597 1473 3667; x_wconf 89' lang='lat' dir='ltr'><strong>sicque</strong></span> <span class='ocrx_word' id='word_1_260' title='bbox 1500 3595 1581 3651; x_wconf 90' lang='lat' dir='ltr'><strong>rei</strong></span> <span class='ocrx_word' id='word_1_261' title='bbox 1609 3594 2010 3651; x_wconf 67' lang='lat' dir='ltr'><strong>tecclesiasticaa</strong></span> <span class='ocrx_word' id='word_1_262' title='bbox 2046 3593 2107 3649; x_wconf 83' lang='lat' dir='ltr'><strong>tit</strong></span> 
     </span>
    </p>
   </div>
   <div class='ocr_carea' id='block_1_38' title="bbox 514 3686 2023 3759">
    <p class='ocr_par' dir='ltr' id='par_1_38' title="bbox 514 3686 2023 3759">
     <span class='ocr_line' id='line_1_38' title="bbox 514 3686 2023 3759; baseline 0.003 -20"><span class='ocrx_word' id='word_1_263' title='bbox 514 3686 840 3743; x_wconf 80' lang='lat' dir='ltr'><strong>maledictus</strong></span> <span class='ocrx_word' id='word_1_264' title='bbox 861 3696 915 3743; x_wconf 75' lang='lat' dir='ltr'><strong>et</strong></span> <span class='ocrx_word' id='word_1_265' title='bbox 937 3689 1179 3759; x_wconf 84' lang='lat' dir='ltr'><strong>injustus</strong></span> <span class='ocrx_word' id='word_1_266' title='bbox 1208 3703 1486 3759; x_wconf 88' lang='lat' dir='ltr'><strong>pervasor.</strong></span> <span class='ocrx_word' id='word_1_267' title='bbox 2018 3688 2023 3693; x_wconf 71' lang='grc'><strong>”</strong></span> 
     </span>
    </p>
   </div>
   <div class='ocr_carea' id='block_1_39' title="bbox 588 3768 2101 3849">
    <p class='ocr_par' dir='ltr' id='par_1_39' title="bbox 588 3768 2101 3849">
     <span class='ocr_line' id='line_1_39' title="bbox 588 3768 2101 3849; baseline -0.001 -17"><span class='ocrx_word' id='word_1_268' title='bbox 588 3777 678 3832; x_wconf 78' lang='grc'><strong>54.</strong></span> <span class='ocrx_word' id='word_1_269' title='bbox 708 3777 1007 3833; x_wconf 88' lang='lat' dir='ltr'><strong>Dicendum</strong></span> <span class='ocrx_word' id='word_1_270' title='bbox 1033 3780 1244 3849; x_wconf 90' lang='lat' dir='ltr'><strong>paucis,</strong></span> <span class='ocrx_word' id='word_1_271' title='bbox 1267 3768 1501 3849; x_wconf 15' lang='lat' dir='ltr'><strong>quae’eos</strong></span> <span class='ocrx_word' id='word_1_272' title='bbox 1525 3778 1819 3835; x_wconf 84' lang='lat' dir='ltr'><strong>subsecuta</strong></span> <span class='ocrx_word' id='word_1_273' title='bbox 1840 3784 1925 3833; x_wconf 85' lang='lat' dir='ltr'><strong>est</strong></span> <span class='ocrx_word' id='word_1_274' title='bbox 1946 3776 2101 3832; x_wconf 88' lang='lat' dir='ltr'><strong>ultio.</strong></span> 
     </span>
    </p>
   </div>
   <div class='ocr_carea' id='block_1_40' title="bbox 508 3866 2108 3941">
    <p class='ocr_par' dir='ltr' id='par_1_40' title="bbox 508 3866 2108 3941">
     <span class='ocr_line' id='line_1_40' title="bbox 508 3866 2108 3941; baseline 0.002 -19"><span class='ocrx_word' id='word_1_275' title='bbox 508 3866 674 3924; x_wconf 60' lang='lat' dir='ltr'><strong>&#39;Justo</strong></span> <span class='ocrx_word' id='word_1_276' title='bbox 699 3868 792 3927; x_wconf 82' lang='lat' dir='ltr'><strong>Dei</strong></span> <span class='ocrx_word' id='word_1_277' title='bbox 817 3872 1028 3941; x_wconf 74' lang='lat' dir='ltr'><strong>judicio</strong></span> <span class='ocrx_word' id='word_1_278' title='bbox 1045 3871 1115 3926; x_wconf 88' lang='lat' dir='ltr'><strong>ob</strong></span> <span class='ocrx_word' id='word_1_279' title='bbox 1137 3870 1440 3941; x_wconf 84' lang='lat' dir='ltr'><strong>perjurium</strong></span> <span class='ocrx_word' id='word_1_280' title='bbox 1461 3871 1692 3927; x_wconf 87' lang='lat' dir='ltr'><strong>diversis</strong></span> <span class='ocrx_word' id='word_1_281' title='bbox 1713 3871 1892 3926; x_wconf 89' lang='lat' dir='ltr'><strong>modis</strong></span> <span class='ocrx_word' id='word_1_282' title='bbox 1916 3884 2108 3925; x_wconf 88' lang='lat' dir='ltr'><strong>omnes</strong></span> 
     </span>
    </p>
   </div>
   <div class='ocr_carea' id='block_1_41' title="bbox 396 3960 2140 4033">
    <p class='ocr_par' dir='ltr' id='par_1_41' title="bbox 396 3960 2140 4033">
     <span class='ocr_line' id='line_1_41' title="bbox 396 3960 2140 4033; baseline 0 -19"><span class='ocrx_word' id='word_1_283' title='bbox 396 4030 401 4033; x_wconf 88' lang='lat'>_</span> <span class='ocrx_word' id='word_1_284' title='bbox 516 3960 856 4032; x_wconf 73' lang='lat' dir='ltr'><strong>afﬂiguntur,</strong></span> <span class='ocrx_word' id='word_1_285' title='bbox 906 3971 961 4017; x_wconf 91' lang='lat' dir='ltr'><strong>et</strong></span> <span class='ocrx_word' id='word_1_286' title='bbox 987 3962 1053 4016; x_wconf 89' lang='lat' dir='ltr'><strong>ad</strong></span> <span class='ocrx_word' id='word_1_287' title='bbox 1087 3961 1341 4017; x_wconf 87' lang='lat' dir='ltr'><strong>ultimum</strong></span> <span class='ocrx_word' id='word_1_288' title='bbox 1376 3962 1589 4017; x_wconf 88' lang='lat' dir='ltr'><strong>diutino</strong></span> <span class='ocrx_word' id='word_1_289' title='bbox 1612 3962 1875 4033; x_wconf 83' lang='lat' dir='ltr'><strong>languore</strong></span> <span class='ocrx_word' id='word_1_290' title='bbox 1908 3975 2107 4016; x_wconf 83' lang='lat' dir='ltr'><strong>excru-</strong></span> <span class='ocrx_word' id='word_1_291' title='bbox 2136 3978 2140 3981; x_wconf 92' lang='grc'>·</span> 
     </span>
    </p>
   </div>
   <div class='ocr_carea' id='block_1_42' title="bbox 501 4051 2111 4125">
    <p class='ocr_par' dir='ltr' id='par_1_42' title="bbox 501 4051 2111 4125">
     <span class='ocr_line' id='line_1_42' title="bbox 501 4051 2111 4125; baseline 0 -20"><span class='ocrx_word' id='word_1_292' title='bbox 501 4052 669 4117; x_wconf 68' lang='grc' dir='ltr'><strong>-εἰαῑί,</strong></span> <span class='ocrx_word' id='word_1_293' title='bbox 707 4053 820 4107; x_wconf 89' lang='lat' dir='ltr'><strong>vita</strong></span> <span class='ocrx_word' id='word_1_294' title='bbox 858 4054 1147 4109; x_wconf 84' lang='lat' dir='ltr'><strong>decedunt.</strong></span> <span class='ocrx_word' id='word_1_295' title='bbox 1177 4052 1377 4109; x_wconf 74' lang='lat' dir='ltr'><strong>Albero</strong></span> <span class='ocrx_word' id='word_1_296' title='bbox 1413 4068 1579 4123; x_wconf 87' lang='lat' dir='ltr'><strong>super</strong></span> <span class='ocrx_word' id='word_1_297' title='bbox 1615 4053 1668 4107; x_wconf 90' lang='lat' dir='ltr'><strong>id</strong></span> <span class='ocrx_word' id='word_1_298' title='bbox 1711 4053 1856 4125; x_wconf 90' lang='lat' dir='ltr'><strong>quod</strong></span> <span class='ocrx_word' id='word_1_299' title='bbox 1906 4051 2111 4107; x_wconf 85' lang='lat' dir='ltr'><strong>fecerat</strong></span> 
     </span>
    </p>
   </div>
   <div class='ocr_carea' id='block_1_43' title="bbox 519 4141 2108 4214">
    <p class='ocr_par' dir='ltr' id='par_1_43' title="bbox 519 4141 2108 4214">
     <span class='ocr_line' id='line_1_43' title="bbox 519 4141 2108 4214; baseline 0.003 -21"><span class='ocrx_word' id='word_1_300' title='bbox 519 4150 648 4195; x_wconf 71' lang='lat' dir='ltr'><strong>sero</strong></span> <span class='ocrx_word' id='word_1_301' title='bbox 688 4142 933 4211; x_wconf 88' lang='lat' dir='ltr'><strong>penisus,</strong></span> <span class='ocrx_word' id='word_1_302' title='bbox 985 4143 1225 4199; x_wconf 82' lang='lat' dir='ltr'><strong>decrevit</strong></span> <span class='ocrx_word' id='word_1_303' title='bbox 1269 4144 1416 4213; x_wconf 91' lang='lat' dir='ltr'><strong>quod</strong></span> <span class='ocrx_word' id='word_1_304' title='bbox 1450 4152 1767 4214; x_wconf 87' lang='lat' dir='ltr'><strong>pervaserat</strong></span> <span class='ocrx_word' id='word_1_305' title='bbox 1806 4141 2108 4199; x_wconf 75' lang='lat' dir='ltr'><strong>Reinbaldo</strong></span> 
     </span>
    </p>
   </div>
   <div class='ocr_carea' id='block_1_44' title="bbox 517 4233 2110 4293">
    <p class='ocr_par' dir='ltr' id='par_1_44' title="bbox 517 4233 2110 4293">
     <span class='ocr_line' id='line_1_44' title="bbox 517 4233 2110 4293; baseline 0.001 -5"><span class='ocrx_word' id='word_1_306' title='bbox 517 4233 634 4289; x_wconf 73' lang='lat' dir='ltr'><strong>ﬁlio</strong></span> <span class='ocrx_word' id='word_1_307' title='bbox 678 4247 782 4290; x_wconf 89' lang='lat' dir='ltr'><strong>suo</strong></span> <span class='ocrx_word' id='word_1_308' title='bbox 828 4236 962 4292; x_wconf 89' lang='lat' dir='ltr'><strong>dare</strong></span> <span class='ocrx_word' id='word_1_309' title='bbox 1016 4237 1120 4293; x_wconf 91' lang='lat' dir='ltr'><strong>sub</strong></span> <span class='ocrx_word' id='word_1_310' title='bbox 1179 4236 1456 4292; x_wconf 75' lang='lat' dir='ltr'><strong>taxatione</strong></span> <span class='ocrx_word' id='word_1_311' title='bbox 1499 4235 1666 4291; x_wconf 85' lang='lat' dir='ltr'><strong>annui</strong></span> <span class='ocrx_word' id='word_1_312' title='bbox 1725 4250 1945 4291; x_wconf 84' lang='lat' dir='ltr'><strong>census.</strong></span> <span class='ocrx_word' id='word_1_313' title='bbox 1998 4234 2110 4290; x_wconf 84' lang='lat' dir='ltr'><strong>Hoc</strong></span> 
     </span>
    </p>
   </div>
   <div class='ocr_carea' id='block_1_45' title="bbox 520 4326 2108 4400">
    <p class='ocr_par' dir='ltr' id='par_1_45' title="bbox 520 4326 2108 4400">
     <span class='ocr_line' id='line_1_45' title="bbox 520 4326 2108 4400; baseline 0.001 -19"><span class='ocrx_word' id='word_1_314' title='bbox 520 4333 688 4397; x_wconf 83' lang='lat' dir='ltr'><strong>pacto</strong></span> <span class='ocrx_word' id='word_1_315' title='bbox 712 4326 950 4396; x_wconf 81' lang='lat' dir='ltr'><strong>ﬁrmato,</strong></span> <span class='ocrx_word' id='word_1_316' title='bbox 982 4328 1463 4400; x_wconf 73' lang='lat' dir='ltr'><strong>leudesprtepositi</strong></span> <span class='ocrx_word' id='word_1_317' title='bbox 1491 4327 1737 4384; x_wconf 85' lang='lat' dir='ltr'><strong>Lietardi</strong></span> <span class='ocrx_word' id='word_1_318' title='bbox 1767 4326 2108 4398; x_wconf 88' lang='lat' dir='ltr'><strong>Stephanum</strong></span> 
     </span>
    </p>
   </div>
   <div class='ocr_carea' id='block_1_46' title="bbox 498 4417 2110 4492">
    <p class='ocr_par' dir='ltr' id='par_1_46' title="bbox 498 4417 2110 4492">
     <span class='ocr_line' id='line_1_46' title="bbox 498 4417 2110 4492; baseline 0 -17"><span class='ocrx_word' id='word_1_319' title='bbox 498 4417 737 4475; x_wconf 77' lang='lat' dir='ltr'><strong>scilicet</strong></span> <span class='ocrx_word' id='word_1_320' title='bbox 784 4422 1115 4478; x_wconf 82' lang='lat' dir='ltr'><strong>monachum</strong></span> <span class='ocrx_word' id='word_1_321' title='bbox 1168 4431 1223 4478; x_wconf 90' lang='lat' dir='ltr'><strong>et</strong></span> <span class='ocrx_word' id='word_1_322' title='bbox 1274 4421 1607 4477; x_wconf 84' lang='lat' dir='ltr'><strong>Evcrardum</strong></span> <span class='ocrx_word' id='word_1_323' title='bbox 1638 4420 1899 4492; x_wconf 73' lang='lat' dir='ltr'><strong>pistorem</strong></span> <span class='ocrx_word' id='word_1_324' title='bbox 1942 4436 2110 4492; x_wconf 81' lang='lat' dir='ltr'><strong>expe-</strong></span> 
     </span>
    </p>
   </div>
   <div class='ocr_carea' id='block_1_47' title="bbox 518 4513 2111 4584">
    <p class='ocr_par' dir='ltr' id='par_1_47' title="bbox 518 4513 2111 4584">
     <span class='ocr_line' id='line_1_47' title="bbox 518 4513 2111 4584; baseline 0.001 -19"><span class='ocrx_word' id='word_1_325' title='bbox 518 4519 665 4580; x_wconf 87' lang='lat' dir='ltr'><strong>tunt,</strong></span> <span class='ocrx_word' id='word_1_326' title='bbox 697 4528 821 4584; x_wconf 63' lang='lat' dir='ltr'><strong>qua:</strong></span> <span class='ocrx_word' id='word_1_327' title='bbox 852 4521 1227 4571; x_wconf 69' lang='lat' dir='ltr'><strong>tractaverant</strong></span> <span class='ocrx_word' id='word_1_328' title='bbox 1242 4514 1494 4580; x_wconf 85' lang='lat' dir='ltr'><strong>edocent,</strong></span> <span class='ocrx_word' id='word_1_329' title='bbox 1535 4523 1596 4569; x_wconf 82' lang='lat' dir='ltr'><strong>ut</strong></span> <span class='ocrx_word' id='word_1_330' title='bbox 1619 4514 1833 4569; x_wconf 88' lang='lat' dir='ltr'><strong>duobus</strong></span> <span class='ocrx_word' id='word_1_331' title='bbox 1870 4513 1944 4545; x_wconf 76' lang='lat'><strong>&#39;“</strong></span> <span class='ocrx_word' id='word_1_332' title='bbox 1964 4528 2111 4567; x_wconf 87' lang='lat' dir='ltr'><strong>mar-</strong></span> 
     </span>
    </p>
   </div>
   <div class='ocr_carea' id='block_1_48' title="bbox 2204 554 3715 629">
    <p class='ocr_par' dir='ltr' id='par_1_48' title="bbox 2204 554 3715 629">
     <span class='ocr_line' id='line_1_48' title="bbox 2204 554 3715 629; baseline 0.002 -16"><span class='ocrx_word' id='word_1_333' title='bbox 2204 572 2328 613; x_wconf 88' lang='lat' dir='ltr'><strong>cum</strong></span> <span class='ocrx_word' id='word_1_334' title='bbox 2359 556 2476 612; x_wconf 88' lang='lat' dir='ltr'><strong>suis</strong></span> <span class='ocrx_word' id='word_1_335' title='bbox 2498 556 2754 612; x_wconf 87' lang='lat' dir='ltr'><strong>omnibus</strong></span> <span class='ocrx_word' id='word_1_336' title='bbox 2795 554 3115 625; x_wconf 83' lang='lat' dir='ltr'><strong>despicitur,</strong></span> <span class='ocrx_word' id='word_1_337' title='bbox 3136 565 3354 624; x_wconf 90' lang='lat' dir='ltr'><strong>pactum</strong></span> <span class='ocrx_word' id='word_1_338' title='bbox 3383 561 3715 629; x_wconf 65' lang='lat' dir='ltr'><strong>conteram,</strong></span> 
     </span>
    </p>
   </div>
   <div class='ocr_carea' id='block_1_49' title="bbox 2202 647 3719 719">
    <p class='ocr_par' dir='ltr' id='par_1_49' title="bbox 2202 647 3719 719">
     <span class='ocr_line' id='line_1_49' title="bbox 2202 647 3719 719; baseline 0.003 -16"><span class='ocrx_word' id='word_1_339' title='bbox 2202 657 2258 703; x_wconf 90' lang='lat' dir='ltr'><strong>et</strong></span> <span class='ocrx_word' id='word_1_340' title='bbox 2311 656 2372 703; x_wconf 88' lang='lat' dir='ltr'><strong>ut</strong></span> <span class='ocrx_word' id='word_1_341' title='bbox 2420 663 2520 719; x_wconf 90' lang='lat' dir='ltr'><strong>pro</strong></span> <span class='ocrx_word' id='word_1_342' title='bbox 2562 648 3037 705; x_wconf 83' lang='lat' dir='ltr'><strong>excommunicato</strong></span> <span class='ocrx_word' id='word_1_343' title='bbox 3088 647 3353 703; x_wconf 87' lang='lat' dir='ltr'><strong>habeatur</strong></span> <span class='ocrx_word' id='word_1_344' title='bbox 3402 649 3468 704; x_wconf 90' lang='lat' dir='ltr'><strong>ab</strong></span> <span class='ocrx_word' id='word_1_345' title='bbox 3510 652 3719 709; x_wconf 80' lang='lat' dir='ltr'><strong>omnibus</strong></span> 
     </span>
    </p>
   </div>
   <div class='ocr_carea' id='block_1_50' title="bbox 2203 739 3721 812">
    <p class='ocr_par' dir='ltr' id='par_1_50' title="bbox 2203 739 3721 812">
     <span class='ocr_line' id='line_1_50' title="bbox 2203 739 3721 812; baseline 0.001 -14"><span class='ocrx_word' id='word_1_346' title='bbox 2203 740 2597 798; x_wconf 88' lang='lat' dir='ltr'><strong>conclamatur.</strong></span> <span class='ocrx_word' id='word_1_347' title='bbox 2627 739 2961 810; x_wconf 70' lang='lat' dir='ltr'><strong>Prae-positus</strong></span> <span class='ocrx_word' id='word_1_348' title='bbox 2995 740 3051 794; x_wconf 90' lang='lat' dir='ltr'><strong>in</strong></span> <span class='ocrx_word' id='word_1_349' title='bbox 3081 739 3353 796; x_wconf 75' lang='lat' dir='ltr'><strong>sententia</strong></span> <span class='ocrx_word' id='word_1_350' title='bbox 3386 756 3484 796; x_wconf 88' lang='lat' dir='ltr'><strong>sua</strong></span> <span class='ocrx_word' id='word_1_351' title='bbox 3515 756 3721 812; x_wconf 66' lang='lat' dir='ltr'><strong>persen-</strong></span> 
     </span>
    </p>
   </div>
   <div class='ocr_carea' id='block_1_51' title="bbox 2203 831 3719 904">
    <p class='ocr_par' dir='ltr' id='par_1_51' title="bbox 2203 831 3719 904">
     <span class='ocr_line' id='line_1_51' title="bbox 2203 831 3719 904; baseline -0.001 -14"><span class='ocrx_word' id='word_1_352' title='bbox 2203 842 2307 900; x_wconf 91' lang='lat' dir='ltr'><strong>rat,</strong></span> <span class='ocrx_word' id='word_1_353' title='bbox 2338 848 2461 904; x_wconf 59' lang='lat' dir='ltr'><strong>qua!</strong></span> <span class='ocrx_word' id='word_1_354' title='bbox 2487 833 2670 888; x_wconf 88' lang='lat' dir='ltr'><strong>oblata</strong></span> <span class='ocrx_word' id='word_1_355' title='bbox 2689 831 2907 889; x_wconf 86' lang='lat' dir='ltr'><strong>fuerant</strong></span> <span class='ocrx_word' id='word_1_356' title='bbox 2926 831 3097 888; x_wconf 88' lang='lat' dir='ltr'><strong>invito</strong></span> <span class='ocrx_word' id='word_1_357' title='bbox 3125 832 3321 887; x_wconf 79' lang='lat' dir='ltr'><strong>abbate</strong></span> <span class='ocrx_word' id='word_1_358' title='bbox 3359 840 3418 887; x_wconf 85' lang='lat' dir='ltr'><strong>et</strong></span> <span class='ocrx_word' id='word_1_359' title='bbox 3436 833 3605 889; x_wconf 84' lang='lat' dir='ltr'><strong>invitis</strong></span> <span class='ocrx_word' id='word_1_360' title='bbox 3632 833 3719 889; x_wconf 83' lang='lat' dir='ltr'><strong>fra-</strong></span> 
     </span>
    </p>
   </div>
   <div class='ocr_carea' id='block_1_52' title="bbox 2204 924 3721 997">
    <p class='ocr_par' dir='ltr' id='par_1_52' title="bbox 2204 924 3721 997">
     <span class='ocr_line' id='line_1_52' title="bbox 2204 924 3721 997; baseline -0.001 -14"><span class='ocrx_word' id='word_1_361' title='bbox 2204 927 2379 983; x_wconf 89' lang='lat' dir='ltr'><strong>tribus</strong></span> <span class='ocrx_word' id='word_1_362' title='bbox 2417 926 2671 996; x_wconf 82' lang='lat' dir='ltr'><strong>suscipit,</strong></span> <span class='ocrx_word' id='word_1_363' title='bbox 2693 925 2970 997; x_wconf 73' lang='lat' dir='ltr'><strong>sicque‘ab</strong></span> <span class='ocrx_word' id='word_1_364' title='bbox 3011 926 3259 996; x_wconf 82' lang='lat' dir='ltr'><strong>utrisque</strong></span> <span class='ocrx_word' id='word_1_365' title='bbox 3287 924 3529 995; x_wconf 79' lang='lat' dir='ltr'><strong>partibus</strong></span> <span class='ocrx_word' id='word_1_366' title='bbox 3556 926 3721 982; x_wconf 80' lang='lat' dir='ltr'><strong>disces-</strong></span> 
     </span>
    </p>
   </div>
   <div class='ocr_carea' id='block_1_53' title="bbox 2203 1015 3722 1089">
    <p class='ocr_par' dir='ltr' id='par_1_53' title="bbox 2203 1015 3722 1089">
     <span class='ocr_line' id='line_1_53' title="bbox 2203 1015 3722 1089; baseline -0.004 -12"><span class='ocrx_word' id='word_1_367' title='bbox 2203 1035 2327 1077; x_wconf 85' lang='lat' dir='ltr'><strong>sum</strong></span> <span class='ocrx_word' id='word_1_368' title='bbox 2357 1028 2460 1075; x_wconf 90' lang='lat' dir='ltr'><strong>est.</strong></span> <span class='ocrx_word' id='word_1_369' title='bbox 2498 1017 2834 1075; x_wconf 72' lang='lat' dir='ltr'><strong>Reinbaldus</strong></span> <span class='ocrx_word' id='word_1_370' title='bbox 2856 1018 3041 1089; x_wconf 80' lang='lat' dir='ltr'><strong>itaque</strong></span> <span class='ocrx_word' id='word_1_371' title='bbox 3064 1034 3190 1074; x_wconf 86' lang='lat' dir='ltr'><strong>cum</strong></span> <span class='ocrx_word' id='word_1_372' title='bbox 3225 1032 3421 1075; x_wconf 85' lang='lat' dir='ltr'><strong>socero</strong></span> <span class='ocrx_word' id='word_1_373' title='bbox 3445 1032 3541 1073; x_wconf 83' lang='lat' dir='ltr'><strong>suo</strong></span> <span class='ocrx_word' id='word_1_374' title='bbox 3561 1015 3722 1071; x_wconf 65' lang='lat' dir='ltr'><strong>Berea.</strong></span> 
     </span>
    </p>
   </div>
   <div class='ocr_carea' id='block_1_54' title="bbox 2203 1106 3726 1181">
    <p class='ocr_par' dir='ltr' id='par_1_54' title="bbox 2203 1106 3726 1181">
     <span class='ocr_line' id='line_1_54' title="bbox 2203 1106 3726 1181; baseline 0.001 -16"><span class='ocrx_word' id='word_1_375' title='bbox 2203 1111 2361 1181; x_wconf 86' lang='lat' dir='ltr'><strong>gario</strong></span> <span class='ocrx_word' id='word_1_376' title='bbox 2384 1110 2440 1164; x_wconf 93' lang='lat' dir='ltr'><strong>in</strong></span> <span class='ocrx_word' id='word_1_377' title='bbox 2464 1110 2760 1166; x_wconf 86' lang='lat' dir='ltr'><strong>hereditate</strong></span> <span class='ocrx_word' id='word_1_378' title='bbox 2778 1110 2921 1166; x_wconf 84' lang='lat' dir='ltr'><strong>male</strong></span> <span class='ocrx_word' id='word_1_379' title='bbox 2939 1109 3215 1179; x_wconf 82' lang='lat' dir='ltr'><strong>adquisita</strong></span> <span class='ocrx_word' id='word_1_380' title='bbox 3252 1106 3513 1174; x_wconf 81' lang='lat' dir='ltr'><strong>succedit,</strong></span> <span class='ocrx_word' id='word_1_381' title='bbox 3537 1109 3623 1165; x_wconf 85' lang='lat' dir='ltr'><strong>sed</strong></span> <span class='ocrx_word' id='word_1_382' title='bbox 3640 1107 3726 1166; x_wconf 79' lang='lat' dir='ltr'><strong>Deo</strong></span> 
     </span>
    </p>
   </div>
   <div class='ocr_carea' id='block_1_55' title="bbox 2203 1199 3726 1271">
    <p class='ocr_par' dir='ltr' id='par_1_55' title="bbox 2203 1199 3726 1271">
     <span class='ocr_line' id='line_1_55' title="bbox 2203 1199 3726 1271; baseline -0.003 -13"><span class='ocrx_word' id='word_1_383' title='bbox 2203 1201 2285 1258; x_wconf 91' lang='lat' dir='ltr'><strong>sic</strong></span> <span class='ocrx_word' id='word_1_384' title='bbox 2335 1201 2551 1257; x_wconf 88' lang='lat' dir='ltr'><strong>volente</strong></span> <span class='ocrx_word' id='word_1_385' title='bbox 2604 1217 2796 1257; x_wconf 88' lang='lat' dir='ltr'><strong>aversa</strong></span> <span class='ocrx_word' id='word_1_386' title='bbox 2854 1201 2991 1257; x_wconf 85' lang='lat' dir='ltr'><strong>satis</strong></span> <span class='ocrx_word' id='word_1_387' title='bbox 3050 1199 3273 1257; x_wconf 68' lang='lat' dir='ltr'><strong>fortuna</strong></span> <span class='ocrx_word' id='word_1_388' title='bbox 3331 1200 3561 1271; x_wconf 79' lang='lat' dir='ltr'><strong>graviter</strong></span> <span class='ocrx_word' id='word_1_389' title='bbox 3601 1201 3726 1255; x_wconf 78' lang='lat' dir='ltr'><strong>ambs</strong></span> 
     </span>
    </p>
   </div>
   <div class='ocr_carea' id='block_1_56' title="bbox 2204 1291 3728 1363">
    <p class='ocr_par' dir='ltr' id='par_1_56' title="bbox 2204 1291 3728 1363">
     <span class='ocr_line' id='line_1_56' title="bbox 2204 1291 3728 1363; baseline -0.001 -15"><span class='ocrx_word' id='word_1_390' title='bbox 2204 1301 2531 1359; x_wconf 88' lang='lat' dir='ltr'><strong>atteruntur,</strong></span> <span class='ocrx_word' id='word_1_391' title='bbox 2561 1294 2698 1349; x_wconf 89' lang='lat' dir='ltr'><strong>adeo</strong></span> <span class='ocrx_word' id='word_1_392' title='bbox 2724 1301 2784 1348; x_wconf 91' lang='lat' dir='ltr'><strong>ut</strong></span> <span class='ocrx_word' id='word_1_393' title='bbox 2810 1292 2900 1348; x_wconf 92' lang='lat' dir='ltr'><strong>die</strong></span> <span class='ocrx_word' id='word_1_394' title='bbox 2919 1292 3155 1363; x_wconf 86' lang='lat' dir='ltr'><strong>quadam</strong></span> <span class='ocrx_word' id='word_1_395' title='bbox 3184 1292 3321 1347; x_wconf 90' lang='lat' dir='ltr'><strong>dum</strong></span> <span class='ocrx_word' id='word_1_396' title='bbox 3350 1291 3505 1362; x_wconf 87' lang='lat' dir='ltr'><strong>juges</strong></span> <span class='ocrx_word' id='word_1_397' title='bbox 3524 1291 3728 1361; x_wconf 81' lang='lat' dir='ltr'><strong>ahopert</strong></span> 
     </span>
    </p>
   </div>
   <div class='ocr_carea' id='block_1_57' title="bbox 2204 1383 3730 1456">
    <p class='ocr_par' dir='ltr' id='par_1_57' title="bbox 2204 1383 3730 1456">
     <span class='ocr_line' id='line_1_57' title="bbox 2204 1383 3730 1456; baseline -0.001 -16"><span class='ocrx_word' id='word_1_398' title='bbox 2204 1386 2320 1456; x_wconf 85' lang='lat' dir='ltr'><strong>agri</strong></span> <span class='ocrx_word' id='word_1_399' title='bbox 2345 1385 2681 1452; x_wconf 80' lang='lat' dir='ltr'><strong>relaxantur,</strong></span> <span class='ocrx_word' id='word_1_400' title='bbox 2703 1385 2759 1440; x_wconf 89' lang='lat' dir='ltr'><strong>in</strong></span> <span class='ocrx_word' id='word_1_401' title='bbox 2790 1385 2986 1456; x_wconf 90' lang='lat' dir='ltr'><strong>palude</strong></span> <span class='ocrx_word' id='word_1_402' title='bbox 3008 1384 3215 1455; x_wconf 61' lang='lat' dir='ltr'><strong>praedio</strong></span> <span class='ocrx_word' id='word_1_403' title='bbox 3233 1383 3491 1454; x_wconf 83' lang='lat' dir='ltr'><strong>contigua</strong></span> <span class='ocrx_word' id='word_1_404' title='bbox 3517 1398 3730 1438; x_wconf 71' lang='lat' dir='ltr'><strong>necaret-</strong></span> 
     </span>
    </p>
   </div>
   <div class='ocr_carea' id='block_1_58' title="bbox 2206 1474 3729 1535">
    <p class='ocr_par' dir='ltr' id='par_1_58' title="bbox 2206 1474 3729 1535">
     <span class='ocr_line' id='line_1_58' title="bbox 2206 1474 3729 1535; baseline -0.001 -3"><span class='ocrx_word' id='word_1_405' title='bbox 2206 1489 2312 1533; x_wconf 92' lang='lat' dir='ltr'><strong>tur.</strong></span> <span class='ocrx_word' id='word_1_406' title='bbox 2336 1477 2541 1535; x_wconf 80' lang='lat' dir='ltr'><strong>Albero</strong></span> <span class='ocrx_word' id='word_1_407' title='bbox 2566 1477 2750 1533; x_wconf 91' lang='lat' dir='ltr'><strong>divina</strong></span> <span class='ocrx_word' id='word_1_408' title='bbox 2779 1476 3254 1533; x_wconf 78' lang='lat' dir='ltr'><strong>animadversione</strong></span> <span class='ocrx_word' id='word_1_409' title='bbox 3281 1475 3485 1530; x_wconf 86' lang='lat' dir='ltr'><strong>damno</strong></span> <span class='ocrx_word' id='word_1_410' title='bbox 3520 1474 3729 1530; x_wconf 82' lang='lat' dir='ltr'><strong>domesti-</strong></span> 
     </span>
    </p>
   </div>
   <div class='ocr_carea' id='block_1_59' title="bbox 2202 1565 3731 1640">
    <p class='ocr_par' dir='ltr' id='par_1_59' title="bbox 2202 1565 3731 1640">
     <span class='ocr_line' id='line_1_59' title="bbox 2202 1565 3731 1640; baseline -0.005 -13"><span class='ocrx_word' id='word_1_411' title='bbox 2202 1585 2393 1627; x_wconf 91' lang='lat' dir='ltr'><strong>carum</strong></span> <span class='ocrx_word' id='word_1_412' title='bbox 2416 1586 2601 1625; x_wconf 90' lang='lat' dir='ltr'><strong>rerum</strong></span> <span class='ocrx_word' id='word_1_413' title='bbox 2624 1568 2901 1640; x_wconf 74' lang='lat' dir='ltr'><strong>afﬂigitur,</strong></span> <span class='ocrx_word' id='word_1_414' title='bbox 2927 1568 3176 1639; x_wconf 86' lang='lat' dir='ltr'><strong>conjugis</strong></span> <span class='ocrx_word' id='word_1_415' title='bbox 3198 1567 3393 1634; x_wconf 87' lang='lat' dir='ltr'><strong>etiam,</strong></span> <span class='ocrx_word' id='word_1_416' title='bbox 3422 1565 3537 1621; x_wconf 68' lang='lat' dir='ltr'><strong>lida:</strong></span> <span class='ocrx_word' id='word_1_417' title='bbox 3562 1566 3674 1621; x_wconf 81' lang='lat' dir='ltr'><strong>satis</strong></span> <span class='ocrx_word' id='word_1_418' title='bbox 3691 1575 3731 1620; x_wconf 80' lang='lat' dir='ltr'><strong>et</strong></span> 
     </span>
    </p>
   </div>
   <div class='ocr_carea' id='block_1_60' title="bbox 2203 1656 3733 1729">
    <p class='ocr_par' dir='ltr' id='par_1_60' title="bbox 2203 1656 3733 1729">
     <span class='ocr_line' id='line_1_60' title="bbox 2203 1656 3733 1729; baseline -0.004 -12"><span class='ocrx_word' id='word_1_419' title='bbox 2203 1669 2370 1718; x_wconf 74' lang='lat' dir='ltr'><strong>casta:</strong></span> <span class='ocrx_word' id='word_1_420' title='bbox 2403 1661 2673 1728; x_wconf 90' lang='lat' dir='ltr'><strong>mulieris,</strong></span> <span class='ocrx_word' id='word_1_421' title='bbox 2693 1660 3052 1717; x_wconf 89' lang='lat' dir='ltr'><strong>contubernio</strong></span> <span class='ocrx_word' id='word_1_422' title='bbox 3067 1659 3352 1729; x_wconf 79' lang='lat' dir='ltr'><strong>privatur;</strong></span> <span class='ocrx_word' id='word_1_423' title='bbox 3377 1657 3491 1728; x_wconf 87' lang='lat' dir='ltr'><strong>ipse</strong></span> <span class='ocrx_word' id='word_1_424' title='bbox 3517 1656 3577 1713; x_wconf 89' lang='lat' dir='ltr'><strong>ad</strong></span> <span class='ocrx_word' id='word_1_425' title='bbox 3594 1664 3733 1712; x_wconf 75' lang='lat' dir='ltr'><strong>extre-</strong></span> 
     </span>
    </p>
   </div>
   <div class='ocr_carea' id='block_1_61' title="bbox 2204 1750 3734 1820">
    <p class='ocr_par' dir='ltr' id='par_1_61' title="bbox 2204 1750 3734 1820">
     <span class='ocr_line' id='line_1_61' title="bbox 2204 1750 3734 1820; baseline -0.006 -10"><span class='ocrx_word' id='word_1_426' title='bbox 2204 1770 2355 1810; x_wconf 88' lang='lat' dir='ltr'><strong>mum</strong></span> <span class='ocrx_word' id='word_1_427' title='bbox 2381 1752 2570 1809; x_wconf 87' lang='lat' dir='ltr'><strong>multis</strong></span> <span class='ocrx_word' id='word_1_428' title='bbox 2596 1752 3014 1809; x_wconf 87' lang='lat' dir='ltr'><strong>necessitatibus</strong></span> <span class='ocrx_word' id='word_1_429' title='bbox 3035 1750 3286 1820; x_wconf 87' lang='lat' dir='ltr'><strong>corporis</strong></span> <span class='ocrx_word' id='word_1_430' title='bbox 3307 1750 3583 1814; x_wconf 66' lang='lat' dir='ltr'><strong>astrictus,</strong></span> <span class='ocrx_word' id='word_1_431' title='bbox 3599 1755 3734 1802; x_wconf 79' lang='lat' dir='ltr'><strong>morte</strong></span> 
     </span>
    </p>
   </div>
   <div class='ocr_carea' id='block_1_62' title="bbox 2201 1841 3734 1911">
    <p class='ocr_par' dir='ltr' id='par_1_62' title="bbox 2201 1841 3734 1911">
     <span class='ocr_line' id='line_1_62' title="bbox 2201 1841 3734 1911; baseline -0.005 -8"><span class='ocrx_word' id='word_1_432' title='bbox 2201 1848 2409 1904; x_wconf 82' lang='lat' dir='ltr'><strong>finitur.</strong></span> <span class='ocrx_word' id='word_1_433' title='bbox 2431 1845 2820 1902; x_wconf 87' lang='lat' dir='ltr'><strong>Perversorum</strong></span> <span class='ocrx_word' id='word_1_434' title='bbox 2845 1844 3132 1899; x_wconf 87' lang='lat' dir='ltr'><strong>hominum</strong></span> <span class='ocrx_word' id='word_1_435' title='bbox 3153 1858 3307 1898; x_wconf 82' lang='lat' dir='ltr'><strong>nunc</strong></span> <span class='ocrx_word' id='word_1_436' title='bbox 3326 1841 3539 1897; x_wconf 87' lang='lat' dir='ltr'><strong>interim</strong></span> <span class='ocrx_word' id='word_1_437' title='bbox 3559 1848 3734 1911; x_wconf 84' lang='lat' dir='ltr'><strong>postpo-</strong></span> 
     </span>
    </p>
   </div>
   <div class='ocr_carea' id='block_1_63' title="bbox 2202 1930 3736 2007">
    <p class='ocr_par' dir='ltr' id='par_1_63' title="bbox 2202 1930 3736 2007">
     <span class='ocr_line' id='line_1_63' title="bbox 2202 1930 3736 2007; baseline -0.005 -14"><span class='ocrx_word' id='word_1_438' title='bbox 2202 1947 2365 1993; x_wconf 90' lang='lat' dir='ltr'><strong>natur</strong></span> <span class='ocrx_word' id='word_1_439' title='bbox 2379 1938 2610 2004; x_wconf 89' lang='lat' dir='ltr'><strong>mentio,</strong></span> <span class='ocrx_word' id='word_1_440' title='bbox 2628 1946 2681 1992; x_wconf 87' lang='lat' dir='ltr'><strong>et</strong></span> <span class='ocrx_word' id='word_1_441' title='bbox 2696 1935 2970 2007; x_wconf 75' lang='lat' dir='ltr'><strong>iustorum</strong></span> <span class='ocrx_word' id='word_1_442' title='bbox 2992 1933 3329 1991; x_wconf 73' lang='lat' dir='ltr'><strong>describatur</strong></span> <span class='ocrx_word' id='word_1_443' title='bbox 3352 1933 3533 1986; x_wconf 87' lang='lat' dir='ltr'><strong>lauset</strong></span> <span class='ocrx_word' id='word_1_444' title='bbox 3543 1930 3736 1986; x_wconf 82' lang='lat' dir='ltr'><strong>devotio.</strong></span> 
     </span>
    </p>
   </div>
   <div class='ocr_carea' id='block_1_64' title="bbox 2273 2022 3735 2098">
    <p class='ocr_par' dir='ltr' id='par_1_64' title="bbox 2273 2022 3735 2098">
     <span class='ocr_line' id='line_1_64' title="bbox 2273 2022 3735 2098; baseline -0.006 -11"><span class='ocrx_word' id='word_1_445' title='bbox 2273 2032 2364 2087; x_wconf 83' lang='lat'><strong>55.</strong></span> <span class='ocrx_word' id='word_1_446' title='bbox 2394 2030 2698 2086; x_wconf 75' lang='lat' dir='ltr'><strong>Adeiardus</strong></span> <span class='ocrx_word' id='word_1_447' title='bbox 2719 2028 2966 2084; x_wconf 84' lang='lat' dir='ltr'><strong>fratuelis</strong></span> <span class='ocrx_word' id='word_1_448' title='bbox 2984 2028 3097 2098; x_wconf 89' lang='lat' dir='ltr'><strong>jam</strong></span> <span class='ocrx_word' id='word_1_449' title='bbox 3119 2026 3250 2082; x_wconf 87' lang='lat' dir='ltr'><strong>dicti</strong></span> <span class='ocrx_word' id='word_1_450' title='bbox 3275 2026 3495 2081; x_wconf 83' lang='lat' dir='ltr'><strong>abbatis</strong></span> <span class='ocrx_word' id='word_1_451' title='bbox 3523 2041 3584 2080; x_wconf 77' lang='lat' dir='ltr'><strong>ex</strong></span> <span class='ocrx_word' id='word_1_452' title='bbox 3604 2022 3735 2079; x_wconf 77' lang='lat' dir='ltr'><strong>milite</strong></span> 
     </span>
    </p>
   </div>
   <div class='ocr_carea' id='block_1_65' title="bbox 2170 2118 3735 2191">
    <p class='ocr_par' dir='ltr' id='par_1_65' title="bbox 2170 2118 3735 2191">
     <span class='ocr_line' id='line_1_65' title="bbox 2170 2118 3735 2191; baseline -0.003 -14"><span class='ocrx_word' id='word_1_453' title='bbox 2170 2152 2175 2177; x_wconf 76' lang='grc'><em>;</em></span> <span class='ocrx_word' id='word_1_454' title='bbox 2202 2124 2258 2179; x_wconf 88' lang='lat' dir='ltr'><strong>in</strong></span> <span class='ocrx_word' id='word_1_455' title='bbox 2288 2124 2617 2179; x_wconf 88' lang='lat' dir='ltr'><strong>monachum</strong></span> <span class='ocrx_word' id='word_1_456' title='bbox 2649 2130 2922 2188; x_wconf 87' lang='lat' dir='ltr'><strong>attonsus,</strong></span> <span class='ocrx_word' id='word_1_457' title='bbox 2968 2128 3179 2191; x_wconf 83' lang='lat' dir='ltr'><strong>partem</strong></span> <span class='ocrx_word' id='word_1_458' title='bbox 3204 2119 3395 2174; x_wconf 88' lang='lat' dir='ltr'><strong>allodii</strong></span> <span class='ocrx_word' id='word_1_459' title='bbox 3438 2118 3538 2174; x_wconf 87' lang='lat' dir='ltr'><strong>sibi</strong></span> <span class='ocrx_word' id='word_1_460' title='bbox 3563 2132 3735 2187; x_wconf 80' lang='lat' dir='ltr'><strong>compe-</strong></span> 
     </span>
    </p>
   </div>
   <div class='ocr_carea' id='block_1_66' title="bbox 2200 2210 3735 2281">
    <p class='ocr_par' dir='ltr' id='par_1_66' title="bbox 2200 2210 3735 2281">
     <span class='ocr_line' id='line_1_66' title="bbox 2200 2210 3735 2281; baseline -0.005 -11"><span class='ocrx_word' id='word_1_461' title='bbox 2200 2214 2391 2280; x_wconf 80' lang='lat' dir='ltr'><strong>tentis,</strong></span> <span class='ocrx_word' id='word_1_462' title='bbox 2418 2221 2691 2269; x_wconf 86' lang='lat' dir='ltr'><strong>annuente</strong></span> <span class='ocrx_word' id='word_1_463' title='bbox 2715 2221 2891 2268; x_wconf 82' lang='lat' dir='ltr'><strong>matre</strong></span> <span class='ocrx_word' id='word_1_464' title='bbox 2922 2219 2978 2267; x_wconf 88' lang='lat' dir='ltr'><strong>et</strong></span> <span class='ocrx_word' id='word_1_465' title='bbox 3000 2210 3219 2276; x_wconf 78' lang='lat' dir='ltr'><strong>vitrico,</strong></span> <span class='ocrx_word' id='word_1_466' title='bbox 3255 2226 3362 2281; x_wconf 86' lang='lat' dir='ltr'><strong>per</strong></span> <span class='ocrx_word' id='word_1_467' title='bbox 3386 2225 3575 2273; x_wconf 78' lang='lat' dir='ltr'><strong>manus</strong></span> <span class='ocrx_word' id='word_1_468' title='bbox 3601 2223 3735 2262; x_wconf 76' lang='lat' dir='ltr'><strong>avul-</strong></span> 
     </span>
    </p>
   </div>
   <div class='ocr_carea' id='block_1_67' title="bbox 2172 2303 3735 2363">
    <p class='ocr_par' dir='ltr' id='par_1_67' title="bbox 2172 2303 3735 2363">
     <span class='ocr_line' id='line_1_67' title="bbox 2172 2303 3735 2363; baseline -0.003 -2"><span class='ocrx_word' id='word_1_469' title='bbox 2172 2356 2177 2361; x_wconf 83' lang='lat'><strong>.</strong></span> <span class='ocrx_word' id='word_1_470' title='bbox 2202 2308 2310 2363; x_wconf 84' lang='lat' dir='ltr'><strong>culi</strong></span> <span class='ocrx_word' id='word_1_471' title='bbox 2332 2307 2419 2363; x_wconf 90' lang='lat' dir='ltr'><strong>sui</strong></span> <span class='ocrx_word' id='word_1_472' title='bbox 2456 2307 2669 2362; x_wconf 85' lang='lat' dir='ltr'><strong>abbatis</strong></span> <span class='ocrx_word' id='word_1_473' title='bbox 2693 2316 2747 2361; x_wconf 91' lang='lat' dir='ltr'><strong>et</strong></span> <span class='ocrx_word' id='word_1_474' title='bbox 2773 2304 3020 2361; x_wconf 87' lang='lat' dir='ltr'><strong>advocati</strong></span> <span class='ocrx_word' id='word_1_475' title='bbox 3067 2303 3319 2359; x_wconf 88' lang='lat' dir='ltr'><strong>Balduini</strong></span> <span class='ocrx_word' id='word_1_476' title='bbox 3343 2303 3562 2358; x_wconf 88' lang='lat' dir='ltr'><strong>tradidit</strong></span> <span class='ocrx_word' id='word_1_477' title='bbox 3589 2311 3735 2358; x_wconf 73' lang='lat' dir='ltr'><strong>sam</strong></span> 
     </span>
    </p>
   </div>
   <div class='ocr_carea' id='block_1_68' title="bbox 2203 2394 3734 2468">
    <p class='ocr_par' dir='ltr' id='par_1_68' title="bbox 2203 2394 3734 2468">
     <span class='ocr_line' id='line_1_68' title="bbox 2203 2394 3734 2468; baseline -0.005 -14"><span class='ocrx_word' id='word_1_478' title='bbox 2203 2400 2385 2455; x_wconf 84' lang='lat' dir='ltr'><strong>Petro.</strong></span> <span class='ocrx_word' id='word_1_479' title='bbox 2415 2398 2681 2454; x_wconf 86' lang='lat' dir='ltr'><strong>Sacerdos</strong></span> <span class='ocrx_word' id='word_1_480' title='bbox 2732 2398 3022 2468; x_wconf 85' lang='lat' dir='ltr'><strong>religiosus</strong></span> <span class='ocrx_word' id='word_1_481' title='bbox 3044 2397 3117 2428; x_wconf 82' lang='lat'><strong>&quot;&#39;</strong></span> <span class='ocrx_word' id='word_1_482' title='bbox 3141 2395 3417 2451; x_wconf 88' lang='lat' dir='ltr'><strong>Beroldus</strong></span> <span class='ocrx_word' id='word_1_483' title='bbox 3467 2394 3662 2449; x_wconf 84' lang='lat' dir='ltr'><strong>nomine</strong></span> <span class='ocrx_word' id='word_1_484' title='bbox 3689 2409 3734 2448; x_wconf 82' lang='lat' dir='ltr'><strong>ea</strong></span> 
     </span>
    </p>
   </div>
   <div class='ocr_carea' id='block_1_69' title="bbox 2202 2485 3734 2562">
    <p class='ocr_par' dir='ltr' id='par_1_69' title="bbox 2202 2485 3734 2562">
     <span class='ocr_line' id='line_1_69' title="bbox 2202 2485 3734 2562; baseline -0.003 -15"><span class='ocrx_word' id='word_1_485' title='bbox 2202 2500 2531 2562; x_wconf 87' lang='lat' dir='ltr'><strong>tempestate</strong></span> <span class='ocrx_word' id='word_1_486' title='bbox 2573 2491 2816 2547; x_wconf 81' lang='lat' dir='ltr'><strong>sociatus</strong></span> <span class='ocrx_word' id='word_1_487' title='bbox 2864 2499 2947 2545; x_wconf 88' lang='lat' dir='ltr'><strong>est</strong></span> <span class='ocrx_word' id='word_1_488' title='bbox 3005 2488 3341 2543; x_wconf 71' lang='lat' dir='ltr'><strong>fraternitati</strong></span> <span class='ocrx_word' id='word_1_489' title='bbox 3397 2496 3607 2543; x_wconf 68' lang='lat' dir='ltr'><strong>nostrae.</strong></span> <span class='ocrx_word' id='word_1_490' title='bbox 3658 2485 3734 2552; x_wconf 79' lang='grc' dir='ltr'><strong>0ιὶ</strong></span> 
     </span>
    </p>
   </div>
   <div class='ocr_carea' id='block_1_70' title="bbox 2201 2580 3736 2656">
    <p class='ocr_par' dir='ltr' id='par_1_70' title="bbox 2201 2580 3736 2656">
     <span class='ocr_line' id='line_1_70' title="bbox 2201 2580 3736 2656; baseline -0.008 -15"><span class='ocrx_word' id='word_1_491' title='bbox 2201 2596 2404 2656; x_wconf 89' lang='lat' dir='ltr'><strong>quanta</strong></span> <span class='ocrx_word' id='word_1_492' title='bbox 2425 2584 2569 2639; x_wconf 89' lang='lat' dir='ltr'><strong>bona</strong></span> <span class='ocrx_word' id='word_1_493' title='bbox 2597 2583 2727 2637; x_wconf 87' lang='lat' dir='ltr'><strong>huic</strong></span> <span class='ocrx_word' id='word_1_494' title='bbox 2761 2591 2961 2637; x_wconf 68' lang='lat' dir='ltr'><strong>nostrae</strong></span> <span class='ocrx_word' id='word_1_495' title='bbox 2987 2580 3177 2636; x_wconf 89' lang='lat' dir='ltr'><strong>fecerit</strong></span> <span class='ocrx_word' id='word_1_496' title='bbox 3199 2580 3491 2645; x_wconf 65' lang='lat' dir='ltr'><strong>ateclesiae,</strong></span> <span class='ocrx_word' id='word_1_497' title='bbox 3518 2586 3736 2633; x_wconf 82' lang='lat' dir='ltr'><strong>testantur</strong></span> 
     </span>
    </p>
   </div>
   <div class='ocr_carea' id='block_1_71' title="bbox 2202 2669 3738 2750">
    <p class='ocr_par' dir='ltr' id='par_1_71' title="bbox 2202 2669 3738 2750">
     <span class='ocr_line' id='line_1_71' title="bbox 2202 2669 3738 2750; baseline -0.008 -16"><span class='ocrx_word' id='word_1_498' title='bbox 2202 2678 2324 2750; x_wconf 79' lang='lat' dir='ltr'><strong>ejus</strong></span> <span class='ocrx_word' id='word_1_499' title='bbox 2385 2691 2571 2748; x_wconf 84' lang='lat' dir='ltr'><strong>opera.</strong></span> <span class='ocrx_word' id='word_1_500' title='bbox 2625 2674 2828 2729; x_wconf 81' lang='lat' dir='ltr'><strong>Hilaris</strong></span> <span class='ocrx_word' id='word_1_501' title='bbox 2886 2674 3045 2728; x_wconf 89' lang='lat' dir='ltr'><strong>dator</strong></span> <span class='ocrx_word' id='word_1_502' title='bbox 3097 2680 3154 2729; x_wconf 90' lang='lat' dir='ltr'><strong>et</strong></span> <span class='ocrx_word' id='word_1_503' title='bbox 3214 2672 3271 2727; x_wconf 87' lang='lat' dir='ltr'><strong>in</strong></span> <span class='ocrx_word' id='word_1_504' title='bbox 3330 2669 3738 2742; x_wconf 78' lang='lat' dir='ltr'><strong>oportunitatibus</strong></span> 
     </span>
    </p>
   </div>
   <div class='ocr_carea' id='block_1_72' title="bbox 2201 2767 2879 2842">
    <p class='ocr_par' dir='ltr' id='par_1_72' title="bbox 2201 2767 2879 2842">
     <span class='ocr_line' id='line_1_72' title="bbox 2201 2767 2879 2842; baseline -0.006 -16"><span class='ocrx_word' id='word_1_505' title='bbox 2201 2777 2490 2842; x_wconf 85' lang='lat' dir='ltr'><strong>promptus</strong></span> <span class='ocrx_word' id='word_1_506' title='bbox 2510 2767 2615 2824; x_wconf 90' lang='lat' dir='ltr'><strong>fuit</strong></span> <span class='ocrx_word' id='word_1_507' title='bbox 2643 2768 2879 2837; x_wconf 87' lang='lat' dir='ltr'><strong>adjutor.</strong></span> 
     </span>
    </p>
   </div>
   <div class='ocr_carea' id='block_1_73' title="bbox 2274 2856 3736 2934">
    <p class='ocr_par' dir='ltr' id='par_1_73' title="bbox 2274 2856 3736 2934">
     <span class='ocr_line' id='line_1_73' title="bbox 2274 2856 3736 2934; baseline -0.009 -14"><span class='ocrx_word' id='word_1_508' title='bbox 2274 2863 2366 2920; x_wconf 79' lang='lat'><strong>56.</strong></span> <span class='ocrx_word' id='word_1_509' title='bbox 2417 2862 2593 2934; x_wconf 78' lang='lat' dir='ltr'><strong>Hujus</strong></span> <span class='ocrx_word' id='word_1_510' title='bbox 2643 2862 2807 2917; x_wconf 87' lang='lat' dir='ltr'><strong>etiam</strong></span> <span class='ocrx_word' id='word_1_511' title='bbox 2850 2859 3061 2915; x_wconf 87' lang='lat' dir='ltr'><strong>abbatis</strong></span> <span class='ocrx_word' id='word_1_512' title='bbox 3088 2867 3342 2929; x_wconf 86' lang='lat' dir='ltr'><strong>tempore</strong></span> <span class='ocrx_word' id='word_1_513' title='bbox 3382 2856 3648 2914; x_wconf 65' lang='lat' dir='ltr'><strong>deuinctus</strong></span> <span class='ocrx_word' id='word_1_514' title='bbox 3677 2864 3736 2907; x_wconf 82' lang='lat' dir='ltr'><strong>est</strong></span> 
     </span>
    </p>
   </div>
   <div class='ocr_carea' id='block_1_74' title="bbox 2203 2943 3737 3018">
    <p class='ocr_par' dir='ltr' id='par_1_74' title="bbox 2203 2943 3737 3018">
     <span class='ocr_line' id='line_1_74' title="bbox 2203 2943 3737 3018; baseline -0.01 -6"><span class='ocrx_word' id='word_1_515' title='bbox 2203 2956 2480 3012; x_wconf 77' lang='lat' dir='ltr'><strong>Guarinus</strong></span> <span class='ocrx_word' id='word_1_516' title='bbox 2501 2954 2827 3018; x_wconf 87' lang='lat' dir='ltr'><strong>monachus,</strong></span> <span class='ocrx_word' id='word_1_517' title='bbox 2851 2953 2933 3007; x_wconf 85' lang='lat' dir='ltr'><strong>vir</strong></span> <span class='ocrx_word' id='word_1_518' title='bbox 2954 2951 3201 3006; x_wconf 88' lang='lat' dir='ltr'><strong>omnium</strong></span> <span class='ocrx_word' id='word_1_519' title='bbox 3226 2950 3505 3006; x_wconf 85' lang='lat' dir='ltr'><strong>bonorum</strong></span> <span class='ocrx_word' id='word_1_520' title='bbox 3526 2943 3737 3002; x_wconf 83' lang='lat' dir='ltr'><strong>memoria</strong></span> 
     </span>
    </p>
   </div>
   <div class='ocr_carea' id='block_1_75' title="bbox 2203 3036 3739 3119">
    <p class='ocr_par' dir='ltr' id='par_1_75' title="bbox 2203 3036 3739 3119">
     <span class='ocr_line' id='line_1_75' title="bbox 2203 3036 3739 3119; baseline -0.007 -17"><span class='ocrx_word' id='word_1_521' title='bbox 2203 3047 2427 3119; x_wconf 84' lang='lat' dir='ltr'><strong>dignus,</strong></span> <span class='ocrx_word' id='word_1_522' title='bbox 2445 3046 2538 3117; x_wconf 90' lang='lat' dir='ltr'><strong>qui</strong></span> <span class='ocrx_word' id='word_1_523' title='bbox 2556 3060 2654 3116; x_wconf 90' lang='lat' dir='ltr'><strong>per</strong></span> <span class='ocrx_word' id='word_1_524' title='bbox 2670 3045 2870 3100; x_wconf 89' lang='lat' dir='ltr'><strong>multos</strong></span> <span class='ocrx_word' id='word_1_525' title='bbox 2896 3059 3069 3099; x_wconf 91' lang='lat' dir='ltr'><strong>annos</strong></span> <span class='ocrx_word' id='word_1_526' title='bbox 3083 3044 3138 3099; x_wconf 90' lang='lat' dir='ltr'><strong>in</strong></span> <span class='ocrx_word' id='word_1_527' title='bbox 3161 3040 3542 3117; x_wconf 79' lang='lat' dir='ltr'><strong>Gemblacensi</strong></span> <span class='ocrx_word' id='word_1_528' title='bbox 3558 3036 3739 3095; x_wconf 67' lang='lat' dir='ltr'><strong>cenabis</strong></span> 
     </span>
    </p>
   </div>
   <div class='ocr_carea' id='block_1_76' title="bbox 2204 3126 3737 3208">
    <p class='ocr_par' dir='ltr' id='par_1_76' title="bbox 2204 3126 3737 3208">
     <span class='ocr_line' id='line_1_76' title="bbox 2204 3126 3737 3208; baseline -0.009 -15"><span class='ocrx_word' id='word_1_529' title='bbox 2204 3136 2428 3194; x_wconf 80' lang='lat' dir='ltr'><strong>functus</strong></span> <span class='ocrx_word' id='word_1_530' title='bbox 2459 3137 2736 3208; x_wconf 86' lang='lat' dir='ltr'><strong>prioratus</strong></span> <span class='ocrx_word' id='word_1_531' title='bbox 2774 3135 2953 3192; x_wconf 76' lang='lat' dir='ltr'><strong>ofﬁcio</strong></span> <span class='ocrx_word' id='word_1_532' title='bbox 2980 3135 3238 3191; x_wconf 86' lang='lat' dir='ltr'><strong>omnibus</strong></span> <span class='ocrx_word' id='word_1_533' title='bbox 3265 3134 3363 3205; x_wconf 86' lang='lat' dir='ltr'><strong>pie</strong></span> <span class='ocrx_word' id='word_1_534' title='bbox 3401 3130 3678 3186; x_wconf 86' lang='lat' dir='ltr'><strong>viventibus</strong></span> <span class='ocrx_word' id='word_1_535' title='bbox 3696 3126 3737 3179; x_wconf 86' lang='lat' dir='ltr'><strong>in</strong></span> 
     </span>
    </p>
   </div>
   <div class='ocr_carea' id='block_1_77' title="bbox 2202 3216 3737 3301">
    <p class='ocr_par' dir='ltr' id='par_1_77' title="bbox 2202 3216 3737 3301">
     <span class='ocr_line' id='line_1_77' title="bbox 2202 3216 3737 3301; baseline -0.012 -14"><span class='ocrx_word' id='word_1_536' title='bbox 2202 3231 2425 3287; x_wconf 89' lang='lat' dir='ltr'><strong>Christo</strong></span> <span class='ocrx_word' id='word_1_537' title='bbox 2481 3229 2738 3301; x_wconf 86' lang='lat' dir='ltr'><strong>proderat</strong></span> <span class='ocrx_word' id='word_1_538' title='bbox 2778 3228 2949 3283; x_wconf 82' lang='lat' dir='ltr'><strong>verbo</strong></span> <span class='ocrx_word' id='word_1_539' title='bbox 2990 3235 3044 3283; x_wconf 88' lang='lat' dir='ltr'><strong>et</strong></span> <span class='ocrx_word' id='word_1_540' title='bbox 3099 3226 3377 3296; x_wconf 83' lang='lat' dir='ltr'><strong>exemplo.</strong></span> <span class='ocrx_word' id='word_1_541' title='bbox 3402 3239 3407 3244; x_wconf 91' lang='grc'><strong>·</strong></span> <span class='ocrx_word' id='word_1_542' title='bbox 3435 3222 3529 3278; x_wconf 89' lang='lat' dir='ltr'><strong>llic</strong></span> <span class='ocrx_word' id='word_1_543' title='bbox 3575 3216 3737 3275; x_wconf 68' lang='lat' dir='ltr'><strong>Olbeﬂi</strong></span> 
     </span>
    </p>
   </div>
   <div class='ocr_carea' id='block_1_78' title="bbox 2204 3313 3739 3390">
    <p class='ocr_par' dir='ltr' id='par_1_78' title="bbox 2204 3313 3739 3390">
     <span class='ocr_line' id='line_1_78' title="bbox 2204 3313 3739 3390; baseline -0.008 -13"><span class='ocrx_word' id='word_1_544' title='bbox 2204 3321 2421 3377; x_wconf 84' lang='lat' dir='ltr'><strong>abbatis</strong></span> <span class='ocrx_word' id='word_1_545' title='bbox 2465 3319 2907 3390; x_wconf 85' lang='lat' dir='ltr'><strong>consanguineus</strong></span> <span class='ocrx_word' id='word_1_546' title='bbox 2944 3325 3002 3373; x_wconf 91' lang='lat' dir='ltr'><strong>et</strong></span> <span class='ocrx_word' id='word_1_547' title='bbox 3037 3316 3351 3389; x_wconf 87' lang='lat' dir='ltr'><strong>discipulus</strong></span> <span class='ocrx_word' id='word_1_548' title='bbox 3399 3314 3521 3379; x_wconf 89' lang='lat' dir='ltr'><strong>fuit,</strong></span> <span class='ocrx_word' id='word_1_549' title='bbox 3555 3313 3739 3381; x_wconf 80' lang='lat' dir='ltr'><strong>ejusque</strong></span> 
     </span>
    </p>
   </div>
   <div class='ocr_carea' id='block_1_79' title="bbox 2202 3397 3739 3479">
    <p class='ocr_par' dir='ltr' id='par_1_79' title="bbox 2202 3397 3739 3479">
     <span class='ocr_line' id='line_1_79' title="bbox 2202 3397 3739 3479; baseline -0.011 -10"><span class='ocrx_word' id='word_1_550' title='bbox 2202 3414 2370 3468; x_wconf 87' lang='lat' dir='ltr'><strong>vitam</strong></span> <span class='ocrx_word' id='word_1_551' title='bbox 2394 3421 2451 3468; x_wconf 91' lang='lat' dir='ltr'><strong>et</strong></span> <span class='ocrx_word' id='word_1_552' title='bbox 2494 3428 2678 3468; x_wconf 88' lang='lat' dir='ltr'><strong>mores</strong></span> <span class='ocrx_word' id='word_1_553' title='bbox 2706 3411 2975 3476; x_wconf 88' lang='lat' dir='ltr'><strong>imitatus,</strong></span> <span class='ocrx_word' id='word_1_554' title='bbox 3001 3410 3069 3464; x_wconf 87' lang='lat' dir='ltr'><strong>ad</strong></span> <span class='ocrx_word' id='word_1_555' title='bbox 3100 3410 3205 3464; x_wconf 85' lang='lat' dir='ltr'><strong>hoc</strong></span> <span class='ocrx_word' id='word_1_556' title='bbox 3243 3407 3570 3479; x_wconf 79' lang='lat' dir='ltr'><strong>profecerat,</strong></span> <span class='ocrx_word' id='word_1_557' title='bbox 3606 3409 3656 3455; x_wconf 89' lang='lat' dir='ltr'><strong>ut</strong></span> <span class='ocrx_word' id='word_1_558' title='bbox 3687 3397 3739 3451; x_wconf 81' lang='lat' dir='ltr'><strong>ab</strong></span> 
     </span>
    </p>
   </div>
   <div class='ocr_carea' id='block_1_80' title="bbox 2203 3491 3732 3570">
    <p class='ocr_par' dir='ltr' id='par_1_80' title="bbox 2203 3491 3732 3570">
     <span class='ocr_line' id='line_1_80' title="bbox 2203 3491 3732 3570; baseline -0.001 -16"><span class='ocrx_word' id='word_1_559' title='bbox 2203 3500 2294 3555; x_wconf 89' lang='lat' dir='ltr'><strong>his</strong></span> <span class='ocrx_word' id='word_1_560' title='bbox 2326 3500 2528 3570; x_wconf 87' lang='lat' dir='ltr'><strong>quibus</strong></span> <span class='ocrx_word' id='word_1_561' title='bbox 2547 3511 2665 3554; x_wconf 87' lang='lat' dir='ltr'><strong>erat</strong></span> <span class='ocrx_word' id='word_1_562' title='bbox 2683 3507 2870 3564; x_wconf 88' lang='lat' dir='ltr'><strong>notus,</strong></span> <span class='ocrx_word' id='word_1_563' title='bbox 2893 3512 3090 3552; x_wconf 89' lang='lat' dir='ltr'><strong>aurum</strong></span> <span class='ocrx_word' id='word_1_564' title='bbox 3124 3496 3198 3529; x_wconf 80' lang='grc'><strong>⁷⁸⁸</strong></span> <span class='ocrx_word' id='word_1_565' title='bbox 3232 3495 3415 3550; x_wconf 91' lang='lat' dir='ltr'><strong>multo</strong></span> <span class='ocrx_word' id='word_1_566' title='bbox 3459 3491 3732 3553; x_wconf 70' lang='grc' dir='ltr'><strong>ωετίωηιιι</strong></span> 
     </span>
    </p>
   </div>
   <div class='ocr_carea' id='block_1_81' title="bbox 2186 3579 3738 3664">
    <p class='ocr_par' dir='ltr' id='par_1_81' title="bbox 2186 3579 3738 3664">
     <span class='ocr_line' id='line_1_81' title="bbox 2186 3579 3738 3664; baseline -0.013 -11"><span class='ocrx_word' id='word_1_567' title='bbox 2186 3592 2328 3662; x_wconf 84' lang='lat' dir='ltr'><strong>igne</strong></span> <span class='ocrx_word' id='word_1_568' title='bbox 2347 3599 2638 3664; x_wconf 86' lang='lat' dir='ltr'><strong>purgatum</strong></span> <span class='ocrx_word' id='word_1_569' title='bbox 2669 3597 2725 3646; x_wconf 90' lang='lat' dir='ltr'><strong>et</strong></span> <span class='ocrx_word' id='word_1_570' title='bbox 2744 3606 2846 3645; x_wconf 90' lang='lat' dir='ltr'><strong>vas</strong></span> <span class='ocrx_word' id='word_1_571' title='bbox 2870 3588 3065 3644; x_wconf 89' lang='lat' dir='ltr'><strong>honori</strong></span> <span class='ocrx_word' id='word_1_572' title='bbox 3101 3587 3197 3643; x_wconf 87' lang='lat' dir='ltr'><strong>Dei</strong></span> <span class='ocrx_word' id='word_1_573' title='bbox 3223 3596 3418 3658; x_wconf 83' lang='lat' dir='ltr'><strong>aptum</strong></span> <span class='ocrx_word' id='word_1_574' title='bbox 3440 3579 3738 3655; x_wconf 84' lang='lat' dir='ltr'><strong>cognomina-</strong></span> 
     </span>
    </p>
   </div>
   <div class='ocr_carea' id='block_1_82' title="bbox 2205 3672 3737 3754">
    <p class='ocr_par' dir='ltr' id='par_1_82' title="bbox 2205 3672 3737 3754">
     <span class='ocr_line' id='line_1_82' title="bbox 2205 3672 3737 3754; baseline -0.01 -12"><span class='ocrx_word' id='word_1_575' title='bbox 2205 3694 2377 3742; x_wconf 82' lang='lat' dir='ltr'><strong>retur.</strong></span> <span class='ocrx_word' id='word_1_576' title='bbox 2402 3685 2533 3741; x_wconf 82' lang='lat' dir='ltr'><strong>Erat</strong></span> <span class='ocrx_word' id='word_1_577' title='bbox 2555 3685 2699 3741; x_wconf 88' lang='lat' dir='ltr'><strong>enim</strong></span> <span class='ocrx_word' id='word_1_578' title='bbox 2731 3685 2973 3739; x_wconf 86' lang='lat' dir='ltr'><strong>intentus</strong></span> <span class='ocrx_word' id='word_1_579' title='bbox 2998 3682 3243 3754; x_wconf 89' lang='lat' dir='ltr'><strong>jejuniis,</strong></span> <span class='ocrx_word' id='word_1_580' title='bbox 3278 3680 3484 3752; x_wconf 89' lang='lat' dir='ltr'><strong>vigiliis</strong></span> <span class='ocrx_word' id='word_1_581' title='bbox 3504 3685 3555 3733; x_wconf 89' lang='lat' dir='ltr'><strong>et</strong></span> <span class='ocrx_word' id='word_1_582' title='bbox 3570 3672 3737 3731; x_wconf 86' lang='lat' dir='ltr'><strong>oratio-</strong></span> 
     </span>
    </p>
   </div>
   <div class='ocr_carea' id='block_1_83' title="bbox 2207 3757 3739 3851">
    <p class='ocr_par' dir='ltr' id='par_1_83' title="bbox 2207 3757 3739 3851">
     <span class='ocr_line' id='line_1_83' title="bbox 2207 3757 3739 3851; baseline -0.009 -20"><span class='ocrx_word' id='word_1_583' title='bbox 2207 3778 2372 3832; x_wconf 83' lang='lat' dir='ltr'><strong>nibus</strong></span> <span class='ocrx_word' id='word_1_584' title='bbox 2410 3786 2465 3831; x_wconf 92' lang='lat' dir='ltr'><strong>et</strong></span> <span class='ocrx_word' id='word_1_585' title='bbox 2503 3774 2792 3832; x_wconf 88' lang='lat' dir='ltr'><strong>cotidianis</strong></span> <span class='ocrx_word' id='word_1_586' title='bbox 2842 3775 3137 3830; x_wconf 88' lang='lat' dir='ltr'><strong>missarum</strong></span> <span class='ocrx_word' id='word_1_587' title='bbox 3184 3767 3651 3851; x_wconf 77' lang='lat' dir='ltr'><strong>celebrationibus.</strong></span> <span class='ocrx_word' id='word_1_588' title='bbox 3695 3757 3739 3813; x_wconf 81' lang='lat' dir='ltr'><strong>Si</strong></span> 
     </span>
    </p>
   </div>
   <div class='ocr_carea' id='block_1_84' title="bbox 2206 3859 3741 3938">
    <p class='ocr_par' dir='ltr' id='par_1_84' title="bbox 2206 3859 3741 3938">
     <span class='ocr_line' id='line_1_84' title="bbox 2206 3859 3741 3938; baseline -0.008 -16"><span class='ocrx_word' id='word_1_589' title='bbox 2206 3868 2430 3938; x_wconf 78' lang='lat' dir='ltr'><strong>quando</strong></span> <span class='ocrx_word' id='word_1_590' title='bbox 2476 3875 2692 3933; x_wconf 90' lang='lat' dir='ltr'><strong>tamen,</strong></span> <span class='ocrx_word' id='word_1_591' title='bbox 2744 3864 2892 3936; x_wconf 91' lang='lat' dir='ltr'><strong>quod</strong></span> <span class='ocrx_word' id='word_1_592' title='bbox 2951 3879 3137 3919; x_wconf 88' lang='lat' dir='ltr'><strong>rarum</strong></span> <span class='ocrx_word' id='word_1_593' title='bbox 3191 3871 3335 3928; x_wconf 88' lang='lat' dir='ltr'><strong>erat,</strong></span> <span class='ocrx_word' id='word_1_594' title='bbox 3399 3877 3431 3916; x_wconf 89' lang='lat' dir='ltr'><strong>a</strong></span> <span class='ocrx_word' id='word_1_595' title='bbox 3482 3859 3568 3914; x_wconf 86' lang='lat' dir='ltr'><strong>tali</strong></span> <span class='ocrx_word' id='word_1_596' title='bbox 3615 3864 3741 3923; x_wconf 68' lang='lat' dir='ltr'><strong>open</strong></span> 
     </span>
    </p>
   </div>
   <div class='ocr_carea' id='block_1_85' title="bbox 2205 3943 3740 4027">
    <p class='ocr_par' dir='ltr' id='par_1_85' title="bbox 2205 3943 3740 4027">
     <span class='ocr_line' id='line_1_85' title="bbox 2205 3943 3740 4027; baseline -0.005 -13"><span class='ocrx_word' id='word_1_597' title='bbox 2205 3962 2457 4025; x_wconf 89' lang='lat' dir='ltr'><strong>vacabat,</strong></span> <span class='ocrx_word' id='word_1_598' title='bbox 2516 3958 2721 4013; x_wconf 87' lang='lat' dir='ltr'><strong>nullam</strong></span> <span class='ocrx_word' id='word_1_599' title='bbox 2774 3956 3015 4027; x_wconf 87' lang='lat' dir='ltr'><strong>requiem</strong></span> <span class='ocrx_word' id='word_1_600' title='bbox 3067 3953 3304 4010; x_wconf 88' lang='lat' dir='ltr'><strong>habebat</strong></span> <span class='ocrx_word' id='word_1_601' title='bbox 3362 3951 3584 4022; x_wconf 76' lang='lat' dir='ltr'><strong>spiritus</strong></span> <span class='ocrx_word' id='word_1_602' title='bbox 3629 3943 3740 4013; x_wconf 70' lang='lat' dir='ltr'><strong>eius.</strong></span> 
     </span>
    </p>
   </div>
   <div class='ocr_carea' id='block_1_86' title="bbox 2202 4037 3742 4125">
    <p class='ocr_par' dir='ltr' id='par_1_86' title="bbox 2202 4037 3742 4125">
     <span class='ocr_line' id='line_1_86' title="bbox 2202 4037 3742 4125; baseline -0.011 -17"><span class='ocrx_word' id='word_1_603' title='bbox 2202 4052 2342 4125; x_wconf 82' lang='lat' dir='ltr'><strong>quin</strong></span> <span class='ocrx_word' id='word_1_604' title='bbox 2378 4052 2585 4122; x_wconf 89' lang='lat' dir='ltr'><strong>aliquid</strong></span> <span class='ocrx_word' id='word_1_605' title='bbox 2618 4048 2911 4104; x_wconf 68' lang='lat' dir='ltr'><strong>mundana;</strong></span> <span class='ocrx_word' id='word_1_606' title='bbox 2947 4054 3043 4101; x_wconf 90' lang='lat' dir='ltr'><strong>aut</strong></span> <span class='ocrx_word' id='word_1_607' title='bbox 3095 4044 3296 4100; x_wconf 70' lang='lat' dir='ltr'><strong>divina:</strong></span> <span class='ocrx_word' id='word_1_608' title='bbox 3336 4037 3670 4114; x_wconf 71' lang='lat' dir='ltr'><strong>philosophia:</strong></span> 
     </span>
    </p>
   </div>
   <div class='ocr_carea' id='block_1_87' title="bbox 2210 4120 3741 4213">
    <p class='ocr_par' dir='ltr' id='par_1_87' title="bbox 2210 4120 3741 4213">
     <span class='ocr_line' id='line_1_87' title="bbox 2210 4120 3741 4213; baseline -0.012 -13"><span class='ocrx_word' id='word_1_609' title='bbox 2210 4120 2296 4199; x_wconf 73' lang='lat' dir='ltr'><strong>vir</strong></span> <span class='ocrx_word' id='word_1_610' title='bbox 2315 4120 2565 4199; x_wconf 79' lang='lat' dir='ltr'><strong>eruditus</strong></span> <span class='ocrx_word' id='word_1_611' title='bbox 2600 4147 2928 4213; x_wconf 84' lang='lat' dir='ltr'><strong>proponeret</strong></span> <span class='ocrx_word' id='word_1_612' title='bbox 2956 4146 3011 4193; x_wconf 91' lang='lat' dir='ltr'><strong>et</strong></span> <span class='ocrx_word' id='word_1_613' title='bbox 3052 4142 3353 4207; x_wconf 77' lang='lat' dir='ltr'><strong>exponeret</strong></span> <span class='ocrx_word' id='word_1_614' title='bbox 3403 4129 3657 4187; x_wconf 82' lang='lat' dir='ltr'><strong>fratribus.</strong></span> <span class='ocrx_word' id='word_1_615' title='bbox 3687 4120 3741 4213; x_wconf 18' lang='lat' dir='ltr'><strong>All</strong></span> 
     </span>
    </p>
   </div>
   <div class='ocr_carea' id='block_1_88' title="bbox 2210 4211 3740 4289">
    <p class='ocr_par' dir='ltr' id='par_1_88' title="bbox 2210 4211 3740 4289">
     <span class='ocr_line' id='line_1_88' title="bbox 2210 4211 3740 4289; baseline -0.012 1"><span class='ocrx_word' id='word_1_616' title='bbox 2210 4241 2426 4289; x_wconf 82' lang='lat' dir='ltr'><strong>tantum</strong></span> <span class='ocrx_word' id='word_1_617' title='bbox 2461 4211 2644 4287; x_wconf 85' lang='lat' dir='ltr'><strong>autem</strong></span> <span class='ocrx_word' id='word_1_618' title='bbox 2677 4229 2841 4284; x_wconf 90' lang='lat' dir='ltr'><strong>etiam</strong></span> <span class='ocrx_word' id='word_1_619' title='bbox 2875 4227 2931 4281; x_wconf 91' lang='lat' dir='ltr'><strong>in</strong></span> <span class='ocrx_word' id='word_1_620' title='bbox 2954 4226 3059 4282; x_wconf 89' lang='lat' dir='ltr'><strong>hoc</strong></span> <span class='ocrx_word' id='word_1_621' title='bbox 3092 4223 3245 4279; x_wconf 69' lang='lat' dir='ltr'><strong>affuit</strong></span> <span class='ocrx_word' id='word_1_622' title='bbox 3272 4222 3324 4279; x_wconf 89' lang='lat' dir='ltr'><strong>ei</strong></span> <span class='ocrx_word' id='word_1_623' title='bbox 3380 4220 3557 4277; x_wconf 83' lang='lat' dir='ltr'><strong>divina</strong></span> <span class='ocrx_word' id='word_1_624' title='bbox 3586 4211 3740 4287; x_wconf 66' lang='lat' dir='ltr'><strong>gratia.</strong></span> 
     </span>
    </p>
   </div>
   <div class='ocr_carea' id='block_1_89' title="bbox 2211 4299 3742 4387">
    <p class='ocr_par' dir='ltr' id='par_1_89' title="bbox 2211 4299 3742 4387">
     <span class='ocr_line' id='line_1_89' title="bbox 2211 4299 3742 4387; baseline -0.015 -8"><span class='ocrx_word' id='word_1_625' title='bbox 2211 4331 2274 4378; x_wconf 86' lang='lat' dir='ltr'><strong>ut</strong></span> <span class='ocrx_word' id='word_1_626' title='bbox 2294 4339 2363 4378; x_wconf 82' lang='lat' dir='ltr'><strong>ex</strong></span> <span class='ocrx_word' id='word_1_627' title='bbox 2383 4330 2515 4377; x_wconf 90' lang='lat' dir='ltr'><strong>tunc</strong></span> <span class='ocrx_word' id='word_1_628' title='bbox 2534 4328 2589 4376; x_wconf 91' lang='lat' dir='ltr'><strong>et</strong></span> <span class='ocrx_word' id='word_1_629' title='bbox 2615 4334 2763 4374; x_wconf 88' lang='lat' dir='ltr'><strong>nunc</strong></span> <span class='ocrx_word' id='word_1_630' title='bbox 2782 4332 2879 4387; x_wconf 91' lang='lat' dir='ltr'><strong>per</strong></span> <span class='ocrx_word' id='word_1_631' title='bbox 2896 4330 3022 4371; x_wconf 85' lang='lat' dir='ltr'><strong>eum</strong></span> <span class='ocrx_word' id='word_1_632' title='bbox 3045 4323 3099 4369; x_wconf 91' lang='lat' dir='ltr'><strong>et</strong></span> <span class='ocrx_word' id='word_1_633' title='bbox 3123 4329 3221 4384; x_wconf 91' lang='lat' dir='ltr'><strong>per</strong></span> <span class='ocrx_word' id='word_1_634' title='bbox 3243 4328 3340 4368; x_wconf 88' lang='lat' dir='ltr'><strong>eos</strong></span> <span class='ocrx_word' id='word_1_635' title='bbox 3364 4325 3507 4382; x_wconf 88' lang='lat' dir='ltr'><strong>quos</strong></span> <span class='ocrx_word' id='word_1_636' title='bbox 3530 4299 3742 4362; x_wconf 74' lang='lat' dir='ltr'><strong>instruxit</strong></span> 
     </span>
    </p>
   </div>
   <div class='ocr_carea' id='block_1_90' title="bbox 2213 4389 3741 4472">
    <p class='ocr_par' dir='ltr' id='par_1_90' title="bbox 2213 4389 3741 4472">
     <span class='ocr_line' id='line_1_90' title="bbox 2213 4389 3741 4472; baseline -0.012 -1"><span class='ocrx_word' id='word_1_637' title='bbox 2213 4415 2459 4472; x_wconf 90' lang='lat' dir='ltr'><strong>eruditos</strong></span> <span class='ocrx_word' id='word_1_638' title='bbox 2501 4413 2652 4467; x_wconf 90' lang='lat' dir='ltr'><strong>viros</strong></span> <span class='ocrx_word' id='word_1_639' title='bbox 2691 4408 2944 4464; x_wconf 89' lang='lat' dir='ltr'><strong>habuerit</strong></span> <span class='ocrx_word' id='word_1_640' title='bbox 2986 4414 3174 4461; x_wconf 85' lang='lat' dir='ltr'><strong>nostra</strong></span> <span class='ocrx_word' id='word_1_641' title='bbox 3212 4404 3482 4471; x_wconf 68' lang='lat' dir='ltr'><strong>azcclesia.</strong></span> <span class='ocrx_word' id='word_1_642' title='bbox 3530 4397 3657 4455; x_wconf 69' lang='lat' dir='ltr'><strong>Obiit</strong></span> <span class='ocrx_word' id='word_1_643' title='bbox 3692 4389 3741 4445; x_wconf 68' lang='grc'><strong>15</strong></span> 
     </span>
    </p>
   </div>
   <div class='ocr_carea' id='block_1_91' title="bbox 2216 4484 3740 4571">
    <p class='ocr_par' dir='ltr' id='par_1_91' title="bbox 2216 4484 3740 4571">
     <span class='ocr_line' id='line_1_91' title="bbox 2216 4484 3740 4571; baseline -0.011 -10"><span class='ocrx_word' id='word_1_644' title='bbox 2216 4507 2335 4563; x_wconf 80' lang='lat' dir='ltr'><strong>Kal.</strong></span> <span class='ocrx_word' id='word_1_645' title='bbox 2361 4505 2508 4571; x_wconf 79' lang='lat' dir='ltr'><strong>Maii,</strong></span> <span class='ocrx_word' id='word_1_646' title='bbox 2533 4512 2588 4560; x_wconf 89' lang='lat' dir='ltr'><strong>et</strong></span> <span class='ocrx_word' id='word_1_647' title='bbox 2620 4502 2849 4558; x_wconf 89' lang='lat' dir='ltr'><strong>fratrum</strong></span> <span class='ocrx_word' id='word_1_648' title='bbox 2873 4499 3217 4557; x_wconf 88' lang='lat' dir='ltr'><strong>orationibus</strong></span> <span class='ocrx_word' id='word_1_649' title='bbox 3236 4498 3500 4568; x_wconf 85' lang='lat' dir='ltr'><strong>luctuque</strong></span> <span class='ocrx_word' id='word_1_650' title='bbox 3530 4500 3581 4549; x_wconf 85' lang='lat' dir='ltr'><strong>et</strong></span> <span class='ocrx_word' id='word_1_651' title='bbox 3613 4484 3740 4544; x_wconf 71' lang='lat' dir='ltr'><strong>laui-</strong></span> 
     </span>
    </p>
   </div>
   <div class='ocr_carea' id='block_1_92' title="bbox 523 4579 3741 4679">
    <p class='ocr_par' dir='ltr' id='par_1_92' title="bbox 523 4579 3741 4679">
     <span class='ocr_line' id='line_1_92' title="bbox 523 4579 3741 4679; baseline 0.002 -22"><span class='ocrx_word' id='word_1_652' title='bbox 523 4603 607 4658; x_wconf 90' lang='lat' dir='ltr'><strong>eis</strong></span> <span class='ocrx_word' id='word_1_653' title='bbox 679 4579 891 4677; x_wconf 72' lang='lat' dir='ltr'><strong>argenti</strong></span> <span class='ocrx_word' id='word_1_654' title='bbox 962 4608 1132 4664; x_wconf 87' lang='lat' dir='ltr'><strong>abbas</strong></span> <span class='ocrx_word' id='word_1_655' title='bbox 1187 4608 1622 4679; x_wconf 65' lang='lat' dir='ltr'><strong>prmpositusque</strong></span> <span class='ocrx_word' id='word_1_656' title='bbox 1684 4606 1924 4676; x_wconf 87' lang='lat' dir='ltr'><strong>acceptis</strong></span> <span class='ocrx_word' id='word_1_657' title='bbox 1997 4621 2111 4662; x_wconf 72' lang='lat' dir='ltr'><strong>suae</strong></span> <span class='ocrx_word' id='word_1_658' title='bbox 2146 4579 2190 4637; x_wconf 72' lang='grc' dir='ltr'><strong>Ι)</strong></span> <span class='ocrx_word' id='word_1_659' title='bbox 2215 4600 2322 4654; x_wconf 75' lang='lat' dir='ltr'><strong>mis</strong></span> <span class='ocrx_word' id='word_1_660' title='bbox 2378 4602 2727 4668; x_wconf 67' lang='grc' dir='ltr'><strong>Ρνοεεουωεν</strong></span> <span class='ocrx_word' id='word_1_661' title='bbox 2792 4594 2935 4648; x_wconf 54' lang='lat' dir='ltr'><strong>intra</strong></span> <span class='ocrx_word' id='word_1_662' title='bbox 2997 4589 3260 4661; x_wconf 60' lang='lat' dir='ltr'><strong>templum</strong></span> <span class='ocrx_word' id='word_1_663' title='bbox 3327 4596 3415 4644; x_wconf 67' lang='grc' dir='ltr'><strong>εει</strong></span> <span class='ocrx_word' id='word_1_664' title='bbox 3465 4581 3741 4679; x_wconf 45' lang='lat' dir='ltr'><strong>“nummi</strong></span> 
     </span>
    </p>
   </div>
   <div class='ocr_carea' id='block_1_93' title="bbox 520 4688 2111 4770">
    <p class='ocr_par' dir='ltr' id='par_1_93' title="bbox 520 4688 2111 4770">
     <span class='ocr_line' id='line_1_93' title="bbox 520 4688 2111 4770; baseline 0.001 -19"><span class='ocrx_word' id='word_1_665' title='bbox 520 4698 855 4753; x_wconf 87' lang='lat' dir='ltr'><strong>assentirent</strong></span> <span class='ocrx_word' id='word_1_666' title='bbox 904 4699 1241 4764; x_wconf 76' lang='lat' dir='ltr'><strong>diﬂinitioni;</strong></span> <span class='ocrx_word' id='word_1_667' title='bbox 1299 4716 1366 4755; x_wconf 90' lang='lat' dir='ltr'><strong>eo</strong></span> <span class='ocrx_word' id='word_1_668' title='bbox 1429 4708 1591 4770; x_wconf 88' lang='lat' dir='ltr'><strong>pacto</strong></span> <span class='ocrx_word' id='word_1_669' title='bbox 1646 4688 1724 4753; x_wconf 42' lang='lat' dir='ltr'><strong>ut&#39;</strong></span> <span class='ocrx_word' id='word_1_670' title='bbox 1775 4697 2111 4757; x_wconf 79' lang='lat' dir='ltr'><strong>Reinbaldus</strong></span> 
     </span>
    </p>
   </div>
   <div class='ocr_carea' id='block_1_94' title="bbox 522 4791 2109 4875">
    <p class='ocr_par' dir='ltr' id='par_1_94' title="bbox 522 4791 2109 4875">
     <span class='ocr_line' id='line_1_94' title="bbox 522 4791 2109 4875; baseline -0.001 -27"><span class='ocrx_word' id='word_1_671' title='bbox 522 4791 808 4848; x_wconf 85' lang='lat' dir='ltr'><strong>annuatim</strong></span> <span class='ocrx_word' id='word_1_672' title='bbox 839 4806 939 4862; x_wconf 90' lang='lat' dir='ltr'><strong>pro</strong></span> <span class='ocrx_word' id='word_1_673' title='bbox 967 4795 1233 4850; x_wconf 88' lang='lat' dir='ltr'><strong>reditibus</strong></span> <span class='ocrx_word' id='word_1_674' title='bbox 1256 4795 1500 4865; x_wconf 88' lang='lat' dir='ltr'><strong>ejusdem</strong></span> <span class='ocrx_word' id='word_1_675' title='bbox 1527 4794 1710 4849; x_wconf 89' lang='lat' dir='ltr'><strong>allodii</strong></span> <span class='ocrx_word' id='word_1_676' title='bbox 1733 4791 1921 4848; x_wconf 88' lang='lat' dir='ltr'><strong>decem</strong></span> <span class='ocrx_word' id='word_1_677' title='bbox 1972 4792 2109 4875; x_wconf 81' lang='lat' dir='ltr'><strong>soli-</strong></span> 
     </span>
    </p>
   </div>
   <div class='ocr_carea' id='block_1_95' title="bbox 500 4882 2119 4955">
    <p class='ocr_par' dir='ltr' id='par_1_95' title="bbox 500 4882 2119 4955">
     <span class='ocr_line' id='line_1_95' title="bbox 500 4882 2119 4955; baseline 0.001 -18"><span class='ocrx_word' id='word_1_678' title='bbox 500 4884 627 4938; x_wconf 76' lang='lat' dir='ltr'><strong>-dos</strong></span> <span class='ocrx_word' id='word_1_679' title='bbox 649 4884 920 4953; x_wconf 83' lang='lat' dir='ltr'><strong>persolvat</strong></span> <span class='ocrx_word' id='word_1_680' title='bbox 953 4887 1039 4941; x_wconf 91' lang='lat' dir='ltr'><strong>die</strong></span> <span class='ocrx_word' id='word_1_681' title='bbox 1069 4886 1253 4942; x_wconf 80' lang='lat' dir='ltr'><strong>sancti</strong></span> <span class='ocrx_word' id='word_1_682' title='bbox 1274 4886 1524 4942; x_wconf 90' lang='lat' dir='ltr'><strong>Servatii.</strong></span> <span class='ocrx_word' id='word_1_683' title='bbox 1557 4884 1891 4955; x_wconf 65' lang='lat' dir='ltr'><strong>Prtepositus</strong></span> <span class='ocrx_word' id='word_1_684' title='bbox 1931 4898 1965 4939; x_wconf 86' lang='lat' dir='ltr'><strong>a</strong></span> <span class='ocrx_word' id='word_1_685' title='bbox 1994 4882 2119 4939; x_wconf 86' lang='lat' dir='ltr'><strong>suis</strong></span> 
     </span>
    </p>
   </div>
   <div class='ocr_carea' id='block_1_96' title="bbox 520 4972 2113 5047">
    <p class='ocr_par' dir='ltr' id='par_1_96' title="bbox 520 4972 2113 5047">
     <span class='ocr_line' id='line_1_96' title="bbox 520 4972 2113 5047; baseline -0.002 -17"><span class='ocrx_word' id='word_1_686' title='bbox 520 4989 846 5045; x_wconf 86' lang='lat' dir='ltr'><strong>persuasus,</strong></span> <span class='ocrx_word' id='word_1_687' title='bbox 871 4976 1080 5047; x_wconf 58' lang='lat' dir='ltr'><strong>miram</strong></span> <span class='ocrx_word' id='word_1_688' title='bbox 1115 4977 1273 5033; x_wconf 81' lang='lat' dir='ltr'><strong>dictae</strong></span> <span class='ocrx_word' id='word_1_689' title='bbox 1312 4977 1585 5032; x_wconf 86' lang='lat' dir='ltr'><strong>consentit</strong></span> <span class='ocrx_word' id='word_1_690' title='bbox 1609 4976 1776 5030; x_wconf 91' lang='lat' dir='ltr'><strong>otius.</strong></span> <span class='ocrx_word' id='word_1_691' title='bbox 1816 4975 1999 5032; x_wconf 81' lang='lat' dir='ltr'><strong>Abbas</strong></span> <span class='ocrx_word' id='word_1_692' title='bbox 2042 4972 2113 5028; x_wconf 87' lang='lat' dir='ltr'><strong>ab</strong></span> 
     </span>
    </p>
   </div>
   <div class='ocr_carea' id='block_1_97' title="bbox 520 5065 2105 5139">
    <p class='ocr_par' dir='ltr' id='par_1_97' title="bbox 520 5065 2105 5139">
     <span class='ocr_line' id='line_1_97' title="bbox 520 5065 2105 5139; baseline -0.001 -17"><span class='ocrx_word' id='word_1_693' title='bbox 520 5068 602 5123; x_wconf 86' lang='lat' dir='ltr'><strong>eis</strong></span> <span class='ocrx_word' id='word_1_694' title='bbox 635 5068 979 5135; x_wconf 84' lang='lat' dir='ltr'><strong>convenitur,</strong></span> <span class='ocrx_word' id='word_1_695' title='bbox 1010 5078 1070 5124; x_wconf 92' lang='lat' dir='ltr'><strong>ut</strong></span> <span class='ocrx_word' id='word_1_696' title='bbox 1102 5085 1389 5125; x_wconf 90' lang='lat' dir='ltr'><strong>assensum</strong></span> <span class='ocrx_word' id='word_1_697' title='bbox 1431 5067 1670 5139; x_wconf 70' lang='lat' dir='ltr'><strong>praebeat</strong></span> <span class='ocrx_word' id='word_1_698' title='bbox 1714 5076 1965 5139; x_wconf 69' lang='lat' dir='ltr'><strong>rogatur.</strong></span> <span class='ocrx_word' id='word_1_699' title='bbox 2009 5065 2105 5121; x_wconf 89' lang='lat' dir='ltr'><strong>llle</strong></span> 
     </span>
    </p>
   </div>
   <div class='ocr_carea' id='block_1_98' title="bbox 521 5157 2101 5228">
    <p class='ocr_par' dir='ltr' id='par_1_98' title="bbox 521 5157 2101 5228">
     <span class='ocr_line' id='line_1_98' title="bbox 521 5157 2101 5228; baseline -0.002 -14"><span class='ocrx_word' id='word_1_700' title='bbox 521 5175 751 5228; x_wconf 85' lang='lat' dir='ltr'><strong>prorsus</strong></span> <span class='ocrx_word' id='word_1_701' title='bbox 773 5160 984 5227; x_wconf 89' lang='lat' dir='ltr'><strong>abnuit,</strong></span> <span class='ocrx_word' id='word_1_702' title='bbox 1008 5170 1063 5215; x_wconf 91' lang='lat' dir='ltr'><strong>et</strong></span> <span class='ocrx_word' id='word_1_703' title='bbox 1082 5160 1255 5215; x_wconf 88' lang='lat' dir='ltr'><strong>iratus</strong></span> <span class='ocrx_word' id='word_1_704' title='bbox 1283 5159 1351 5215; x_wconf 90' lang='lat' dir='ltr'><strong>ab</strong></span> <span class='ocrx_word' id='word_1_705' title='bbox 1374 5175 1566 5215; x_wconf 90' lang='lat' dir='ltr'><strong>eorum</strong></span> <span class='ocrx_word' id='word_1_706' title='bbox 1599 5176 1659 5216; x_wconf 88' lang='lat' dir='ltr'><strong>se</strong></span> <span class='ocrx_word' id='word_1_707' title='bbox 1686 5160 1877 5214; x_wconf 87' lang='lat' dir='ltr'><strong>avertit</strong></span> <span class='ocrx_word' id='word_1_708' title='bbox 1910 5157 2101 5213; x_wconf 90' lang='lat' dir='ltr'><strong>oculis.</strong></span> 
     </span>
    </p>
   </div>
   <div class='ocr_carea' id='block_1_99' title="bbox 522 5244 2115 5317">
    <p class='ocr_par' dir='ltr' id='par_1_99' title="bbox 522 5244 2115 5317">
     <span class='ocr_line' id='line_1_99' title="bbox 522 5244 2115 5317; baseline -0.001 -12"><span class='ocrx_word' id='word_1_709' title='bbox 522 5244 811 5305; x_wconf 78' lang='lat' dir='ltr'><strong>Postremo</strong></span> <span class='ocrx_word' id='word_1_710' title='bbox 856 5250 1139 5305; x_wconf 87' lang='lat' dir='ltr'><strong>nimietate</strong></span> <span class='ocrx_word' id='word_1_711' title='bbox 1184 5264 1376 5304; x_wconf 88' lang='lat' dir='ltr'><strong>eorum</strong></span> <span class='ocrx_word' id='word_1_712' title='bbox 1430 5249 1703 5307; x_wconf 82' lang='lat' dir='ltr'><strong>obtunsus</strong></span> <span class='ocrx_word' id='word_1_713' title='bbox 1744 5248 1898 5317; x_wconf 86' lang='lat' dir='ltr'><strong>jubet</strong></span> <span class='ocrx_word' id='word_1_714' title='bbox 1938 5259 2000 5304; x_wconf 90' lang='lat' dir='ltr'><strong>ut</strong></span> <span class='ocrx_word' id='word_1_715' title='bbox 2055 5246 2115 5303; x_wconf 82' lang='lat' dir='ltr'><strong>in</strong></span> 
     </span>
    </p>
   </div>
   <div class='ocr_carea' id='block_1_100' title="bbox 524 5340 2112 5419">
    <p class='ocr_par' dir='ltr' id='par_1_100' title="bbox 524 5340 2112 5419">
     <span class='ocr_line' id='line_1_100' title="bbox 524 5340 2112 5419; baseline 0 -23"><span class='ocrx_word' id='word_1_716' title='bbox 524 5341 815 5419; x_wconf 70' lang='lat' dir='ltr'><strong>prmsentia</strong></span> <span class='ocrx_word' id='word_1_717' title='bbox 876 5352 1179 5399; x_wconf 86' lang='lat' dir='ltr'><strong>conventus</strong></span> <span class='ocrx_word' id='word_1_718' title='bbox 1238 5341 1394 5396; x_wconf 83' lang='lat' dir='ltr'><strong>ﬁeret</strong></span> <span class='ocrx_word' id='word_1_719' title='bbox 1453 5340 1601 5411; x_wconf 88' lang='lat' dir='ltr'><strong>quod</strong></span> <span class='ocrx_word' id='word_1_720' title='bbox 1666 5341 1968 5409; x_wconf 81' lang='lat' dir='ltr'><strong>petebatur.</strong></span> <span class='ocrx_word' id='word_1_721' title='bbox 2032 5340 2112 5396; x_wconf 83' lang='lat' dir='ltr'><strong>Ad</strong></span> 
     </span>
    </p>
   </div>
   <div class='ocr_carea' id='block_1_101' title="bbox 2215 4667 3741 4768">
    <p class='ocr_par' dir='ltr' id='par_1_101' title="bbox 2215 4667 3741 4768">
     <span class='ocr_line' id='line_1_101' title="bbox 2215 4667 3741 4768; baseline -0.01 -24"><span class='ocrx_word' id='word_1_722' title='bbox 2215 4667 2417 4756; x_wconf 84' lang='lat' dir='ltr'><strong>Quanti</strong></span> <span class='ocrx_word' id='word_1_723' title='bbox 2446 4696 2627 4743; x_wconf 91' lang='lat' dir='ltr'><strong>autem</strong></span> <span class='ocrx_word' id='word_1_724' title='bbox 2659 4685 2826 4741; x_wconf 87' lang='lat' dir='ltr'><strong>fuerit</strong></span> <span class='ocrx_word' id='word_1_725' title='bbox 2860 4683 2977 4740; x_wconf 87' lang='lat' dir='ltr'><strong>suis</strong></span> <span class='ocrx_word' id='word_1_726' title='bbox 3002 4680 3524 4751; x_wconf 85' lang='lat' dir='ltr'><strong>contemporalibus,</strong></span> 
     </span>
    </p>
   </div>
   <div class='ocr_carea' id='block_1_102' title="bbox 2211 4772 3739 4853">
    <p class='ocr_par' dir='ltr' id='par_1_102' title="bbox 2211 4772 3739 4853">
     <span class='ocr_line' id='line_1_102' title="bbox 2211 4772 3739 4853; baseline -0.011 -16"><span class='ocrx_word' id='word_1_727' title='bbox 2211 4781 2551 4853; x_wconf 83' lang='lat' dir='ltr'><strong>epitaphium</strong></span> <span class='ocrx_word' id='word_1_728' title='bbox 2598 4779 2739 4850; x_wconf 90' lang='lat' dir='ltr'><strong>ejus,</strong></span> <span class='ocrx_word' id='word_1_729' title='bbox 2775 4776 2935 4847; x_wconf 82' lang='lat' dir='ltr'><strong>cujus</strong></span> <span class='ocrx_word' id='word_1_730' title='bbox 2979 4791 3084 4831; x_wconf 90' lang='lat' dir='ltr'><strong>nos</strong></span> <span class='ocrx_word' id='word_1_731' title='bbox 3107 4774 3214 4828; x_wconf 87' lang='lat' dir='ltr'><strong>hoc</strong></span> <span class='ocrx_word' id='word_1_732' title='bbox 3233 4772 3480 4844; x_wconf 63' lang='lat' dir='ltr'><strong>dystieon</strong></span> <span class='ocrx_word' id='word_1_733' title='bbox 3531 4773 3739 4837; x_wconf 72' lang='lat' dir='ltr'><strong>apposm&#39;</strong></span> 
     </span>
    </p>
   </div>
   <div class='ocr_carea' id='block_1_103' title="bbox 2216 4859 3589 4941">
    <p class='ocr_par' dir='ltr' id='par_1_103' title="bbox 2216 4859 3589 4941">
     <span class='ocr_line' id='line_1_103' title="bbox 2216 4859 3589 4941; baseline -0.014 -13"><span class='ocrx_word' id='word_1_734' title='bbox 2216 4888 2371 4938; x_wconf 87' lang='lat' dir='ltr'><strong>mus,</strong></span> <span class='ocrx_word' id='word_1_735' title='bbox 2409 4879 2475 4926; x_wconf 91' lang='lat' dir='ltr'><strong>ut</strong></span> <span class='ocrx_word' id='word_1_736' title='bbox 2497 4869 2644 4941; x_wconf 87' lang='lat' dir='ltr'><strong>quod</strong></span> <span class='ocrx_word' id='word_1_737' title='bbox 2668 4869 2735 4924; x_wconf 91' lang='lat' dir='ltr'><strong>de</strong></span> <span class='ocrx_word' id='word_1_738' title='bbox 2767 4882 2834 4923; x_wconf 91' lang='lat' dir='ltr'><strong>eo</strong></span> <span class='ocrx_word' id='word_1_739' title='bbox 2859 4865 3118 4930; x_wconf 79' lang='lat' dir='ltr'><strong>diximus,</strong></span> <span class='ocrx_word' id='word_1_740' title='bbox 3150 4863 3222 4918; x_wconf 87' lang='lat' dir='ltr'><strong>sit</strong></span> <span class='ocrx_word' id='word_1_741' title='bbox 3243 4859 3589 4917; x_wconf 85' lang='lat' dir='ltr'><strong>credibilius:</strong></span> 
     </span>
    </p>
   </div>
   <div class='ocr_carea' id='block_1_104' title="bbox 2221 4937 3740 5033">
    <p class='ocr_par' dir='ltr' id='par_1_104' title="bbox 2221 4937 3740 5033">
     <span class='ocr_line' id='line_1_104' title="bbox 2221 4937 3740 5033; baseline -0.018 -12"><span class='ocrx_word' id='word_1_742' title='bbox 2221 4937 2447 5031; x_wconf 71' lang='lat' dir='ltr'><strong>Narnia,</strong></span> <span class='ocrx_word' id='word_1_743' title='bbox 2469 4937 2651 5029; x_wconf 67' lang='lat' dir='ltr'><strong>decus,</strong></span> <span class='ocrx_word' id='word_1_744' title='bbox 2675 4958 2968 5033; x_wconf 74' lang='lat' dir='ltr'><strong>speculum,</strong></span> <span class='ocrx_word' id='word_1_745' title='bbox 3007 4954 3291 5022; x_wconf 74' lang='lat' dir='ltr'><strong>Gueriuus,</strong></span> <span class='ocrx_word' id='word_1_746' title='bbox 3322 4953 3487 5009; x_wconf 78' lang='lat' dir='ltr'><strong>honor</strong></span> <span class='ocrx_word' id='word_1_747' title='bbox 3509 4937 3740 5001; x_wconf 58' lang='lat' dir='ltr'><strong>monacho-</strong></span> 
     </span>
    </p>
   </div>
   <div class='ocr_carea' id='block_1_105' title="bbox 3542 5040 3693 5116">
    <p class='ocr_par' dir='ltr' id='par_1_105' title="bbox 3542 5040 3693 5116">
     <span class='ocr_line' id='line_1_105' title="bbox 3542 5040 3693 5116; baseline 0.04 -21"><span class='ocrx_word' id='word_1_748' title='bbox 3542 5040 3693 5116; x_wconf 61' lang='lat' dir='ltr'><strong>[rem</strong></span> 
     </span>
    </p>
   </div>
   <div class='ocr_carea' id='block_1_106' title="bbox 2300 5140 3549 5219">
    <p class='ocr_par' dir='ltr' id='par_1_106' title="bbox 2300 5140 3549 5219">
     <span class='ocr_line' id='line_1_106' title="bbox 2300 5140 3549 5219; baseline -0.017 -9"><span class='ocrx_word' id='word_1_749' title='bbox 2300 5153 2512 5219; x_wconf 84' lang='lat' dir='ltr'><strong>Doctor,</strong></span> <span class='ocrx_word' id='word_1_750' title='bbox 2538 5149 2795 5216; x_wconf 66' lang='lat' dir='ltr'><strong>Gemblu,</strong></span> <span class='ocrx_word' id='word_1_751' title='bbox 2827 5155 2948 5201; x_wconf 71' lang='lat' dir='ltr'><strong>tuus</strong></span> <span class='ocrx_word' id='word_1_752' title='bbox 2974 5144 3071 5199; x_wconf 76' lang='lat' dir='ltr'><strong>hoc</strong></span> <span class='ocrx_word' id='word_1_753' title='bbox 3098 5141 3303 5197; x_wconf 74' lang='lat' dir='ltr'><strong>tumulo</strong></span> <span class='ocrx_word' id='word_1_754' title='bbox 3344 5140 3549 5211; x_wconf 74' lang='lat' dir='ltr'><strong>tegitur.</strong></span> 
     </span>
    </p>
   </div>
   <div class='ocr_carea' id='block_1_107' title="bbox 2294 5216 3741 5307">
    <p class='ocr_par' dir='ltr' id='par_1_107' title="bbox 2294 5216 3741 5307">
     <span class='ocr_line' id='line_1_107' title="bbox 2294 5216 3741 5307; baseline -0.018 -3"><span class='ocrx_word' id='word_1_755' title='bbox 2294 5248 2382 5304; x_wconf 82' lang='grc'><strong>57.</strong></span> <span class='ocrx_word' id='word_1_756' title='bbox 2412 5216 2510 5302; x_wconf 79' lang='lat' dir='ltr'><strong>Vir</strong></span> <span class='ocrx_word' id='word_1_757' title='bbox 2534 5245 2719 5300; x_wconf 69' lang='lat' dir='ltr'><strong>multae</strong></span> <span class='ocrx_word' id='word_1_758' title='bbox 2738 5239 2985 5298; x_wconf 74' lang='lat' dir='ltr'><strong>scientiae</strong></span> <span class='ocrx_word' id='word_1_759' title='bbox 3013 5236 3349 5307; x_wconf 85' lang='lat' dir='ltr'><strong>Sigebertus,</strong></span> <span class='ocrx_word' id='word_1_760' title='bbox 3380 5239 3571 5287; x_wconf 67' lang='lat' dir='ltr'><strong>nostra:</strong></span> <span class='ocrx_word' id='word_1_761' title='bbox 3595 5216 3741 5278; x_wconf 68' lang='grc' dir='ltr'><strong>παιο-</strong></span> 
     </span>
    </p>
   </div>
   <div class='ocr_carea' id='block_1_108' title="bbox 2218 5311 3739 5401">
    <p class='ocr_par' dir='ltr' id='par_1_108' title="bbox 2218 5311 3739 5401">
     <span class='ocr_line' id='line_1_108' title="bbox 2218 5311 3739 5401; baseline -0.019 -7"><span class='ocrx_word' id='word_1_762' title='bbox 2218 5338 2320 5395; x_wconf 66' lang='lat' dir='ltr'><strong>site</strong></span> <span class='ocrx_word' id='word_1_763' title='bbox 2347 5336 2671 5401; x_wconf 83' lang='lat' dir='ltr'><strong>monachus,</strong></span> <span class='ocrx_word' id='word_1_764' title='bbox 2720 5326 3020 5401; x_wconf 84' lang='lat' dir='ltr'><strong>supradicti</strong></span> <span class='ocrx_word' id='word_1_765' title='bbox 3037 5323 3265 5381; x_wconf 65' lang='lat' dir='ltr'><strong>abbatis</strong></span> <span class='ocrx_word' id='word_1_766' title='bbox 3302 5315 3553 5379; x_wconf 78' lang='lat' dir='ltr'><strong>&#39;l‘ietmari</strong></span> <span class='ocrx_word' id='word_1_767' title='bbox 3589 5311 3739 5368; x_wconf 68' lang='lat' dir='ltr'><strong>horu-</strong></span> 
     </span>
    </p>
   </div>
   <div class='ocr_carea' id='block_1_109' title="bbox 1846 5470 2519 5532">
    <p class='ocr_par' dir='ltr' id='par_1_109' title="bbox 1846 5470 2519 5532">
     <span class='ocr_line' id='line_1_109' title="bbox 1846 5470 2519 5532; baseline -0.009 -1"><span class='ocrx_word' id='word_1_768' title='bbox 1846 5475 2077 5531; x_wconf 71' lang='lat' dir='ltr'><strong>V’Alil/E</strong></span> <span class='ocrx_word' id='word_1_769' title='bbox 2116 5470 2519 5532; x_wconf 70' lang='lat' dir='ltr'><strong>LECTIONES.</strong></span> 
     </span>
    </p>
   </div>
   <div class='ocr_carea' id='block_1_110' title="bbox 600 5574 3577 5675">
    <p class='ocr_par' dir='ltr' id='par_1_110' title="bbox 600 5574 3577 5675">
     <span class='ocr_line' id='line_1_110' title="bbox 600 5574 3577 5675; baseline -0.014 -11"><span class='ocrx_word' id='word_1_770' title='bbox 600 5606 672 5640; x_wconf 81' lang='lat'>&quot;&#39;</span> <span class='ocrx_word' id='word_1_771' title='bbox 702 5605 815 5661; x_wconf 81' lang='lat' dir='ltr'><strong>afio</strong></span> <span class='ocrx_word' id='word_1_772' title='bbox 843 5614 1142 5661; x_wconf 80' lang='lat' dir='ltr'><strong>atramento</strong></span> <span class='ocrx_word' id='word_1_773' title='bbox 1163 5602 1335 5675; x_wconf 79' lang='lat' dir='ltr'><strong>pergit</strong></span> <span class='ocrx_word' id='word_1_774' title='bbox 1362 5617 1410 5656; x_wconf 87' lang='lat' dir='ltr'><strong>c.</strong></span> <span class='ocrx_word' id='word_1_775' title='bbox 1482 5599 1553 5631; x_wconf 79' lang='lat'><strong>&#39;“</strong></span> <span class='ocrx_word' id='word_1_776' title='bbox 1580 5595 1794 5654; x_wconf 86' lang='lat' dir='ltr'><strong>duabus</strong></span> <span class='ocrx_word' id='word_1_777' title='bbox 1820 5608 1957 5648; x_wconf 81' lang='lat' dir='ltr'><strong>corr.</strong></span> <span class='ocrx_word' id='word_1_778' title='bbox 1987 5588 2203 5645; x_wconf 87' lang='lat' dir='ltr'><strong>duobus</strong></span> <span class='ocrx_word' id='word_1_779' title='bbox 2233 5602 2282 5641; x_wconf 92' lang='lat' dir='ltr'><strong>c.</strong></span> <span class='ocrx_word' id='word_1_780' title='bbox 2360 5583 2431 5616; x_wconf 81' lang='grc'><strong>⁷⁸⁸</strong></span> <span class='ocrx_word' id='word_1_781' title='bbox 2454 5597 2717 5653; x_wconf 78' lang='lat' dir='ltr'><strong>superscr.</strong></span> <span class='ocrx_word' id='word_1_782' title='bbox 2750 5596 2797 5636; x_wconf 79' lang='grc' dir='ltr'><strong>ο.</strong></span> <span class='ocrx_word' id='word_1_783' title='bbox 2871 5577 2944 5610; x_wconf 75' lang='grc'><strong>’⁸⁸</strong></span> <span class='ocrx_word' id='word_1_784' title='bbox 2971 5590 3109 5633; x_wconf 87' lang='lat' dir='ltr'><strong>auro</strong></span> <span class='ocrx_word' id='word_1_785' title='bbox 3134 5586 3274 5630; x_wconf 81' lang='lat' dir='ltr'><strong>corr.</strong></span> <span class='ocrx_word' id='word_1_786' title='bbox 3308 5577 3498 5625; x_wconf 84' lang='lat' dir='ltr'><strong>aurum</strong></span> <span class='ocrx_word' id='word_1_787' title='bbox 3524 5574 3577 5623; x_wconf 74' lang='grc' dir='ltr'><strong>ιι</strong></span> 
     </span>
    </p>
   </div>
   <div class='ocr_carea' id='block_1_111' title="bbox 2064 5677 2294 5737">
    <p class='ocr_par' dir='ltr' id='par_1_111' title="bbox 2064 5677 2294 5737">
     <span class='ocr_line' id='line_1_111' title="bbox 2064 5677 2294 5737; baseline -0.017 -1"><span class='ocrx_word' id='word_1_788' title='bbox 2064 5677 2294 5737; x_wconf 64' lang='grc' dir='ltr'><strong>ΝΟΤΛΕ.</strong></span> 
     </span>
    </p>
   </div>
   <div class='ocr_carea' id='block_1_112' title="bbox 599 5771 2341 5867">
    <p class='ocr_par' dir='ltr' id='par_1_112' title="bbox 599 5771 2341 5867">
     <span class='ocr_line' id='line_1_112' title="bbox 599 5771 2341 5867; baseline -0.013 -19"><span class='ocrx_word' id='word_1_789' title='bbox 599 5788 751 5867; x_wconf 64' lang='lat' dir='ltr'><strong>(897)x</strong></span> <span class='ocrx_word' id='word_1_790' title='bbox 778 5788 856 5846; x_wconf 72' lang='lat' dir='ltr'><strong>Ex</strong></span> <span class='ocrx_word' id='word_1_791' title='bbox 887 5786 1151 5865; x_wconf 79' lang='lat' dir='ltr'><strong>Sigebcrti</strong></span> <span class='ocrx_word' id='word_1_792' title='bbox 1176 5785 1323 5841; x_wconf 85' lang='lat' dir='ltr'><strong>libro.</strong></span> <span class='ocrx_word' id='word_1_793' title='bbox 1351 5782 1426 5839; x_wconf 84' lang='lat' dir='ltr'><strong>De</strong></span> <span class='ocrx_word' id='word_1_794' title='bbox 1454 5781 1589 5838; x_wconf 79' lang='lat' dir='ltr'><strong>viris</strong></span> <span class='ocrx_word' id='word_1_795' title='bbox 1621 5778 1951 5843; x_wconf 80' lang='lat' dir='ltr'><strong>illustribus,</strong></span> <span class='ocrx_word' id='word_1_796' title='bbox 1982 5791 2100 5853; x_wconf 79' lang='lat' dir='ltr'><strong>cap.</strong></span> <span class='ocrx_word' id='word_1_797' title='bbox 2142 5771 2341 5831; x_wconf 76' lang='lat' dir='ltr'><strong>ultimo.</strong></span> 
     </span>
    </p>
   </div>
   <div class='ocr_carea' id='block_1_113' title="bbox 3848 322 3853 443">
    <p class='ocr_par' dir='ltr' id='par_1_113' title="bbox 3848 322 3853 443">
     <span class='ocr_line' id='line_1_113' title="bbox 3848 322 3853 443; baseline 0 0"><span class='ocrx_word' id='word_1_798' title='bbox 3848 322 3853 419; x_wconf 72' lang='grc' dir='ltr'>ι</span> 
     </span>
    </p>
   </div>
  </div>
