3906 6316
127 376 216 434 635

932 364 1132 421 GEST.
1173 363 1325 422 ABB.
1366 362 1618 421 GEMBL.
1646 396 1716 406 —
1751 360 2024 421 CONTlN.
2055 360 2394 419 GODESCH.

3243 368 3352 428 εει

127 499 178 545 ιιι
200 483 335 557 (897)
352 479 525 539 Vitam
546 477 722 538 sancti
748 475 978 533 Maclovi
997 476 1332 534 confessoris
1355 477 1666 534 accuratius
1697 486 1740 542 Α
1772 475 1945 533 Deum
1977 476 2232 548 frequens
2262 476 2459 532 oratio.
2487 474 2554 531 Et
2592 477 2722 548 quia
2761 477 3156 549 longinquitate
3205 488 3351 539 tem-

124 576 350 635 dictando
391 571 622 636 iteravit,
658 570 970 642 passionem
1007 567 1350 625 Thcbeorum
1379 568 1666 624 martirum

1769 568 1920 637 poris
1944 566 2239 623 succrescit
2262 566 2528 638 damnosa
2552 567 2776 637 oblivio,
2799 579 2851 625 et
2879 580 3002 640 post
3019 572 3348 629 oblivionem

125 669 318 726 heroico
346 675 516 726 metro
536 664 812 732 eleganter
835 661 1167 732 composuit,
1199 661 1476 717 cronicam
1505 675 1665 716 suam
1758 660 2012 716 succedit
2042 659 2347 728 periculosa
2376 663 2675 726 contentio,
2704 662 2938 718 arbitror
2972 666 3204 734 posteris
3249 681 3352 721 no-

122 761 257 817 aliue
280 756 506 814 cronicaa
546 769 578 809 a
618 752 935 808 Jheronimo
987 753 1208 824 digestae
1256 751 1324 807 ad
1364 751 1449 807 sui
1492 767 1668 822 usque

121 849 352 920 temporis
385 847 543 901 ﬁnem
591 845 864 916 perduxit.
897 844 1122 902 Duobus
1171 845 1326 900 libris
1373 843 1664 900 illustrium

120 945 330 998 virorum
351 958 379 995 a
397 939 716 996 Jheronimo
737 947 790 994 et
809 938 1091 995 Gennadio
1104 939 1422 1009 compositis
1447 938 1666 994 tertium

121 1033 318 1100 addidit,
350 1034 402 1087 in
430 1047 540 1102 quo
576 1032 779 1088 multos
802 1031 1060 1102 antiquos
1089 1031 1508 1087 ecclesiasticos
1530 1031 1666 1086 scri-

119 1139 293 1195 ptores,
338 1123 541 1177 multos
577 1121 745 1176 etiam
785 1121 890 1177 sibi
931 1121 1367 1192 contemporales
1403 1121 1666 1176 memoria

118 1215 286 1284 dignos
308 1209 772 1266 commemoravit.
800 1207 860 1264 In
907 1209 1015 1265 fine
1060 1224 1190 1264 vero
1223 1209 1348 1266 libri
1380 1225 1442 1264 se
1485 1210 1666 1280 ipsum

120 1303 274 1374 posuit
302 1311 602 1358 extremum
633 1301 847 1368 ordine,
869 1310 955 1356 set
978 1315 1088 1358 non
1118 1310 1377 1356 extrema:
1401 1300 1660 1356 scientiae.

118 1395 290 1450 Praeter
314 1395 427 1449 haec
455 1394 600 1448 enim
633 1409 757 1464 qua:
778 1393 1336 1449 commemoravimus
1360 1391 1666 1461 composuit

118 1488 262 1544 multa
289 1487 436 1542 utilia
462 1487 790 1556 legentibus.

173 1578 251 1631 58.
280 1577 456 1631 Abhas
481 1586 664 1636 autem
689 1575 1000 1632 Tietmarus
1020 1577 1273 1647 quamvis
1291 1584 1438 1632 esset
1457 1576 1666 1632 colum-

115 1668 235 1723 binae
287 1667 691 1737 simplicitatis,
757 1667 824 1722 ad
881 1682 1261 1737 quoscumque
1319 1665 1667 1736 perveniebat

116 1775 268 1815 sermo
287 1760 422 1830 ejus,
451 1759 548 1829 qui
578 1759 801 1814 carebat
819 1758 940 1814 felle
968 1759 1186 1814 invidiae
1209 1767 1263 1814 et
1287 1757 1662 1824 detractionis,

1766 752 1899 807 stris
1932 762 2146 823 gratum
2175 751 2373 819 facere,
2413 754 2460 808 si
2510 755 2759 809 studeam
2798 755 2926 811 huic
2963 759 3225 826 opusculo
3266 759 3350 813 in-

1767 856 1950 896 serere
1977 857 2041 896 ca
2070 857 2194 912 quae
2231 841 2436 896 domno
2471 841 2766 898 Liethardo
2796 855 3125 915 procurante
3165 863 3350 902 acces-

1767 943 1959 990 serunt
1985 933 2188 990 nostra:
2211 934 2470 990 mcclesia:
2493 936 2680 990 domni
2706 938 2918 993 abbatis
2965 937 3171 993 Olberti
3208 950 3346 994 tem-

1765 1036 1918 1092 pore,
1965 1033 2026 1078 ut
2069 1024 2200 1094 quia
2255 1023 2344 1078 ille
2385 1024 2680 1093 adquisivit
2712 1027 2834 1096 plus
2871 1029 2992 1083 aliis
3037 1029 3348 1096 abbatibus,

1765 1114 1974 1192 sciatur
2020 1115 2150 1186 quid
2199 1116 2474 1185 quomodo
2524 1117 2867 1187 adquisierit,
2913 1121 2998 1175 vel
3045 1137 3075 1175 a
3125 1122 3345 1190 quibus.

1766 1204 1908 1276 Ergo
1937 1207 1984 1262 si
2007 1223 2114 1262 non
2145 1211 2352 1277 omnia,
2383 1211 2692 1268 describam
2741 1220 2920 1265 tamen
2963 1212 3347 1268 eminentiora.

1835 1297 1924 1354 60.
1965 1299 2302 1357 Macbelmus
2325 1303 2408 1356 vir
2432 1304 2657 1369 nobilis,
2690 1312 2844 1372 pater
2874 1302 3063 1356 domni
3088 1302 3348 1358 Tietmari

1765 1389 1860 1460 qui
1885 1399 2074 1447 sextus
2106 1392 2276 1448 abbas
2316 1393 2420 1448 fuit
2464 1395 2637 1450 nostri
2676 1394 2912 1459 cenobii,
2948 1403 3138 1465 rogatu
3176 1395 3351 1464 ipsius

1765 1479 1860 1536 ﬁlii
1890 1483 1978 1536 sui
2001 1491 2056 1538 et
2086 1483 2303 1540 hortatu
2326 1486 2513 1540 domui
2547 1485 2828 1540 Liethardi
2859 1485 3012 1554 dedit.
3035 1486 3350 1541 sancto-Pe-

1765 1581 1852 1627 tro
1883 1575 2228 1631 medietatem
2255 1579 2516 1636 tecclesiae
2551 1587 2755 1634 sancta:
2779 1577 2972 1633 Maria:
2999 1579 3064 1632 in.
3080 1579 3205 1633 villa
3229 1595 3352 1648 qua:

1765 1666 1966 1724 dicitur
1997 1667 2209 1724 Castra.
2247 1669 2366 1726 Alia
2393 1687 2522 1726 vero
2548 1671 2812 1726 medietas
2852 1670 3200 1741 postmodum
3223 1671 3351 1725 data

1765 1769 1848 1815 est
1867 1775 1966 1829 pro
1991 1759 2318 1816 Odevvalone
2341 1763 2614 1817 monacho
2642 1771 2857 1817 nostro.
2881 1761 2980 1816 Hic
3001 1761 3106 1816 fuit
3132 1762 3218 1815 vir
3247 1763 3347 1816 ho-

116 1829 495 1906 incitanientum
545 1860 663 1906 erat
712 1851 1130 1906 meliorationis.
1185 1850 1482 1920 Postquam
1536 1865 1666 1920 ergo
1697 1829 1740 1889 Β
1768 1859 1936 1906 ηεειω
1962 1851 2107 1917 vitae,
2140 1860 2193 1907 et
2218 1853 2272 1906 in
2301 1853 2485 1908 divina
2509 1862 2565 1908 et
2589 1854 2828 1908 humana
2861 1853 3132 1921 scriptura
3167 1852 3352 1907 multa:

115 1959 192 2012 per
211 1959 372 1999 annos
396 1944 466 1997 25
486 1944 594 2000 sibi
619 1944 969 1999 commissam
1001 1943 1204 1998 Christi
1235 1943 1497 2010 familiam
1527 1941 1666 1997 rexit

115 2035 329 2100 ﬁdeliter,
355 2035 581 2089 diutinae
617 2035 950 2090 infirmitatis
974 2037 1097 2105 igne
1130 2035 1391 2089 decoctus
1413 2076 1428 2101 ,
1459 2034 1494 2087 2
1541 2032 1661 2090 Kal.

114 2125 236 2180 Junii
255 2128 317 2158 7”
340 2127 404 2180 de
439 2127 546 2182 hoc
577 2127 783 2183 mundo
809 2127 1060 2198 migravit
1091 2126 1320 2182 feliciter
1342 2125 1453 2198 (an.
1479 2125 1660 2196 1092),

115 2219 391 2288 accepitque
425 2220 612 2274 locum
648 2219 942 2290 sepulturae
977 2228 1106 2275 ante
1129 2227 1332 2274 sancta:
1356 2217 1550 2274 Crucis
1586 2218 1664 2272 al-

117 2320 227 2375 tare,
255 2327 460 2380 semper
503 2312 726 2368 futurus
755 2313 897 2383 apud
931 2321 1184 2383 posteros
1218 2311 1508 2367 laudabilis
1550 2327 1664 2367 me-

115 2404 287 2458 moriae.
318 2405 508 2460 Amen.

507 2510 840 2549 EPITAPBIUI
867 2495 938 2526 ⁷⁸⁸
963 2510 1217 2550 εωευει.

171 2580 401 2638 Ecclesia:
421 2584 634 2654 lampas
660 2584 745 2639 hic
778 2584 1072 2639 Tietmarus
1089 2585 1235 2654 jacet
1261 2584 1422 2639 abbas

233 2673 352 2730 Octo
375 2676 651 2745 beati/iens
678 2676 864 2730 doctus
891 2677 1064 2730 abisse
1094 2677 1236 2741 vias;

171 2763 382 2836 Pauper,
404 2768 690 2838 paciﬁcus,
720 2776 1043 2829 mansuetus,
1067 2776 1271 2837 pectore
1293 2766 1538 2831 mundus,

226 2854 443 2927 Lageus,
474 2858 745 2924 esuriem,
775 2859 1119 2928 compatiens,
1142 2859 1368 2928 patiens.

176 2945 353 3003 Ultima
376 2949 529 3020 fulsit
559 2950 607 3003 ei
631 2958 722 3002 tua
743 2949 838 3004 tua:
863 2949 1158 3020 penultima
1183 2949 1314 3002 Mai.

231 3039 325 3110 Qui
349 3042 477 3096 vix-it
505 3041 762 3106 Domino,
785 3042 1018 3095 dormiat
1047 3043 1103 3095 in
1129 3041 1376 3095 Domino.
1402 3041 1588 3094 Amen.

408 3133 496 3188 DE
523 3134 600 3165 "’
623 3131 1020 3188 LIETHARDO
1050 3132 1342 3186 ABBATE.

171 3221 246 3282 59.
287 3185 434 3279 Cumﬁ
453 3185 1234 3296 quererentGemblacenses
1284 3231 1408 3294 post
1450 3223 1659 3306 obitum
1690 3185 1734 3242 ‘3

114 3314 268 3368 domui
289 3316 496 3372 abbatis
519 3315 811 3382 Tictmari,
829 3316 954 3385 quis
975 3315 1025 3369 ei
1049 3313 1362 3379 succedere,
1385 3313 1512 3383 quis
1541 3312 1661 3366 ido-

117 3418 227 3460 neus
255 3417 388 3464 esset
424 3425 523 3464 eos
555 3423 766 3479 regere,
824 3393 1104 3463 communi
1155 3405 1338 3460 habita
1387 3404 1661 3460 delibera-

115 3496 235 3553 tione
270 3499 622 3557 Liethardum
677 3500 931 3556 abbatem
963 3498 1365 3569 constituerunt
1403 3497 1662 3553 concordi

114 3587 354 3645 electione.
393 3591 490 3648 Hie
515 3607 556 3647 a
582 3591 811 3662 pueritia
849 3591 1035 3646 domni
1063 3590 1275 3646 abbatis
1301 3587 1506 3645 Olberti
1532 3605 1629 3644 eru
1645 3618 1658 3630 -

114 3678 284 3737 ditione
307 3682 612 3751 institutus,
643 3683 956 3740 claustralis
1003 3683 1303 3754 disciplina:
1344 3690 1557 3737 amator
1608 3688 1664 3736 et

114 3784 360 3830 exsecutor
379 3786 496 3831 erat
515 3775 800 3833 assiduus.
839 3775 1006 3830 Multa
1030 3785 1147 3830 erat
1167 3775 1218 3831 ei
1244 3775 1358 3830 oris
1382 3773 1658 3840 facundia,

114 3878 211 3936 qua:
234 3869 554 3936 procedebat
581 3883 648 3924 ex
673 3867 884 3923 dilatati
908 3867 1093 3922 cordis
1119 3865 1514 3921 habundantia.
1537 3863 1662 3918 Filii

113 3955 248 4008 seculi
269 3958 355 4026 qui
378 3958 763 4028 prudentiores
780 3967 908 4013 sunt
931 3957 1056 4011 filiis
1078 3956 1214 4012 lucis
1236 3955 1290 4010 in
1314 3954 1663 4027 generatione

113 4058 210 4112 sua,
236 4048 276 4102 si
293 4050 426 4120 'quid
455 4050 651 4106 damni
685 4060 782 4106 aut
828 4049 1098 4104 violentia:
1121 4049 1284 4104 rebus
1308 4045 1661 4102 accclesiasti-

112 4137 177 4191 cis
218 4143 549 4199 conabantur
591 4139 816 4208 inferre,
863 4141 952 4198 hic
1005 4140 1259 4211 prudenti
1295 4148 1348 4194 et
1392 4146 1661 4208 oportuna

112 4226 488 4288 ratiocinatione
517 4239 752 4287 noverat
777 4232 858 4286 eis
889 4231 1164 4286 resistere.
1211 4227 1458 4284 Domnus
1494 4228 1663 4282 abbas

113 4315 331 4379 Olbertus
359 4325 452 4396 qui
477 4325 599 4396 jam
627 4325 1154 4400 gravabatur-aetate
1192 4331 1246 4377 et
1297 4321 1533 4376 duorum
1573 4335 1663 4374 ce-

112 4410 363 4468 nobiorum
401 4415 788 4486 dispositione,
823 4414 1183 4469 considerans
1219 4412 1273 4466 in
1317 4401 1661 4466 adolescente

1768 1943 2028 1999 scientiae.
2075 1941 2207 1998 Item
2259 1943 2568 2010 Wicherus,
2621 1945 2920 2000 advocatus
2972 1943 3347 2010 Leodicensis,

1767 2035 1988 2090 tradidit
2036 2045 2226 2090 sancto
2286 2035 2447 2090 Petro
2494 2037 2836 2091 medietatem
2871 2036 3130 2100 mcclesize
3174 2036 3350 2090 sancti

1765 2126 2053 2198 Gaugerici
2083 2127 2138 2182 in
2173 2127 2446 2184 Genitinis
2482 2143 2609 2182 cum
2655 2143 2850 2182 manso
2885 2143 3016 2181 uno.
3066 2125 3198 2182 Item
3240 2125 3353 2181 Ro-

1764 2218 1954 2274 bertus
1988 2219 2136 2276 filius
2158 2218 2388 2274 Bosonis
2409 2219 2477 2274 de
2501 2217 2829 2284 Hermereis,
2853 2219 3152 2274 canonicus
3174 2217 3352 2274 sancti

1765 2310 2063 2379 Lamberti,
2088 2312 2175 2366 vir
2204 2312 2425 2378 nobilis,
2463 2311 2686 2366 tradidit
2717 2321 2908 2366 sancto
2938 2309 3100 2366 Petro
3142 2310 3343 2366 medie-

1763 2412 1928 2459 tatem
1957 2405 2024 2460 de
2047 2405 2276 2472 Masniz,
2305 2414 2360 2460 et
2387 2405 2529 2460 ultra
2560 2404 2904 2459 medietatem
2952 2413 3064 2459 tres
3102 2417 3348 2458 mansos.

1765 2493 1840 2548 De
1864 2496 1970 2550 alia
1999 2496 2290 2550 medietate
2319 2496 2518 2565 partim
2545 2494 2792 2550 aecclesia
2833 2501 3024 2548 nostra
3049 2507 3079 2546 a
3103 2491 3381 2562 cognatis‘

1761 2583 1881 2652 ejus
1907 2586 2134 2640 redemit
2185 2594 2280 2640 aut
2329 2601 2428 2655 pro
2476 2585 2787 2640 vadimonio
2835 2583 3063 2654 accepit.
3115 2581 3351 2648 Quidam

1765 2673 2044 2732 Wibertus
2098 2677 2181 2730 vir
2226 2678 2536 2748 religiosus,
2564 2676 2740 2733 sancti
2787 2675 3019 2729 Wiberti
3062 2682 3124 2728 ut
3179 2673 3353 2728 fertur

1762 2769 2224 2838 consanguineus,
2257 2770 2478 2824 tradidit
2523 2777 2712 2824 sancto
2753 2766 2916 2822 Petro
2955 2764 3216 2836 quicquid
3255 2763 3355 2818 ha-

1762 2859 1882 2915 buit
1910 2861 1964 2914 in
1988 2860 2275 2917 Waresch.
2320 2860 2376 2914 ln
2419 2861 2608 2915 eadem
2649 2861 2776 2914 villa
2809 2859 3032 2914 tradidit
3062 2857 3356 2913 Wolvura—

1763 2950 1867 3006 dus
1899 2951 2182 3007 dimidiam
2210 2954 2536 3019 aacclesiam,
2564 2953 2668 3007 hoc
2711 2962 2795 3007 est
2838 2959 3090 3022 quartam
3137 2958 3350 3018 partem

1763 3041 1988 3114 integrae
2036 3043 2315 3098 aecclesizc.
2363 3042 2657 3098 Liedvinus
2711 3051 2766 3097 ct
2814 3041 3053 3110 conjunx
3085 3038 3205 3108 ejus
3240 3036 3356 3091 Han

1767 3133 2040 3204 theguidis
2063 3133 2406 3188 tradiderunt
2432 3143 2622 3188 sancto
2647 3132 2810 3186 Petro
2854 3141 3061 3185 cortem
3093 3143 3260 3183 unam
3299 3135 3354 3181 et

1766 3239 1861 3278 sex
1913 3225 2180 3279 bonuaria
2242 3240 2340 3294 pro
2395 3225 2684 3279 animabus
2747 3222 2884 3288 suis,
2945 3222 3001 3275 in
3051 3218 3350 3274 Ilarenton.

1765 3315 1961 3370 Postea
2009 3331 2140 3370 vero
2179 3315 2518 3370 tradiderunt
2560 3313 2906 3369 medietatem
2950 3311 3120 3366 totius
3161 3308 3352 3379 pricdii

1765 3406 1909 3475 quod
1937 3406 2210 3460 habebant
2237 3407 2292 3460 in
2321 3406 2511 3460 eodem
2535 3405 2837 3469 llarenton,
2869 3413 2931 3458 et
2955 3401 3218 3474 quicquid
3245 3400 3350 3453 ha-

1764 3497 1966 3554 bebant
2007 3499 2062 3553 in
2106 3497 2277 3564 Valle,
2321 3497 2468 3569 quod
2515 3513 2611 3568 per
2648 3497 2895 3567 singulos
2942 3510 3118 3548 annos
3177 3491 3354 3548 reddit

1765 3591 1834 3648 50
1857 3592 2083 3647 solidos.
2114 3590 2172 3646 ln
2197 3590 2379 3646 Belriu
2405 3591 2706 3662 adquisivit
2745 3589 2987 3644 domnus
3033 3587 3203 3641 abbas
3258 3583 3352 3638 Ol-

1766 3683 1954 3738 bcrtus
2004 3699 2102 3739 sex
2147 3697 2374 3738 mansos
2420 3692 2476 3738 et
2518 3683 2790 3748 cambam,
2818 3689 2874 3735 ct
2901 3687 3112 3734 sextam
3140 3684 3353 3746 partem

1766 3775 2064 3831 molendini
2099 3775 2245 3846 quod
2269 3783 2457 3845 postea
2503 3774 2870 3829 aucmentavit
2901 3772 3070 3826 abbas
3106 3768 3349 3840 Mysach,

1764 3874 1820 3920 ct
1841 3866 2011 3922 abbas
2033 3865 2384 3933 Liethardus,
2418 3875 2476 3920 ut
2498 3867 2553 3920 in
2583 3882 2684 3922 suo
2711 3867 2832 3920 loco
2859 3866 3089 3920 dicetur.
3131 3861 3190 3914 In
3223 3861 3351 3916 villa

1767 3955 2052 4026 Mclenriu,
2083 3973 2206 4029 quae
2233 3958 2397 4013 etiam
2449 3957 2578 4014 Heis
2611 3958 2814 4014 dicitur
2849 3973 2878 4011 a
2921 3955 3182 4026 contigua,
3215 3952 3353 4006 silva

1763 4063 1886 4120 quae
1911 4050 1984 4104 ita
2014 4049 2350 4117 nominatur,
2389 4059 2600 4120 partem
2638 4050 2830 4105 allodii
2872 4048 3006 4104 emit
3046 4046 3103 4100 in
3151 4043 3356 4115 primis

1765 4141 1936 4196 abbas
1962 4138 2237 4210 Olbertus,
2262 4142 2488 4198 adauxit
2526 4143 2696 4197 abbas
2743 4140 3091 4205 Liethardus,
3119 4144 3174 4192 et
3222 4151 3356 4192 suc-

1761 4247 1948 4287 cessor
1973 4233 2094 4303 ejus
2118 4233 2433 4301 Anselmus,
2462 4243 2522 4289 ut
2545 4234 2598 4288 in
2629 4250 2730 4289 suo
2766 4234 2888 4289 loco
2936 4231 3166 4286 dicetur.
3197 4227 3358 4286 ψει,

1762 4333 1914 4379 terus
1938 4325 2006 4380 de
2032 4323 2150 4381 Niel
2175 4327 2397 4382 tradidit
2421 4336 2613 4382 sancto
2642 4325 2803 4381 Petro
2845 4322 3111 4396 quicquid
3161 4320 3357 4380 habuit-

1766 4417 1818 4470 in
1849 4417 2038 4472 eadem
2063 4419 2210 4473 villa.
2250 4419 2386 4474 Pars
2419 4419 2678 4474 accelesim
2707 4432 2872 4489 quam
2909 4415 3173 4469 habemus
3203 4411 3257 4465 in
3286 4427 3360 4477 ea

111 4508 289 4560 tamum
342 4508 612 4563 naturalis
655 4507 957 4572 industriae,
1009 4505 1246 4560 Ofﬁcium
1282 4504 1334 4558 ei
1384 4501 1662 4558 commisit
1695 4539 1740 4598 υ
1767 4520 1822 4566 et
1858 4527 1986 4582 pars
2014 4513 2202 4583 praedii
2229 4514 2356 4568 data
2386 4522 2471 4568 est
2501 4521 2689 4582 postea
2716 4527 2814 4582 pro
2851 4510 3068 4567 duobus
3090 4506 3362 4570 fratribus

112 4592 427 4680 celleraturze,
455 4609 516 4655 ut
552 4599 987 4670 experimentum
1010 4597 1132 4668 ejus
1156 4595 1439 4680 evidenter
1463 4594 1664 4680 {quiret

1767 4605 1972 4661 nostris
1997 4605 2238 4660 Albuino
2266 4615 2321 4661 et
2343 4605 2578 4671 Hellino,
2609 4613 2663 4659 et
2681 4601 3031 4674 postmodum
3066 4599 3238 4653 multo
3267 4598 3359 4651 la-.

113 4679 299 4742 habere.
331 4689 420 4745 llle
452 4692 527 4759 ei,
562 4690 745 4762 quoad
775 4689 932 4756 vixit,
966 4699 1026 4745 ut
1044 4677 1186 4761 patri
1217 4689 1364 4746 filius
1400 4677 1663 4754 obcdivit,

111 4781 154 4826 ει
169 4779 296 4845 quod
327 4782 427 4837 sibi
453 4784 767 4854 injunxerat
793 4783 967 4850 auxit,
992 4765 1298 4838 melioravit
1327 4790 1382 4837 et
1405 4781 1660 4836 decenter

112 4867 499 4933 administravit.
553 4876 818 4944 Quamvis
861 4878 1008 4932 enim
1045 4885 1185 4931 esset
1235 4883 1364 4931 tunc
1399 4871 1662 4944 juvenilis

112 4963 297 5031 aetatis,
344 4978 460 5023 erat
501 4980 689 5025 tamen
735 4985 968 5042 persona
1015 4967 1374 5032 honorabilis,
1429 4963 1662 5020 consilio

113 5052 255 5121 utilis,
280 5059 604 5117 allocutione
635 5071 691 5118 et
727 5062 1106 5118 adhortatione
1146 5059 1231 5115 his
1261 5057 1355 5128 qui
1389 5073 1516 5113 eum
1559 5071 1656 5110 no—

112 5156 272 5202 verant
297 5154 662 5224 acceptabilis.
688 5154 932 5226 Denique
959 5153 1117 5210 multi
1144 5151 1356 5207 nobiles
1376 5159 1430 5205 et
1460 5149 1664 5204 medio-

114 5249 215 5294 θυοδ
233 5243 344 5310 ejus
370 5247 761 5303 ammonitione
790 5256 844 5302 et
872 5247 1129 5302 laudabili
1161 5243 1532 5300 familiaritate
1566 5243 1654 5296 in-

111 5327 258 5396 είίὲιίν
293 5338 554 5404 quosdam
601 5339 836 5394 filiorum
895 5353 1118 5392 suorum
1169 5336 1454 5391 sociabant
1499 5335 1658 5390 nobis

115 5429 219 5473 cum
259 5425 588 5496 aliquantula
641 5438 792 5500 parte
848 5428 1260 5500 possessionum
1297 5441 1546 5492 suarum,
1601 5435 1662 5482 ut

113 5523 277 5570 eorum
303 5522 439 5590 apud
466 5539 566 5579 nos
591 5524 679 5594 pia
708 5523 1014 5578 recordatio
1057 5533 1113 5577 et
1158 5536 1258 5592 pro
1303 5521 1388 5576 eis
1415 5528 1562 5575 esset
1586 5519 1654 5574 ad

1762 4696 1896 4752 bore
1923 4707 1980 4754 et
2003 4697 2246 4769 periculo
2268 4698 2457 4752 domni
2481 4696 2761 4753 Liethardi
2782 4693 2953 4750 crevit
2973 4701 3029 4748 et
3053 4689 3361 4762 permansit

1759 4789 1877 4860 ipsa
1913 4791 2208 4860 possessio.
2237 4789 2526 4845 Fuitenim
2552 4789 2692 4843 inter
2715 4799 3190 4857 compossessores
3225 4795 3356 4851 pre-.

1759 4880 1836 4936 dii
1879 4891 1935 4937 et
1987 4899 2086 4939 nos
2130 4890 2284 4938 tanta
2330 4882 2624 4948 dissensio,
2657 4889 2718 4936 ut
2763 4880 2850 4934 vix
2899 4875 3078 4939 sedari
3113 4873 3359 4947 potuerit

1760 4973 1966 5044 absque
1990 4974 2154 5039 bello,
2181 4974 2476 5044 deportato
2500 4974 2612 5028 illic
2637 4971 2812 5029 sancti
2834 4969 3094 5040 Exn-perii-
3128 4967 3357 5028 feretro,

1766 5063 1963 5142 Petrus
1982 5064 2252 5122 Calvellus
2285 5065 2512 5122 tradidit
2533 5073 2724 5120 sancto
2759 5061 2922 5116 Petro
2959 5057 3218 5130 quicquid
3256 5056 3360 5108 ha-.

1765 5159 1882 5214 buit
1909 5159 1963 5213 in
1990 5158 2163 5225 Ruoz,
2187 5168 2241 5214 et
2271 5160 2324 5214 in
2354 5159 2610 5214 Asnatica
2636 5165 2842 5214 cortem
2873 5169 3035 5210 unam
3059 5160 3112 5206 et
3133 5149 3236 5203 tria
3263 5148 3360 5200 ho-.

1766 5249 1980 5304 nuaria.
2017 5247 2132 5304 Hoc
2172 5249 2436 5319 praedium
2463 5257 2588 5320 post
2620 5249 2846 5320 longum
2892 5254 3104 5314 tempus
3151 5237 3357 5300 invasit

1763 5337 1982 5406 Albero,
2008 5356 2140 5395 vero
2173 5341 2435 5410 perjurio,
2466 5349 2525 5395 ut
2555 5340 2761 5395 dictum
2804 5346 2887 5392 est
2941 5336 2995 5388 in
3045 5346 3148 5385 suo
3202 5329 3356 5391 loco,

1764 5427 2010 5486 Domnus
2051 5432 2220 5488 abbas
2265 5431 2517 5488 Olbertus
2555 5433 2923 5488 collaborante
2968 5426 3172 5480 domno
3229 5419 3356 5474 Lieq.

1760 5521 1955 5576 thardo
1984 5523 2171 5578 villam
2203 5522 2395 5580 Suvrei
2425 5522 2718 5595 adquisivit
2762 5527 2952 5599 sancto
2989 5515 3170 5579 Petro,
3214 5521 3268 5567 et
3301 5508 3356 5569 cl

1339 5610 1570 5667 VARle
1609 5611 1736 5673 LEC
1745 5601 1901 5668 ΤιοΝ
1908 5614 2012 5671 ES.

173 5699 235 5730 υτ

114 5767 174 5841 git
198 5787 244 5832 ιχ

259 5719 283 5755 e
304 5683 460 5761 «ξω-τ.-
511 5710 579 5742 ⁷⁶⁸
607 5709 952 5786 Epitaphium
982 5735 1051 5750 -ι
1077 5709 1247 5765 Amen
1277 5709 1386 5770 alia
1428 5719 1664 5770 stramen

1766 5712 1817 5766 in
1847 5709 1948 5789 ﬁne
2041 5712 2166 5765 45⁸.
2189 5711 2388 5778 scripta
2429 5715 2568 5760 siml.
2646 5705 2715 5737 7"
2742 5703 2862 5756 Alio
2895 5708 3188 5756 atramento
3235 5713 3353 5774 per-
