3906 6316
585 333 692 391 635

1639 352 1646 357 ”
1745 331 2106 388 SIGEBERTI
2145 330 2672 391 GEMBLACENSIS
3678 347 3747 402 636

587 461 682 514 per
705 444 952 516 singulos
981 459 1158 500 annos
1185 444 1350 499 trium
1375 444 1639 500 librarum
1685 460 1910 502 censum
1950 445 2166 513 induit,
2201 451 2246 510 Α
2275 446 2378 504 bus
2408 445 2626 519 praefuit
2654 445 2709 502 in
2739 448 2998 503 omnibus
3021 447 3241 518 profuit.
3273 447 3508 506 Omnium
3529 455 3644 510 enim
3676 459 3730 513 ira

585 549 638 592 et
675 555 741 592 ex
783 553 850 592 eo
885 537 954 590 l2
993 536 1202 592 solidos
1249 538 1623 592 anniversaria
1650 537 1736 591 die
1777 537 1862 592 sui
1889 539 2072 594 obitus
2103 540 2172 595 ad

585 625 868 680 servitium
888 626 1119 680 fratrum
1141 627 1260 680 dari
1287 627 1544 682 decrevit.
1579 627 1906 684 Lambcrtus
1931 629 1998 684 de
2031 629 2170 684 Cor-

587 716 736 771 cellis
759 716 844 771 vir
867 716 1069 771 nobilis
1103 724 1159 770 et
1184 715 1385 773 fratres
1425 718 1546 788 ejus
1585 718 1932 774 tradiderunt
1979 729 2171 775 saneto

589 804 750 861 Petro
783 807 840 861 in
869 807 1060 862 eadem
1082 805 1210 860 villa
1238 815 1346 863 tres
1371 825 1594 864 mansos
1621 827 1636 869 :
1681 818 1736 864 et
1777 820 1902 880 post
1936 819 2170 866 mortem

588 897 764 967 ipsius
796 898 1073 959 Lamberti
1098 904 1321 959 tradidit
1347 919 1486 958 uxor
1523 901 1643 972 ejus
1676 901 1964 958 Condrada
2003 901 2170 957 dimi-

571 989 740 1045 .dium
783 1007 1057 1048 mansum.
1101 993 1214 1051 Nec
1257 996 1361 1050 hoc
1399 994 1546 1049 dono
1593 1002 1869 1061 contenta,
1903 994 2168 1061 armillas,

573 1082 807 1151 .anulos,
831 1086 1074 1152 monilia,
1103 1097 1157 1142 et
1182 1087 1445 1158 quicquid
1467 1087 1589 1142 auri
1632 1087 1700 1142 ad
1723 1097 1978 1162 ornatum
2007 1103 2170 1144 suum

589 1172 827 1230 habebat
851 1184 912 1230 ut
945 1178 1142 1232 mulier
1162 1178 1314 1234 dives
1333 1187 1388 1233 et
1409 1178 1617 1244 inclita,
1646 1187 1836 1234 saneto
1855 1178 2016 1235 Petro
2039 1169 2171 1235 eon-

589 1269 775 1334 cessit,
808 1276 864 1323 et
895 1285 1113 1326 crucem
1137 1286 1359 1327 auream
1395 1271 1519 1326 inde
1546 1271 1818 1327 fabreﬁeri
1851 1273 2024 1343 petiit.
2057 1271 2170 1327 Ilu-

584 1356 678 1426 jus
705 1352 886 1415 aureae
906 1362 1087 1418 crucis
1113 1363 1385 1435 hodieque
1403 1374 1488 1420 est
1525 1365 1807 1434 inscriptio
1837 1385 1850 1420 :
1881 1364 2170 1421 Caudi-uda

582 1463 680 1515 pro
714 1464 769 1502 se
789 1465 985 1520 suoque
1021 1451 1132 1504 viro
1163 1449 1449 1506 Lamberto
1479 1469 1559 1506 me
1582 1453 1730 1507 dedit
1771 1464 1957 1509 sancto
1981 1453 2163 1510 Petro.

588 1537 699 1596 Nec
744 1539 861 1611 ipsa
908 1541 1196 1598 Condrada
1231 1546 1628 1613 tantummodo,
1669 1557 1750 1602 set
1781 1556 1836 1601 et
1868 1549 2051 1602 omnis
2079 1563 2170 1603 ne-

585 1641 776 1701 potum
807 1633 928 1703 ejus
953 1636 1248 1704 successio,
1281 1636 1598 1693 Gualterum
1628 1639 1752 1694 dico
1773 1640 1839 1695 de
1860 1640 2166 1708 Marebaco,

583 1721 874 1780 Ileinrieus
899 1725 967 1780 de
990 1727 1205 1798 Lupun,
1237 1729 1511 1786 Gerardus
1551 1731 1697 1788 filius
1722 1732 1983 1802 Gualteri,
2011 1733 2170 1790 Hein-

583 1814 732 1872 ricus
754 1817 897 1875 filius
928 1819 1189 1888 Heinrici,
1213 1832 1553 1893 etquotquot
1585 1825 1764 1880 adhuc
1794 1825 1954 1882 hodie
1971 1799 2168 1897 isuper-
2200 1799 2244 1859 Β

584 1919 715 1964 sunt
759 1910 827 1966 de
875 1929 1067 1968 eorum
1119 1915 1394 1986 progenie,
1426 1917 1501 1971 ita
1537 1933 1605 1973 ex
1651 1927 1849 1974 tuncet
1875 1937 2020 1976 nunc
2041 1937 2174 1977 eon-

577 1997 756 2068 juncti
781 2011 910 2057 sunt
943 2002 1268 2060 fraternitati
1300 2018 1500 2063 nostrae
1521 2023 1588 2063 ex
1630 2009 1838 2078 animo,
1875 2021 1934 2066 ut
1979 2027 2171 2067 eorum

585 2107 800 2163 semper
824 2098 967 2165 apud
998 2113 1100 2154 nos
1149 2099 1221 2154 sit
1266 2100 1353 2170 pia
1407 2101 1717 2158 recordatio
1757 2112 1812 2158 et
1863 2119 1963 2174 pro
1997 2105 2079 2160 eis
2103 2105 2170 2160 ad

584 2179 759 2238 Deum
791 2186 1065 2242 cotidiana
1090 2189 1289 2256 oratio,
1315 2191 1446 2261 quia
1480 2192 1824 2250 liberalitatis
1866 2209 2057 2249 eorum
2085 2195 2174 2251 be-

583 2275 781 2332 neficio
814 2280 1089 2360 multoties
1111 2282 1278 2338 crevit
1315 2295 1503 2340 nostra
1533 2286 1828 2356 possessio.
1873 2286 2172 2343 Warnerus

582 2383 768 2426 comes
798 2372 1017 2428 tradidit
1046 2391 1215 2430 unum
1249 2393 1504 2432 mansum
1532 2379 1586 2432 in
1615 2377 1777 2446 Dion,
1801 2389 1855 2434 et
1880 2395 2020 2434 uxor
2049 2379 2170 2450 ejus

582 2461 723 2518 duos
748 2464 801 2518 in
832 2463 1194 2534 Morceshem,
1224 2478 1278 2524 et
1305 2486 1475 2525 unum
1523 2471 1579 2525 in
1621 2471 1972 2540 Malbrovias,
2022 2473 2171 2542 quod

581 2555 786 2611 dicitur
811 2558 866 2611 in
896 2558 1070 2615 Ruoz.
1105 2560 1200 2616 Ille
1229 2579 1458 2620 mansus
1487 2566 1540 2619 in
1567 2565 1705 2620 Dion
1729 2566 1889 2622 solvit
1908 2567 1942 2621 2i
1964 2566 2170 2622 solidos

582 2655 639 2701 et
690 2647 724 2701 8
770 2651 1099 2720 gallinatios.
1153 2653 1234 2709 Ilii
1283 2657 1392 2712 duo
1439 2658 1495 2712 in
1548 2657 1889 2715 Morceshem
1951 2661 2171 2718 solvunt

581 2739 652 2793 10
677 2742 882 2820 solidos
904 2743 1262 2805 Lovaniensis
1313 2759 1547 2806 monetae
1585 2761 1639 2806 et
1669 2759 1907 2821 quatuor
1931 2753 2164 2824 gallina-

582 2832 713 2888 tios.
740 2833 832 2890 Ille
854 2836 908 2890 in
940 2837 1269 2896 Malbrovias
1289 2842 1531 2914 quinque
1555 2843 1760 2899 solidos
1787 2843 2168 2915 Nivigcllensis

579 2935 835 2994 monetae,
863 2938 917 2984 et
945 2930 1020 2986 ita
1045 2940 1107 2987 ut
1130 2933 1406 2991 immunes
1434 2945 1620 2991 essent
1647 2937 1718 2991 ab
1741 2937 1892 2991 omni
1915 2937 2162 3005 servitio,

578 3016 690 3073 nisi
709 3017 1051 3079 Gemblensis
1077 3026 1360 3082 ecclesiae.
1404 3026 1600 3096 Deliis
1637 3044 1760 3098 quae
1793 3028 2031 3085 domnus
2071 3030 2168 3085 ab~

2276 548 2425 594 trum
2454 540 2675 595 utilitati
2709 540 3022 610 providens,
3051 541 3155 596 sibi
3182 541 3236 595 in
3263 542 3406 598 nullo
3424 548 3666 615 consuluit,
3687 554 3749 608 sed

2277 647 2492 701 semper
2515 647 2684 702 parvo
2713 632 2856 688 victu
2883 641 2939 688 et
2958 633 3156 688 vestitu
3190 644 3467 690 contentus
3506 636 3605 703 fuit,
3625 656 3711 709 quae
3729 661 3749 697 ι

2278 725 2527 794 patribus
2553 731 2836 796 acceperat
2861 725 2916 778 in
2939 733 3206 794 quantum
3233 724 3385 779 licuit
3409 726 3606 782 ﬁdeliter
3627 731 3747 784 admi-

2277 816 2550 886 nistravit,
2578 827 2633 873 et
2655 812 2906 889 quamvis
2929 817 3114 872 multis
3137 817 3502 884 incommodis,
3530 821 3623 876 sive
3644 831 3750 878 teme

2277 910 2582 978 sterilitate,
2610 926 2707 967 seu
2734 926 2994 980 pecorum
3027 918 3197 980 peste,
3227 925 3321 965 seu
3343 911 3581 967 bellorum
3608 918 3750 984 asperi-

2275 1011 2406 1070 tate,
2436 1019 2561 1073 sepe
2589 1011 2910 1074 gravaretur
2931 1002 3198 1069 aecclesia,
3227 1011 3408 1056 tamen
3438 1019 3681 1072 numquam
3707 1022 3750 1061 ex

2275 1095 2639 1153 incommodis
2669 1095 2902 1152 fratrum
2931 1111 3032 1152 sua
3055 1095 3390 1164 comparavit
3419 1097 3750 1162 commoda,sed

2273 1189 2328 1243 in
2355 1189 2534 1244 natale
2555 1184 2794 1252 Domini,
2822 1187 3047 1256 pascha,
3071 1194 3404 1256 pentecoste,
3438 1194 3490 1240 et
3521 1197 3750 1241 sanctum

2274 1279 2773 1350 sollempnitatibus
2799 1290 2912 1335 tam
2938 1279 3230 1349 praecipuis
3253 1293 3416 1347 quam
3457 1278 3750 1344 mediocribus,

2272 1379 2533 1426 statutam
2557 1371 2902 1442 praebendam
2950 1371 3087 1424 bene
3117 1368 3447 1440 dispensavit
3465 1369 3514 1422 in
3553 1369 3749 1424 omnibus.

2272 1462 2407 1534 Ejus
2429 1464 2710 1535 regiminis
2739 1479 2884 1518 anno
2911 1462 3074 1518 tertio
3103 1461 3344 1516 maxima
3365 1462 3527 1516 extitit
3551 1462 3752 1516 hominum

2273 1555 2601 1621 mortalitas,
2627 1562 2682 1610 et
2703 1553 2759 1608 in
2782 1569 2928 1608 anno
2955 1551 3205 1622 sequenti
3232 1566 3424 1621 magna
3443 1559 3491 1605 et
3510 1552 3753 1606 inevitabilis

2272 1662 2506 1702 annonae
2533 1646 2755 1713 raritas,
2798 1645 2934 1701 adeo
2965 1653 3024 1700 ut
3055 1659 3258 1714 panem
3303 1642 3522 1697 duorum
3563 1642 3752 1696 mensium

2273 1737 2468 1792 diebus
2490 1737 2582 1791 vix
2624 1736 3071 1791 administrarent
3100 1735 3264 1791 nobis
3303 1735 3516 1791 cultum
3544 1742 3695 1786 nostra:
3721 1741 3756 1784 et

2273 1829 2518 1885 decimas.
2553 1827 2920 1905 Itacpenuria
2949 1827 3108 1898 panis
3133 1835 3382 1898 urgente,
3406 1823 3646 1896 prabenda
3677 1838 3754 1876 ino-

2273 1920 2497 1978 r-asterii
2527 1921 2738 1976 venalis
2777 1919 3007 1976 efﬁcitur
3057 1927 3170 1973 tam
3217 1919 3375 1974 laicis
3412 1932 3559 1987 quam
3593 1914 3753 1969 clericis.
3844 1963 3845 1978 χ

2273 2015 2501 2071 Gladius
2541 2014 2636 2069 ira:
2679 2012 2776 2068 Dei
2819 2013 3255 2082 circumquaque
3310 2009 3523 2073 deserit,
3562 2005 3755 2078 laquearia
3844 2031 3845 2034 η

2272 2108 2501 2164 divitum
2534 2107 2613 2162 uti
2640 2120 2942 2176 pauperum
2972 2119 3116 2160 caste
3144 2103 3313 2158 famis
3339 2102 3476 2156 malo
3501 2100 3621 2153 velut
3645 2098 3756 2152 ariete

2273 2214 2473 2271 agno
2501 2199 2820 2270 pulsantur;
2845 2211 3117 2267 pauperes
3140 2195 3410 2264 multique
3431 2192 3675 2246 mediocres
3692 2189 3754 2241 hac

2274 2290 2395 2344 tabe
2425 2297 2673 2359 pereunt,
2709 2287 2992 2360 cymiteria
3045 2284 3377 2356 sepeliendis
3411 2299 3510 2338 non
3545 2280 3750 2336 sulliciunt
3844 2323 3845 2328 η

2272 2378 2332 2435 In
2360 2380 2496 2435 locis
2526 2379 2713 2434 multis
2739 2377 2900 2434 fossa:
2933 2379 3056 2432 lata:
3083 2385 3138 2431 et
3179 2375 3461 2447 profundae
3500 2373 3752 2432 effodiuntur,
3844 2389 3845 2460 ξ

2271 2479 2326 2526 et
2360 2470 2416 2524 in
2439 2471 2519 2525 eis
2541 2485 2773 2540 corpora
2806 2469 3191 2524 defunctorum
3239 2467 3457 2523 funibus
3481 2467 3752 2536 depmuntur.
3844 2503 3845 2550 ξ

2272 2561 2429 2617 Multi
2463 2562 2519 2616 in
2549 2563 2788 2618 exitibus
2818 2561 3053 2628 viarum,
3082 2561 3247 2614 multi
3295 2561 3434 2614 inter
3465 2573 3606 2627 opaca
3643 2555 3752 2608 silra-
3844 2587 3845 2612 ι

2271 2671 2396 2710 rum
2428 2656 2632 2709 mortui
2668 2655 3043 2709 inveniuntur.
3073 2651 3188 2708 Hac
3213 2660 3363 2722 peste
3389 2649 3534 2705 famis
3554 2647 3671 2702 multi
3692 2659 3754 2697 ne

2271 2749 2462 2804 bilium
2486 2749 2687 2817 adacti,
2718 2747 2848 2802 dum
2878 2746 3103 2802 familiis
3126 2747 3248 2801 suis
3273 2760 3453 2800 carere
3470 2742 3646 2804 nolunt,
3664 2736 3754 2790 mul-

2269 2850 2387 2897 tum
2417 2840 2630 2911 argenti
2658 2839 2726 2894 ad
2748 2839 2846 2917 has
2872 2837 3269 2894 sustentandas
3302 2833 3604 2906 expendunt.
3625 2827 3753 2883 Fonte

2269 2941 2483 2988 ratores
2516 2931 2792 2987 debitores
2840 2946 2972 2988 suos
3011 2929 3272 2985 omnibus
3314 2928 3481 2983 modis
3517 2927 3756 2996 gravante
3844 2961 3845 2966 η

2268 3023 2401 3079 dum
2429 3022 2519 3078 die
2546 3023 2690 3078 dicta
2718 3023 2980 3092 pecunias
3000 3037 3129 3077 suas
3151 3036 3268 3076 non
3302 3018 3567 3089 recipiunt,
3605 3015 3677 3069 has
3699 3010 3754 3064 die

578 3107 678 3164 bas
723 3109 978 3171 Olbertus
1025 3131 1153 3172 cum
1208 3118 1414 3174 domno
1480 3118 1776 3177 Liethardo
1827 3121 2122 3192 adquisivit
2147 3164 2163 3190 ,
2194 3149 2240 3212 ο
2271 3113 2576 3212 redditam
2607 3114 2712 3212 sub
2743 3113 2848 3168 fide
2866 3121 2933 3212 et
2958 3109 3595 3212 sacramentodupl-i-can‘t.

576 3214 753 3268 pauca
781 3204 876 3258 sed
903 3206 1269 3264 eminentiora
1295 3209 1709 3282 descripsimus,
1760 3221 1816 3268 et
1845 3221 1906 3268 ut
1928 3214 2165 3269 arbitror

575 3290 887 3356 posteritati
911 3304 1115 3352 nostra:
1153 3300 1555 3368 consuluimus,
1599 3308 1659 3355 ut
1701 3301 1750 3356 si
1781 3302 1906 3373 quis
1926 3302 2166 3373 injustus

575 3379 835 3438 violentia
889 3387 974 3440 vel
1032 3388 1341 3460 ignorantia
1390 3407 1480 3448 res
1519 3393 1799 3462 ecclesiae,
1845 3395 1992 3466 quod
2039 3409 2166 3465 sepe

577 3472 827 3544 contigit,
850 3482 1194 3549 temptaverit
1215 3484 1463 3540 minuere
1497 3486 1582 3541 vel
1614 3485 1848 3553 auferre,
1891 3487 2070 3543 sciant
2113 3489 2165 3544 ei

572 3559 724 3632 juste
750 3573 806 3621 et
832 3569 1234 3629 rationabiliter
1267 3577 1541 3632 resistere.
1572 3577 1970 3649 Adquisierunt
1996 3579 2164 3634 etiam

577 3658 748 3714 multa
777 3661 904 3729 alia,
933 3673 986 3719 et
1015 3665 1061 3722 si
1083 3667 1297 3723 minora
1321 3671 1919 3727 tamensecclesiasticaa
1942 3673 2164 3728 utilitati

575 3758 722 3819 apta,
751 3753 880 3823 quia
907 3765 1118 3812 certum
1141 3767 1226 3814 est
1250 3761 1435 3830 parvis
1482 3777 1678 3833 magna
1703 3763 1906 3832 juvari,
1937 3771 1992 3819 et
2021 3764 2165 3819 mul-

577 3839 648 3897 tis
677 3845 872 3912 pluviaa
900 3848 1069 3917 guttis
1090 3848 1289 3904 flumen
1322 3852 1539 3921 repleri.

650 3933 739 3988 61.
775 3933 1076 3993 Successor
1120 3941 1334 3996 abbatis
1365 3940 1568 3998 Olberti
1599 3943 1927 4002 Mascelinus
1968 3947 2159 4017 abbas,

569 4022 632 4076 'in
657 4024 844 4080 multis
874 4036 1132 4097 expertus
1179 4045 1345 4100 quam
1385 4033 1597 4103 sagacis
1625 4034 1794 4089 animi
1829 4047 1975 4092 esset
2008 4037 2163 4093 dom—

574 4131 682 4171 nus
729 4114 1076 4188 Liethardus,
1101 4132 1294 4194 rogatu
1349 4124 1582 4180 fratrum
1625 4127 1934 4184 timentium
1988 4129 2162 4186 Deum

576 4210 850 4266 commisit
877 4213 926 4268 ei
954 4217 1328 4285 praepositurae
1363 4219 1622 4275 ollieium.
1649 4220 1742 4276 Ille
1771 4233 2030 4294 reputans
2049 4242 2160 4281 non

577 4296 839 4354 honorem
866 4317 989 4358 esse
1018 4306 1111 4360 sed
1135 4321 1295 4374 onus,
1324 4308 1391 4363 ad
1417 4309 1562 4379 quod
1589 4324 1706 4366 erat
1735 4324 2037 4383 assumtus,
2065 4316 2155 4372 ab-

575 4387 690 4443 bati
733 4402 850 4448 erat
878 4394 1108 4454 baculus
1160 4397 1519 4469 fortitudinis,
1544 4403 1673 4473 quia
1708 4404 1786 4458 nil
1829 4405 1934 4460 sibi
1984 4406 2161 4462 inerat

2346 3206 2436 3262 62.
2476 3205 2749 3262 Anolinus
2785 3204 3011 3276 quidam
3051 3203 3259 3259 nobilis
3291 3203 3359 3258 de
3390 3202 3508 3257 villa
3537 3197 3679 3267 Halley
3703 3192 3756 3248 di-

2271 3308 2382 3365 cta,
2417 3300 2504 3355 his
2545 3314 2843 3371 oppressus
2881 3296 3220 3364 infortuniis,
3265 3295 3510 3352 allodium
3546 3289 3660 3362 quod
3689 3289 3752 3341 lu-

2270 3394 2436 3450 bebat
2496 3393 2552 3448 in
2612 3393 2738 3447 villa
2797 3391 3087 3447 Jandrinul
3148 3399 3345 3446 sancto
3399 3387 3543 3442 Petro
3591 3378 3754 3437 vendidit

2271 3485 2480 3558 argenti
2523 3484 2765 3540 marchis
2805 3485 2894 3539 I5.
2947 3482 3223 3538 Robertus
3267 3497 3419 3552 atque
3465 3479 3524 3533 de
3569 3475 3665 3529 villa
3695 3485 3752 3523 ca-

2268 3577 2389 3634 dem
2430 3577 2747 3650 praidiolum
2783 3576 2931 3647 quod
2968 3575 3206 3630 habebat
3243 3575 3298 3629 in
3340 3573 3460 3628 villa
3495 3567 3635 3626 sancti
3661 3562 3753 3618 Caua

2269 3670 2436 3742 gerici
2467 3670 2632 3736 dicta,
2658 3677 2782 3724 octo
2811 3667 3013 3722 marcis
3047 3666 3260 3737 argenti
3304 3673 3485 3720 sancto
3515 3659 3642 3714 Petro
3670 3667 3753 3742 vcti-

2267 3741 2422 3818 didit.
2467 3762 2768 3818 Balduinus
2824 3769 2879 3816 et
2919 3759 3200 3815 Iohannes
3251 3758 3444 3812 fratres
3490 3746 3680 3826 germani
3711 3741 3752 3795 de

2267 3855 2394 3910 villa
2437 3854 2585 3911 Jalce
2621 3855 2787 3920 dicta,
2831 3852 3091 3908 allodium
3136 3851 3290 3920 quod
3331 3846 3578 3903 habebant
3605 3840 3645 3892 in
3670 3832 3752 3888 villa

2267 3963 2389 4019 qum
2411 3963 2556 4003 nunc
2586 3946 2742 4003 Mons
2772 3945 2946 4000 sancti
2975 3937 3222 3998 Guiberti
3245 3941 3458 4005 dicitur,
3480 3943 3645 4004 septem
3663 3937 3752 4026 tuft-

2266 4017 2347 4095 cis
2398 4047 2590 4094 sancto
2625 4037 2787 4100 Petro
2817 4034 3174 4091 tradiderunt.
3222 4026 3636 4088 Domnus’abbas
3669 4017 3751 4116 Lit-

2265 4129 2496 4186 thardus
2535 4128 2669 4184 emit
2695 4128 2764 4183 ab
2809 4126 3028 4182 Elberto
3074 4125 3143 4180 de
3193 4122 3377 4194 Vileyr
3420 4129 3470 4174 et
3507 4119 3752 4209 “uomitus

2265 4221 2619 4294 Eremburge,
2657 4221 2784 4276 filiis
2829 4234 3022 4275 eorum
3066 4213 3484 4285 astipulantibus
3519 4198 3750 4296 Godefridg.

2263 4287 2944 4383 Arnulfo,'(iodescalco,
2993 4307 3064 4363 60
3104 4307 3312 4363 marcis
3360 4299 3589 4391 quicquid
3627 4287 3750 4391 aliialii

2265 4379 2577 4464 habuerunt
2609 4406 2665 4460 in
2692 4405 2817 4460 villa
2843 4400 3107 4459 Gemblus
3143 4398 3272 4468 jure
3312 4389 3620 4453 hereditario,
3649 4379 3748 4435 ῐίάθ·

574 4480 784 4552 ignava:
824 4485 1151 4560 formidinis,
1189 4503 1243 4550 et
1277 4494 1550 4551 alleviatio
1583 4497 1992 4568 sollicitudinis,
2028 4501 2157 4570 quia
2185 4505 2238 4564 D
2264 4500 2390 4555 licet
2441 4499 2496 4554 in
2555 4497 2738 4570 agris,
2783 4492 3050 4560 culturis,
3092 4487 3257 4546 cultis
3299 4496 3352 4544 et
3392 4482 3600 4545 incultis,
3635 4473 3748 4529 silvis

573 4573 628 4628 in
662 4579 918 4636 omnibus
942 4591 1060 4639 erat
1104 4585 1274 4642 utilis.
1324 4587 1509 4643 Abhas
1534 4587 1846 4646 'i‘ietmarus
1871 4592 1999 4662 quia
2042 4603 2160 4648 erat

575 4667 760 4723 multa:
790 4671 1157 4743 simplicitatis
1186 4687 1240 4732 et
1267 4679 1544 4734 nesciebat
1563 4695 1757 4737 cavere
1781 4680 2159 4740 fraudulentas

575 4758 855 4829 decipulas
882 4768 1146 4823 secularis
1178 4770 1534 4841 duplicitatis,
1565 4772 1685 4844 ejus
1712 4788 1860 4829 cune
1883 4776 2163 4832 commisit

573 4854 758 4909 omnia
779 4859 1069 4926 exteriora;
1095 4861 1209 4932 ipse
1230 4865 1457 4920 curabat
1476 4868 1857 4923 tantummodo
1875 4867 2156 4924 interiora.

573 4943 742 5016 Igitur
770 4948 824 5002 hi
849 4957 958 5005 tres
987 4953 1209 5010 abbates
1237 4957 1364 5025 quia
1403 4946 1838 5028 impediebantur
1863 4970 1925 5016 ut
1953 4961 2158 5017 dictum

572 5045 658 5092 cst
691 5048 787 5094 aut
815 5048 993 5109 aetate,
1019 5053 1114 5098 aut
1148 5045 1484 5114 infirmitate,
1525 5059 1620 5104 aut
1657 5051 2026 5123 simplicitate,
2067 5068 2158 5108 res

573 5131 961 5190 mcclesiastica
991 5151 1182 5192 eorum
1211 5147 1453 5212 tempore
1467 5143 1705 5199 maxima
1726 5160 1793 5200 ex
1816 5155 1970 5216 parte
1992 5145 2161 5217 hujus

569 5226 983 5282 sustentabatur
1007 5229 1296 5298 probitate.
1325 5231 1462 5300 Quia
1483 5249 1611 5306 ergo
1641 5236 1877 5293 domnus
1905 5236 2159 5292 Liethar—

572 5315 676 5372 dus
717 5319 882 5375 trium
933 5321 1194 5378 abbatum
1237 5336 1485 5397 tempore
1526 5329 1794 5384 didicerat
1829 5331 2056 5386 subesse
2106 5338 2162 5386 et

574 5410 853 5479 prodesse,
881 5413 1081 5486 dignus
1113 5416 1334 5476 habitus
1363 5427 1468 5488 est,
1497 5421 1590 5493 qui
1629 5430 1754 5492 post
1793 5438 1890 5479 eos
1931 5437 2158 5494 rogare-

569 5508 663 5556 tur
686 5519 924 5574 przeesse
951 5517 1006 5564 et
1027 5509 1308 5588 prodesse.
1336 5511 1505 5570 Datus
1546 5515 1739 5584 abbas,
1769 5515 2009 5588 quandiu
2058 5516 2162 5571 fuit

571 5593 621 5649 ei
655 5596 829 5654 virtus
852 5601 1101 5672 corporis
1136 5614 1189 5661 et
1209 5607 1547 5679 prosperitas
1584 5609 1867 5681 temporis,
1906 5608 1992 5664 his
2031 5608 2156 5679 qui-

2262 4592 2456 4663 pratis,
2499 4589 2741 4661 pascuis,
2784 4587 2943 4657 aquis
2976 4597 3317 4655 aquarumve
3355 4573 3662 4663 decursibus,
3689 4576 3747 4663 εξ·

2259 4661 2430 4740 ilibus
2471 4682 2708 4748 viarum,
2755 4675 2992 4733 tbelonei
3033 4687 3252 4744 quoque
3296 4677 3446 4741 parte
3490 4661 3662 4720 sibimet
3681 4662 3746 4748 ξε-

2261 4775 2494 4841 cidente,
2541 4742 2863 4843 partemque
2914 4742 3232 4830 mole—ndini,
3273 4777 3396 4819 cum
3442 4742 3747 4843 ceterisgl'el?us

2262 4868 2519 4941 predicta:
2544 4841 2880 4936 possessioni
2907 4859 3161 4917 subditis.
3208 4856 3336 4913 Haec
3373 4849 3540 4910 omnia

2265 4929 2320 5017 et
2373 4929 2728 5030 Eremburgis
2784 4969 2924 5010 uxor
2975 4952 3097 5024 ejus
3160 4965 3259 5022 per
3321 4957 3524 5003 manum
3572 4929 3743 4990 Balduinl

2265 5049 2515 5108 advocati
2563 5048 2808 5121 legaliter
2848 5044 3195 5101 tradiderunt
3236 5046 3423 5097 sancto
3465 5033 3624 5090 Petro,
3654 5029 3744 5121 Ρττξ

2257 5154 2409 5202 sente
2434 5117 2640 5198 domno
2667 5140 2862 5195 abbate
2888 5135 3200 5192 Liethardo.
3233 5132 3292 5187 In
3315 5122 3573 5201 praesentia
3591 5117 3742 5202 quoilue

2257 5198 2501 5307 ejusdem
2537 5232 2725 5289 domni
2769 5229 2984 5286 abbatis
3024 5198 3394 5282 Liethardbet
3433 5198 3742 5307 fratrum.

2259 5288 2726 5393 ebcinius,Engo
2750 5365 2764 5388 ,
2810 5319 3176 5376 Godescaleus
3218 5316 3286 5371 de
3326 5309 3594 5367 Marebaco,
3628 5288 3739 5389 de"?

2261 5427 2390 5475 runt
2415 5425 2606 5474 sancto
2631 5392 2796 5470 Petro
2825 5414 2882 5468 in
2913 5409 3287 5467 vadimonium
3311 5418 3406 5476 pro
3443 5406 3551 5454 octo
3584 5392 3737 5444 ωιῐαει

2259 5508 2520 5583 quicquid
2558 5507 2744 5563 allodii
2768 5505 3080 5561 habuerunt
3103 5501 3161 5556 in
3185 5489 3529 5585 Gemblus,_in
3551 5477 3735 5585 mere-if:

2258 5571 2312 5660 in
2342 5571 2517 5671 silvis,
2550 5603 2604 5657 in
2635 5599 2826 5673 pratis,
2863 5597 2920 5654 in
2947 5593 3179 5667 campis,
3215 5592 3272 5650 in
3300 5583 3570 5647 cortililius.
3591 5573 3634 5628 in
3657 5571 3735 5678 ιφ

1855 5700 2087 5757 VARle
2122 5695 2524 5758 LECTIONES.

642 5779 713 5815 π’
754 5783 809 5837 in
832 5783 944 5840 loco
973 5805 1111 5844 raso.
