3906 6316
129 349 217 407 637
979 336 1174 395 GEST.
1237 336 1388 391 ABB.
1432 332 1685 392 CEMBL.
1724 362 1793 372 ——
1833 331 2109 390 CONTIN.
2152 334 2490 396 CODESCH.

3247 337 3355 394 638

128 462 338 524 lendino,
377 458 443 512 ad
477 457 543 511 12
583 470 776 510 annos.
820 452 876 509 Si
918 461 1036 523 post
1070 452 1136 506 12
1163 466 1338 506 annos
1367 465 1475 504 non
1506 447 1676 502 fuerit
1703 452 1743 506 Α
1774 445 1877 515 ipsi
1905 447 2114 517 experti
2149 457 2327 514 erant,
2357 448 2564 504 scilicet
2604 463 2668 502 ne
2702 463 3045 522 quacumque
3069 450 3360 507 occasione

126 555 451 620 redemptum,
486 561 698 617 semper
736 544 983 600 aacclesia
1021 542 1226 598 tenebit
1259 557 1434 612 usque
1462 540 1531 594 ad
1562 537 1669 592 Ka—

126 644 288 701 lendas
318 640 560 696 Octobris
586 637 870 708 sequentis
889 635 1051 690 vanni.
1085 635 1280 690 Actum
1309 647 1456 687 anno
1491 631 1670 686 domi-

123 738 242 794 nica:
261 732 638 789 incarnationis
662 730 822 796 1096,
846 729 1142 784 indictione
1170 735 1386 798 quarta,
1412 724 1668 780 Kalendis

122 826 360 884 Octobris.
393 821 686 878 Gosbertus
712 821 905 887 laicus,
945 819 1080 875 civis
1107 829 1313 884 noster,
1344 816 1668 872 fraternitati

123 927 296 977 nostra;
324 917 454 987 ipsis
493 915 682 970 diebus
727 915 990 979 sociatur,
1037 911 1132 983 qui
1174 920 1380 982 quanto
1419 918 1542 980 post
1569 910 1667 964 ad-

120 1011 253 1076 vixit,
281 1007 532 1063 ecclesiae
564 1005 698 1061 satis
738 1005 917 1060 extitit
963 1003 1304 1060 commodus.
1358 1001 1473 1058 Hoc
1520 1002 1667 1058 enim

121 1107 370 1172 argentum
418 1097 675 1167 persolvit
717 1111 784 1150 ex
833 1094 1071 1165 proprio,
1108 1109 1172 1148 ea
1215 1093 1558 1158 conditione,
1609 1099 1669 1146 ut

119 1200 222 1263 post
270 1199 493 1246 mortem
548 1205 706 1244 suam
758 1188 940 1244 omnis
989 1186 1195 1242 reditus
1253 1185 1426 1257 ipsius
1482 1184 1666 1240 allodii

118 1279 347 1336 fratribus
398 1279 620 1335 daretur
677 1279 734 1334 in
789 1277 1104 1344 communi,
1151 1277 1528 1332 anniversaria
1579 1275 1668 1331 die

118 1371 273 1426 obitus
316 1369 419 1424 sui.

174 1464 250 1519 65.
288 1462 528 1518 Domnus
557 1460 818 1520 Beroldus
857 1461 1025 1519 frater
1052 1471 1254 1518 nostrae
1287 1462 1664 1535 congregatio-

116 1555 205 1621 nis,
240 1554 499 1610 sollicitus
524 1554 593 1610 de
621 1556 796 1611 salute
829 1556 1026 1610 anima:
1055 1571 1188 1622 suae,
1225 1555 1506 1611 constituit
1535 1571 1668 1611 con-

115 1660 253 1702 sensu
276 1646 454 1701 domui
489 1648 704 1704 abbatis
735 1647 1010 1703 Lietliardi
1045 1657 1100 1703 et
1131 1648 1374 1702 omnium
1410 1645 1662 1712 fratrum,

115 1744 164 1791 ut
183 1737 318 1792 omni
346 1737 432 1792 die
463 1747 716 1794 cantetur
759 1740 928 1795 missa
969 1739 1024 1793 in
1067 1739 1312 1795 aecclesia
1354 1738 1664 1794 Cemmela-

114 1828 236 1883 censi
276 1843 370 1897 pro
409 1831 626 1885 cunctis
668 1831 917 1887 ﬁdelibus
963 1830 1256 1897 defunctis,
1296 1839 1345 1886 et
1393 1831 1508 1886 haec
1533 1847 1666 1886 con-

114 1915 294 1973 stitutio
334 1918 388 1973 in
420 1930 685 1976 aeternum
726 1937 1046 1992 permanere
1071 1924 1456 1979 inviolabiliter
1483 1923 1661 1979 debet.

112 2007 178 2062 Ad
200 2009 332 2080 quod
359 2010 709 2080 explendum,
742 2013 1084 2067 medietatem
1116 2011 1414 2066 molendini
1455 2012 1510 2066 in
1545 2012 1664 2068 Ma-

113 2096 200 2150 nilz
222 2114 376 2168 quam
417 2100 487 2155 ab
523 2099 745 2157 Elberto
785 2109 842 2156 et
882 2101 1196 2173 Erenburge
1238 2117 1410 2157 uxore
1441 2103 1562 2173 ejus
1608 2104 1663 2158 in

112 2187 382 2243 vadimonio
413 2205 513 2259 pro
543 2190 612 2245 15
639 2191 840 2247 marcis
868 2193 1075 2263 argenti
1111 2193 1346 2259 tenebat,
1379 2202 1433 2248 et
1475 2194 1663 2250 recole-

113 2278 189 2334 sia:
208 2278 624 2339 Gemmelacensi
645 2283 889 2354 legaliter
913 2286 1047 2339 tradi
1073 2285 1292 2352 fecerat,
1317 2302 1411 2355 per
1437 2303 1662 2342 manum

112 2370 264 2424 domni
289 2373 496 2430 abbatis
525 2383 583 2429 et
610 2377 856 2430 omnium
888 2377 1120 2432 fratrum
1155 2379 1454 2449 deputavit,
1487 2391 1545 2435 ut
1576 2397 1662 2436 re-

111 2460 230 2517 ditus
256 2462 416 2533 ipsius
447 2467 749 2521 molendini
782 2469 977 2524 habeat
1010 2472 1275 2540 presbiter
1309 2474 1404 2543 qui
1435 2475 1659 2529 missam

111 2556 333 2621 cantabit,
367 2559 612 2628 exceptis
653 2560 1037 2617 oblationibus.
1085 2563 1149 2618 Et
1196 2565 1240 2619 si
1287 2567 1660 2623 molendinum

111 2643 244 2700 fuerit
266 2649 624 2719 redemptum,
670 2652 817 2722 ipsos
850 2654 917 2708 15
953 2671 1167 2711 marcos
1193 2658 1360 2714 abbas
1387 2667 1440 2714 et
1465 2659 1660 2716 fratres

112 2735 357 2805 recipiant,
387 2748 440 2794 et
462 2740 534 2796 de
569 2741 703 2812 ipsis
729 2752 1025 2812 procurent
1071 2754 1130 2800 ut
1175 2747 1344 2803 missa
1389 2730 1537 2804 omni
1571 2751 1660 2806 die

111 2824 155 2879 in
193 2839 490 2900 perpetuum
547 2842 817 2892 cantetur.
869 2836 976 2903 Qui
1022 2838 1164 2895 hanc
1211 2841 1657 2898 constitutionem

110 2915 416 2992 destruxerit,
443 2927 740 2984 anathema
771 2929 861 2984 sit.
1273 2947 1276 2950 ‘

95 3033 97 3035 ·
163 3010 238 3067 64.
273 3013 514 3075 Domnus
557 3018 908 3091 Sigebertus,
958 3023 1264 3095 descriptor
1303 3029 1430 3084 vitae
1470 3029 1655 3084 domni

109 3100 284 3194 abbatis
318 3106 520 3166 Olberti
542 3153 558 3176 ,
597 3113 664 3167 de
692 3115 802 3169 vita
845 3123 896 3170 et
927 3116 1140 3172 actibus
1166 3119 1286 3188 ejus
1325 3136 1453 3176 vera
1499 3123 1654 3190 dixit,
1684 3134 1726 3194 C
1759 3113 2077 3179 θυοιονίῑίιε,
2108 3122 2163 3168 ει
2193 3114 2310 3184 ipsa
2348 3123 2408 3168 υι
2441 3115 2515 3169 ita
2543 3116 2723 3171 dicam
2755 3131 2879 3172 eum
2915 3116 3156 3171 traheret
3192 3115 3341 3169 kal'i'
3440 3179 3442 3181 ,

109 3199 151 3245 et
183 3193 368 3266 absque
405 3199 580 3256 dubio
618 3202 800 3259 dicere
842 3207 1051 3276 potuit,
1100 3209 1229 3278 quia
1269 3211 1362 3266 diu
1413 3214 1462 3267 ei
1523 3231 1655 3269 con-

106 3285 231 3341 vixit.
291 3289 384 3348 Hic
432 3293 584 3348 inter
635 3303 828 3351 caetera
891 3297 1184 3370 descripsit
1241 3309 1296 3355 et
1341 3302 1655 3360 dinumera-

105 3373 168 3428 vit
206 3393 262 3432 ea
301 3397 419 3450 quae
468 3384 566 3438 ille
606 3385 660 3438 in
699 3401 839 3442 auro
898 3395 953 3442 et
991 3399 1219 3460 argento
1256 3391 1390 3447 satis
1431 3394 1654 3463 copiosa

105 3467 324 3526 ecclesia:
362 3471 456 3529 Dei
502 3476 756 3530 contulit.
791 3476 924 3544 Quae
951 3477 1079 3548 quia
1109 3480 1280 3535 lector
1308 3480 1362 3534 in
1396 3498 1498 3537 suo
1531 3484 1652 3539 loco

105 3553 233 3611 facile
257 3563 444 3630 poterit
470 3565 775 3634 repperire,
806 3567 1143 3638 superﬂuum
1178 3570 1454 3625 credimus
1477 3587 1541 3626 ea
1565 3573 1655 3630 hic

106 3647 267 3704 iterum
287 3655 572 3723 replicare.
600 3657 790 3713 Merito
818 3675 947 3731 ergo
971 3660 1218 3729 queritur
1240 3679 1271 3717 a
1298 3664 1505 3731 multis,
1527 3665 1655 3736 quis

104 3741 499 3813 eadestruxerit,
532 3747 667 3816 quid
712 3749 837 3804 inde
881 3751 1072 3822 egerit,
1122 3753 1254 3822 quid
1299 3756 1652 3811 emolumenti

103 3832 307 3889 ecclesia
348 3835 440 3892 Dei
486 3838 620 3894 inde
658 3840 929 3898 habuerit.
969 3842 1061 3900 Eis
1101 3861 1202 3901 nos
1237 3847 1649 3917 respondentes,

104 3934 188 3976 non
224 3925 444 3997 aliquem
493 3930 770 4000 majorum
813 3942 1123 3990 nostrorum
1169 3952 1515 4007 accusamus,
1555 3939 1649 3995 sed

102 4027 182 4069 nos
217 4015 352 4087 ipsos
379 4037 738 4079 excusamus.
773 4023 889 4080 Scit
919 4027 1082 4095 Deus,
1127 4031 1255 4099 quia
1292 4033 1518 4087 multam
1555 4050 1649 4104 pe-

100 4115 283 4164 nuriam
319 4115 771 4171 vestimentorum
813 4125 869 4172 et
904 4118 1100 4187 victus,
1141 4121 1568 4192 depraedationes
1596 4134 1651 4179 et

99 4192 308 4256 incendia
333 4214 388 4260 et
413 4207 802 4264 tribulationes
845 4212 1048 4268 multas
1079 4216 1222 4282 passi
1261 4231 1473 4284 sumus,
1507 4235 1649 4272 nun-

100 4301 235 4356 φησι
257 4303 433 4353 tamen
456 4299 528 4354 de
568 4300 827 4356 thesauro
853 4304 1112 4359 aacclesiae
1149 4305 1333 4360 valens
1360 4323 1644 4361 nummum

100 4375 144 4430 in
173 4393 369 4442 sumtus
401 4397 626 4446 nostros
657 4392 932 4449 misimus.
964 4393 1148 4451 Abbas
1179 4379 1504 4453 Liethardus
1547 4414 1644 4452 ex-

1754 548 2002 609 -reperta,
2037 555 2125 595 res
2153 541 2414 596 azcclesize
2445 542 2564 596 sine
2588 541 2790 608 fructu,
2815 543 2910 597 sed
2931 559 3041 598 non
3072 544 3189 600 sine
3209 546 3324 600 luct

1769 642 1980 698 nostro,
2028 629 2286 703 diriperet
2329 635 2660 704 episcopalis
2688 635 2964 692 violentia.
3017 635 3148 691 Erat
3188 652 3326 693 excu

1771 723 1910 778 satio
1955 730 2232 789 extrema,
2285 739 2408 792 quae
2455 723 2620 777 etiam
2656 723 2941 778 videbatur
2987 725 3320 794 permaxima

1769 816 1897 886 quia
1942 815 1988 871 si
2033 817 2214 886 aliqua
2249 817 2513 872 secularis
2557 825 2752 887 potens
2776 833 3010 888 persona
3039 835 3135 888 per
3170 835 3325 875 coem

1770 906 1972 962 tionem
1997 906 2231 976 alicujus
2261 907 2446 976 praedii
2474 909 2783 978 Superbiret
2811 909 2866 963 in
2907 917 3096 964 nostra
3133 909 3355 978 vicinia,

1770 1011 1984 1066 semper
2017 996 2086 1051 ab
2113 1012 2177 1052 ea
2209 1007 2390 1053 nostra
2434 1007 2781 1054 vastarentur
2815 1001 3016 1070 praedia
3061 1009 3117 1056 et
3156 1002 3357 1072 afflige-

1769 1099 1920 1144 retur
1970 1087 2195 1143 familia.
2249 1087 2389 1145 Dicit
2439 1091 2632 1148 beatus
2686 1091 3076 1160 iheronimus,
3123 1094 3251 1163 quia
3298 1094 3356 1149 in

1769 1180 1918 1235 omni
1944 1194 2124 1234 rerum
2152 1188 2349 1234 eventu
2375 1181 2550 1252 magis
2577 1183 2909 1252 perpendere
2937 1183 3196 1238 debemus
3226 1183 3358 1238 affe-

1769 1281 1915 1328 ctum
1961 1272 2320 1338 intentionis,
2372 1289 2536 1343 quam
2590 1273 2841 1329 effectum
2887 1274 3239 1343 operationis.
3296 1274 3353 1329 Si

1767 1380 1898 1437 ergo
1939 1367 1991 1420 in
2035 1367 2324 1422 abbatibus
2369 1367 2600 1436 simplex
2647 1374 2702 1421 et
2745 1375 2927 1421 rectus
2978 1365 3080 1420 fuit
3128 1365 3353 1422 affectus

1751 1457 2108 1525 intentionis,
2150 1473 2260 1513 non
2302 1458 2408 1526 erit
2448 1457 2734 1528 culpabilis
2766 1458 2860 1513 sed
2903 1457 3234 1513 excusabilis
3268 1455 3352 1511 ef-

1767 1548 1942 1606 fectus
1976 1551 2331 1628 Operationis,
2374 1549 2485 1606 Nos
2533 1549 2820 1605 redeamus
2853 1550 2920 1605 ad
2969 1550 3024 1605 id
3063 1549 3208 1604 unde
3261 1548 3353 1604 di-

1768 1639 1942 1711 gressi
1989 1657 2203 1698 sumus.

1830 1730 1920 1786 65.
1962 1730 2210 1787 Domnus
2257 1731 2428 1786 abbas
2477 1729 2802 1786 Liethardus
2853 1730 3094 1802 religiosi
3140 1729 3348 1800 patris,

1769 1820 1976 1877 scilicet
2004 1821 2190 1876 domui
2224 1821 2436 1876 abbatis
2469 1819 2693 1886 Olberti,
2734 1820 3022 1890 religiosus
3055 1821 3217 1887 filius,
3261 1821 3347 1877 his

1767 1913 1970 1982 quibus
2001 1920 2251 1982 praeerat,
2274 1913 2542 1982 religiosa
2568 1912 2690 1967 vita:
2717 1912 3024 1982 exemplum
3055 1913 3349 1982 praebebat.

1766 2003 1905 2058 Cum
1935 2019 2031 2060 eos
2057 2005 2389 2075 praecelleret
2417 2003 2666 2058 imitabili
2699 2004 2934 2070 actione,
2966 2003 3352 2059 moderabatur

1764 2102 1957 2162 tamen
1994 2097 2142 2168 quod
2189 2097 2382 2168 agebat
2423 2097 2682 2152 laudabili
2731 2098 3080 2154 discretione.
3129 2097 3259 2152 Erat
3299 2100 3349 2154 ei

1765 2188 2106 2244 consuetudo
2133 2203 2200 2244 ex
2231 2190 2404 2251 multo
2435 2199 2696 2260 tempore,
2725 2199 2917 2260 quarta
2953 2200 3008 2245 et
3036 2199 3186 2246 sexta
3215 2189 3348 2245 feria

1765 2299 1942 2354 usque
1987 2283 2056 2338 ad
2106 2285 2472 2354 vespertinam
2518 2285 2625 2342 diei
2673 2286 2864 2340 horam
2905 2286 3178 2355 jejunium
3220 2301 3348 2356 pro-

1764 2376 2002 2443 trahere,
2036 2375 2198 2448 idque
2222 2378 2493 2448 praecipue
2535 2377 2905 2447 exequebatur
2929 2377 3122 2433 diebus
3149 2377 3350 2432 adven-
3382 2412 3386 2415 -

1762 2477 1853 2524 tus
1881 2467 2097 2523 Domini
2123 2478 2178 2524 et
2203 2471 2651 2541 quadragesimm.
2689 2469 2937 2540 Cumque
2977 2471 3078 2525 sibi
3125 2471 3212 2525 vix
3253 2480 3348 2526 aut

1762 2561 1913 2616 nullo
1954 2562 2116 2616 modo
2155 2563 2315 2617 vellet
2351 2563 2649 2634 indulgere,
2694 2561 2957 2618 fratribus
2999 2571 3178 2618 tamen
3213 2578 3348 2618 con-

1762 2669 1953 2723 gruam
1982 2654 2214 2724 tempori
2255 2654 2602 2710 refectionem
2636 2655 2842 2710 exiberi
2875 2655 3101 2725 jubebat
3140 2656 3346 2725 absque

1762 2745 2165 2814 retractatione,
2214 2749 2423 2802 malens
2450 2763 2545 2803 eos
2579 2747 2883 2802 voluntarie
2922 2747 3202 2817 proposito
3247 2762 3345 2802 su-

1760 2837 2078 2906 peraddere,
2121 2855 2287 2909 quam
2336 2848 2604 2910 praecepto
2638 2854 2740 2895 suo
2781 2851 3000 2895 coactos
3048 2839 3342 2895 abstinuere.

1761 2927 1908 2984 Raro
1941 2938 2036 2984 aut
2064 2947 2362 3000 numquam
2395 2931 2450 2984 in
2497 2947 2714 2987 camera
2760 2947 2860 2988 sua
2906 2931 3206 3002 prandebat
3249 2938 3348 2986 aut

1759 3023 2010 3097 cenabat,
2039 3022 2145 3076 nisi
2172 3023 2406 3093 alicujus
2431 3025 2689 3094 praecipui
2716 3024 2948 3095 hospitis
2969 3040 3095 3080 eum
3127 3032 3344 3095 cogeret

1757 3212 1861 3260 tas.
1915 3201 1973 3257 Si
2013 3203 2312 3273 aliquando
2347 3205 2524 3274 major
2557 3207 2718 3260 solito
2760 3221 2887 3260 eum
2925 3221 3058 3261 cura
3094 3205 3339 3276 urgebat,

1756 3297 1949 3352 horam
1997 3295 2212 3366 prandii
2254 3296 2310 3350 in
2348 3296 2638 3366 refectorio
2679 3297 3033 3368 anticipabat,
3079 3304 3176 3351 aut
3217 3305 3343 3366 post

1753 3387 1987 3443 fratrum
2054 3386 2405 3444 refectionem
2471 3405 2597 3444 cum
2659 3389 2850 3460 paucis
2912 3388 3096 3444 cibum
3149 3402 3338 3445 sume-

1752 3480 1864 3535 bat.

1823 3573 1912 3627 66.
1929 3573 2000 3604 ⁷⁷⁸
2031 3571 2360 3628 Ecclesiam
2395 3572 2536 3628 villa:
2556 3571 2695 3628 Dion
2731 3587 2854 3628 cum
2879 3571 3156 3632 dominica
3185 3580 3340 3627 certe

1753 3680 1784 3719 a
1812 3665 2085 3721 Guilelmo
2125 3665 2193 3721 de
2233 3664 2502 3719 Bellorivo
2542 3663 2842 3729 incensam,
2885 3664 3124 3719 domnus
3165 3662 3338 3718 abbas

1752 3755 2078 3813 Liethardus
2105 3757 2237 3812 dum
2268 3756 2449 3811 adhuc
2475 3764 2620 3811 esset
2665 3754 2990 3825 praepositus
3035 3755 3090 3809 in
3138 3753 3338 3809 melius

1753 3847 2086 3904 reformavit.
2133 3847 2460 3903 Ecclesiam
2513 3847 2678 3902 etiam
2737 3845 2910 3900 sancti
2974 3845 3237 3918 Nycliolai
3283 3844 3341 3899 in

1751 3940 1877 3995 villa
1915 3939 2100 3996 Sovrei
2120 3941 2164 4010 :a
2194 3939 2565 3995 fundamentis
2591 3938 2918 4003 construxit,
2943 3945 3150 3993 cortem
3175 3935 3340 3992 Gem-

1751 4032 2114 4088 melacensem
2151 4048 2274 4102 quae
2300 4030 2519 4101 Capella
2563 4031 2765 4087 dicitur
2792 4030 2862 4084 ab
2888 4030 3102 4085 hostico
3130 4029 3338 4084 Namu—

1749 4123 1898 4177 censi
1927 4122 2226 4188 incensam,
2255 4137 2381 4177 cum
2409 4123 2665 4178 omnibus
2691 4121 2922 4177 officinis
2953 4122 3069 4176 suis
3105 4136 3338 4176 renova-

1747 4214 1845 4280 vit,
1881 4215 2126 4269 culturas
2169 4231 2427 4286 agrorum
2475 4215 2528 4269 in
2575 4215 2718 4270 villis
2763 4223 2818 4268 et
2861 4213 3196 4284 municipiis,
3237 4213 3342 4270 hoc

1747 4319 1832 4363 est
1865 4305 2094 4373 Sterias,
2127 4305 2432 4376 Jandrigul,
2467 4305 2766 4376 Sothejam,
2795 4304 3129 4371 Bavencbin,
3177 4304 3336 4371 Dion,

1749 4399 2030 4465 Genelien,
2064 4397 2274 4465 Sovrei,
2307 4398 2444 4464 Niel,
2493 4397 2698 4452 Pictam
2731 4399 2935 4464 villam,
2981 4397 3198 4468 Eyueis,
3229 4395 3338 4451 Ca—

99 4483 228 4542 oelno
252 4482 389 4548 quod
416 4495 744 4554 acceperant
770 4495 1145 4545 antecessores
1169 4491 1308 4560 ejus,
1331 4491 1454 4562 plus
1479 4508 1643 4562 quam
1677 4481 1723 4540 D
1751 4491 1968 4560 pellam,
2015 4502 2178 4560 praut
2224 4491 2394 4544 valuit
2439 4490 2578 4544 bene
2622 4497 2677 4544 et
2727 4499 2994 4558 oportune
3039 4487 3334 4557 disposuit.

99 4575 282 4625 centum
306 4574 497 4646 viginti
526 4577 873 4633 marcharum
903 4579 1146 4650 precium
1171 4582 1237 4637 de
1262 4582 1521 4638 thesauro
1550 4599 1650 4639 tec-

99 4662 247 4721 clesia:
274 4670 416 4727 dedit
443 4673 858 4730 deficientesibi
888 4677 1138 4746 pecunia,
1187 4677 1256 4732 ad
1284 4678 1642 4733 coemtionem

98 4755 385 4818 praediorum
416 4762 472 4816 in
504 4763 758 4834 angustia
789 4765 1048 4836 temporis
1077 4781 1189 4836 quo
1217 4766 1384 4821 nimia
1413 4781 1646 4822 annonae

99 4845 266 4904 raritas
290 4850 407 4907 fuit.
436 4853 688 4925 Cumque
715 4855 914 4913 fratres
939 4867 1182 4927 tempore
1208 4857 1382 4927 ipsius
1409 4866 1464 4913 et
1495 4867 1648 4914 ante-

97 4949 342 4998 cessorum
365 4947 485 5016 ejus
513 4949 740 5004 nimium
769 4951 1242 5018 contristarentur,
1269 4953 1416 5022 quod
1437 4968 1500 5006 ea
1523 4968 1646 5022 quae

98 5024 152 5077 Id
174 5025 256 5083 Dei
285 5035 487 5090 cultum
513 5046 568 5092 et
595 5038 664 5092 ad
697 5040 955 5094 tecelesize
983 5049 1233 5094 ornatum
1285 5042 1480 5096 collata
1521 5041 1640 5098 fue-

97 5126 201 5172 rant
225 5120 650 5196 destruerentur,
684 5131 934 5201 quamvis
961 5131 1110 5200 justa
1148 5147 1316 5188 causa
1344 5134 1395 5187 id
1427 5134 1644 5204 exigere

98 5206 354 5282 videretur,
387 5219 613 5276 abbates
652 5222 755 5277 hac
781 5224 1139 5292 responsione
1167 5239 1226 5280 se
1260 5225 1641 5293 defendebant,

97 5304 141 5386 et
182 5300 276 5358 hoc
321 5307 374 5362 in
411 5311 496 5364 sui
522 5313 933 5368 excusationem
987 5312 1246 5370 fratribus
1289 5316 1638 5386 objiciebant.

97 5385 327 5452 Dicebant
351 5416 446 5469 per
473 5405 801 5472 praediorum
833 5405 1193 5462 coemtionem
1229 5407 1343 5462 fieri
1363 5385 1645 5463 recclesia-

97 5479 329 5578 Sliflarum
354 5505 532 5548 rerum
558 5496 1013 5562 meliorationem,
1041 5513 1166 5552 cum
1194 5514 1314 5565 nos,
1340 5515 1440 5570 pro
1460 5501 1642 5554 dolor!

96 5569 347 5634 Videamus
381 5583 816 5643 minorationem.
851 5588 1136 5645 Addebant
1161 5569 1460 5646 cavendum
1497 5595 1646 5663 quod

1752 4581 2097 4638 Salvenerias
2125 4582 2289 4637 etiam
2321 4598 2443 4638 cum
2483 4591 2627 4636 terra
2659 4580 2929 4650 adjacenti
2949 4623 2962 4647 ,
3000 4589 3053 4635 et
3080 4579 3340 4635 molendi-

1749 4691 1881 4728 num
1909 4675 2050 4730 villae
2079 4675 2284 4730 Masniz
2313 4674 2545 4729 infirmis
2579 4673 2805 4739 nostris,
2833 4681 2887 4728 et
2922 4673 2990 4728 ad
3021 4672 3340 4728 anniversa-

1748 4769 1888 4823 riam
1919 4768 2062 4823 diem
2096 4783 2208 4822 sua:
2232 4767 2590 4838 depositionis
2619 4765 2882 4822 fratribus
2909 4765 3193 4836 delegavit.
3228 4765 3339 4820 Ad—

1749 4860 1888 4916 didit
1939 4862 2104 4915 etiam
2153 4859 2299 4930 quod
2349 4859 2646 4930 adquisivit
2680 4859 2736 4913 in
2784 4859 2911 4913 villa
2957 4874 3079 4928 quae
3125 4857 3342 4912 Rosiris

1754 4952 1992 5018 dicitur,
2045 4961 2099 5007 et
2141 4951 2196 5005 in
2247 4951 2373 5006 villa
2416 4951 2588 5006 sancti
2635 4950 2828 5018 Pauli,
2871 4960 2927 5007 et
2969 4951 3024 5004 in
3066 4951 3172 5005 alia
3215 4963 3340 5019 quae

1752 5043 1964 5099 Wastin
2006 5045 2230 5112 dicitur,
2278 5054 2334 5101 et
2383 5045 2604 5100 fratrem
2647 5045 2742 5114 qui
2779 5044 2862 5100 eis
2901 5059 3092 5100 curam
3121 5043 3340 5112 impen-

1749 5138 1902 5193 deret
1940 5138 2196 5217 instituit.

1819 5227 1908 5283 67.
1949 5229 2364 5302 Cum‘legamus
2406 5239 2462 5285 et
2504 5230 2767 5296 sciamus,
2811 5227 2958 5298 quod
2984 5225 3111 5282 villa
3144 5223 3334 5279 Salve-

1750 5321 1932 5377 ncrias
1953 5321 2020 5376 de
2045 5323 2264 5392 praediis
2287 5323 2429 5378 beati
2453 5322 2695 5377 Guiberti
2723 5320 2906 5386 fuerit,
2933 5317 3180 5389 queritur
3201 5313 3337 5386 quid

1752 5411 1806 5466 in
1834 5427 1898 5466 ea
1929 5413 2100 5469 abbas
2130 5413 2458 5469 Liethardus
2486 5412 2824 5484 adquisierit.
2857 5409 2938 5465 Ad
2984 5409 3127 5462 hanc
3161 5404 3334 5460 inter-

1753 5504 2092 5573 rogationem
2136 5519 2323 5560 veram
2368 5505 2564 5560 damus
2607 5502 3044 5572 responsionem.
3083 5499 3335 5555 Consan-

1753 5594 1933 5663 guinei
1960 5596 2104 5651 beati
2130 5596 2374 5652 Guiberti
2403 5606 2525 5668 post
2550 5597 2757 5652 obitum
2779 5595 2900 5668 ejus
2923 5594 3107 5652 omnia
3133 5590 3340 5665 praedia

1353 5689 1436 5745 VA
1447 5689 1582 5746 lilrE
1622 5689 1913 5748 LECTION
1921 5692 2022 5748 ES.

157 5759 220 5796 ’τι
257 5763 391 5824 Hinc
422 5773 538 5834 inde
575 5777 756 5833 littera
783 5776 942 5848 paulo
975 5779 1166 5848 minor,
1193 5780 1283 5836 sed
1312 5789 1497 5837 manus
1525 5791 1602 5839 cst
1629 5783 1808 5840 eadem
1843 5793 1892 5840 et
1925 5793 2109 5840 auctor
2139 5785 2278 5839 idem
