3906 6316
518 319 624 375 659

1687 321 2049 380 SIGEBERTI
2087 318 2501 377 GEMBLACEN
2511 317 2612 374 SIS

518 433 692 504 ipsius
721 435 1059 501 invaserunt,
1091 443 1145 489 et
1187 434 1314 504 quia
1347 433 1500 488 multi
1541 443 1716 498 erant,
1755 433 1954 488 multas
1997 430 2101 487 sibi
2134 432 2179 491 A
2207 427 2610 484 vindicaturum
2642 427 2973 484 minabatur.
3005 431 3190 489 Abbas
3225 441 3456 490 econtra
3481 437 3783 496 armavit:

517 535 700 596 partes
731 525 1013 593 facientes,
1061 525 1151 582 vix
1197 526 1264 582 de
1295 527 1528 598 singulis
1557 542 1722 581 unam
1759 534 1968 596 partem
1995 540 2102 580 ecce

514 618 696 674 etesia:
724 619 1082 688 reliquerunt,
1127 628 1181 674 et
1211 634 1279 672 ne
1312 634 1476 673 unam
1507 618 1728 688 quidem
1763 618 1948 672 villam
1991 631 2100 672 aec-

514 707 696 766 clesiae
724 710 988 779 integram
1020 709 1365 764 dimiserunt.
1404 707 1518 764 IIoc
1545 709 1815 779 hodieque
1839 708 2103 778 probatur

515 798 570 852 in
603 800 796 869 majori
823 801 950 855 villa
977 800 1236 855 Gemblus
1266 809 1321 856 et
1350 801 1403 855 in
1435 801 1557 856 aliis
1585 801 1705 870 ejus
1730 801 2100 871 possessioni»-

513 891 646 957 bus,
698 893 754 946 in
802 894 1004 964 quibus
1056 895 1257 949 multos
1301 909 1775 964 compossessores
1811 895 2097 952 habemus.

513 983 671 1050 Quod
705 1002 835 1056 ergo
883 987 938 1041 in
981 987 1105 1042 villa
1149 987 1493 1043 Salvenerias
1541 1003 1766 1043 censum
1805 989 1987 1054 solvit,
2035 989 2102 1044 de

510 1077 860 1145 possessione
887 1077 1030 1132 beati
1067 1077 1311 1134 Guiberti
1337 1078 1458 1132 fuit.
1502 1078 1725 1134 Curiam
1753 1095 1883 1135 vero
1909 1089 1963 1135 et
1993 1090 2101 1136 ter-

510 1181 629 1221 ram
662 1168 729 1222 ad
757 1169 929 1238 ipsam
965 1169 1346 1239 pertinentem,
1371 1170 1438 1224 de
1471 1169 1704 1224 aliorum
1736 1171 2102 1240 possessioni-

509 1257 615 1314 bus
661 1259 959 1330 adquisivit
1009 1262 1177 1316 abbas
1233 1261 1580 1316 Liethardus.
1638 1261 1758 1332 Ipse
1797 1277 2099 1332 numquam

507 1364 712 1405 vacans
757 1351 1014 1406 vanitatis
1061 1352 1211 1416 ctio,
1262 1352 1356 1406 sed
1401 1351 1802 1406 zecclesiastica:
1851 1352 2101 1407 utilitatis

507 1441 772 1495 continuo
813 1442 1048 1513 ﬂagrans
1087 1443 1380 1510 desiderio,
1419 1443 1650 1513 criptam
1690 1459 1813 1514 quae
1853 1445 1956 1499 sub
2001 1443 2100 1498 ab-

508 1532 634 1588 bate
675 1531 952 1587 Tietmaro
985 1534 1250 1590 aedificata
1286 1543 1402 1590 erat
1448 1549 1551 1590 suo
1580 1534 1768 1588 labore
1801 1535 2097 1604 praecipuo,

508 1625 542 1679 8
573 1624 842 1680 Kalendas
867 1626 1099 1698 Augusti
1129 1627 1367 1698 optinuit
1393 1626 1707 1682 consecrari
1742 1627 1810 1680 ab
1842 1625 2100 1695 episcopo

507 1715 830 1771 Leodicensi
860 1716 1102 1786 Otberto,
1145 1734 1255 1788 quo
1301 1717 1463 1773 etiam
1495 1718 1581 1774 dic
1609 1717 1838 1774 celebris
1867 1717 2102 1772 habetur

506 1817 710 1863 nostrae
737 1810 995 1866 :ecclesiae
1022 1811 1199 1881 major
1226 1811 1516 1867 dedicatio.

578 1899 668 1953 68.
710 1899 846 1956 Cum
881 1903 1117 1972 quodam
1153 1911 1395 1973 tempore
1441 1903 1706 1958 invitante
1733 1902 1924 1957 eodem
1956 1916 2097 1971 prae-

505 1991 626 2045 sule
667 1989 930 2047 Leodium
971 1994 1164 2060 adiret,
1211 2002 1265 2048 et
1297 1993 1478 2049 fervor
1524 1994 1658 2050 solis
1694 2002 1884 2064 utpote
1918 1993 2099 2048 media

504 2093 693 2138 aestate
726 2085 911 2140 omnia
941 2087 1113 2141 nimio
1146 2096 1283 2142 testu
1314 2087 1574 2156 alliceret,
1603 2096 1828 2144 coactus
1856 2102 1968 2141 non
1999 2101 2100 2141 sua

507 2183 591 2228 set
635 2191 864 2232 suorum
909 2178 1254 2246 lassitudine,
1296 2179 1466 2250 jussit
1505 2180 1586 2235 eis
1630 2195 1787 2236 escas
1834 2179 1954 2234 dari
2001 2195 2100 2248 pro

506 2270 662 2324 nimii
686 2272 886 2329 caloris
913 2274 1264 2330 alleviatione
1293 2282 1348 2330 et
1376 2276 1478 2330 viae
1507 2277 1856 2345 postmodum
1887 2275 2098 2331 accele-

505 2363 736 2418 ratione.
790 2364 960 2435 Equis
1007 2365 1077 2421 ad
1127 2365 1344 2436 pastuin
1393 2366 1669 2433 dimissis,
1716 2367 1773 2422 in
1818 2365 2100 2421 viridiario

505 2455 648 2523 quod
677 2457 780 2512 via:
805 2458 1123 2528 contiguum
1152 2468 1288 2525 erat,
1313 2459 1593 2514 discubuit
1620 2475 1746 2514 cum
1777 2458 1914 2514 suis.
1939 2457 2098 2524 Quod

505 2555 792 2617 postquam
826 2551 980 2604 multi
1025 2551 1120 2621 qui
1166 2551 1220 2613 in
1262 2550 1444 2607 vicino
1486 2559 1644 2605 erant
1673 2559 2096 2621 conspexerunt,

505 2636 748 2706 undique
777 2639 842 2691 ad
873 2654 998 2692 eum
1030 2639 1433 2694 confluxerunt.
1471 2639 1591 2710 Ipse
1621 2655 1717 2694 eos
1743 2655 1854 2694 non
1888 2640 2095 2709 repelli,

505 2732 590 2778 set
619 2725 686 2778 de
717 2725 804 2780 his
829 2727 1030 2795 quibus
1057 2728 1316 2782 utebatur
1355 2744 1482 2784 cum
1522 2727 1662 2794 suis,
1703 2728 1872 2798 jussit
1895 2729 1978 2784 eis
2006 2729 2100 2784 be-

504 2816 670 2886 nigne
706 2818 956 2886 przeberi.
1003 2817 1177 2876 Iussit
1215 2820 1383 2875 etiam
1426 2820 1508 2876 eis
1560 2820 1745 2875 vinum
1797 2820 2097 2890 propitiari,

506 2923 632 2962 cum
666 2910 835 2964 sciret
860 2911 972 2966 illic
1000 2911 1069 2967 ad
1098 2928 1234 2968 usus
1261 2929 1392 2968 suos
1419 2921 1474 2968 et
1508 2928 1734 2968 suorum
1763 2927 1871 2966 non
1901 2912 2009 2966 nisi
2043 2912 2100 2966 in

504 3013 706 3070 ascopa
751 3003 981 3058 modica:
1021 3004 1346 3073 quantitatis
1397 3005 1588 3058 vinum
1630 3003 1840 3058 haberi.
1875 3002 2098 3072 Expleta

2203 535 2311 576 non
2340 521 2509 579 armis
2535 521 2744 578 militiae
2787 523 3116 594 mundanae,
3165 536 3248 582 set
3294 527 3469 585 armis
3518 529 3781 602 religio-is

2202 615 2518 671 Christianae
2541 657 2556 682 ,
2605 613 2870 670 fratribus
2919 631 3084 686 super
3132 617 3239 674 hoc
3287 619 3511 689 negotio
3558 619 3783 679 indicens

2202 707 2516 764 continuam
2541 709 2844 764 orationem
2870 709 2938 764 ad
2963 708 3160 777 Deum;
3189 711 3305 781 ipse
3325 727 3459 767 vero
3480 729 3609 768 cum
3632 715 3780 770 multa

2203 797 2384 853 cordis
2410 806 2464 852 et
2492 798 2739 868 corporis
2763 799 3093 856 contritione
3116 800 3460 855 continuavit
3485 801 3780 857 triduanum

2196 888 2490 960 jejunium.
2538 887 2800 944 Condicta
2844 889 2934 945 die
2963 906 3089 945 cum
3139 907 3253 946 suae
3283 893 3459 962 partis
3492 891 3782 952 fautoribus

2202 981 2270 1036 ad
2301 981 2564 1052 prmdium
2616 982 2850 1038 accessit
2873 980 3129 1039 Onulfus.
3177 985 3381 1040 Aderat
3409 986 3526 1041 dux
3553 986 3784 1043 Godefri—

2202 1073 2326 1140 dus,
2374 1074 2634 1130 aacclesia:
2688 1083 2892 1132 nostra:
2939 1076 3259 1132 advocatus.
3301 1076 3508 1133 Aderat
3552 1088 3608 1133 et
3637 1080 3782 1134 abbas

2203 1180 2327 1220 cum
2377 1165 2568 1234 paucis
2617 1163 3002 1222 familiaribus.
3071 1167 3323 1237 Cumque
3367 1165 3616 1223 Onulfus
3663 1185 3783 1238 equo

2198 1253 2558 1322 descendens,
2590 1257 2734 1326 quod
2779 1271 2942 1312 suum
2990 1257 3207 1330 dicebat
3248 1259 3436 1314 metiri
3465 1261 3720 1329 cepisset,
3741 1271 3785 1316 et

2200 1355 2327 1416 post
2356 1347 2754 1404 dimensionem
2806 1350 2874 1404 ad
2929 1350 3146 1405 libitum
3195 1368 3357 1406 suum
3406 1361 3630 1408 metam
3676 1356 3782 1423 poni

2200 1437 2380 1505 vellet,
2409 1439 2625 1496 incaute
2654 1441 2934 1510 incedens,
2965 1444 3148 1500 calcar
3175 1445 3386 1500 sinistri
3417 1446 3582 1516 pedis
3609 1445 3785 1502 dextra:

2201 1545 2316 1586 suae
2344 1531 2489 1588 tibiae
2513 1532 2710 1601 infixit,
2733 1550 2902 1604 seque
2929 1538 3170 1606 graviter
3196 1537 3536 1592 vulneravit.
3575 1538 3784 1610 Moxque

2200 1623 2524 1694 dragunculi
2568 1626 2763 1682 morbo
2809 1642 2870 1682 se
2903 1627 3217 1695 invadente,
3260 1644 3407 1698 pene,
3433 1631 3783 1696 exanimatas,

2201 1715 2404 1772 infecto
2456 1718 2674 1788 negotio
2717 1718 2786 1774 ad
2833 1735 2935 1775 sua
2981 1719 3162 1776 rediit.
3210 1719 3316 1777 Per
3345 1722 3602 1777 triduum
3631 1733 3785 1776 auten

2201 1809 2347 1880 quod
2380 1811 2702 1880 supervixit,
2747 1827 2849 1868 nec
2898 1812 3220 1869 comedendi
3271 1830 3375 1868 nec
3419 1815 3654 1870 bibendi
3699 1818 3786 1868 ulla

2201 1897 2433 1955 facultas
2461 1901 2512 1956 ei
2543 1899 2665 1968 fuit,
2699 1901 2889 1972 sicque
2908 1903 3020 1957 vita
3048 1902 3307 1960 decessit.
3339 1903 3682 1959 Godefridus
3699 1905 3786 1959 dux

2201 1992 2464 2059 praedium
2494 1993 2652 2062 cujus
2700 1993 2768 2048 lis
2800 2003 2913 2050 tam
2946 1994 3241 2050 manifesto
3271 1995 3368 2050 Dei
3392 1995 3619 2065 judicio
3662 1997 3786 2050 finita

2200 2092 2339 2150 erat,
2369 2084 2630 2140 :ecclesize
2655 2084 3028 2153 confirmavit;
3082 2086 3331 2142 aecclesia
3363 2085 3482 2142 Deo
3513 2087 3786 2141 auxiliante

2202 2174 2335 2231 illud
2365 2175 2608 2246 possidet
2633 2186 2688 2232 et
2724 2179 3046 2248 possidebit.
3094 2178 3354 2250 Ignoscat
3382 2178 3537 2235 Deus
3566 2180 3650 2234 eis
3675 2195 3788 2250 quos

2201 2268 2508 2324 contrarios
2535 2276 2589 2324 et
2618 2284 2801 2324 rerum
2849 2279 3165 2326 nostrarum
3213 2287 3549 2342 pervasores
3585 2272 3785 2342 pertuli—

2201 2373 2327 2414 mus
2353 2367 2408 2414 et
2436 2359 2781 2430 perferimus.
2815 2361 3116 2432 Agnoscat,
3142 2372 3197 2418 et
3226 2371 3287 2419 ut
3315 2379 3456 2418 suos
3500 2371 3787 2418 remaneret

2201 2466 2297 2507 eos
2321 2467 2559 2522 quorum
2592 2453 2864 2508 munerati
2894 2469 3089 2508 sumus
3119 2454 3584 2524 possessionibus
3609 2464 3663 2509 et
3690 2471 3788 2509 sus—

2202 2543 2394 2597 tentati
2428 2541 2800 2599 facultatibus.
2850 2542 3058 2599 Horum
3087 2545 3336 2600 omnium
3365 2546 3687 2615 precipuus
3709 2544 3789 2598 fait

2202 2633 2503 2701 Beroldus,
2554 2635 2813 2691 sacerdos
2868 2636 3207 2706 religiosus,
3255 2637 3420 2705 cujus
3494 2645 3552 2690 et
3611 2637 3665 2689 in
3707 2636 3788 2688 hoc

2202 2725 2469 2796 opusculo
2511 2733 2568 2781 et
2618 2726 2674 2782 in
2712 2725 2833 2781 Vita
2862 2725 3122 2781 Tietmari
3161 2727 3379 2782 abbatis
3429 2729 3786 2783 meminimus.

2203 2815 2302 2873 iiic
2325 2827 2526 2874 nostra:
2565 2817 2894 2873 fraternitati
2915 2819 3267 2889 conjunctus,
3297 2827 3357 2874 et
3394 2818 3614 2874 domno
3636 2819 3790 2874 abbati

2202 2909 2496 2966 Liethardo
2529 2911 2854 2966 carissimus
2880 2953 2896 2977 ,
2943 2919 3165 2966 centum
3210 2911 3382 2966 libras
3428 2927 3787 2976 nmmorum,

2202 3019 2312 3058 non
2341 3004 2442 3058 sub
2465 3020 2572 3059 una
2598 3005 2715 3059 vice
2737 3011 2820 3059 set
2844 3003 3077 3060 diversis
3116 3004 3350 3069 vicibus,
3377 3004 3434 3058 in
3481 3006 3788 3075 praediorum

507 3089 828 3159 refectione,
872 3095 1108 3164 quesivit
1149 3111 1180 3150 a
1211 3095 1487 3162 ministro,
1536 3111 1607 3151 an
1645 3104 1958 3165 superesset
2000 3095 2101 3150 ali-
2128 3122 2173 3186 ο
2205 3095 2642 3165 coemptionibus
2669 3137 2684 3161 ,
2728 3095 2785 3149 in
2826 3094 3059 3152 diversis
3097 3095 3217 3166 ejus
3254 3093 3408 3151 dedit
3455 3097 3786 3153 utilitatibus.

508 3183 642 3252 quid
669 3185 782 3240 vini
813 3187 958 3257 quod
989 3187 1094 3242 sibi
1127 3196 1313 3258 posset
1342 3188 1644 3260 propinari.
1689 3187 1783 3243 Ille
1822 3206 1835 3243 :
1883 3186 2100 3243 Gratias

507 3274 642 3343 Deo,
678 3278 878 3349 inquit,
909 3279 1161 3350 de‘parvo
1191 3281 1404 3336 vasculo
1438 3281 1626 3335 multis
1662 3281 1818 3335 hodie
1856 3281 2101 3337 decenter

508 3370 808 3439 propinavi,
839 3382 889 3426 et
919 3372 1093 3426 adhuc
1121 3382 1356 3443 superest
1391 3374 1530 3445 quod
1562 3373 1747 3428 multis
1775 3374 1946 3444 possit
1972 3388 2100 3443 pro-

507 3459 704 3528 pinari.
739 3459 916 3515 Mirati
944 3471 1072 3518 sunt
1118 3463 1212 3533 qui
1254 3463 1501 3531 aderant,
1538 3465 1605 3520 de
1644 3465 1855 3520 tantillo
1881 3465 2102 3520 vasculo

507 3559 620 3605 tam
669 3553 856 3608 multis
901 3554 1091 3610 vinum
1148 3555 1472 3623 suffecisse,
1521 3564 1577 3611 et
1623 3557 1863 3613 crevisse
1918 3556 2103 3626 potius

505 3655 672 3710 quam
708 3641 994 3699 defecisse.
1043 3643 1226 3700 Abbas
1256 3660 1388 3700 vero
1434 3645 1622 3716 gratia:
1652 3644 1748 3700 Dei
1787 3653 1843 3700 et
1888 3645 2104 3701 miseri-

505 3731 710 3789 cordiae
739 3733 1018 3790 humiliter
1044 3737 1338 3806 reputavit,
1370 3737 1516 3807 quod
1543 3738 1648 3792 sibi
1669 3745 1726 3792 et
1753 3737 1869 3792 suis
1897 3737 2106 3792 habun-

506 3823 658 3879 davit
682 3833 740 3881 et
777 3827 1300 3896 superhabundavit.
1345 3827 1652 3898 Supersunt
1690 3828 1962 3898 hodieque
2006 3829 2101 3899 qui

508 3917 639 3974 huic
666 3918 811 3974 facto
844 3919 1166 3988 interfuere;
1197 3929 1254 3976 et
1280 3921 1428 3992 quod
1459 3930 1603 3998 tunc
1617 3921 1818 3977 accidit
1878 3930 2107 3976 narrant

509 4011 848 4083 generatioui
875 4013 1079 4068 alterna.

593 4101 684 4157 69.
722 4102 926 4159 Contra
954 4121 1049 4161 eos
1079 4106 1172 4177 qui
1214 4105 1657 4177 possessionibus
1699 4106 1960 4163 aecclesiat
1989 4107 2102 4163 vio-

509 4195 734 4251 lentiam
763 4197 964 4254 inferre
993 4201 1076 4254 vel
1105 4216 1200 4256 cas
1227 4201 1569 4257 conabantur
1599 4201 1875 4269 invadere,
1899 4212 2105 4272 quanta

510 4286 561 4342 ei
590 4287 761 4355 animi
790 4290 1099 4346 constantia
1148 4289 1336 4362 fueritl
1371 4291 1560 4347 multis
1589 4293 1977 4362 praetermissis
2002 4295 2107 4351 hec

511 4392 625 4432 uno
652 4379 779 4435 sciri
817 4383 1032 4451 pbterit.
1063 4382 1296 4440 Ouulfus
1321 4383 1389 4441 de
1415 4383 1552 4440 Dion
1580 4385 1849 4455 superiori
1876 4395 1996 4443 erat
2022 4387 2108 4442 vir

2199 3185 2472 3256 Tempore
2510 3195 2693 3242 autem
2738 3186 2904 3256 hujus
2945 3186 3160 3242 abbatis
3201 3185 3376 3252 obiit,
3420 3197 3481 3242 et
3523 3189 3789 3259 sepultura

2203 3278 2385 3336 locum
2429 3286 2556 3334 ante
2597 3279 2770 3334 altare
2810 3287 3016 3335 sanctae
3054 3277 3380 3346 Gerdrudis,
3421 3281 3595 3350 cujus
3622 3280 3787 3334 turri

2205 3371 2322 3427 suis
2360 3371 2723 3426 aedificaverat
2758 3371 3040 3442 impensis,
3073 3371 3302 3440 accepit.
3349 3370 3470 3426 Hoc
3508 3373 3671 3442 digne
3696 3387 3790 3426 tne-

2203 3465 2335 3530 ruit,
2361 3463 2492 3535 quia
2524 3465 2631 3519 loci
2663 3463 2839 3519 nostri
2868 3465 3075 3519 honore
3097 3472 3152 3518 et
3172 3465 3408 3519 utilitate
3429 3465 3613 3520 nichil
3633 3465 3788 3520 carius

2207 3553 2420 3620 habuit,
2445 3553 2533 3610 cui
2563 3569 2673 3608 non
2696 3554 2878 3609 solum
2900 3568 3000 3610 sua
3023 3561 3108 3609 set
3127 3562 3183 3609 et
3201 3569 3262 3609 se
3283 3554 3472 3624 ipsum
3497 3555 3786 3626 impendere

2205 3661 2422 3716 semper
2449 3656 2672 3716 paratus
2707 3645 2831 3702 fuit.

2278 3738 2366 3794 το.
2422 3737 2577 3796 Oddo
2622 3739 2925 3796 canonicus
2975 3748 3029 3794 et
3069 3739 3315 3795 decanus
3361 3741 3552 3794 sancti
3597 3739 3787 3794 Martini

2207 3829 2578 3898 Leodiccnsis,
2615 3830 3060 3902 consanguineus
3085 3830 3274 3885 domui
3316 3829 3610 3885 Liethardi
3640 3830 3786 3884 abha-

2207 3921 2302 3992 tis,
2343 3937 2472 3994 erga
2513 3938 2616 3978 nos
2655 3921 2760 3978 fuit
2796 3938 2905 3977 non
2940 3921 3083 3977 fictae
3123 3931 3207 3977 set
3244 3922 3511 3993 perfectae
3535 3924 3782 3979 karitatis.

2207 4013 2454 4086 Denique
2494 4029 2621 4070 mox
2662 4023 2722 4070 ut
2767 4029 2871 4070 nos
2908 4023 2964 4069 et
3003 4023 3193 4070 nostra
3229 4014 3603 4071 fraternitatis
3634 4015 3786 4087 gratia

2207 4105 2350 4175 cepit
2370 4105 2609 4175 visitare,
2633 4105 2781 4161 dedit
2801 4104 3025 4177 pallium
3045 4105 3379 4176 jacintinum
3407 4120 3606 4163 sancto
3625 4107 3782 4166 Petro.

2208 4197 2275 4252 de
2317 4213 2429 4268 quo
2468 4198 2524 4252 in
2562 4197 2854 4269 praecipuis
2887 4196 3388 4268 sollempnitatibus
3429 4199 3559 4268 ejus
3584 4208 3785 4255 ornatur

2209 4287 2398 4344 altare.
2429 4287 2586 4344 Dedit
2606 4295 2661 4342 et
2681 4296 2890 4358 septem
2914 4304 3132 4344 marcas
3154 4288 3366 4360 argenti
3394 4305 3569 4360 super
3589 4291 3781 4345 radium

2209 4377 2478 4436 Guarneri
2515 4381 2584 4436 de
2607 4379 2890 4449 Firminis,
2931 4388 2988 4436 et
3028 4381 3238 4437 reditus
3268 4380 3393 4451 ejus
3429 4382 3781 4438 anniversaria

510 4477 729 4545 nobilis,
745 4473 904 4536 dives
932 4482 1149 4551 praediis
1173 4492 1228 4537 et
1253 4483 1558 4553 mancipiis.
1587 4481 1688 4538 Hic
1713 4498 1940 4539 suorum
1971 4500 2100 4556 sug-

2206 4473 2294 4528 die
2323 4489 2438 4528 suae
2459 4472 2823 4543 depositionis
2848 4472 3134 4528 constituit
3166 4473 3286 4527 dari
3314 4471 3589 4530 fratribus
3621 4475 3781 4543 singu-

510 4569 755 4640 gestionc
779 4580 834 4626 et
856 4572 1041 4643 iniqua
1070 4574 1240 4628 animi
1262 4574 1474 4630 illectus
1494 4575 1808 4644 cupiditate,
1832 4576 2096 4632 domnum

511 4655 762 4738 abbatem
789 4660 1139 4721 Liethardum
1171 4665 1532 4720 exacerbabat
1553 4665 1751 4737 jurgiis
1780 4682 1966 4722 coram
1996 4682 2100 4738 po-

511 4747 634 4810 sitis
682 4751 868 4807 multis
917 4755 1193 4811 nobilibus
1222 4757 1376 4825 viris,
1411 4766 1618 4827 partem
1669 4772 1780 4812 non
1828 4759 2100 4814 modicam

511 4837 723 4917 praedii,
751 4843 897 4910 quod
927 4843 1161 4900 habebat
1198 4845 1252 4900 in
1302 4845 1442 4901 Dion
1469 4845 1738 4914 inferiori,
1767 4863 1866 4918 per
1893 4865 2021 4906 eum
2052 4859 2108 4906 et

511 4943 610 5002 per
636 4933 887 4999 praelatos
917 4935 1326 4995 Gemblaccnsis
1350 4939 1610 4996 zecclesiaa
1652 4941 1842 4997 dicens
1881 4957 1941 4998 se
1965 4942 2106 4997 ami-

514 5021 673 5088 sisse,
708 5024 825 5080 sola
873 5028 1228 5084 collimitanei
1276 5031 1380 5086 loci
1426 5032 1727 5101 vicinitate,
1775 5050 1884 5090 non
1919 5034 2106 5105 aliqua

515 5115 826 5172 rationabili
853 5133 1018 5174 causa
1067 5121 1354 5177 existente.
1400 5123 1583 5179 Abbas
1610 5126 1968 5182 exacerbatus
1995 5141 2106 5181 non

513 5208 899 5276 exacerbabat,
930 5221 1013 5266 set
1037 5213 1340 5269 :ecclesiam
1368 5215 1537 5270 nichil
1566 5217 1770 5287 injuste
1801 5217 2104 5288 possidere,

515 5297 761 5354 modesta
801 5303 1157 5372 responsione
1205 5303 1527 5361 afﬁrmabat.
1575 5306 1861 5375 Addebat,
1914 5309 2108 5364 decere

517 5387 752 5444 nobilem
779 5391 954 5447 virum
983 5393 1099 5449 suis
1127 5404 1442 5452 contentum
1473 5412 1615 5464 esse,
1647 5413 1773 5453 cum
1803 5406 2028 5468 possent
2056 5398 2106 5454 ei

515 5479 790 5549 sufﬁcere;
825 5502 932 5542 non
958 5487 1152 5544 debere
1179 5506 1303 5546 cum
1335 5491 1635 5546 offensione
1679 5490 1775 5545 Dei
1806 5499 1862 5546 et
1889 5500 2108 5547 sancto-

519 5589 640 5627 rum
668 5578 1051 5636 zecclesiastica
1097 5582 1373 5652 invadere,
1406 5583 1537 5656 quia
1575 5600 1685 5640 non
1713 5593 1896 5654 posset
1922 5586 1973 5640 ei
2002 5586 2104 5640 im-

518 5680 660 5732 pune
687 5670 894 5726 ccderc.
951 5673 1041 5730 Ille
1085 5678 1575 5734 ammonitionibus
1623 5677 1693 5732 ab
1743 5677 1961 5748 incepto
1989 5693 2102 5734 non

519 5763 894 5832 revocabatur,
946 5777 1026 5822 set
1078 5773 1255 5827 verbis
1293 5773 1534 5841 omissis,
1570 5773 1740 5835 armis
1770 5789 1868 5833 sua
1910 5773 2010 5828 sibi
2041 5789 2100 5830 se

2179 4567 2272 4640 _lis
2315 4567 2496 4623 annis.
2550 4565 2880 4638 Engrannus
2922 4567 2990 4622 de
3037 4565 3286 4622 Balastra
3351 4567 3582 4624 hortatu
3618 4569 3779 4624 domui

2206 4660 2418 4716 abbatis
2457 4659 2732 4714 Liethardi
2771 4657 2940 4714 frater
2976 4657 3156 4716 factus
3190 4669 3396 4715 nostra;
3421 4663 3777 4733 congregatio-

2207 4752 2318 4818 nis,
2344 4752 2492 4807 dedit
2509 4751 2668 4807 nobis
2689 4751 2744 4805 in
2771 4749 2978 4805 Leodio
3005 4751 3149 4806 unde
3170 4752 3459 4806 annuatim
3481 4755 3779 4824 persolvun-

2209 4856 2300 4901 tur
2322 4845 2543 4916 triginta
2573 4843 2804 4910 denarii,
2836 4852 2891 4898 et
2919 4843 3134 4898 vineam
3171 4845 3229 4898 in
3254 4842 3513 4912 Juniaco,
3537 4856 3593 4900 et
3621 4848 3666 4900 in
3684 4844 3776 4900 Gc-

2210 4936 2402 4992 nitinis
2449 4945 2559 4991 tres
2600 4920 2833 5000 solidos:
2875 4944 2930 4989 et
2974 4936 3030 4990 in
3073 4934 3228 4990 Tillir
3269 4945 3326 4992 et
3364 4937 3424 4991 in
3471 4936 3647 4993 Huten
3681 4947 3777 4990 tres

2211 5029 2435 5094 solidos,
2460 5035 2514 5082 et
2537 5028 2591 5081 in
2623 5006 2979 5097 Gondulpunt
3001 5038 3210 5097 partem
3237 5029 3562 5084 molendiui.
3590 5030 3776 5084 livere!-

2209 5136 2334 5176 mus
2358 5119 2424 5174 de
2447 5117 2776 5173 Wiscnbech
2799 5118 3048 5188 praelium
3071 5118 3219 5188 quod
3263 5119 3501 5174 habebat
3523 5123 3579 5176 in
3603 5119 3776 5174 Helen-

2209 5214 2293 5269 riv
2334 5211 2558 5268 tradidit
2602 5220 2793 5266 sancto
2833 5209 3016 5276 Petro,
3064 5219 3336 5280 praesente
3377 5211 3590 5267 domno
3610 5211 3777 5266 abbate

2211 5305 2524 5362 Liethardo.
2567 5303 2864 5374 Argentum
2910 5318 3044 5358 vero
3085 5302 3234 5372 quod
3272 5304 3325 5358 ei
3369 5313 3490 5358 erat
3527 5302 3774 5362 dandum,

2213 5398 2528 5455 Tietbaldus
2569 5397 2708 5452 civis
2747 5406 2800 5452 et
2842 5394 3007 5450 frater
3049 5405 3240 5451 noster
3275 5397 3558 5466 persolvit,
3588 5404 3637 5450 et
3663 5408 3775 5448 oeu-

2209 5507 2334 5548 sum
2375 5491 2496 5562 ejus
2536 5490 2604 5544 ad
2649 5489 3080 5545 anniversariam
3125 5489 3271 5544 diem
3313 5488 3404 5545 stii
3445 5490 3625 5546 obitus
3657 5501 3775 5542 cm-

2207 5586 2402 5642 stituit.
2560 5636 2562 5638 ,

2282 5676 2367 5730 71.
2409 5673 2671 5731 Vivianus
2709 5673 2802 5744 qui
2827 5682 2882 5728 et
2917 5671 3266 5741 Lambertus,
3309 5673 3582 5729 fratruelis
3603 5665 3770 5725 domui

2207 5768 2418 5830 abbatis
2465 5767 2765 5833 Liethardi,
2792 5782 2820 5820 a
2864 5763 3093 5839 pueritia
3135 5766 3404 5823 educatus
3424 5767 3492 5822 ab
3518 5763 3651 5821 eoin
3675 5758 3765 5814 ha-
