3906 6316
173 284 270 379 6t!

1060 312 1258 369 GEST.
1297 312 1446 366 ABB.
1489 310 1737 366 GEMBL.
1796 345 1849 354 -
1889 311 2162 372 CONTIN.
2203 315 2536 374 GODESCH.

3325 321 3432 377 οη

167 434 284 490 bitu
322 431 581 499 clericali,
613 431 670 485 in
699 430 878 485 virum
907 426 1199 506 honestum
1233 437 1287 482 et
1317 428 1630 498 religiosum
1652 443 1749 483 ex-
1781 433 1826 492 Α
1855 430 2063 485 malens
2123 431 2178 484 in
2255 441 2546 500 conspectu
2624 429 2717 485 Dei
2777 433 3001 488 humilis
3058 450 3220 505 quam
3290 453 3429 507 pra-

165 526 362 592 crevit,
405 533 459 579 et
497 523 677 594 quoad
717 521 873 587 vixit,
905 520 1053 576 utilis
1089 528 1140 574 ct
1178 519 1350 574 ﬁdelis
1375 518 1752 576 Gemblacensi

162 615 430 672 ecclesiae
472 612 590 667 fuit.
623 611 866 680 Denique
901 610 968 664 de
1002 609 1165 664 rebus
1190 608 1534 679 proprietatis
1557 623 1671 663 suae
1700 617 1754 663 et

161 706 231 761 de
252 707 341 760 his
362 721 486 775 qua:
505 702 718 759 decenti
747 701 985 757 sollertia
1020 700 1333 770 adquisivit,
1361 699 1751 771 quinquaginta

158 807 216 854 et
239 807 450 867 septem
503 796 704 851 solidos
742 794 1024 848 annuatim
1065 775 1255 848 sancto
1277 791 1437 846 Petro
1463 791 1748 862 delegavit.

158 887 276 943 Hos
296 898 484 943 autem
507 887 878 942 decrevitesse
901 886 1002 940 sub
1019 901 1185 939 manu
1209 884 1452 940 custodis
1472 883 1750 950 azcclesize,

155 991 212 1034 et
236 996 305 1034 ex
335 981 422 1035 bis
443 980 647 1050 jugiter
673 979 743 1033 ab
784 993 849 1032 eo
872 977 989 1032 dari
1031 978 1213 1032 lumen
1241 976 1485 1031 decentis
1515 975 1752 1030 lucerna:

154 1080 289 1125 ante
315 1073 489 1126 altare
511 1079 712 1125 sanctas
735 1069 828 1124 Dei
851 1067 1130 1139 genitricis
1151 1066 1352 1121 Mariae.
1375 1065 1434 1118 In
1459 1066 1545 1120 die
1568 1075 1749 1121 autem

153 1162 542 1218 anniversaria
573 1160 756 1216 obitus
788 1159 874 1215 sui
907 1158 1193 1214 constituit
1218 1157 1565 1212 karitativam
1607 1155 1750 1211 refe-

149 1255 405 1313 Ctionem
431 1253 758 1310 sullicienter
778 1251 1040 1307 fratribus
1062 1250 1203 1318 dari,
1229 1260 1288 1305 ut
1311 1251 1365 1304 in
1408 1250 1531 1304 loco
1561 1258 1750 1306 nostro

154 1362 388 1417 semper
413 1354 558 1402 esset
577 1347 696 1415 ejus
719 1345 805 1415 pia
831 1343 1156 1410 recordatio,
1182 1352 1234 1398 et
1253 1357 1352 1413 pro
1393 1358 1458 1398 eo
1488 1342 1556 1398 ad
1577 1341 1750 1397 Deum

148 1439 359 1494 devota
395 1437 739 1508 supplicatio.
784 1435 867 1490 Sit
889 1436 936 1490 ei
961 1444 1014 1490 et
1036 1433 1289 1490 omnibus
1314 1433 1752 1489 benefactoribus

146 1531 372 1584 nostris
415 1538 630 1584 aeternae
662 1528 787 1582 vitae
812 1526 1108 1598 possessio,
1136 1525 1479 1596 etjustorum
1503 1524 1749 1579 omnium

151 1621 410 1675 lctcutur
434 1619 732 1674 consortio.
757 1617 952 1672 Amen.

225 1711 321 1764 72.
351 1711 595 1766 Domuus
621 1710 948 1782 Sygebertus
970 1723 1184 1763 morum
1212 1706 1479 1778 probitate
1499 1715 1551 1761 et
1573 1706 1750 1761 scien-

146 1804 247 1857 tia:
281 1803 682 1872 multiplicitate
727 1801 1018 1857 laudabilis
1053 1809 1107 1856 et
1137 1809 1326 1872 gratus
1369 1800 1456 1856 sui
1488 1800 1747 1869 temporis
1781 1787 1822 1844 Β

145 1897 524 1966 sapientibus,
552 1912 662 1951 non
693 1896 899 1967 indiget
933 1896 1138 1950 nostris
1162 1895 1436 1960 laudibus,
1470 1894 1596 1965 quia
1626 1895 1746 1949 lau-

143 1987 290 2043 dant
309 2005 438 2044 eum
459 2005 622 2060 opera
645 1990 782 2059 ejus.
805 1988 942 2043 Cum
964 1988 1110 2042 enim
1133 1997 1277 2044 esset
1291 1988 1550 2057 juvenilis
1573 1985 1750 2044 anatis

143 2090 409 2152 tempore
448 2081 724 2138 Mascelini
753 2081 990 2147 abbatis,
1025 2079 1382 2136 Mettensibus
1411 2081 1746 2149 notilicatus,

143 2183 204 2228 et
233 2174 550 2230 in'cenobio
573 2175 750 2230 sancti
765 2172 1038 2230 Vincentii
1064 2174 1320 2246 martyris
1342 2191 1466 2230 cum
1485 2173 1750 2231 Fulcuino

143 2267 358 2321 abbate
379 2266 472 2321 diu
509 2276 884 2332 conversatus,
923 2266 1206 2337 sapientia:
1249 2266 1372 2322 lous
1412 2275 1602 2336 patens
1631 2277 1751 2324 erat

142 2375 268 2413 non
319 2360 498 2414 solum
545 2349 830 2414 monachis
853 2346 955 2414 'set
984 2368 1038 2414 et
1081 2360 1295 2434 clericis
1321 2359 1388 2414 ad
1419 2375 1478 2415 se
1507 2361 1748 2429 undique

141 2449 582 2504 conﬂuentibus.
620 2449 808 2506 Multis
855 2449 1204 2504 Mettensium
1253 2449 1523 2520 hodieque
1571 2449 1748 2505 dulcis

141 2550 238 2594 est
268 2541 394 2609 ejus
429 2542 713 2608 memoria,
758 2541 814 2594 in
863 2542 1065 2611 quibus
1111 2542 1292 2598 adhuc
1333 2551 1627 2611 supersunt
1652 2543 1749 2598 do-

142 2633 350 2698 ctrinas
377 2632 498 2701 ejus
542 2633 792 2702 vestigia.
841 2631 976 2699 Quae
1019 2634 1102 2687 vel
1150 2642 1354 2702 quanta
1404 2633 1515 2688 illic
1546 2633 1747 2704 degens

142 2731 354 2792 rogatu
381 2737 570 2776 eorum
601 2723 804 2792 scripta
833 2723 1082 2789 ediderit,
1115 2723 1229 2792 ipse
1259 2724 1494 2778 ostendit
1522 2725 1580 2779 in
1608 2725 1750 2781 libro

142 2815 452 2869 illustrium
482 2815 746 2879 virorum,
791 2830 953 2884 quem
1005 2815 1333 2884 composuit.
1381 2814 1493 2871 Nec
1536 2818 1746 2871 solum-

140 2907 322 2960 modo
351 2906 687 2973 christianis,
729 2906 823 2960 sed
847 2916 902 2960 et
924 2905 1109 2962 Judeis
1138 2908 1192 2960 in
1213 2908 1402 2961 eadem
1436 2909 1569 2962 urbe
1597 2924 1747 2964 com-

142 2998 510 3053 manentibus
533 3007 650 3052 erat
671 2999 1012 3065 carissimus,
1048 3013 1148 3068 pro
1171 3013 1235 3053 eo
1256 2999 1400 3069 quod
1425 2998 1747 3055 Hebraicam

141 3091 443 3144 veritatem
483 3107 514 3145 a
540 3091 752 3147 caeteris
782 3091 1115 3146 editionibus
1156 3107 1439 3146 secernere
1468 3102 1586 3147 erat
1605 3093 1747 3162 peri—
1774 3125 1819 3184 Ο

143 3190 268 3249 tus,
301 3191 359 3237 et
385 3183 440 3238 in
470 3184 558 3238 his
601 3199 722 3253 quae
754 3173 1056 3238 secundum
1097 3183 1420 3239 llebraicam
1463 3185 1748 3240 veritatem

144 3275 436 3340 dicebant,
466 3273 766 3330 Judeorum
791 3284 908 3330 erat
931 3276 1283 3331 consentiens
1323 3277 1743 3332 assertionibus.

143 3364 288 3421 Pest
311 3366 541 3420 multum
566 3366 827 3436 temporis
846 3367 935 3421 vix
960 3367 1246 3435 impetrata
1271 3366 1512 3434 licentia,
1533 3367 1750 3424 rediens

146 3457 226 3512 ad
249 3457 543 3512 cenobium
573 3457 985 3522 Gcmblacense,
1018 3457 1188 3510 multa
1217 3457 1448 3510 contulit
1485 3457 1551 3512 ad
1590 3473 1749 3512 usum

145 3558 210 3604 et
255 3554 514 3601 ornatum
563 3547 823 3603 tecelesiaa
847 3589 861 3613 ,
911 3563 1033 3617 qua:
1072 3547 1409 3617 adquisierat
1445 3549 1751 3605 voluntaria

148 3651 356 3691 eorum
393 3652 530 3705 quos
553 3637 888 3692 instruxerat
925 3637 1267 3692 liberalitate.
1313 3637 1754 3709 Frequentabant

150 3738 516 3803 antemeum
566 3729 802 3799 majores
845 3737 1017 3795 natu,
1071 3731 1484 3786 excellentiores
1540 3733 1748 3802 gradu,

150 3818 438 3873 acutiores
482 3833 672 3885 sensu,
705 3819 798 3888 qui
849 3828 1006 3874 erant
1040 3819 1096 3874 in
1149 3821 1282 3875 urbe
1327 3806 1667 3888 Leodicensi,
1705 3823 1748 3878 si

149 3909 296 3981 quid
329 3909 634 3980 questionis
679 3922 991 3967 occurreret
1018 3913 1120 3979 eis,
1153 3913 1222 3966 ad
1254 3913 1400 3968 hunc
1447 3914 1660 3970 deferre
1699 3925 1752 3970 et

150 4015 288 4054 cum
339 4015 406 4054 eo
459 3999 709 4055 conferre
757 4002 922 4055 soliti.
991 4001 1197 4057 Horum
1262 4006 1571 4075 praecipuus
1634 4014 1749 4061 erat

151 4092 404 4147 domnus
436 4091 745 4158 Heinricus,
767 4093 1183 4150 archidiaconus
1209 4103 1262 4150 et
1291 4096 1530 4152 decanus
1565 4099 1753 4154 aeccle-

153 4183 259 4238 size
291 4183 465 4237 sancti
495 4182 794 4250 Lamberti,
818 4186 976 4255 cujus
997 4195 1186 4256 rogatu
1220 4187 1438 4256 scripsit
1464 4189 1531 4242 ad
1562 4188 1750 4245 Trevi-

148 4287 352 4326 renses
389 4272 590 4327 librum
628 4275 694 4329 de
725 4275 949 4345 jejuniis
1002 4287 1236 4347 quatuor
1289 4287 1598 4349 temporum
1624 4322 1639 4347 ,
1699 4290 1753 4336 et

151 4363 335 4418 multa
358 4379 480 4434 qua:
501 4376 893 4421 commemorat
914 4367 968 4421 in
1001 4368 1140 4423 libro
1163 4369 1457 4424 illustrium
1485 4371 1747 4427 virorum.

1843 519 2212 590 sumptuosus
2255 523 2526 589 inveniri,
2576 523 3012 603 obnixepetiit,
3069 528 3123 582 in
3165 529 3434 587 eimiterio

1854 621 2044 667 nostro
2101 613 2346 682 patribus
2401 614 2656 670 omnibus
2704 617 3046 685 consepcliri.
3113 617 3259 674 Obiit
3303 637 3434 693 ergo

1854 701 1889 758 5
1924 702 2107 759 Nonas
2151 703 2398 760 Octobris
2424 747 2438 772 ,
2491 714 2734 777 tempore
2781 708 2969 763 domni
3008 708 3284 766 Lietbardi
3331 714 3431 768 ab-

1853 795 2013 851 batis.
2412 808 2418 814 '

1925 903 2260 944 BECOBDATIO
2306 903 2691 944 DEFUNCTORUM
2730 904 2982 945 FRATRI]!
3023 905 3357 948 Νοετῐιοιιωι.

1919 976 2176 1034 Juslism
2206 990 2496 1047 consertus,
2527 983 2665 1035 vivat
2693 981 2902 1036 Christo
2932 981 3250 1053 Sigebertus,

1922 1071 2153 1126 Mundus
2185 1081 2451 1138 mutatur;
2486 1074 2700 1138 transit,
2731 1073 2858 1127 dum
2886 1083 3027 1128 stare
3055 1084 3292 1145 putatur.

1929 1158 2116 1216 Vivens
2142 1164 2332 1216 transit
2361 1164 2536 1230 homo,
2574 1164 2664 1218 sed
2687 1167 2974 1234 pertransit
2998 1167 3286 1221 moriendo.

1922 1249 2069 1305 Eheu
2087 1252 2107 1304 .'
2144 1269 2282 1306 mors
2309 1252 2508 1306 homini
2530 1255 2702 1323 parcit
2726 1255 2882 1322 nulli,
2906 1255 3069 1308 datur
3093 1259 3255 1323 omni,

1920 1342 2184 1413 Prwﬁxas
2218 1353 2402 1398 mwtas
2433 1327 2632 1398 nullius
2661 1346 2894 1415 prwlerit
2931 1355 3083 1400 tetas.

1924 1434 2066 1488 Huic
2094 1435 2286 1489 mundo
2317 1435 2567 1506 lacryma:
2591 1438 2636 1490 si
2659 1437 2932 1507 defunctos
2957 1454 3197 1492 revocare

1916 1527 2160 1596 Possent,
2191 1537 2336 1599 quot,
2367 1529 2548 1599 quales
2579 1528 2748 1597 nobis,
2773 1546 2928 1600 quam
2953 1531 3260 1603 spirituales

1922 1619 2178 1676 Omnibus
2213 1629 2263 1675 et
2303 1621 2436 1676 clari
2463 1623 2679 1688 studiis,
2703 1631 2752 1675 et
2772 1623 2871 1675 heu
2897 1622 3050 1675 modo
3074 1624 3208 1687 rari,

1924 1710 2134 1776 Essent,
2158 1713 2374 1766 emerito
2397 1713 2624 1782 deﬂendi
2649 1729 2766 1765 cum
2791 1711 3078 1783 Sigeberto.

1921 1803 2023 1858 Sed
2057 1805 2183 1875 quia
2221 1803 2487 1874 prwclari,
2513 1805 2646 1869 rari,
2679 1813 2934 1874 nequeunt
2965 1806 3220 1871 revocari,

1923 1895 2123 1950 Mundo
2148 1895 2429 1962 subtracti,
2460 1896 2565 1948 sint
2590 1894 2837 1949 caelicolis
2866 1897 3080 1949 sociati.

1923 1983 2091 2038 Nobis
2126 1983 2359 2038 solamen
2392 1985 2484 2039 dat
2507 1999 2709 2054 semper
2728 2001 2783 2038 se
2807 1984 2966 2038 Deus.
3000 1985 3191 2040 Amen.

1925 2077 2011 2132 75.
2052 2077 2296 2133 Domnus
2339 2078 2506 2132 abbas
2536 2075 2861 2132 Lietbardus
2898 2077 3100 2131 domno
3153 2075 3437 2149 Sigcberto

1850 2169 1944 2224 diu
1965 2170 2224 2236 convixit,
2253 2170 2345 2225 sed
2385 2185 2492 2224 non
2517 2170 2609 2224 diu
2646 2169 2965 2239 supervixit.
2993 2168 3122 2224 Post
3147 2171 3262 2224 haec
3289 2172 3438 2227 enim

1850 2279 1972 2334 quae
1992 2264 2058 2318 de
2079 2279 2145 2317 eo
2167 2262 2616 2332 conscripsimus,
2640 2271 2694 2316 et
2726 2270 2849 2331 post
2871 2261 3039 2316 multa
3067 2278 3188 2331 quae
3209 2272 3437 2332 printer-

1849 2355 2123 2421 misimus,
2148 2354 2387 2409 sentiens
2410 2353 2513 2408 sibi
2557 2348 2802 2422 corporis
2828 2353 2974 2407 vires
3013 2353 3242 2409 deiicere
3275 2363 3330 2409 et
3369 2355 3438 2410 ad

1849 2447 2191 2517 procuranda
2219 2462 2341 2516 qum
2391 2453 2780 2515 procuraverat
2820 2459 2928 2498 non
2980 2445 3226 2500 sullicere
3253 2488 3267 2512 ,
3310 2463 3434 2502 cum

1849 2535 2111 2592 fratribus
2131 2552 2272 2607 quos
2306 2535 2534 2591 idoneos
2569 2544 2794 2590 noverat
2824 2536 3024 2606 partito
3055 2537 3438 2594 sollicitudinis

1849 2647 1964 2687 suze
2002 2646 2191 2697 onere,
2230 2629 2593 2697 orationibus,
2630 2629 2828 2699 vigiliis
2853 2637 2907 2684 et
2940 2629 3166 2700 jejuniis
3212 2632 3441 2686 curabat

1849 2722 2173 2793 propensius
2192 2721 2468 2787 insistere,
2500 2729 2561 2775 ut
2582 2719 2813 2775 Domino
2841 2736 2939 2791 per
2964 2722 3289 2793 egritudinis
3315 2739 3436 2776 mo-

1847 2797 2061 2870 lestiam
2086 2830 2144 2870 se
2164 2815 2380 2870 vocanti
2417 2813 2657 2884 paratior
2678 2823 2863 2883 posset
2883 2829 3192 2869 occurrere.
3226 2815 3437 2870 Fratri-

1848 2907 1952 2961 bus
1978 2907 2140 2961 etiam
2183 2924 2322 2976 quos
2362 2915 2584 2976 paterae
2625 2915 3058 2983 tractaverat,qct
3107 2907 3174 2961 ad
3215 2922 3277 2961 ea
3317 2924 3440 2977 qua:

1849 2995 1944 3051 Dei
1969 3008 2097 3051 sunt
2117 2998 2280 3051 verbo
2304 3004 2358 3051 et
2397 2997 2646 3066 exemplo
2687 2997 3026 3064 iucitaverat,
3050 2998 3440 3052 commendans

1849 3086 2263 3140 unanimitatem
2300 3085 2553 3140 fraterna:
2573 3087 2898 3153 dilectionis,
2923 3095 2974 3141 et
3005 3088 3285 3141 caritatem
3319 3102 3442 3156 qua:

1851 3187 1934 3232 est
1958 3177 2232 3231 vinculum
2258 3176 2628 3246 perfectionis,
2655 3179 2795 3232 inter
2817 3179 2980 3232 verba
3025 3179 3125 3247 pia:
3165 3179 3442 3232 ammoni-

1852 3265 2015 3320 tionis
2055 3265 2136 3318 eis
2173 3263 2426 3318 flentibus
2471 3265 2750 3330 valedixit,
2794 3274 2848 3319 et
2886 3265 3149 3321 vicesimo
3200 3267 3440 3320 secundo

1851 3373 1996 3412 anno
2024 3373 2137 3412 sua:
2166 3357 2497 3427 przelationis
2518 3357 2553 3410 2
2581 3356 2764 3412 Nonas
2803 3357 3086 3413 Februarii
3114 3360 3268 3414 obiit.
3303 3357 3440 3413 Fra-

1849 3457 1961 3504 tres
1987 3436 2112 3503 eum
2157 3449 2329 3502 multo
2370 3464 2582 3502 merere
2619 3449 2989 3518 persolventes
3019 3451 3068 3504 ei
3102 3451 3310 3506 funeris
3343 3452 3443 3506 ob-

1851 3541 2127 3609 sequium,
2154 3539 2332 3609 palam
2352 3538 2800 3610 faciebant-quam
2827 3541 3128 3610 benignum
3151 3558 3278 3614 erga
3313 3558 3441 3597 eum

1849 3632 2113 3686 haberent
2135 3630 2406 3685 all'ectum.
2437 3630 2639 3685 ﬂantes
2664 3631 2847 3700 itaque
2868 3632 2916 3685 ei
2939 3631 3118 3686 locum
3145 3633 3443 3703 sepulturae

1851 3732 1978 3780 ante
2025 3725 2195 3779 altare
2230 3732 2430 3779 sanctae
2463 3723 2564 3779 Dei”
2602 3725 2882 3794 genitricis
2927 3714 3110 3781 Mariae
3139 3767 3153 3790 ,
3197 3743 3261 3782 ex
3315 3735 3444 3781 tunc

1851 3822 1904 3868 et
1925 3828 2069 3866 nunc
2091 3821 2248 3866 orant
2269 3811 2442 3867 Deum
2485 3827 2584 3883 pro
2610 3813 2730 3883 ejus
2754 3823 2954 3869 {eterna
2988 3816 3187 3886 requie.

1928 3903 2046 3958 \ita
2083 3903 2246 3970 Deus,
2287 3904 2453 3958 vitam
2485 3905 2576 3960 det
2603 3907 2655 3960 ei
2695 3907 2813 3960 sine
2848 3907 2955 3962 line
2981 3907 3216 3962 beatam.
3244 3907 3437 3962 Amen.

2471 4013 2818 4053 EPITIIAFIUM.

1851 4087 2026 4139 Abbas
2066 4085 2376 4151 Lithardus,
2415 4087 2574 4141 veluti
2606 4088 2780 4143 ludas
2826 4089 3168 4158 Muchabeus,

1921 4179 2044 4233 Dux
2074 4181 2236 4232 bonus
2268 4190 2323 4232 ut
2350 4179 2535 4247 Iosue,
2560 4183 2776 4252 prwfuit
2809 4183 3080 4237 wcclesia’.

1855 4271 1962 4325 Pro
1991 4289 2095 4342 qua
2120 4272 2276 4338 bella,
2304 4275 2475 4327 minus
2500 4274 2623 4326 tulit
2645 4283 2696 4327 et
2717 4275 2944 4328 convitia
2971 4265 3170 4339 multa;

1850 4369 1852 4372 ’
1927 4363 2038 4417 Nec
2070 4373 2244 4417 tamen
2270 4366 2325 4418 in
2348 4366 2526 4419 stadio
2557 4365 2760 4419 destitit
2789 4384 2822 4418 a
2850 4367 3048 4420 bravio.

151 4453 219 4508 In
254 4456 487 4509 cenobio
515 4455 889 4512 Gemblacensi
929 4475 1015 4514 me
1045 4460 1160 4529 qui-
1186 4461 1301 4516 haec
1341 4462 1604 4532 descripsi
1633 4506 1648 4530 ,
1697 4473 1752 4519 et
1783 4471 1829 4530 ι)
1856 4454 1960 4509 Per
1987 4463 2061 4507 τοι
2086 4454 2322 4521 sudores.
2351 4457 2432 4508 vir
2452 4457 2629 4525 fortis,
2665 4455 2980 4526 Harl/mque
3000 4455 3183 4509 sollers

151 4546 340 4601 multo
381 4547 638 4602 meliores
683 4550 955 4616 erudivit,
1006 4567 1240 4620 quorum
1286 4555 1489 4609 multos
1531 4563 1656 4609 ante
1692 4571 1752 4610 se

155 4638 451 4708 praemisit,
476 4655 700 4708 paucos,
727 4656 824 4710 pro
847 4643 1032 4697 dolor!
1067 4653 1190 4714 post
1215 4660 1273 4700 se
1306 4647 1530 4702 dimisit.
1579 4643 1649 4701 Ut
1671 4649 1754 4702 vir

154 4730 407 4800 prudens
453 4747 578 4786 cum
623 4744 768 4789 esset
805 4735 987 4790 multa:
1021 4737 1336 4807 gravitatis,
1385 4755 1495 4793 non
1523 4749 1639 4795 erat
1667 4741 1750 4794 in-

157 4819 416 4874 discreta:
438 4822 794 4889 austeritatis,
818 4832 901 4878 set
923 4833 1041 4878 erat
1066 4826 1131 4880 ad
1158 4841 1350 4882 omnes
1373 4837 1434 4882 ut
1456 4844 1541 4883 res
1562 4844 1754 4899 posce~

162 4912 262 4966 bat
310 4913 560 4969 discretae
604 4916 1016 4972 mediocritatis.
1071 4916 1474 4988 Scripturarum
1518 4919 1754 4978 maxime

163 5006 478 5062 divinarum
508 5008 668 5064 lectio
708 5018 762 5063 et
798 5011 1076 5065 meditatio
1115 5028 1238 5066 eum
1289 5015 1626 5084 occupabat;
1672 5025 1755 5070 set
1852 5011 1856 5014 ’

164 5103 352 5150 tamen
381 5097 655 5153 cotidiana
693 5099 986 5155 missarum
1022 5102 1314 5158 celebratio
1353 5115 1407 5158 et
1448 5105 1642 5160 devota
1685 5106 1753 5162 ad

167 5184 344 5239 Deum
367 5189 543 5242 oratio
564 5205 775 5259 semper
799 5207 923 5245 eum
952 5195 1384 5264 praeoccupabat.
1416 5193 1600 5267 Longa
1625 5213 1757 5253 con-

165 5273 349 5332 fectus
371 5289 648 5336 senectute
666 5297 790 5336 cum
807 5283 1156 5340 decubuisset
1168 5294 1409 5342 extrema
1430 5288 1756 5358 egritudine,

168 5367 343 5423 nichil
388 5371 642 5428 amittens
689 5375 868 5430 insitae
907 5375 1009 5431 sibi
1052 5378 1373 5447 prudentiae,
1417 5378 1759 5453 fratrumque

171 5459 428 5518 voluntas
460 5473 624 5534 esset,
647 5475 706 5520 ut
727 5482 851 5522 cum
874 5468 1050 5524 obiret
1073 5469 1213 5525 intra
1249 5473 1642 5528 monasterium
1670 5491 1758 5530 se-

175 5551 413 5620 pulturae
457 5553 637 5609 locum
684 5557 986 5628 acciperet,
1037 5568 1097 5614 ut
1147 5560 1231 5615 vir
1283 5561 1494 5616 altioris
1541 5563 1756 5618 consilii

1928 4546 2131 4601 Cuncta
2155 4547 2474 4601 ministravit
2502 4544 2781 4615 fratribus,
2821 4556 2876 4599 ut
2907 4548 3096 4616 potuit.

1856 4637 2103 4707 Defessus
2126 4638 2358 4705 tandem,
2389 4647 2594 4691 terrena
2630 4639 2838 4708 negotia
2861 4655 3127 4708 spernens,

1927 4729 2106 4800 Elegit
2139 4739 2343 4800 partem
2371 4729 2702 4800 Magdalena:
2730 4730 2975 4799 parilem.

1859 4820 2032 4886 Quam
2066 4813 2167 4874 sibi
2197 4837 2258 4875 ne
2289 4819 2466 4887 tollas,
2490 4822 2580 4891 qui
2608 4823 2775 4892 gratis
2809 4821 3020 4892 singula
3046 4822 3233 4888 donas,

1930 4912 2036 4978 Qui
2049 4918 2211 4967 bonus
2223 4931 2275 4967 es
2287 4913 2451 4979 solus,
2469 4914 2591 4967 huic
2605 4915 2847 4968 miserere
2861 4914 3232 4971 Deus.'Amen.
3245 4916 3439 4971 Amen.

2267 5005 2352 5059 DE
2389 5004 2478 5060 AN
2487 5004 2716 5060 SELMO
2751 5005 3043 5061 ABBATE.

1933 5098 2018 5152 74.
2061 5097 2503 5165 Gemblacenscs,
2552 5099 2946 5171 scientes_quia
2994 5099 3228 5154 liliorum
3265 5097 3442 5153 estde

1856 5191 2154 5248 amissione
2188 5192 2362 5262 patris
2390 5191 2692 5261 spiritualis
2739 5193 3074 5257 contristari,
3107 5200 3160 5245 et
3186 5190 3314 5260 quia
3349 5204 3442 5244 sa-

1855 5285 2097 5355 pientum
2119 5292 2203 5340 est
2225 5285 2650 5354 undequumque
2671 5293 2914 5339 exortam
2938 5281 3214 5336 tristitiam
3247 5280 3440 5334 mode-

1855 5378 1989 5446 rari,
2013 5376 2368 5432 conferebant
2393 5376 2459 5430 ad
2484 5375 2714 5430 invicem
2743 5375 2874 5430 illud
2894 5374 3096 5428 dictum
3123 5371 3266 5427 beati
3286 5367 3440 5425 Pauli

1857 5469 2088 5540 apostoli
2123 5489 2134 5522 :
2191 5469 2534 5539 Aporiamur,
2565 5477 2643 5521 set
2672 5483 2775 5520 non
2820 5465 3161 5519 destituimur
3194 5463 3282 5536 (ΙΙ
3313 5462 3443 5518 Cor.

1859 5580 1932 5630 1v,
1965 5564 2039 5632 8).
2090 5564 2440 5634 Aporiamur,
2470 5553 2614 5632 "quia
2661 5558 2955 5615 amissione
2995 5557 3182 5613 domni
3230 5555 3446 5611 ablatis

1449 5651 1684 5708 VARIAS
1725 5653 2128 5713 LECTIONES.

247 5737 322 5773 ’⁷⁸
350 5738 523 5794 Justis
542 5768 613 5780 ——
635 5749 766 5797 atlas
797 5741 865 5814 (υ.
900 5746 1007 5816 1-5)
1036 5745 1148 5799 alia
1178 5761 1340 5800 manu
1365 5747 1420 5802 in
1442 5747 1556 5804 loco
1590 5760 1727 5804 raso.
