3906 6316
551 335 658 394 6ιὸ

550 445 828 503 Liethardi
870 445 1277 500 contristamur.
1329 438 1422 494 Set
1451 450 1560 492 non
1589 431 1957 496 destituilnur,
2005 427 2135 498 quia

549 536 811 608 largiente
849 534 960 590 Deo
991 534 1256 588 habemus
1280 546 1344 585 ex
1376 527 1534 582 nobis
1562 537 1722 595 quem
1748 520 2002 574 idoneum
2032 532 2132 587 pa-

547 635 688 682 trem
722 636 775 681 et
823 627 1159 696 provisorcm
1191 621 1590 678 constituamus
1633 613 1810 668 nobis.
1853 609 1971 664 Non
2003 622 2133 679 ergo

549 720 704 774 decet
731 735 835 774 nos
859 717 1112 772 mestitiae
1137 715 1370 778 deditos,
1401 726 1502 766 nos
1539 716 1593 762 ct
1621 713 1807 761 nostra
1842 701 2130 774 negligere,

550 820 634 866 set
657 810 918 866 sollicitos
945 818 998 863 et
1025 807 1325 863 concordes
1353 819 1476 860 eum
1505 801 1601 871 qui
1632 801 1752 855 loco
1793 808 2001 863 nostro,
2035 811 2140 850 nos

548 903 635 958 bis
661 911 716 956 et
757 901 962 956 nostris
999 900 1192 970 prosit,
1235 899 1442 966 absque
1481 893 1740 949 dilatione
1767 890 1984 960 eligere.
2021 886 2136 941 Hoc

550 1010 722 1048 unum
745 993 989 1047 omnium
1026 991 1338 1052 consilium,
1368 988 1572 1043 dictqu
1605 1000 1668 1039 ac
1699 983 1922 1038 factum.
1947 981 2134 1051 Elege-

548 1093 679 1139 runt
706 1085 966 1140 domuum
993 1082 1308 1137 Anscltnum
1330 1079 1579 1133 abbatem
1605 1085 1878 1130 octavum.
1905 1071 2003 1127 llic
2023 1071 2134 1126 Dco

550 1177 699 1247 digni
729 1175 973 1241 Gueriui,
1003 1175 1162 1244 cujus
1192 1174 1245 1226 in
1275 1172 1381 1225 vita
1408 1167 1619 1224 abbatis
1651 1165 1908 1220 Tietmari
1938 1162 2132 1217 memi-

550 1268 756 1333 nimus,
779 1267 880 1322 fuit
900 1265 1340 1334 consanguineus
1370 1271 1425 1316 ct
1448 1259 1768 1329 discipulus.
1809 1255 1979 1325 Cujus
2008 1253 2132 1308 imi-

551 1368 696 1415 tatus
735 1359 1096 1430 prudentiam,
1130 1372 1344 1412 morum
1380 1353 1704 1424 elegantiam
1741 1358 1794 1404 et
1821 1347 2010 1403 orandi
2051 1347 2136 1400 in-

549 1451 829 1516 stantiam,
861 1451 1088 1505 multam
1113 1449 1216 1504 sibi
1252 1449 1394 1502 inter
1437 1461 1569 1501 suos
1608 1443 1942 1513 adquisierat
1983 1454 2135 1494 reve-

549 1544 778 1597 rentiam
803 1551 856 1596 ct
881 1543 1022 1612 apud
1051 1550 1338 1595 extraneos
1361 1536 1797 1593 benivolentiam.
1822 1533 1959 1587 Cum
1988 1532 2133 1586 enim

541 1634 656 1704 jam
716 1642 863 1688 esset
914 1641 1161 1687 maturus
1209 1639 1364 1686 aetate
1413 1637 1467 1684 et
1526 1627 1812 1691 moribus,
1865 1622 2131 1688 Francis,

546 1725 800 1795 quamvis
841 1741 870 1778 a
903 1724 1129 1778 cenobio
1161 1719 1537 1777 Gemhlacensi
1585 1719 1743 1788 longe
1768 1715 2014 1779 remotis,
2048 1713 2133 1767 in-

545 1817 726 1871 notuit
749 1816 893 1870 fama
920 1815 1221 1886 prudentia:
1242 1814 1381 1884 ejus,
1406 1819 1460 1866 et
1493 1811 1652 1880 primi
1674 1825 1799 1864 eum
1823 1808 2131 1862 habuerunt

545 1909 867 1980 magistrum
891 1916 943 1961 et
971 1907 1129 1977 quasi
1155 1906 1454 1961 secundum
1479 1904 1729 1957 abbatem
1753 1899 2131 1954 Altovillarcn—

546 2015 656 2066 ses,
693 2007 814 2069 post
838 2014 934 2053 eos
981 1997 1412 2052 Latiuiaceuses.
1453 1994 1598 2049 lnter
1626 2008 1765 2064 quos
1798 1993 1960 2062 longo
1990 2000 2129 2046 tem-

544 2105 677 2160 pore
697 2098 1090 2157 commoratus,
1127 2099 1180 2144 et
1205 2089 1359 2159 quasi
1391 2087 1672 2158 speculum
1714 2083 2015 2139 honestatis
2044 2081 2129 2137 fa-

545 2189 688 2248 ctus,
722 2197 832 2236 non
875 2182 1065 2237 solum-
1098 2182 1280 2236 minus
1317 2180 1610 2250 capacibus
1645 2177 1918 2248 proderat,
1955 2183 2038 2230 set
2077 2182 2133 2229 et

545 2273 674 2328 illos
696 2274 789 2342 qui
814 2274 950 2328 alios
977 2274 1244 2329 instruere
1289 2273 1467 2328 idonei
1493 2279 1699 2337 essent,
1729 2267 2007 2339 profusius
2041 2267 2130 2321 ina-

545 2366 819 2432 struebat;
871 2381 969 2435 per
1024 2380 1164 2436 quos
1211 2380 1387 2436 usque
1438 2365 1600 2419 hodie
1646 2363 1800 2418 radix
1853 2360 2132 2432 sapientiae

543 2473 707 2528 quam
759 2458 840 2512 eis
906 2458 1154 2525 inseruit,
1208 2455 1542 2512 fructificans
1594 2463 1923 2526 perseverat.
1975 2452 2130 2508 Tunc

542 2547 804 2616 temporis
850 2546 1008 2600 multi
1056 2545 1287 2600 fratrum
1333 2554 1647 2600 nostrorum
1697 2559 1805 2598 non
1849 2543 2024 2598 solum
2072 2543 2128 2598 in

541 2637 772 2694 Francia
819 2648 902 2694 set
939 2648 994 2694 et
1036 2639 1089 2693 in
1121 2638 1242 2694 aliis
1268 2637 1556 2707 provintiis
1600 2635 1848 2706 magistri
1893 2642 1948 2688 et
1971 2634 2129 2704 quasi

544 2729 770 2788 secundi
797 2729 1023 2784 abbates
1043 2738 1196 2784 erant
1219 2728 1275 2782 in
1303 2727 1492 2782 multis
1518 2725 1778 2792 cenobiis,
1807 2740 1871 2780 eo
1900 2723 2045 2795 quod
2074 2724 2129 2777 in

542 2820 828 2890 scripturis
867 2821 1123 2874 humanis
1163 2821 1248 2874 vel
1285 2818 1486 2874 divinis
1528 2816 1851 2883 exercitati,
1896 2815 2130 2870 multum

542 2908 781 2965 fructum
814 2910 1098 2979 sapientiae
1126 2909 1506 2980 relinquebant
1538 2907 1974 2979 quibuscumque
1997 2905 2131 2961 locis

543 2999 779 3056 fuissent
807 3001 1054 3055 adhibiti.

618 3090 704 3145 75.
733 3089 977 3145 Domnus
1019 3090 1308 3148 Auselmus
1340 3089 1560 3144 tandem
1596 3100 1848 3143 reversus
1872 3087 1938 3140 ad
1961 3101 2128 3142 ceno-

545 3183 694 3238 bium
732 3183 1142 3250 Gemblacense,
1175 3183 1241 3238 de
1269 3183 1358 3238 die
1388 3182 1442 3236 in
1473 3183 1616 3237 diem
1653 3181 1900 3236 studebat
1933 3181 1985 3234 in
2011 3196 2128 3234 me-

543 3275 650 3330 lius
677 3275 938 3344 proficere
971 3275 1075 3328 sub
1123 3275 1305 3329 donno
1334 3272 1628 3327 Liethardo
1670 3271 1882 3326 abbate.
1925 3270 2128 3324 Biblio-

543 3366 714 3420 theca:
741 3366 997 3420 assiduus
1025 3373 1298 3420 scrutator
1324 3373 1462 3427 erat,
1485 3372 1539 3417 et
1571 3363 1660 3417 ubi
1719 3363 1924 3416 utilitas
1957 3377 2126 3432 expo-

545 3455 750 3520 scebat,
801 3470 922 3509 eam
979 3453 1318 3509 emendando
1379 3461 1433 3507 et
1477 3452 1723 3522 augendo
1785 3452 2124 3506 meliorabat.

543 3543 1010 3617 Quandocumque
1039 3563 1071 3600 a
1100 3547 1332 3601 lectione
1361 3545 1445 3600 vel
1467 3545 1714 3600 oratione
1738 3544 1984 3610 vacabat,
2015 3542 2128 3598 fra-

540 3637 718 3692 tribus
734 3637 1048 3707 junioribus
1084 3638 1288 3708 aliquid
1312 3638 1566 3700 humanae
1590 3636 1674 3691 vel
1695 3635 1890 3690 divina:
1918 3636 2128 3707 paginae

541 3729 863 3796 disserebat,
896 3745 1003 3784 non
1044 3730 1422 3784 tantummodo
1457 3729 1514 3783 in
1550 3744 1610 3784 se
1647 3729 1765 3798 ipso
1801 3730 1995 3794 virere,
2033 3729 2127 3784 sed

539 3819 670 3872 etin
696 3820 776 3874 eis
804 3829 926 3890 post
955 3821 1165 3874 obitum
1197 3835 1358 3875 suum
1388 3820 1578 3876 volens
1602 3821 1803 3875 vivere.
1829 3819 2000 3875 Datus
2031 3821 2131 3876 ab-

541 3909 662 3978 bas,
694 3917 948 3979 susccpto
983 3909 1135 3964 oneri
1180 3918 1234 3964 et
1262 3910 1458 3963 honori
1494 3919 1679 3980 aptum
1726 3926 1784 3966 se
1815 3912 2128 3981 exhibebat,

539 4009 596 4055 et
622 4016 854 4070 persona
879 4001 999 4070 ejus
1025 4011 1078 4054 et
1100 4000 1389 4070 prudentia
1417 4002 1506 4056 his
1545 4002 1638 4072 qui
1672 4018 1799 4056 eum
1842 4014 2125 4072 noverant,

541 4092 878 4147 honorabilis
895 4099 1032 4146 erat.
1056 4091 1278 4148 Fratres
1302 4101 1484 4148 autem
1507 4108 1647 4164 quos
1671 4095 2003 4151 sollertiores
2024 4113 2126 4152 no—

541 4187 716 4244 verat,
765 4179 871 4234 sibi
915 4169 1264 4252 adjungebat,
1311 4191 1366 4237 et
1412 4183 1493 4238 eis
1524 4184 1907 4240 aecclesiastica
1953 4185 2128 4241 otlicia

540 4271 935 4338 committebat,
981 4281 1036 4327 et
1062 4287 1159 4343 per
1186 4287 1283 4328 eos
1319 4275 1532 4344 agebat,
1565 4276 1710 4345 quod
1752 4293 1848 4346 per
1877 4292 1935 4332 se
1967 4291 2129 4348 agere

540 4363 760 4417 nolebat
813 4372 908 4418 aut
959 4379 1066 4419 non
1129 4365 1362 4421 valebat.
1418 4366 1660 4438 Deniqtte
1711 4369 2125 4437 monasterium,

1716 309 2076 372 SIGEBERTI
2112 286 2634 366 GEMBLACENSIS

3672 315 3751 373 Ml

2165 429 2210 485 Α
2236 422 2488 478 ruricolis
2510 420 2685 475 fuerat
2701 417 3060 484 contraditus,
3080 434 3143 474 eo
3160 429 3316 488 pacto
3337 430 3397 476 ut
3414 431 3546 479 terra
3564 431 3751 498 exculta,

2234 521 2486 582 quartam
2516 510 2740 582 garbam
2774 508 3037 564 inferrent
3089 509 3300 566 horreis
3333 514 3590 570 accclesize.
3618 515 3750 576 Tem-

2234 619 2366 676 pore
2412 613 2593 658 autem
2625 601 2970 672 procedente,
2999 601 3070 655 ob
3104 601 3436 659 sterilitatem
3465 607 3530 661 ab
3553 609 3753 679 agricolis

2233 696 2531 767 neglectus,
2573 695 2802 750 vacabat
2847 694 3041 749 urticis
3084 695 3234 749 rubis
3261 703 3316 750 et
3364 699 3610 755 sentibus.
3637 700 3753 759 Hunc

2232 787 2415 856 itaque
2438 792 2720 839 vacantem
2744 783 2978 838 domnus
3008 783 3177 838 abbas
3204 782 3525 842 Liethardus
3551 792 3757 848 vestiario

2232 879 2436 934 addidit
2469 876 2794 932 inconsultis
2815 876 3108 931 heredibus
3131 875 3300 944 (898).
3327 875 3662 937 V’estierarius
3680 883 3753 938 ita-

2232 986 2338 1041 que
2364 979 2562 1025 terram
2606 968 2778 1022 marla
2807 977 2861 1022 et
2881 968 3012 1022 timo
3041 968 3416 1039 inpinguatam
3447 981 3612 1027 aratro
3635 990 3754 1030 exeo-

2230 1064 2351 1128 luit,
2407 1061 2632 1117 domum
2680 1059 3151 1131 superedificavit,
3200 1061 3497 1116 bubulcum
3543 1064 3752 1132 adhibuit,

2233 1155 2381 1210 omni
2429 1167 2624 1226 genere
2661 1152 2865 1207 laboris
2903 1150 3235 1206 Wineritilio
3277 1184 3347 1192 —
3387 1155 3467 1209 sic
3503 1156 3631 1210 enim
3661 1173 3754 1228 ager

2185 1260 2192 1272 '
2232 1248 2621 1303 vocabatur—
2651 1261 2840 1301 curam
2885 1246 3168 1315 impendit.
3200 1243 3414 1300 Interea
3457 1247 3656 1302 heredes
3683 1251 3754 1303 ad-

2232 1348 2382 1405 sunt,
2409 1339 2475 1394 de
2504 1337 2770 1408 injustitia
2799 1347 3229 1411 conqueruntur,
3262 1337 3484 1392 domum
3505 1341 3754 1408 supcrposi-

2231 1437 2342 1484 tam
2372 1430 2688 1496 incendunt,
2716 1439 2884 1502 utque
2925 1431 3030 1486 sibi
3059 1429 3339 1483 hereditas
3367 1429 3606 1482 reddatur
3623 1431 3754 1484 omni-

2232 1511 2412 1576 modis
2435 1531 2755 1591 exposcunt.
2787 1522 2989 1577 Verum
3031 1523 3161 1577 dum
3191 1521 3312 1575 haec
3358 1521 3426 1574 lis
3463 1521 3754 1590 protrahitur,

2232 1615 2468 1670 domnus
2513 1616 2682 1671 abbas
2723 1615 3050 1670 Liethardus
3071 1614 3182 1668 vita
3230 1612 3558 1683 defungitur,
3582 1613 3754 1684 ejusque

2231 1704 2286 1758 in
2334 1705 2456 1759 loco
2506 1706 2742 1760 domnus
2786 1705 3077 1760 Anselmus
3118 1703 3294 1758 abbas
3334 1703 3654 1774 subrogatur,
3695 1705 3754 1758 vir

2163 1785 2203 1843 B
2232 1801 2377 1848 certe
2416 1795 2574 1848 bonae
2600 1795 2875 1850 memoriae
2904 1802 2958 1849 et
3009 1794 3290 1864 praeclara:
3325 1793 3574 1859 scientiae,
3603 1793 3752 1848 etido-

2230 1902 2366 1942 neus
2410 1887 2478 1941 ad
2529 1903 2670 1942 onus
2719 1888 3136 1942 sustentandum
3189 1887 3341 1957 quod
3396 1886 3446 1940 ei
3485 1885 3752 1955 imposuerat

2230 1993 2459 2034 concors
2482 1977 2711 2033 fratrum
2737 1979 2958 2033 caritas.
2995 1979 3092 2034 Set
3135 1993 3239 2049 pro
3281 1978 3468 2033 dolor!
3511 1977 3589 2031 vir
3617 1987 3752 2032 tantus

2229 2080 2351 2143 post
2366 2072 2641 2127 modicum
2662 2071 2869 2127 viribus
2889 2070 3136 2140 corporis
3154 2069 3464 2143 egritudine
3484 2067 3750 2135 destituitur,

2228 2141 2282 2218 et
2310 2165 2523 2234 vigente
2554 2162 2782 2219 scientia
2809 2162 3028 2232 ingenio
3056 2171 3110 2218 et
3139 2141 3422 2227 facundia,
3445 2161 3559 2216 cibo
3581 2161 3753 2216 tenuiet

2228 2265 2358 2324 potu
2386 2255 2498 2309 vini
2525 2269 2790 2326 perparvo
2811 2254 3155 2310 stomachum
3179 2254 3563 2309 lasesscentem
3588 2261 3749 2308 susten-

2228 2354 2326 2400 tat.
2375 2345 2533 2401 Hune
2558 2360 2688 2417 ergo
2725 2346 2782 2400 in
2825 2345 3091 2416 regimine
3140 2345 3411 2416 positum,
3450 2343 3750 2413 heredesagri

2230 2435 2531 2507 adeunt,fet
2554 2443 2614 2490 ut
2639 2434 2744 2490 sibi
2769 2435 3044 2490 hereditas
3066 2449 3236 2490 causa
3259 2434 3585 2506 negligentia!
3600 2433 3748 2487 amissa

2228 2529 2505 2596 reddatur,
2545 2529 2770 2584 omnino
2815 2528 3138 2598 deposcunt.
3168 2527 3360 2584 Abbas
3400 2544 3519 2585 cum
3557 2528 3654 2583 suis
3678 2527 3748 2580 ba-

2228 2620 2344 2675 bito
2369 2620 2621 2688 consilio,
2645 2620 2734 2676 die
2754 2620 2899 2676 dicta
2919 2621 3121 2690 placito
3141 2635 3239 2675 eos
3265 2620 3439 2686 audit,
3470 2629 3520 2675 et
3545 2619 3644 2690 lege
3660 2617 3749 2672 data

2231 2727 2262 2766 a
2293 2711 2573 2778 scabiniis,
2618 2727 2780 2781 super
2814 2711 2869 2767 id
2904 2711 3052 2782 quod
3095 2711 3386 2781 petebatur
3433 2710 3547 2766 illos
3565 2709 3747 2764 exaudit

2230 2800 2373 2870 Ergo
2397 2801 2693 2872 unicuique
2721 2811 2876 2872 parte
2904 2817 3028 2872 quae
3071 2801 3176 2856 sibi
3200 2801 3542 2871 competebat
3574 2798 3746 2862 reddita,

2229 2909 2357 2962 pars
2373 2894 2488 2966 agri
2510 2894 2689 2948 adhuc
2710 2894 2952 2949 restabat
2963 2894 3223 2948 maxima.
3249 2892 3540 2948 Balduinus
3555 2891 3746 2954 clericus,

2231 2986 2376 3041 filius
2403 2987 2710 3053 Alberonis,
2740 2987 2898 3058 cujus
2929 2987 2985 3041 in
3013 2988 3127 3041 vita
3159 2985 3426 3042 Tietmari
3458 2984 3642 3041 abbatis
3663 2997 3746 3036 me-

2231 3079 2513 3146 minimus,
2554 3080 2786 3150 consilio
2831 3080 3043 3136 abbatis
3081 3089 3319 3150 praeerat
3361 3088 3489 3134 tunc
3527 3075 3744 3146 temporis.

2231 3170 2331 3227 Hic
2381 3173 2438 3226 in
2485 3172 2635 3227 nullo
2681 3188 2712 3228 a
2761 3173 3001 3242 paternis
3049 3172 3301 3227 moribus
3332 3172 3639 3241 discrepans,
3671 3164 3746 3220 nisi

2230 3264 2378 3335 quod
2413 3264 2469 3318 in
2496 3263 2814 3335 accipiendo
2845 3265 3055 3320 avidior
3075 3274 3130 3320 et
3150 3265 3204 3320 in
3235 3265 3511 3336 querendo
3536 3262 3622 3317 fuit
3637 3269 3746 3314 astu-

2226 3357 2354 3424 tior,
2403 3357 2678 3412 residuam
2709 3364 2920 3427 partem
2966 3356 3081 3428 agri
3123 3357 3458 3428 concupivit,
3502 3364 3551 3410 et
3587 3351 3745 3407 duabus

2226 3447 2429 3502 marcis
2474 3447 2683 3517 argenti
2728 3447 3036 3518 promissis,
3064 3463 3185 3502 eam
3240 3449 3351 3504 sibi
3384 3447 3495 3504 dari
3524 3446 3584 3500 ab
3603 3444 3744 3498 abbate

2225 3539 2398 3606 petiit.
2430 3537 2614 3593 Abbas
2638 3553 2865 3608 prorsus
2893 3538 3106 3593 abnuit.
3137 3537 3232 3594 llle
3258 3555 3360 3610 per
3390 3537 3690 3610 prmpositum
3708 3539 3746 3586 et

2227 3631 2332 3686 sibi
2384 3631 2638 3686 intimum
2681 3629 3012 3686 Adelardum
3056 3639 3113 3687 et
3145 3633 3417 3702 quosdam
3462 3630 3656 3686 fratrum
3677 3624 3740 3695 qui

2227 3723 2342 3794 agri
2387 3723 2746 3793 quantitatem
2795 3723 3013 3793 penitus
3042 3723 3393 3794 ignorabant,
3419 3723 3638 3778 abbatem
3665 3717 3742 3771 cir-

2229 3813 2504 3868 cumvenit
2529 3812 2598 3867 ad
2623 3813 2900 3880 ultimum,
2925 3821 2979 3869 et
3001 3815 3151 3868 nulla
3175 3815 3478 3884 quantitate
3503 3810 3603 3882 agri
3620 3809 3741 3862 deno-

2228 3905 2454 3972 minata,
2499 3907 2706 3962 taxavit
2741 3922 2967 3962 censum
3014 3907 3258 3978 quinque
3308 3907 3605 3968 solidorum,
3629 3909 3670 3955 et
3691 3897 3740 3951 Si

2225 3997 2493 4053 honuaria
2517 4007 2675 4054 terrae
2698 3998 2908 4070 accepit
2933 4000 3234 4054 secundum
3257 4000 3396 4055 velle
3419 4012 3581 4054 suum.
3604 3991 3647 4047 Si
3668 3989 3740 4044 hoc

2223 4090 2434 4160 justum
2463 4091 2584 4159 fuit,
2615 4092 2760 4149 Deus
2780 4093 2965 4162 justus
2983 4093 3151 4164 judex
3179 4092 3395 4147 viderit.
3423 4089 3528 4145 Hoc
3557 4085 3634 4141 ubi
3673 4095 3738 4135 re-

2234 4181 2435 4236 scitum
2463 4190 2546 4238 est
2570 4197 2600 4236 a
2633 4181 2917 4250 fratribus,
2960 4184 3027 4238 de
3070 4183 3343 4253 injustitia
3369 4181 3505 4253 apud
3548 4177 3737 4233 abbatem

2228 4285 2660 4342 conqueruutur.
2691 4272 2787 4330 Set
2805 4275 2858 4329 id
2887 4274 3090 4329 frustra
3118 4273 3240 4329 fuit.
3270 4275 3450 4328 Abbas
3473 4271 3600 4327 enim
3622 4277 3739 4334 super

2227 4378 2322 4420 eos
2355 4365 2450 4435 qui
2495 4364 2855 4432 interfuerant
2881 4382 3104 4440 causam
3144 4367 3418 4436 rejiciens,
3447 4365 3508 4420 de
3547 4357 3736 4414 omnibus

538 4454 860 4522 claustrum,
893 4455 1262 4524 refectorium,
1296 4458 1698 4528 dormitorium,
1729 4461 2043 4531 capitolium
2072 4471 2126 4517 et
2154 4492 2201 4550 Β
2228 4471 2288 4510 se
2313 4457 2545 4512 reddidit
2572 4467 2914 4514 excusatum.
2959 4457 3190 4515 Domine
3220 4457 3367 4514 Deus
3399 4464 3584 4519 noster,
3602 4448 3735 4522 iudici

539 4561 732 4603 omnes
759 4548 1069 4604 claustralis
1099 4551 1267 4605 curiae
1306 4550 1550 4607 ofﬁcinas
1582 4562 1635 4606 et
1661 4568 1852 4608 omnes
1885 4553 2123 4608 exterio-

538 4653 628 4693 res
680 4641 861 4696 curias
882 4657 979 4712 per
1017 4656 1113 4698 eos
1140 4644 1366 4699 editiciis
1396 4645 1722 4710 honestavit,
1768 4655 1822 4700 et
1865 4661 2122 4718 agrorum

536 4729 632 4799 qui
658 4731 711 4783 in
740 4732 937 4786 vicinia
959 4741 1115 4787 erant
1145 4735 1488 4805 coemptione
1516 4738 1907 4807 multiplicavit.

615 4822 700 4877 76.
743 4821 858 4878 Scit
898 4826 1139 4893 prudens
1179 4827 1367 4894 lector,
1400 4829 1526 4898 quia
1566 4839 1771 4884 veteres
1799 4839 1964 4884 carne
2001 4830 2124 4900 plus

537 4913 879 4967 auctoritatis
906 4913 1108 4968 habent
1128 4930 1222 4968 sua
1253 4916 1454 4971 inculta
1478 4926 1765 4986 vetustate,
1791 4936 1953 4990 quam
1977 4921 2122 4991 quod

537 5019 686 5058 nunc
749 5004 994 5057 moderni
1052 5017 1385 5075 componunt
1436 5011 1762 5066 accuratiori
1817 5021 2118 5068 venustate.

536 5090 779 5158 Quedam
806 5108 937 5162 ergo
959 5110 1080 5164 qua:
1105 5105 1251 5165 gesta
1275 5105 1403 5151 sunt
1430 5098 1593 5168 hujus
1620 5101 1832 5156 abbatis
1859 5112 2118 5173 tempore,

531 5182 678 5257 sicut
712 5182 768 5235 iu
811 5183 976 5237 eartis
1006 5185 1354 5239 continentur
1389 5185 1722 5245 inseruimus
1763 5191 1891 5246 huic
1918 5193 2122 5247 descri-

534 5273 706 5342 ptioni
739 5283 957 5340 nostrae,
1007 5273 1149 5328 bona
1186 5275 1254 5328 ad
1277 5277 1554 5331 suadelam
1588 5279 1716 5334 boui
1748 5281 1948 5351 operis,
1981 5283 2122 5339 mala

534 5365 605 5419 ad
627 5366 894 5430 cautelam
920 5366 1281 5422 adhibendam
1315 5369 1564 5439 posteris.

608 5456 693 5511 77.
731 5455 972 5528 Campus
1010 5459 1232 5530 quidam
1285 5461 1585 5532 municipio
1619 5463 1816 5537 Eineys
1843 5475 1961 5521 erat
1989 5482 2122 5522 con-

533 5547 746 5621 tiguus;
777 5549 867 5605 hic
896 5566 925 5604 a
955 5552 1152 5620 priscis
1175 5553 1512 5624 temporibus
1539 5570 1569 5609 a
1602 5558 1772 5611 nostri
1799 5558 1902 5614 loci
1929 5560 2121 5614 abbate

2225 4563 2447 4604 causam
2479 4557 2741 4605 nostram.

2301 4640 2386 4695 78.
2427 4641 2788 4712 Berengarius
2828 4641 2923 4711 qui
2966 4641 3231 4712 priedium
3279 4640 3422 4712 quod
3446 4636 3619 4694 dicitur
3651 4626 3732 4680 Rul

2226 4750 2351 4789 cum
2380 4750 2580 4805 genero
2610 4749 2711 4790 suo
2738 4733 3036 4789 Reinbaldo
3065 4735 3268 4804 injuste
3295 4731 3600 4805 possidebat,
3633 4717 3733 4776 mul-

2225 4826 2296 4882 tis
2321 4827 2552 4883 atllictus
2581 4827 2962 4896 incommodis,
2989 4829 3289 4884 deliberato
3321 4824 3551 4888 consilio,
3574 4827 3731 4889 pos“?

2226 4919 2437 4975 sionem
2479 4920 2802 4976 damnosam
2841 4920 3084 4975 vendidit
3125 4920 3346 4976 Freiero
3381 4915 3574 4974 cuidam
3616 4905 3727 4962 laico.

2225 5010 2480 5066 Freierus
2535 5012 2700 5067 veluti
2751 5027 2913 5067 oecus
2961 5012 3016 5066 in
3077 5011 3289 5067 foveam
3339 5010 3587 5079 delapsus,
3625 4993 3728 5068 (ιυοίί

2225 5114 2637 5173 comparaverat
2664 5120 2786 5160 sero
2822 5105 3078 5175 cognovit
3120 5104 3280 5159 malis
3325 5097 3650 5173 proventibus.
3677 5084 3728 5137 De

2225 5198 2498 5267 emptione
2523 5198 2710 5267 przedii
2737 5198 2880 5268 apud
2905 5211 3035 5253 suos
3059 5198 3426 5268 conqueritur,
3448 5201 3496 5247 et
3516 5177 3726 5268 quomod‘l

2225 5264 2333 5342 hoc
2352 5264 2557 5355 careat,
2589 5264 2788 5344 taeitus
2832 5305 3016 5344 secum
3049 5264 3269 5360 cogifat.
3299 5285 3396 5341 Cui
3425 5281 3585 5338 statim
3621 5264 3725 5341 (ιυοιῖ

2225 5379 2446 5448 optabat
2479 5379 2694 5434 accidit.
2719 5379 2969 5451 Tietgero
2989 5379 3156 5444 enim,
3185 5378 3296 5433 filio
3315 5368 3579 5446 supradicti
3601 5360 3721 5418 Rein-

2227 5468 2382 5535 fredi,
2410 5470 2577 5524 filiam
2605 5487 2760 5525 suam
2793 5480 3021 5542 nuptum
3050 5470 3222 5537 dedit,
3260 5483 3415 5540 quem
3437 5461 3609 5537 praedio
3630 5464 3719 5525 Pe"

2227 5561 2449 5617 ditionis
2483 5578 2605 5617 cum
2638 5563 2816 5634 aliqua
2841 5572 2993 5634 parte
3017 5563 3263 5633 pecunia:
3283 5561 3419 5618 dotis
3445 5553 3627 5613 nomine
3649 5543 3718 5598 do-

2077 5650 2304 5706 NOTAE.

2077 5651 2118 5704 Ν
2171 5652 2211 5706 Τ
2259 5652 2304 5706 θ.

605 5732 755 5805 (898)
794 5733 833 5787 1.
859 5750 912 5805 q.
938 5751 1101 5806 supra
1125 5741 1366 5796 ruricolis
1413 5741 1733 5798 Germanice
1754 5744 1927 5813 erben,
1958 5651 2604 5816 agrorgmAposscssores.
