3906 6316
145 287 235 346 bis

1016 277 1218 336 GEST.
1284 275 1435 331 ABB.
1480 274 1732 332 GEMBL.
1775 307 1834 318 -—
1881 275 2153 333 CONTIN.
2195 277 2536 336 GODESCH.

3282 289 3388 349 646

140 403 287 459 navit.
317 399 425 466 Sic,
455 398 778 469 disponente
799 394 930 464 Deo,
962 393 1080 449 Ruz
1108 395 1178 450 ab
1205 404 1427 450 externa
1456 394 1621 450 domo
1645 394 1698 449 in
1728 397 1777 457 Α
1805 393 1994 465 giente,
2017 395 2309 448 (ecclesiam
2326 404 2384 449 ut
2410 397 2644 452 cernitur
2661 394 2814 452 hodie
2835 399 3210 471 ediﬁcacerunt
3231 404 3396 459 multo

140 495 338 551 domum
368 492 513 545 illius
557 490 646 560 qui
684 505 808 545 eum
856 489 1011 559 prius
1039 497 1352 558 pervaserat
1390 488 1698 543 revertitur.

139 585 241 640 Non
277 591 396 653 post
430 583 663 636 multum
699 591 933 650 tempus,
966 578 1252 651 Tietgerus
1284 579 1412 635 dum
1459 579 1544 635 die
1571 594 1703 634 con-

137 679 259 733 dicta
283 675 344 728 ad
365 674 625 744 placitum
658 672 930 742 quoddam
960 671 1203 740 quolibet
1226 686 1351 725 cum
1389 670 1579 726 amicis
1607 685 1703 724 va-

136 769 220 831 dit,
251 769 301 819 in
331 765 512 820 medio
543 765 736 820 itinere
770 763 819 818 ei
871 764 1029 819 miles
1060 763 1202 818 alius
1235 762 1509 831 occurrit;
1545 762 1702 833 equis

134 859 418 934 concitatis,
443 858 514 912 ab
537 857 784 927 utrisque
811 856 974 911 simul
997 856 1364 923 concurritur,
1389 871 1563 926 equus
1583 856 1703 927 ejus

135 953 193 1007 ab
222 966 356 1022 equo
379 951 528 1004 illius
559 958 922 1004 tcrramtcnus
951 948 1350 1018 prosternitur;
1380 949 1496 1019 ipsc
1523 948 1701 1019 gravi-

135 1055 203 1100 ter
229 1043 465 1109 eollisus,
491 1041 749 1096 omnibus
776 1041 1037 1096 membris
1059 1043 1389 1104 concutitur,
1406 1049 1458 1095 et
1483 1042 1551 1095 ab
1571 1041 1702 1095 ami-

132 1140 202 1193 cis
220 1138 435 1201 relatus,
461 1144 654 1189 octava
677 1134 766 1189 die
793 1133 1002 1188 finitur.
1031 1132 1168 1188 Dicit
1195 1134 1455 1203 propheta
1488 1131 1652 1187 David
1684 1152 1697 1187 :

133 1229 298 1284 Justus
322 1245 394 1292 es,
432 1226 681 1294 Domine,
731 1236 779 1280 et
805 1235 1001 1279 rectum
1043 1225 1310 1294 judicium
1348 1233 1494 1278 tuum
1523 1223 1697 1289 (Psal.

131 1337 298 1386 cxvnl,
327 1319 481 1389 157);
511 1327 568 1374 et
589 1319 716 1388 quia
740 1319 868 1372 huic
894 1318 1178 1373 sententiae
1197 1317 1569 1372 contradicere
1592 1332 1698 1372 non

132 1427 420 1483 possumus,
447 1410 660 1479 judicio
681 1408 776 1465 Dei
807 1409 990 1464 omnia
1015 1409 1441 1464 committamus.

191 1505 269 1558 79.
306 1502 466 1557 Carta
496 1503 566 1558 de
594 1502 944 1557 villicatione.
979 1499 1226 1555 Otbertus
1243 1501 1419 1571 gratia
1443 1499 1540 1554 Dei
1562 1499 1698 1554 Leo-

131 1595 392 1649 dicensium
425 1595 725 1664 cpiscopus,
752 1594 988 1662 decanis,
1012 1594 1312 1663 prwpositis
1345 1601 1396 1647 et
1422 1591 1698 1646 abbatibus

131 1690 169 1741 ἐι
193 1686 417 1740 omnibus
448 1688 545 1740 sub
577 1695 834 1756 potestate
865 1696 1046 1740 nostra
1081 1685 1385 1756 degentibus
1426 1684 1697 1739 (ecclesia-

130 1790 229 1828 rum
255 1774 346 1828 Dei
372 1777 681 1830 rectoribus.
712 1775 1106 1832 Contentionem
1127 1776 1281 1830 illam
1311 1792 1429 1846 quae
1451 1776 1596 1845 facta
1619 1784 1695 1830 est

130 1868 175 1920 in
210 1865 562 1921 Gemblacensi
597 1869 878 1938 parrochia
905 1869 1044 1922 inter
1077 1868 1319 1922 abbatem
1351 1875 1401 1922 et
1435 1865 1693 1935 villicum,

129 1957 241 2011 satis
267 1967 587 2028 compertam
621 1959 761 2013 vobis
787 1975 896 2014 esse
921 1960 1286 2030 cognovimus;
1318 1959 1455 2013 unde
1480 1975 1542 2013 ne
1568 1958 1697 2030 quid

130 2049 219 2102 tale
242 2048 522 2118 aliquando
555 2051 614 2103 in
654 2049 786 2103 locis
821 2052 1004 2104 vestris
1045 2051 1275 2117 accidat,
1307 2058 1490 2105 cautos
1516 2068 1604 2106 vos
1634 2067 1697 2104 ac

129 2139 356 2194 sollicitos
382 2141 601 2196 reddere
625 2142 945 2196 curavimus.
985 2139 1379 2194 Villicationem
1398 2157 1557 2211 quam
1571 2141 1696 2211 jure

131 2230 416 2286 hereditario
449 2231 645 2286 Emmo
678 2233 890 2286 villicus
917 2232 1019 2286 sibi
1063 2233 1285 2286 retinere
1329 2241 1692 2302 temptaverat,

130 2331 282 2375 nostra
313 2331 466 2393 atque
497 2324 738 2377 omnium
775 2323 983 2393 judicio
1010 2323 1167 2393 digne
1211 2322 1276 2375 ab
1318 2338 1378 2375 eo
1410 2329 1690 2391 receptam,

132 2415 266 2467 abbas
299 2414 452 2468 alteri
500 2417 814 2484 cuicumque
859 2414 1082 2469 voluerit
1126 2413 1191 2468 de
1233 2415 1397 2466 servis
1442 2412 1694 2467 (ecclesiae

131 2503 319 2560 tribuat.
345 2503 498 2571 Quod
543 2506 747 2576 factum
774 2513 831 2558 ut
867 2504 1106 2558 omnibus
1142 2503 1394 2558 (ecclesiis
1430 2503 1485 2556 in
1512 2517 1691 2556 exem-

132 2596 251 2666 plum
278 2606 603 2666 permaneat,
629 2597 996 2652 interdicimus
1025 2595 1124 2650 Dei
1148 2603 1198 2650 et
1248 2602 1430 2649 nostra
1453 2594 1690 2648 auctori-

133 2698 236 2755 tate,
264 2700 317 2744 ut
338 2691 515 2746 nullus
539 2691 706 2745 abbas
730 2687 998 2756 Emmoni,
1027 2688 1180 2759 quasi
1209 2687 1407 2754 heredi,
1436 2695 1528 2740 aut
1559 2686 1690 2757 ﬁliis

132 2782 224 2851 ejus
257 2792 518 2854 tamquam
567 2783 726 2837 malis
765 2782 1029 2836 malorum
1072 2781 1366 2847 heredibus,
1414 2779 1690 2835 villicandi

131 2882 404 2940 potestatem
437 2873 672 2946 amplius
697 2873 918 2940 tribuat,
944 2889 1006 2926 ne
1034 2873 1346 2926 novissimus
1373 2888 1522 2926 error
1544 2873 1691 2943 pejor

130 2967 274 3033 priore
287 2968 396 3036 ﬁat.
419 2966 580 3032 Quod
598 2968 645 3020 si
671 2967 786 3037 quis
805 2964 958 3018 illum
981 2973 1252 3035 tamquam
1272 2963 1690 3016 misericordiam

1730 1744 1771 1802 Β

1807 495 2020 556 sumptu
2041 495 2092 541 et
2113 487 2310 552 labore,
2331 495 2390 542 ut
2414 487 2561 542 locus
2579 488 2671 543 ille
2687 506 2789 544 non
2812 492 3074 550 habitatio
3088 499 3405 565 vastatoris,

1806 582 1895 633 sed
1931 580 2118 634 domus
2151 589 2284 634 esset
2331 578 2646 637 Salvatoris.
2698 581 3003 640 Gaudebant
3055 597 3234 644 actum
3282 606 3397 648 meo

1805 668 2050 739 consilio,
2077 672 2220 726 unde
2248 673 2378 727 mihi
2411 674 2468 728 in
2517 672 2879 732 Gemblacenst'
2915 681 3127 736 cenobio
3161 692 3294 738 esset
3324 684 3397 739 ad

1805 763 1977 818 Deum
1997 765 2238 836 frequens
2263 766 2490 835 fratrum
2512 769 2706 835 oratio,
2727 778 2776 822 et
2796 771 2933 825 unde
2955 773 3140 827 vicinis
3161 790 3262 828 non
3283 784 3399 845 μετέ

1807 857 2041 910 turbatio
2066 859 2154 910 sed
2183 859 2483 912 animarum
2529 868 2580 913 et
2608 876 2887 931 corporum
2909 873 3041 917 esset
3079 867 3391 922 consolatio.

1805 947 2040 1021 Cumque
2082 960 2294 1020 propter
2341 952 2490 1022 pacis
2531 961 2584 1006 et
2615 956 2912 1010 concordia:
2938 957 3196 1012 unitatem
3239 961 3396 1013 multi

1801 1041 1935 1095 illuc
1965 1044 2316 1111 convenirent,
2344 1054 2394 1098 et
2426 1046 2496 1099 ad
2538 1046 2889 1102 habitandunt
2923 1051 3026 1105 sibi
3053 1052 3236 1107 domos
3266 1071 3394 1108 con-

1802 1143 2085 1203 struerent,
2110 1137 2302 1190 iterum
2334 1137 2514 1192 habito
2537 1139 2758 1194 consilio
2791 1157 2908 1194 cum
2953 1144 3140 1198 amicis
3183 1146 3311 1201 meis
3344 1154 3397 1201 ct

1802 1243 1923 1280 cum
1949 1229 2254 1297 supradicto
2277 1229 2466 1284 abbate
2485 1239 2535 1284 et
2565 1232 2776 1300 familia
2809 1235 3082 1301 wcclesite,
3107 1236 3311 1292 decrevi
3333 1246 3398 1293 ut

1801 1317 1949 1372 locus
1977 1318 2068 1373 ille
2090 1336 2209 1373 cum
2238 1321 2428 1391 oppido
2471 1320 2833 1378 Gemblacensi
2861 1325 2954 1393 jus
2983 1326 3150 1397 legale
3183 1337 3232 1382 et
3265 1346 3394 1384 con-

1801 1409 2229 1465 suetudinarium
2256 1413 2313 1465 in
2338 1413 2578 1466 omnibus
2601 1413 2814 1468 haberet
2840 1432 3023 1471 unum.
3056 1417 3139 1472 Me
3159 1427 3393 1491 excepto,

1801 1499 1980 1554 nullus
2005 1502 2079 1556 ibi
2102 1503 2382 1574 quicquam
2398 1504 2542 1574 juris
2565 1505 2798 1561 haberet.
2825 1506 3153 1562 Advocatum
3190 1511 3396 1567 nullum

1801 1592 1907 1646 nisi
1940 1609 2023 1648 me
2042 1596 2360 1666 susciperet;
2383 1613 2475 1668 per
2505 1597 2746 1651 abbatem
2773 1607 2823 1652 et
2853 1615 2946 1668 per
2971 1617 3051 1654 me
3076 1602 3124 1654 si
3165 1604 3395 1658 necessi-

1804 1692 1885 1738 tas
1918 1686 2167 1765 exigeret,
2196 1687 2553 1757 componenda
2592 1699 3044 1758 contponerentur,
3081 1693 3395 1764 corrigenda

1799 1776 2205 1846 corrigerentur.
2239 1777 2492 1842 Quamvis
2518 1788 2694 1832 autent
2720 1795 2832 1849 ego,
2862 1782 3000 1834 sicut
3023 1790 3074 1834 ct
3099 1791 3396 1836 antecesso-

1799 1882 1880 1919 res
1907 1866 2030 1930 mei,
2065 1883 2157 1936 per
2183 1883 2398 1920 manum
2433 1868 2770 1938 imperatoris
2797 1869 2897 1922 sint
2927 1871 3247 1924 constitutus
3288 1872 3390 1925 ad-

1797 1967 2010 2012 vocatus
2059 1957 2448 2013 Gemblacensis
2496 1960 2740 2028 ctenobii,
2785 1970 2958 2016 tamen
2989 1972 3046 2015 ιιι
3089 1964 3392 2018 omnimodo

1796 2060 1928 2104 esset
1954 2059 2074 2104 rata
2101 2067 2215 2105 mea
2247 2052 2574 2119 constitutio,
2607 2053 2850 2108 adhibita
2883 2064 2960 2109 est
2996 2056 3158 2110 etiam
3191 2055 3390 2110 Leodi—

1796 2144 1966 2197 censis
1995 2145 2224 2215 episcopi
2267 2144 2393 2198 talis
2419 2145 2776 2215 confirmatio,
2816 2156 2872 2199 ut
2893 2149 2939 2201 si
2963 2163 3056 2218 ego
3091 2148 3169 2203 vel
3195 2147 3392 2219 aliquis

1795 2250 2157 2289 successorum
2185 2251 2419 2290 meorum
2447 2236 2589 2306 quod
2611 2237 2957 2292 constitutum
2979 2246 3056 2292 est
3083 2238 3393 2293 immutare-

1795 2328 1887 2394 rit,
1935 2327 2220 2381 anathema
2246 2328 2337 2382 sit.
2377 2327 2565 2396 Amen,
2619 2345 2792 2383 auten.
2828 2329 3022 2383 Actum
3064 2347 3203 2384 anno
3242 2331 3387 2384 dom.

1793 2417 1901 2471 inc.
1930 2417 2114 2482 “25°,
2146 2417 2436 2471 indictione
2467 2418 2518 2480 Ι,
2551 2427 2737 2488 epacta
2766 2417 2880 2484 22",
2909 2419 3101 2472 domno
3129 2419 3388 2476 Alberone

1791 2511 1964 2580 primo
1989 2509 2146 2579 hujus
2170 2510 2399 2564 nominis
2429 2508 2828 2565 Leodicensiunt
2850 2511 3110 2583 episcopo.

1863 2601 1952 2656 81.
1993 2600 2157 2656 Carta
2183 2601 2251 2657 de
2283 2601 2628 2658 Dudinsarte.
2664 2601 2868 2656 Nolunt
2893 2604 2963 2656 sit
2985 2603 3228 2657 omnibus
3253 2603 3389 2658 dili-

1790 2693 2030 2764 gentibus
2055 2693 2349 2760 veritatem,
2382 2709 2501 2764 quae
2524 2702 2603 2747 est
2626 2692 2788 2759 Deus,
2819 2693 3005 2748 ducent
3035 2692 3384 2765 Godefridum

1790 2785 2048 2838 seniorem
2085 2783 2300 2854 ejusque
2336 2783 2512 2853 ﬁlium
2558 2783 2863 2853 equivocum
2903 2781 3248 2852 Godefridnm
3288 2783 3388 2853 jn-

1792 2876 1993 2930 niorem
2014 2892 2110 2946 pro
2140 2875 2312 2929 salute
2341 2875 2645 2929 animarum
2672 2890 2890 2928 suarum
2939 2875 3226 2930 tradidisse
3269 2874 3380 2931 Deo

1791 2978 1839 3023 et
1868 2977 2052 3022 sancto
2076 2968 2238 3022 Petro
2267 2969 2323 3021 in
2347 2967 2602 3037 parocltia
2629 2966 2914 3021 Brauiensi
2943 2967 3209 3038 quoddam
3244 2984 3386 3038 prte-

133 3056 294 3110 habens
328 3075 482 3129 super
519 3075 641 3112 eum
680 3055 981 3111 reind'ucere
1016 3055 1367 3124 temptaverit,
1401 3069 1505 3107 non
1542 3054 1686 3124 ﬁlius
1715 3093 1760 3154 Ο
1793 3059 1941 3112 dium
1987 3058 2286 3112 Dudinsart
2343 3059 2567 3112 dictum.
2619 3057 2854 3129 Denique
2903 3060 3174 3137 adstante.
3209 3059 3381 3114 multa

131 3148 278 3203 tiberte
303 3167 413 3221 qua:
437 3159 518 3206 est
557 3159 728 3203 muter
761 3149 1020 3214 (ecclesia,
1064 3147 1154 3200 sed
1181 3145 1392 3200 adulter
1430 3145 1688 3202 adulterae

125 3239 380 3309 judicatus,
405 3243 696 3297 anathema
719 3240 1035 3295 maranatha
1059 3239 1176 3308 ﬁat,
1209 3239 1273 3292 ab
1297 3239 1530 3292 omnium
1556 3238 1688 3308 ﬁde-

132 3329 238 3385 lium
258 3332 444 3388 Christi
487 3335 758 3390 consortio
786 3342 1106 3405 segregatus.
1150 3331 1344 3385 Actum
1372 3333 1429 3386 in
1464 3331 1684 3398 Leodio,

131 3431 170 3475 et
203 3422 432 3480 bonorum
469 3429 729 3493 virorum,
772 3427 1044 3493 abbatum,
1095 3428 1595 3482 archidiaconorum
1635 3435 1686 3482 et

130 3514 352 3573 laicorum
384 3521 762 3590 confirmatum
795 3521 1114 3574 testimonio.
1153 3519 1330 3574 Testes
1367 3536 1385 3574 :
1414 3520 1685 3591 Berenga-

131 3608 220 3661 rius
241 3611 390 3665 abbas
413 3611 589 3665 sancti
614 3610 910 3664 Laurentii.
949 3609 1194 3665 Olbertus
1218 3610 1379 3664 abbas
1399 3613 1571 3664 sancti
1592 3609 1689 3665 la-

131 3700 238 3756 cobi.
268 3703 524 3776 Rodulfus
553 3700 716 3758 abbits
741 3705 914 3758 sancti
947 3702 1228 3758 Trudonis.
1264 3702 1560 3775 Stephanus
1592 3704 1686 3759 ab-

130 3791 204 3848 bas
225 3795 542 3854 Broniensis.
567 3799 873 3853 Alexander
902 3799 1330 3853 archidiaconus.
1367 3797 1684 3853 Fredericus

130 3891 518 3948 archidiaconus.
557 3891 820 3947 Henricus
848 3892 1275 3947 archidiaconus.
1309 3891 1566 3946 Henricus
1593 3908 1683 3946 ar-

129 3981 450 4039 chidiaconus.
482 3985 728 4039 Andreas
752 3984 1182 4039 archidiaconus.

185 4072 258 4127 80.
295 4074 448 4131 Carta
478 4075 684 4131 montis
706 4074 881 4130 sancti
909 4072 1173 4129 Guihcrti.
1211 4071 1280 4128 In
1312 4074 1525 4129 nomine
1551 4089 1680 4129 san-

129 4172 208 4217 ctte
232 4175 274 4219 et
322 4167 608 4222 individua:
641 4166 944 4221 Trinitatis.
997 4165 1316 4237 Godefridus
1359 4167 1536 4238 gratia
1581 4165 1681 4221 Dei

128 4269 268 4310 comes
289 4256 648 4323 Lovaniensis,
681 4258 792 4312 dua:
812 4255 1194 4323 Lotharienst's,
1224 4255 1462 4310 omnibus
1487 4256 1674 4310 verita-

129 4344 183 4397 tis
203 4349 388 4404 amicis.
421 4349 505 4406 Sit
534 4359 715 4404 notum
744 4341 912 4416 vobis,
950 4349 1075 4420 quia
1101 4348 1283 4402 diebus
1321 4348 1450 4402 meis
1480 4357 1529 4402 et
1564 4350 1678 4402 An-

1791 3151 2086 3221 frequentia
2109 3149 2366 3204 nobilium
2411 3165 2729 3221 suarumque
2769 3150 3029 3220 ﬁdeliam,
3073 3151 3298 3204 decrevit
3325 3160 3385 3204 ut

1788 3242 1900 3296 haec
1936 3242 2158 3295 traditio
2188 3250 2309 3295 rata
2345 3251 2395 3295 et
2429 3241 2739 3296 inconvulsa
2783 3243 2934 3296 duret
2971 3243 3026 3296 in
3055 3252 3381 3313 perpetuum.

1789 3333 1932 3406 Ergo
1953 3334 2303 3405 largitoribus
2339 3343 2387 3388 et
2433 3334 2767 3403 adjutoribus
2803 3335 2959 3404 hujus
2991 3335 3224 3390 muneris
3257 3350 3383 3389 ora-

1788 3441 1903 3478 ntus
1923 3425 2149 3494 praemia
2188 3434 2401 3479 (eterna:
2447 3425 2924 3489 remunerationis;
2963 3426 3298 3495 prtt'donibus
3333 3432 3385 3480 et

1788 3514 2088 3584 raptoribus
2112 3514 2285 3568 minas
2310 3524 2358 3568 et
2394 3530 2556 3584 penas
2598 3515 3004 3567 interminamus
3037 3524 3246 3569 (eterna:
3288 3532 3383 3570 ea:-

1787 3608 2303 3662 communicationis.
2345 3607 2520 3662 Testes
2553 3623 2570 3661 :
2605 3606 2924 3677 Codefriaus
2952 3624 3121 3663 comes
3166 3607 3378 3662 Namn-

1786 3699 1954 3754 censis
1969 3699 2184 3772 ejusque
2206 3700 2353 3770 ﬁlius
2380 3699 2665 3755 Henricus.
2695 3698 2864 3754 Testis
2893 3699 3155 3755 Henricus
3167 3701 3379 3770 junior,

1783 3793 1930 3864 ﬁlius
1967 3795 2134 3864 ipsius
2160 3796 2332 3850 ducis.
2363 3793 2646 3852 Wilelmus
2693 3795 2981 3850 advocatus
3017 3795 3082 3850 de
3127 3793 3376 3852 Namuco

1781 3887 1996 3957 ejusque
2020 3887 2190 3958 frater
2208 3886 2508 3942 Ansclmus.
2541 3885 2725 3958 Erfelo
2753 3888 2816 3942 de
2846 3886 3008 3943 Calvo
3044 3897 3236 3943 monte.
3271 3886 3375 3942 (ie-

1784 3981 1975 4034 rardus
2000 3980 2065 4034 de
2103 3979 2310 4053 Wanga
2348 3991 2400 4036 et
2444 3981 2591 4052 [ilius
2624 3981 2737 4052 ejus
2777 3980 3063 4036 Henricus.
3111 3979 3377 4036 Henricus

1781 4071 1844 4126 de
1872 4071 2108 4128 Birbais.
2142 4073 2366 4128 Seherus
2396 4061 2714 4128 de'Wavra.
2749 4073 3048 4129 Cothuinus
3098 4073 3164 4127 de
3204 4071 3376 4152 Lora-

1782 4164 1891 4218 nio.
1926 4163 2140 4218 France
2169 4165 2235 4220 de
2263 4164 2508 4220 Brosella
2535 4175 2585 4219 et
2616 4165 2716 4220 alii
2741 4165 2896 4220 ntulti
2920 4164 3122 4220 nobiles
3144 4174 3195 4219 et
3215 4165 3373 4220 servi.

1779 4257 1971 4310 Actunt
1994 4257 2050 4310 in
2081 4256 2351 4324 Gemblus,
2388 4253 2528 4312 anno
2562 4257 2780 4312 Domini
2809 4257 2966 4312 1151.
3002 4257 3258 4312 Lothario
3287 4271 3375 4314 re-

1781 4358 1994 4415 gnante,
2020 4347 2157 4402 dono
2181 4348 2489 4403 Alexandro
2529 4347 2932 4404 Laodicensium
2963 4349 3228 4420 episcopo,
3259 4348 3372 4402 An-

127 4435 251 4492 selmi
275 4438 656 4510 Gemblacensis
687 4441 898 4496 abbatis
909 4441 1072 4511 juxta
1108 4439 1292 4495 villam
1321 4455 1439 4512 qua:
1465 4439 1675 4494 Belrius
1705 4436 1756 4496 D
1780 4438 1940 4492 selmo
1973 4439 2164 4494 abbate
2190 4439 2364 4495 locttm
2401 4450 2642 4496 nostrum
2679 4451 2904 4512 regente,
2949 4439 3202 4511 Gregorio
3228 4455 3372 4510 papa

126 4526 293 4585 dicitur
311 4543 418 4589 erat
447 4534 595 4589 locus
639 4535 731 4606 qui
773 4550 911 4588 nunc
947 4532 1300 4588 Mons’sancti
1331 4531 1568 4587 Guiberti
1595 4532 1672 4587 de

125 4624 301 4678 nomine
343 4627 452 4696 ejus
498 4627 918 4697 cognominatur.
959 4625 1112 4681 Mons
1158 4625 1368 4697 quidem
1416 4625 1669 4691 incultus,

126 4701 197 4766 sed
237 4720 505 4774 munitioni
556 4720 689 4774 satis
740 4727 916 4790 aptus.
965 4717 1240 4773 Prcedium
1287 4715 1672 4772 Gemblacensis

127 4806 341 4864 ecclesia:
359 4821 492 4879 erat,
513 4821 562 4867 et
583 4812 823 4868 (ecclesia
849 4829 967 4884 quae
988 4812 1045 4865 in
1062 4827 1121 4866 eo
1149 4811 1342 4881 fuerat,
1363 4809 1481 4880 jam
1506 4810 1672 4863 multo

127 4903 321 4968 tempore
343 4905 605 4960 destructa
627 4913 762 4971 erat,
787 4905 876 4958 sed
900 4912 1076 4958 tamen
1095 4902 1381 4957 secundum
1402 4904 1675 4973 quantita-

126 4994 210 5042 tem
243 5009 403 5062 suam,
434 4998 571 5068 quod
615 4997 924 5052 Leodicensi
967 4995 1221 5052 tecclesiae
1259 4995 1499 5062 debebat,
1538 5003 1671 5048 tem-

124 5092 226 5144 pore
243 5098 457 5157 congruo
488 5087 828 5158 persolvebat.
859 5087 1034 5142 Abbas
1055 5095 1103 5142 et
1127 5087 1372 5141 monachi
1393 5095 1442 5141 et
1463 5086 1677 5156 familia

127 5171 344 5231 ecclesiae
386 5180 622 5235 timentes
671 5180 811 5252 quod
859 5179 1148 5233 timendum
1196 5188 1334 5246 erat,
1380 5178 1581 5234 scilicet
1613 5195 1675 5233 ne

126 5275 416 5340 (illacumque
435 5274 704 5328 occasione
729 5273 967 5342 injustas
987 5288 1236 5342 pervasor
1258 5271 1434 5326 locum
1459 5271 1673 5325 invade-

127 5363 209 5423 τείν
230 5368 274 5412 et
305 5365 582 5421 munitione
609 5366 880 5436 edi/icata,
912 5366 1111 5420 vicinos
1149 5374 1198 5419 et
1234 5365 1465 5419 maxime
1507 5363 1672 5433 fami-

126 5442 235 5500 liam
260 5453 495 5511 (ecclesiae
523 5457 792 5529 afﬂigeret,
821 5457 1003 5511 habito
1030 5473 1231 5511 mecum
1261 5454 1506 5520 consilio,
1536 5454 1674 5524 feria

127 5548 292 5602 σπανία
315 5549 511 5614 paschae
533 5551 784 5620 feretrum
811 5551 984 5604 sancti
1009 5548 1248 5604 Guiberti
1281 5565 1400 5602 cum
1430 5547 1668 5618 reliquiis

125 5624 234 5713 Illuc
253 5634 655 5708 deportaverunt,
685 5651 737 5697 et
781 5641 892 5697 Deo
919 5649 1230 5713 cooperante
1255 5648 1306 5696 et
1333 5657 1425 5711 per
1458 5639 1668 5694 beatum

131 5710 402 5783 Cutbertum
440 5732 664 5802 infirmis
693 5733 920 5789 multam
950 5710 1246 5789 sanitatum
1280 5710 1509 5805 gratiam
1553 5732 1665 5786 lar-

1779 4531 1952 4586 sedem
1978 4530 2272 4586 Romanam
2301 4533 2645 4603 gubernante,
2691 4531 2980 4600 Gadefrido
3029 4531 3162 4585 duce
3209 4531 3373 4585 adro-

1779 4632 1897 4676 cato
1942 4624 2424 4692 nostro,secundas
2497 4635 2674 4694 partes
2740 4623 2855 4694 ejus
2915 4622 3200 4692 adjuvante
3253 4622 3370 4692 [ilio

1780 4714 1960 4770 Seheri
1989 4715 2286 4772 Bernardo.

1848 4808 1938 4862 82.
1973 4808 2126 4864 Dicet
2153 4809 2390 4880 aliquis:
2427 4807 2568 4874 Quid
2595 4808 2850 4862 utilitatis
2875 4806 3028 4861 habet
3049 4805 3368 4876 conscriptia

1778 4902 2096 4957 cartorum?
2124 4900 2536 4974 Respondemus
2568 4919 2581 4956 :
2617 4899 2849 4954 Multum
2878 4916 2970 4969 per
2998 4915 3207 4953 onmem
3253 4913 3368 4952 mo-

1777 4993 1926 5059 dum,
1956 4994 2083 5065 quia
2112 4996 2377 5050 continent
2405 4992 2685 5068 privilegiu
2713 4991 3073 5048 (ecclesiarum
3102 5000 3151 5044 et
3180 4988 3367 5045 (eccle-

1775 5086 2120 5141 siasticarum
2141 5089 2544 5158 possessionum.
2583 5085 2787 5144 lccirco
2816 5085 3021 5157 placuit
3049 5093 3365 5139 antecesso-

1777 5178 1931 5233 ribus
1958 5180 2181 5245 nostris,
2209 5181 2412 5249 placuit
2440 5190 2494 5235 ct
2516 5181 2674 5237 nobis
2704 5195 2800 5236 eas
2829 5178 3068 5232 inserere
3097 5183 3362 5244 opportu--

1779 5269 1866 5325 nis
1902 5270 1956 5324 in
1995 5271 2152 5337 locis,
2201 5287 2269 5326 nc
2299 5271 2609 5326 indecenter
2646 5281 2951 5328 tractentur
2997 5268 3068 5322 ab
3105 5267 3360 5332 incautis,

1777 5369 1833 5416 et
1857 5376 1981 5430 quae
2011 5361 2210 5416 habitae
2242 5371 2297 5416 ct
2337 5362 2554 5416 cxibita:
2591 5370 2844 5432 poterant
2888 5347 3137 5432 ignorata
3180 5356 3364 5413 notiti-

1776 5469 1922 5520 care,
1951 5462 2007 5509 et
2026 5469 2349 5524 pervasores
2372 5455 2716 5524 redarguere,
2739 5469 2848 5508 non
2875 5451 3075 5508 habitat:
3108 5467 3211 5507 nec
3243 5451 3362 5506 cxi-

1773 5546 1899 5602 bitae
1927 5546 2215 5602 videantur
2245 5547 2607 5618 ignorantiam
2639 5561 2856 5617 augere,
2894 5553 2949 5601 et
2975 5544 3364 5616 pervasoribus

1774 5638 1842 5693 ad
1873 5637 2175 5693 invadenda
2226 5653 2336 5693 non
2362 5654 2460 5694 sua
2507 5637 2786 5692 audaciam
2840 5637 3060 5692 addere.
3121 5635 3362 5691 Ecclesia

1775 5732 1947 5788 sancti
1972 5730 2118 5788 Petri
2153 5731 2208 5787 in
2231 5732 2363 5787 villa
2399 5746 2522 5802 qua:
2549 5729 2818 5787 Bavcnchi
2863 5731 3084 5798 dicitur,
3113 5728 3360 5787 dedicata
