3906 6316
533 295 642 352 σιτ

1709 281 2070 342 SIGEBERTI
2109 277 2632 363 GEMBLACENSIS
3695 290 3783 345 ω

533 405 814 466 dicebatur
838 415 892 462 et
919 404 974 462 in
999 404 1268 462 cimiterio
1295 403 1416 474 ejus
1445 401 1647 457 mortui
1685 399 2116 470 sepeliebantur;
2150 401 2195 458 Α
2225 373 2341 452 ram
2363 397 2546 452 divina
2571 394 2882 452 visitatione
2903 411 2998 466 per
3031 397 3258 452 beatum
3292 397 3615 454 Guiberturn
3650 404 3783 473 vigo-

533 497 628 554 sed
650 497 778 567 quia
807 496 924 552 dies
953 493 1318 550 dedicationis
1357 492 1732 565 ignorabatur,
1781 491 1976 546 iterum
2023 490 2118 544 de-

543 589 775 644 dieanda
824 603 948 643 esse
1004 587 1374 658 judicabatur.
1428 583 1602 655 Hujus
1657 583 1734 639 rei
1773 582 2122 638 contentione

531 683 708 737 multo
747 691 991 752 tempore
1034 681 1382 751 perdurante,
1428 680 1667 734 domnus
1705 679 1872 733 abbas
1923 676 2123 733 Ansel-

526 790 657 830 mus
674 781 897 844 accepta
927 765 1296 843 opbrtunitate
1320 771 1560 826 dedicari
1583 770 1710 825 fecit
1731 785 1849 824 eam
1870 785 1899 824 a
1919 768 2123 824 domno

531 865 847 922 Alexandro
875 865 1290 921 Leodicensium
1323 864 1564 918 antistite
1589 861 1847 917 Kalendis
1879 861 2123 932 Septem-

529 955 670 1021 bris,
699 957 793 1026 qui
826 954 944 1010 dies
966 963 1050 1010 est
1071 953 1450 1009 sollemnitatis
1473 953 1646 1008 sancti
1677 953 1852 1023 Lgidii
1884 952 2119 1008 abbatis.

528 1047 816 1103 Consensu
875 1056 930 1102 et
963 1057 1158 1119 rogatu
1206 1049 1452 1118 ejusdem
1497 1047 1749 1118 praesulis
1780 1047 1883 1103 sub
1915 1047 2121 1102 iisdem

525 1140 724 1196 diebus
754 1149 837 1195 est
879 1149 1200 1195 consecrata
1251 1141 1497 1206 aecclesia
1543 1149 1732 1194 nostra
1757 1139 1811 1192 in
1840 1139 1966 1193 villa
1997 1154 2120 1208 quae

523 1232 731 1285 dicitur
757 1231 970 1298 Castra,
1001 1248 1031 1288 a
1061 1232 1262 1286 domno
1290 1231 1606 1298 Godcfrido,
1631 1231 1882 1301 quamvis
1906 1229 2115 1302 Anglo-

527 1339 652 1377 rum
674 1324 949 1394 episcopo,
980 1334 1163 1380 tamen
1185 1325 1544 1394 compatriota
1573 1334 1784 1390 nostro,
1809 1325 1842 1378 ὅ
1863 1324 1989 1380 ldus
2012 1322 2123 1379 No-

525 1418 788 1484 vembris,
842 1419 937 1488 qui
980 1419 1096 1473 dies
1143 1426 1230 1474 est
1278 1418 1636 1488 depositionis
1678 1417 1853 1473 sancti
1900 1416 2120 1471 Martini

523 1507 883 1564 confessoris.
940 1509 1106 1566 Facta
1150 1519 1234 1565 est
1267 1518 1448 1573 autem
1503 1510 1698 1564 harum
1745 1510 2118 1565 aecclesiarum

525 1603 874 1658 .consecratio
896 1618 1044 1658 anno
1071 1601 1288 1658 Domini
1313 1604 1475 1657 ll55°
1497 1603 1590 1670 ⁷⁷³,
1618 1603 1816 1658 multas
1843 1602 2120 1674 impensas

527 1694 870 1763 expendente
897 1695 1102 1750 domno
1138 1696 1334 1750 abbate
1363 1694 1644 1749 Anselmo.

601 1784 690 1838 85.
731 1783 906 1854 Hujus
943 1786 1155 1840 abbatis
1185 1785 1379 1842 diebus
1414 1786 1571 1840 multi
1609 1802 1704 1854 per
1733 1787 1951 1842 beatum
1982 1784 2118 1841 Gui-

527 1873 742 1929 bertum
771 1891 800 1929 a
851 1877 1084 1932 diversis
1123 1879 1463 1932 sanabuntur
1501 1877 1930 1948 egritudinibus,
1963 1878 2121 1932 multi

526 1965 882 2021 solvebantur
939 1984 969 2022 a
1019 1968 1230 2024 catenis
1278 1977 1333 2024 et
1386 1969 1762 2039 compedibus.
1830 1967 1941 2024 Nos
1993 1969 2124 2039 quia

526 2056 784 2112 brevitati
819 2059 1125 2126 studemus,
1153 2067 1208 2114 et
1245 2060 1416 2115 multa
1452 2061 1716 2115 virtutum
1741 2061 1860 2131 ejus
1891 2060 2125 2132 insignia

518 2149 647 2202 suis
681 2150 734 2204 in
763 2151 900 2206 locis
931 2153 1243 2222 conscripta
1293 2153 1564 2208 habemus
1613 2169 1683 2208 ne
1711 2153 1998 2223 culpemur
2045 2153 2124 2208 si-

528 2239 703 2296 luisse
733 2243 800 2297 de
843 2244 1123 2311 omnibus,
1170 2261 1341 2300 unum
1384 2245 1452 2300 de
1487 2247 1674 2300 multis
1702 2246 2120 2302 conseribimus.

528 2329 728 2386 Mulier
758 2335 1011 2403 qumdam
1037 2333 1403 2405 Haginoensis
1418 2335 1779 2390 diuturnitate
1798 2335 2123 2406 egritudinis

521 2423 636 2492 jam
674 2435 1004 2494 praemortua
1029 2442 1095 2482 ex
1127 2427 1307 2482 media
1339 2437 1494 2497 parte
1540 2428 1626 2482 sui
1663 2427 1932 2497 corporis,
1987 2426 2125 2482 coti-

527 2515 616 2570 die
664 2518 1023 2586 moriebatur,
1083 2528 1137 2574 et
1197 2535 1308 2574 non
1359 2521 1714 2575 moriebatur.
1767 2519 2120 2586 Moriebatur,

525 2609 656 2679 quia
687 2620 748 2664 ut
769 2611 872 2665 sibi
897 2612 1201 2678 videbatur,
1247 2612 1524 2682 graviores
1556 2621 1730 2666 morte
1757 2613 1976 2667 dolores
2022 2627 2122 2682 pa-

526 2699 785 2754 tiebatur.
817 2700 932 2757 Non
958 2703 1317 2776 moriebatur,
1339 2702 1468 2772 quia
1490 2703 1707 2757 dolores
1740 2703 1842 2772 ipsi
1868 2717 2119 2772 suprema

527 2797 708 2844 morte
748 2806 856 2844 non
906 2791 1255 2846 ﬁniebantur.
1296 2791 1485 2862 luepia
1527 2800 1582 2870 et
1619 2791 1997 2863 inquietudine
2034 2792 2122 2846 in-

529 2881 810 2938 ﬁrmitatis
829 2885 942 2953 jam
961 2885 1116 2940 oneri
1138 2894 1195 2941 et
1232 2887 1380 2940 tedio
1410 2894 1531 2941 erat
1555 2887 1752 2942 vicinis
1782 2887 1898 2943 suis
1929 2896 1984 2942 et
2029 2903 2124 2942 co-

529 2975 729 3045 gnatis.
763 2974 924 3031 Pctiit
951 2977 1133 3048 itaque
1163 2979 1232 3032 ab
1265 2979 1346 3033 eis
1369 2979 1474 3034 hoc
1498 2980 1656 3049 quasi
1690 2988 1994 3034 extremum
2028 2979 2124 3034 be-

529 3067 810 3133 neticinm,
864 3078 922 3123 ut
968 3071 1219 3125 vehiculo
1261 3071 1569 3127 deferretur
1612 3073 1684 3127 ad
1733 3071 2122 3130 Gemblacense
2150 3097 2192 3154 ρ

529 3161 868 3228 cmnobium,
895 3171 954 3216 ut
975 3163 1104 3218 dum
1129 3164 1238 3219 illic
1261 3163 1501 3220 aleretur
1521 3165 1837 3221 elemosinis
1859 3165 2121 3232 ﬁdelium,

527 3267 719 3307 eorum
762 3255 1110 3311 alleviaretur
1155 3257 1465 3313 sollicitudo
1504 3266 1559 3313 et
1609 3258 1835 3313 tedium.
1880 3257 2122 3314 Tandem

527 3345 677 3414 quod
702 3346 858 3415 petiit
887 3348 1216 3417 impetravit,
1240 3359 1294 3404 et
1321 3349 1600 3405 Gemblaci
1628 3350 1681 3404 in
1711 3350 1966 3420 hospitali
1989 3366 2124 3420 pau—

528 3451 719 3506 perum
745 3439 1063 3509 aliquandiu
1087 3440 1312 3496 mansit.
1340 3439 1480 3496 Nota
1509 3449 1626 3497 erat
1647 3455 1756 3496 non
1787 3441 1967 3497 solum
1999 3441 2122 3512 opi-

529 3528 709 3595 danis,
765 3539 849 3585 set
901 3539 956 3585 et
1007 3532 1229 3601 opidum
1295 3532 1769 3604 frequentautibus
1825 3533 2121 3601 extraneis,

530 3618 658 3688 quia
689 3629 896 3690 quanto
941 3623 1118 3692 major
1161 3625 1211 3678 ei
1255 3624 1546 3680 inﬁrmitas
1583 3626 1780 3693 inerat,
1805 3635 1955 3682 tanto
1987 3626 2122 3683 visi-

529 3713 768 3767 tantium
801 3715 979 3784 major
1008 3716 1276 3771 sedulitas
1305 3717 1355 3770 ei
1388 3718 1595 3772 aderat.
1627 3716 1814 3787 Neque
1842 3719 1989 3772 enim
2021 3734 2122 3788 po-

531 3813 670 3861 terat
698 3824 923 3878 surgere
943 3809 1106 3876 lecto,
1135 3811 1221 3864 vel
1251 3811 1460 3864 moveri
1483 3811 1626 3876 loco,
1652 3810 1759 3864 nisi
1789 3811 1966 3866 alieno
1994 3827 2122 3868 sus»

526 3906 830 3953 tentaretur
858 3900 1234 3955 amminiculo.
1279 3900 1520 3958 Tandem
1575 3901 1913 3958 revolutione
1953 3905 2122 3959 annui

529 3989 794 4056 temporis
820 3989 1008 4044 aderat
1030 3990 1262 4046 celebris
1286 3991 1661 4046 anniversaria
1682 3993 1798 4046 dies
1826 3993 2118 4064 depositio-

525 4081 618 4134 nis
641 4081 786 4136 beati
815 4080 1084 4148 Guiberti,
1123 4093 1176 4138 et
1218 4085 1390 4138 multa
1416 4085 1576 4139 turba
1623 4084 1823 4140 civium
1846 4093 1902 4141 et
1941 4096 2122 4142 extra-

529 4185 764 4224 neorum
810 4171 1072 4226 intererat
1109 4173 1302 4228 votivae
1337 4173 1458 4244 ejus
1507 4174 1880 4230 sollemnitati.
1930 4175 2122 4231 Mulier

527 4261 846 4331 supradicta
868 4264 998 4333 quia
1018 4265 1284 4321 interesse
1307 4281 1416 4320 non
1438 4275 1672 4336 poterat,
1696 4267 2118 4336 lamentabatur,

511 4362 586 4407 .ct
632 4362 690 4408 ut
711 4355 866 4430 ‘illue
907 4355 1214 4414 deferretur
1256 4358 1455 4414 obnixe
1483 4361 1826 4430 precabatur.
1879 4361 2118 4420 Tandem

511 4417 737 4513 delata:
763 4449 957 4503 orabat
979 4466 1104 4505 cum
1127 4451 1434 4508 lacrimosis
1457 4417 1769 4523 gemitibus,
1794 4464 1851 4510 ut
1875 4470 1973 4524 per
1994 4470 2120 4508 ora—
2154 4437 2199 4492 D

528 4535 734 4593 tionem
760 4539 903 4594 beati
931 4541 1176 4598 Guiberti
1208 4558 1240 4598 a
1267 4551 1377 4597 tam
1408 4544 1556 4613 gravi
1588 4553 1642 4599 et
1667 4544 1925 4600 diuturna
1964 4545 2121 4600 inﬁr-

532 4631 718 4685 mitate
742 4631 976 4702 eriperet
1012 4650 1132 4689 eam
1167 4634 1333 4690 Deus.
1372 4633 1638 4691 Exaudita
1671 4645 1758 4690 est
1785 4645 1968 4694 autem
2009 4653 2120 4694 non

527 4729 593 4773 ut
625 4722 737 4776 vita
787 4724 1090 4790 decederet,
1137 4735 1220 4780 set
1267 4734 1330 4780 ut
1379 4726 1640 4782 virtutum
1692 4728 1844 4783 beati
1873 4728 2121 4785 Guiberti

527 4812 755 4868 evidens
779 4815 1154 4872 testimonium
1179 4817 1406 4875 viveret.
1430 4817 1563 4875 Post
1594 4835 1758 4875 unam
1785 4821 1988 4891 quippe
2018 4822 2120 4876 ho-

2225 497 2364 554 rata,
2418 488 2724 543 admirante
2784 499 2840 542 et
2900 488 3276 545 conclamante
3336 491 3785 550 circumstantium

2225 581 2404 648 turba,
2432 597 2596 650 super
2624 581 2787 650 pedes
2824 595 2957 635 suos
2982 581 3228 635 constitit
3253 583 3421 649 'sana,
3453 591 3508 637 et
3539 600 3706 654 usque
3731 588 3785 642 ad

2223 673 2392 728 altare
2417 673 2557 728 beati
2587 672 2832 729 Guiberti
2868 673 3140 742 processit
3171 683 3415 728 oratura.
3461 674 3643 730 Abbas
3679 693 3786 732 evo-

2223 776 2398 830 catus,
2439 765 2656 820 advenit
2682 779 2806 819 cum
2831 762 3115 831 fratribus,
3142 773 3195 820 et
3228 781 3328 835 pro
3356 781 3416 819 re
3439 781 3565 835 quae
3595 768 3785 821 accide-

2225 862 2309 908 rat
2345 855 2556 910 dccenti
2611 869 2866 910 sermone
2906 854 3093 932 habito
3141 855 3208 909 ad
3253 855 3516 924 populum
3555 856 3645 926 qui
3697 858 3787 910 cir-

2223 947 2549 1013 cumstabat,
2591 946 2762 1001 Deum
2803 945 2967 1000 etiam
3019 947 3136 1016 ipse
3169 946 3532 1019 gloriﬁcabat,
3558 947 3649 1018 qui
3676 963 3784 1001 san-

2221 1047 2340 1106 ctos
2369 1054 2500 1095 suos
2531 1041 2606 1093 ita
2641 1038 2926 1110 gloriﬁcat.

2223 1174 2268 1231 Ο
2291 1176 2378 1246 pie
2406 1185 2723 1232 sanctorum
2753 1175 2874 1229 laus
2904 1173 3074 1245 gloria
3110 1171 3329 1228 Christe
3355 1182 3603 1239 tuorum,

2224 1266 2407 1339 Signis
2427 1266 2721 1322 Guibertus
2748 1265 2895 1337 quod
2917 1266 3108 1330 claret,
3133 1265 3245 1337 agit
3274 1274 3368 1319 tua
3395 1266 3600 1320 virtus.

2223 1359 2392 1430 Digne
2409 1359 2648 1413 laudaris
2675 1374 2771 1429 per
2792 1373 2940 1423 eum,
2970 1356 3064 1427 qui
3090 1357 3172 1412 sic
3203 1357 3478 1426 operaris;

2223 1451 2393 1523 Digne
2417 1450 2689 1516 laudatur,
2723 1450 2818 1520 qui
2847 1457 3028 1504 tecum
3065 1449 3146 1504 sic
3171 1457 3453 1518 operatur.

2221 1541 2368 1598 Laus
2386 1551 2500 1610 tua,
2516 1543 2638 1597 laus
2649 1542 2769 1613 ejus
2786 1559 2801 1608 ;
2821 1555 2924 1598 nos
2945 1541 3066 1596 laus
3075 1548 3170 1595 tua
3188 1541 3363 1595 salvet
3383 1548 3438 1595 et
3451 1539 3598 1610 ejus.
3619 1539 3782 1595 Amen.

2292 1699 2382 1755 84.
2410 1695 2603 1754 Sermo
2624 1699 2810 1754 domni
2836 1698 3049 1755 abbatis
3076 1697 3321 1754 Anselmi
3347 1698 3414 1753 ad
3439 1714 3786 1768 quoscumque

2223 1789 2420 1847 fuisset
2444 1791 2686 1857 habitus,
2718 1791 2890 1846 multo
2913 1791 3195 1861 sapientiae
3235 1791 3349 1846 sale
3379 1801 3502 1844 erat
3535 1791 3784 1856 conditus,

2224 1895 2332 1934 non
2365 1880 2745 1950 undecumque
2771 1880 2998 1936 collecta
3024 1879 3355 1935 verbositate
3385 1879 3776 1946 immoderatus,

2224 1979 2308 2025 set
2333 1986 2430 2041 pro
2457 1971 2800 2026 audientium
2825 1972 3126 2041 capacitate
3174 1980 3230 2027 et
3274 1971 3541 2041 temporis
3587 1980 3784 2041 oportu-

2213 2063 2399 2118 nitate
2423 2063 2760 2119 moderatus.
2789 2062 2848 2119 Si
2895 2063 3059 2119 ﬁebat
3100 2063 3168 2118 ad
3205 2063 3492 2133 populum,
3528 2063 3717 2118 leniter
3743 2073 3784 2116 et

2212 2173 2321 2227 per
2341 2173 2405 2212 ea
2428 2172 2551 2228 quae
2579 2171 2772 2226 capere
2795 2165 3050 2227 poterant
3091 2156 3368 2225 praebebat
3405 2155 3489 2210 eis
3541 2155 3696 2224 quasi
3727 2154 3787 2208 la-

2223 2250 2327 2304 ctis
2369 2248 2626 2319 poculum
2679 2247 2969 2303 insinuans
3021 2247 3121 2313 eis,
3168 2247 3448 2316 quomodo
3499 2246 3782 2308 vivendum,

2223 2338 2355 2409 quid
2381 2337 2685 2404 vitandum,
2717 2337 2849 2408 quid
2875 2346 3020 2392 esset
3049 2337 3436 2408 appetendum.
3487 2335 3550 2390 Si
3602 2352 3781 2391 sermo-

2225 2431 2511 2486 nicabatur
2544 2428 2827 2495 fratribus,
2853 2429 2939 2484 vel
2959 2428 3236 2498 aliquibus
3263 2429 3438 2483 nodos
3461 2428 3782 2498 questionum

2223 2523 2540 2584 enodandos
2574 2522 2624 2577 ei
2666 2521 3122 2593 propellentibus,
3174 2532 3237 2575 ut
3284 2521 3467 2575 scriba
3513 2519 3697 2574 doctus
3732 2518 3784 2573 de

2224 2615 2486 2670 thesauro
2517 2614 2704 2670 cordis
2754 2614 2841 2669 sui
2889 2612 3204 2683 proferebat
3235 2627 3380 2667 nova
3424 2621 3481 2667 et
3529 2617 3785 2677 vetera,et

2222 2705 2475 2774 quamvis
2496 2703 2838 2774 multiplicia,
2877 2713 3059 2759 tamen
3087 2703 3511 2775 interrogationi
3545 2710 3784 2757 eorumet

2223 2812 2338 2851 suae
2362 2796 2708 2868 responsioni
2733 2797 3116 2852 convenientia
3148 2796 3447 2851 adhibebat
3477 2795 3779 2850 testimonia.

2205 2885 2546 2940 Gaudebant
2592 2901 2724 2956 ergo
2778 2885 2877 2951 illi,
2936 2893 3065 2940 nota
3108 2885 3213 2941 sibi
3270 2901 3369 2955 per
3404 2901 3533 2940 eum
3582 2886 3779 2940 certiora

2224 2979 2363 3045 ﬁeri,
2402 2989 2456 3034 et
2484 2980 2671 3050 ignota
2699 2979 2992 3034 notiﬁcari.
3022 2977 3142 3048 Ipse
3171 2978 3393 3033 tandem
3424 2976 3696 3033 confectus
3715 2993 3781 3030 se-

2225 3080 2442 3126 nectute
2467 3081 2520 3126 et
2545 3071 2792 3142 corporis
2837 3057 3226 3136 imbecillitate,
3260 3078 3423 3125 nocte
3458 3078 3515 3124 et
3554 3070 3635 3123 die
3673 3083 3779 3121 ora-

2223 3161 2364 3216 tioni
2410 3162 2642 3217 vacabat
2685 3170 2739 3218 et
2782 3162 3118 3233 psalmodiae.
3152 3161 3429 3217 Vicesimo
3457 3163 3616 3216 tertio
3658 3174 3778 3214 anno

2227 3269 2340 3309 sua:
2360 3253 2719 3323 praelationis,
2745 3254 2994 3309 sentiens
3019 3253 3376 3309 acerbitatem
3418 3253 3625 3308 ultima:
3659 3251 3778 3324 egri-

2225 3344 2429 3400 tudinis
2476 3345 2530 3399 in
2575 3361 2636 3400 se
2680 3345 2943 3416 grassari,
2997 3353 3328 3401 conventum
3375 3343 3607 3400 fratrum
3646 3343 3779 3412 jussit

2225 3437 2520 3504 accersiri;
2551 3447 2606 3492 et
2633 3437 2888 3493 decenter
2911 3453 3008 3493 eos
3043 3452 3392 3504 ammonens,
3415 3447 3478 3492 ut
3504 3438 3572 3492 ad
3603 3435 3777 3490 Deiob-

2226 3529 2478 3599 sequium
2509 3528 2677 3583 ﬁxum
2710 3529 2975 3584 haberent
2996 3528 3196 3584 mentis
3217 3528 3588 3600 propositum,
3619 3541 3776 3582 conso-

2221 3621 2438 3676 labatur
2471 3637 2635 3691 super
2657 3636 2760 3676 suo
2785 3621 3033 3676 discessu
3079 3621 3377 3677 mestitiam
3405 3636 3616 3684 eorum,
3646 3633 3774 3672 orans

2225 3729 2254 3768 a
2307 3713 2416 3769 Deo
2469 3713 2551 3768 eis
2596 3713 2717 3767 dari
2768 3713 3172 3768 consolatorem
3208 3721 3474 3768 sanctum
3529 3709 3772 3781 Spiritum.

2214 3804 2476 3860 Fratrum
2514 3820 2641 3859 vera
2676 3805 2960 3876 diligentia
3008 3803 3259 3858 sollerter
3286 3803 3338 3858 ei
3360 3803 3630 3870 adhibuit,
3656 3802 3774 3872 quic-

2223 3899 2355 3968 quid
2377 3898 2766 3954 aecclesiastica
2790 3897 3122 3973 religiositas
3157 3896 3254 3951 tali
3286 3911 3537 3968 personas
3577 3896 3629 3949 in
3657 3895 3769 3948 obitu

2222 3993 2306 4046 vel
2331 4001 2455 4062 post
2481 3991 2691 4046 obitum
2713 3991 2959 4048 adhiberi
2985 3991 3218 4053 censuit.
3242 3990 3362 4060 Ipse
3383 3989 3616 4044 domnus
3640 3987 3770 4041 abbas

2223 4083 2518 4139 Anselmus
2543 4082 2577 4137 8
2619 4067 2889 4137 Kalendas
2924 4081 3104 4138 Martii
3147 4082 3256 4136 vita
3280 4080 3540 4146 decessit,
3587 4088 3638 4133 et
3673 4086 3766 4132 ante

2224 4185 2428 4232 sanctae
2453 4175 2648 4232 Crucis
2676 4176 2848 4230 altare
2873 4175 3168 4245 sepultura:
3197 4174 3378 4228 locum
3405 4173 3630 4242 accepit.
3657 4167 3770 4224 Lati-

2224 4269 2508 4326 niaeenses
2537 4269 3056 4324 etAltovillarenses
3078 4265 3424 4323 conferentes
3467 4266 3536 4320 ad
3575 4264 3766 4319 invicem

2223 4362 2520 4432 benignum
2545 4376 2708 4431 quem
2737 4376 2864 4432 erga
2893 4375 2991 4415 eos
3033 4361 3298 4415 habuerat
3330 4359 3525 4414 vivens
3567 4357 3766 4411 animum

2223 4464 2276 4510 et
2307 4453 2612 4524 proﬁcuum
2643 4453 2749 4508 sibi
2784 4453 3066 4524 sapientiae
3109 4452 3230 4522 ejus
3273 4450 3540 4517 Studium,
3584 4448 3766 4503 moleste

2223 4545 2472 4612 ferebant
2498 4545 2617 4615 ejus
2649 4544 2880 4609 obitum,
2911 4552 2967 4597 et
2989 4544 3092 4614 piae
3134 4543 3536 4598 recordationis
3566 4549 3616 4596 et
3639 4539 3766 4593 dero-

2224 4645 2293 4692 taa
2320 4635 2588 4690 orationis
2622 4633 2674 4689 ei
2711 4633 3007 4688 exibebant
3039 4632 3300 4687 oﬁicium;
3352 4631 3612 4686 Miserum
3636 4628 3761 4682 etiam

2223 4729 2383 4784 nobis
2430 4736 2667 4800 expertae
2709 4726 2812 4781 sibi
2858 4725 3149 4795 probitatis
3193 4724 3313 4794 ejus
3363 4721 3712 4779 testimonium
3748 4733 3758 4767 :

2220 4819 2370 4875 istud
2396 4819 2543 4890 quod
2573 4817 3001 4888 subscripsimus
3036 4815 3395 4886 epitaphium.

1030 4942 1452 5010 EPITAPl-IIUM
1493 4944 1712 5011 DOMNI
1749 4955 2058 5012 ANSELMI
2089 4951 2385 5012 ABBATIS
2420 4923 2805 5007 A'FRANCIS
2843 4949 3318 5020 COMPOSITUM.

529 5037 634 5094 {lic
658 5037 913 5096 Ansclme
942 5042 1102 5109 situs,
1137 5053 1376 5112 spectate
1401 5046 1603 5113 colore,
1633 5055 1800 5113 statu,
1828 5063 1904 5102 re.

606 5130 738 5186 Rem
769 5131 962 5188 fenicis
992 5134 1141 5205 (899)
1169 5135 1323 5205 agis;
1348 5135 1483 5190 vivit
1511 5136 1655 5190 enim
1685 5146 1780 5192 tua
1806 5153 1950 5207 spes.

526 5216 611 5278 Te
640 5223 791 5279 color
815 5223 1102 5290 illustrem,
1129 5234 1306 5281 status
1338 5228 1638 5300 egregium,
1672 5230 1944 5299 placidum
1977 5244 2064 5284 res

602 5311 890 5383 Fecerunt,
919 5317 1051 5373 clari
1084 5333 1208 5389 qua:
1228 5317 1330 5372 tria
1359 5328 1489 5374 sunt
1523 5321 1779 5377 hominis.

2219 5041 2386 5097 Fama
2411 5040 2689 5111 frequens,
2719 5041 2956 5111 persona
2988 5050 3201 5111 patens,
3230 5040 3352 5095 sine
3400 5052 3664 5096 murmure
3697 5043 3758 5090 te-

3531 5130 3700 5204 [ctum,

2293 5227 2440 5286 Urbe
2462 5230 2626 5285 domo
2655 5231 2846 5286 laudes
2871 5230 3180 5300 explicuere
3199 5238 3344 5285 tuas.

2215 5321 2292 5378 Te
2315 5321 2447 5390 Noe,
2469 5321 2576 5378 Job
2629 5321 2820 5378 Daniel
2851 5320 3560 5386 virtutibusexcolnerunt,

1884 5433 2114 5488 VARUS
2147 5434 2552 5510 LECTIONES.

592 5513 669 5552 "'
696 5519 986 5580 millesimo
1023 5524 1322 5582 centesimo
1350 5526 1534 5581 addito
1557 5525 1666 5581 alio
1690 5534 1917 5597 tempore
1961 5527 2017 5579 in
2055 5525 2169 5580 loco
2200 5544 2363 5583 vacuo
2397 5529 2579 5585 relicto
2611 5545 2805 5585 xxxm.

2047 5617 2276 5675 NOTAE.

600 5698 752 5758 ‘899i
776 5695 816 5759 l.
843 5721 891 5768 e.
918 5707 1205 5779 pbmnicis.
