3908 6316
502 329 603 390 σει
1685 321 2048 382 SlGEBERTl
2086 325 2612 386 csMBLAcENsIs
3677 338 3770 398 an

1068 444 1172 502 Cui
1205 452 1393 502 noster
1429 420 1612 502 seruio
1647 445 1911 514 persolvit
1946 444 2128 500 debita
2161 445 2386 515 scripto.

1071 516 1269 574 Vixisti
1307 531 1566 582 concors;
1602 515 1755 572 vivas
1788 531 1887 587 per
1923 517 2108 573 secula
2149 532 2412 583 consors;

1073 587 1198 644 Sint
1231 597 1290 650 et,
1320 588 1592 646 defunctis
1632 588 1822 643 eadem
1859 588 2138 646 consortia
2175 587 2403 646 nostris.

1071 659 1216 715 Dant
1248 659 1408 716 binos
1445 675 1661 728 versus,
1703 660 1879 715 nostri
1918 660 1985 716 de
2023 675 2110 728 se,
2147 659 2254 716 sibi
2293 673 2485 715 versus

531 776 621 833 87.
658 775 827 831 ITEM
862 774 1097 833 PAUCA
1134 775 1222 830 DE
1262 773 1376 831 HIS
1411 773 1578 843 QUAE
1613 773 1661 828 Α
1698 772 1938 830 DOMNO
1972 773 2248 830 ABBATE
2283 772 2613 830 ANSELMO
2651 771 2789 830 VEL
2829 773 2962 832 SUB
2998 775 3088 834 ΕΟ
3127 776 3310 835 SUNT
3349 779 3751 850 ADQUISITA.‘

568 891 815 948 Domnus
843 891 1014 947 abbas
1039 889 1333 946 Anselmus
1369 889 1504 944 emit
1535 905 1569 944 a
1609 887 1870 946 Richelde
1903 889 2096 947 relicta
2125 893 2174 951 Α
2197 891 2445 946 Anselmo
2480 891 2671 946 abbate
2695 889 3172 963 Gemblacensium,
3220 895 3340 952 Oda
3367 899 3646 957 abbatissa
3687 901 3774 960 Ni-

499 985 828 1042 Herethouis
847 985 914 1042 de
937 983 1180 1039 Lovanio
1202 992 1257 1039 et
1295 983 1406 1038 filia
1441 983 1564 1054 ejus
1600 983 1837 1038 Amabili
1877 992 1933 1040 et
1974 999 2096 1040 ma—
2196 984 2578 1057 vigellensium.

497 1082 605 1142 rito
651 1080 824 1151 ipsius
873 1078 1102 1134 Arnulfo
1147 1078 1214 1133 de
1243 1077 1478 1133 Filforth
1510 1077 1578 1131 16
1615 1078 1818 1133 marcis
1858 1077 2090 1149 argenti,

496 1173 758 1246 quicquid
785 1171 970 1227 allodii
1000 1171 1234 1226 habebat
1278 1171 1335 1224 in
1385 1169 1646 1225 Melenriv
1669 1170 1793 1240 jure
1814 1169 2092 1225 hereditar-

495 1267 599 1335 rio,
632 1265 962 1336 astipulante
973 1263 1268 1320 Godefrido
1289 1263 1447 1318 duce.
1472 1261 1648 1334 Hujus
1673 1263 1858 1318 allodii
1884 1264 2092 1318 reditus

495 1359 553 1414 in
586 1357 674 1414 die
698 1356 1075 1413 anniversaria
1110 1355 1198 1411 sui
1229 1355 1413 1410 obitus
1443 1355 1511 1410 ad
1537 1355 1978 1424 supplementum
2001 1353 2089 1408 vi-

493 1462 617 1510 ctus
641 1453 924 1509 constituit
952 1451 1069 1506 dari
1100 1449 1385 1504 fratribus.

563 1547 652 1602 88.
693 1544 1081 1600 Vadimonium
1106 1543 1255 1613 quod
1288 1541 1666 1608 Malcbelmus,
1705 1539 1879 1611 Engo,
1906 1539 2087 1596 Gode-

491 1639 706 1696 scalcus
741 1637 1009 1692 dederunt
1060 1642 1252 1690 sancto
1283 1633 1446 1689 Petro
1491 1648 1591 1702 pro
1629 1631 1663 1686 8
1705 1631 1930 1699 marcis,
1983 1632 2091 1689 hoc

490 1733 673 1803 ipsum
702 1730 922 1785 vadium
955 1727 1263 1783 Guilelmus
1293 1728 1361 1781 de
1396 1724 1666 1781 Marebais
1706 1734 1760 1779 et
1797 1740 1938 1780 uxor
1966 1726 2088 1796 ejus

489 1821 751 1886 Helvidis,
789 1821 978 1876 relicta
1027 1819 1271 1890 praedicti
1309 1818 1574 1890 Engonis,
1621 1817 2088 1874 confirmaverunt

488 1923 680 1970 sancto
709 1912 873 1967 Petro
904 1920 957 1966 et
981 1912 1183 1966 domno
1206 1911 1464 1966 Anselmo
1504 1911 1688 1965 abbati
1731 1926 1830 1980 per
1861 1926 2086 1966 manum

489 2003 716 2077 Seyheri
746 2003 997 2060 advocati
1025 2019 1124 2074 pro
1151 2002 1224 2057 20
1263 2005 1465 2060 marcis
1498 2004 1732 2075 argenti,
1773 2003 1929 2074 prius
1958 2003 1992 2058 8
2032 2009 2088 2059 et

488 2108 616 2170 post
639 2099 706 2152 12
734 2098 1033 2153 concessis.

558 2189 647 2245 89.
683 2188 849 2244 Carta
879 2190 947 2243 de
979 2203 1252 2243 consensu
1287 2187 1522 2243 duarum
1553 2188 1948 2256 aecclesiarum,
1986 2185 2085 2243 Ni-

2265 1076 2354 1133 90.
2389 1075 2608 1133 Gratias
2635 1077 2767 1146 Deo,
2799 1077 2929 1150 quia
2969 1079 3064 1136 ubi
3093 1080 3432 1140 babundavit
3481 1093 3772 1159 peccatum,

2195 1167 2701 1237 superhabundavit
2758 1170 2954 1241 gratia.
3003 1168 3296 1227 Hvilardus
3346 1173 3486 1231 civis
3538 1186 3772 1236 noster:

2193 1259 2396 1315 domno
2431 1260 2626 1318 abbate
2665 1260 2927 1318 Anselmo
2955 1271 3010 1318 et
3063 1263 3132 1318 ab
3175 1263 3330 1320 omni
3371 1277 3652 1324 conventu
3679 1269 3774 1325 fra-

2191 1359 2338 1407 trum
2371 1353 2536 1423 petita
2570 1363 2624 1408 et
2659 1362 2881 1425 accepta
2928 1364 3117 1411 nostra
3171 1358 3457 1427 societate,
3508 1361 3694 1416 socius
3731 1371 3773 1418 et

2191 1445 2464 1516 particeps
2487 1447 2734 1501 omnium
2770 1447 3162 1503 beneficiorum
3204 1449 3344 1506 allici
3371 1453 3600 1508 meruit.
3643 1452 3774 1510 Unde

2191 1539 2395 1609 gratias
2423 1554 2612 1609 agens,
2634 1553 2880 1595 marcum
2907 1541 3121 1611 argenti
3150 1540 3417 1598 fratribus
3442 1559 3548 1614 pro
3568 1546 3776 1603 caritate

2192 1633 2413 1699 obtulit,
2441 1641 2495 1688 et
2527 1633 2793 1703 quamdiu
2824 1634 2982 1702 vixit,
3014 1635 3174 1691 nobis
3197 1643 3252 1690 et
3276 1636 3620 1694 loco'nostro
3647 1641 3775 1697 utilis

2191 1742 2406 1796 semper
2420 1725 2542 1780 fuit.
2570 1726 2785 1781 Partem
2811 1729 2959 1782 enim
2983 1728 3486 1786 allodiiFranconis
3511 1732 3585 1786 de
3605 1729 3773 1798 Felliv,

2191 1835 2313 1888 qum
2336 1819 2389 1872 in
2414 1819 2543 1873 villa
2575 1817 2787 1873 Mazniz
2807 1819 2931 1889 jure
2960 1820 3278 1890 patrimonii
3301 1821 3495 1878 uxoris
3527 1839 3648 1880 sua:
3671 1822 3776 1879 Hel-

2190 1909 2331 1964 vidis
2365 1910 2412 1963 ei
2450 1909 2811 1979 competebat,
2841 1921 2935 1966 sex
2970 1913 3174 1968 marcis
3223 1915 3384 1981 emit;
3421 1915 3608 1985 ipsius
3636 1926 3776 1973 terra

2191 1999 2398 2054 reditus
2435 2001 2688 2069 quamvis
2730 2001 2788 2055 in
2822 2001 2931 2057 vita
2963 2015 3066 2057 sua
3109 2003 3229 2071 sibi
3259 2004 3498 2060 retinere
3538 2008 3774 2077 voluerit,

2191 2101 2373 2148 tamen
2417 2107 2484 2148 ex
2517 2095 2597 2149 eis
2634 2093 2788 2149 solus
2835 2108 2945 2149 non
2983 2095 3248 2166 comedit;
3291 2106 3376 2154 set
3417 2100 3669 2156 stabilito
3705 2102 3778 2158 die

2193 2187 2476 2240 annuatim
2503 2187 2699 2242 exinde
2724 2185 2990 2244 fratribus
3021 2190 3128 2244 cibi
3159 2199 3212 2246 et
3241 2199 3405 2262 pots
3433 2199 3776 2266 praeparatio-

491 2282 806 2354 vigellensis
827 2290 880 2336 et
911 2280 1340 2336 Gemblacensis.
1381 2279 1596 2336 Sancta:
1619 2281 1872 2336 wcclesiw
1897 2281 2000 2351 ﬁlii
2022 2289 2084 2335 ut
2113 2261 2162 2324 Β
2191 2293 2314 2332 nem
2342 2278 2512 2345 dedit,
2543 2287 2930 2335 testamentum
2957 2279 3186 2350 faciens,
3212 2261 3353 2340 dixit
3380 2261 3452 2341 ut
3703 2307 3777 2346 ne-

483 2390 649 2427 unum
685 2375 741 2427 in
785 2373 996 2429 Christo
1042 2375 1245 2443 possint
1277 2375 1394 2444 ﬁeri
1437 2375 1557 2445 paci
1600 2384 1650 2429 et
1690 2374 2084 2430 ecclesiasticae

483 2467 960 2532 inherentunitati,
997 2467 1221 2521 scientes
1258 2467 1384 2537 quia
1419 2482 1524 2521 non
1563 2476 1639 2524 est
1681 2467 1827 2524 Deus
1872 2469 2081 2524 dissen-

484 2559 673 2624 sionis,
699 2558 790 2612 sed
817 2559 964 2628 pacis
997 2566 1046 2611 et
1081 2556 1401 2611 dilectionis.
1453 2556 1567 2612 Nos
1590 2574 1792 2630 quoque
1838 2558 2080 2614 Gemme-

482 2651 715 2706 lacenses
747 2653 942 2720 fratres
981 2667 1076 2720 pro
1101 2650 1316 2704 modulo
1348 2660 1532 2708 nostro
1563 2667 1745 2708 eorum
1784 2655 2083 2708 immitem-

487 2761 568 2798 res
596 2759 707 2797 esse
737 2743 1002 2813 cupimus,
1033 2743 1364 2812 providentes
1400 2761 1518 2816 qua:
1561 2746 1709 2815 pacis
1737 2753 1788 2800 et
1822 2746 2081 2801 utilitatis

483 2844 607 2890 sunt
641 2833 788 2889 nobis
833 2843 881 2889 et
929 2835 1127 2888 nostris
1155 2836 1566 2891 successoribus.
1615 2835 1698 2891 Sit
1741 2853 1864 2908 ergo
1899 2847 2082 2892 notum

486 2929 638 2985 bona:
659 2928 957 2984 voluntatis
981 2929 1303 2996 hominibus,
1328 2930 1393 2985 de
1419 2941 1584 3002 parva
1618 2931 1709 2986 sed
1753 2948 1855 2986 non
1897 2933 2079 3004 parvi-

479 3028 755 3100 pendenda
801 3043 856 3082 re
903 3027 1032 3099 quid
1073 3029 1370 3089 convenerit
1420 3028 1570 3083 nobis
1615 3038 1664 3083 et
1703 3028 2078 3102 Nivigellensis

478 3121 681 3176 cenobii
726 3119 1242 3176 sanctimonialibus.
1302 3120 1371 3174 In
1421 3121 1553 3176 villa
1592 3122 1854 3178 Asnatica
1892 3131 2079 3179 manet

477 3213 732 3270 (ecclesiis
798 3216 1006 3283 nostra:
1075 3214 1289 3285 familia
1316 3257 1331 3283 ,
1398 3216 1483 3270 cui
1556 3231 1621 3271 es:
1694 3216 1807 3288 ipso
1875 3217 2078 3288 prcedio

482 3305 666 3360 omnia
699 3312 854 3360 erant
883 3320 948 3359 ea:
985 3307 1266 3373 sententia,
1299 3307 1403 3361 nisi
1445 3307 1584 3377 quod
1619 3306 1908 3363 molendini
1952 3324 2080 3362 con-

477 3396 721 3452 struendi
749 3398 824 3452 eis
857 3413 961 3451 non
983 3406 1098 3452 erat
1129 3400 1302 3470 copia.
1339 3397 1452 3453 Nec
1477 3398 1623 3454 istud
1657 3401 1872 3454 omnino
1913 3401 2077 3456 dens-

477 3499 696 3562 gaverat
723 3490 826 3544 loci
854 3499 1072 3557 natura,
1105 3492 1197 3546 sed
1229 3508 1415 3546 cursus
1441 3507 1594 3564 aqua:
1621 3492 1889 3571 deﬂuebat
1921 3509 2078 3565 super

2187 2370 2355 2436 ditus,
2377 2369 2439 2423 id
2469 2379 2553 2426 est
2581 2371 2638 2425 il
2669 2372 2906 2440 solidos,
2937 2383 3063 2444 post
3087 2384 3321 2432 mortem
3370 2378 3552 2448 ipsius
3597 2380 3776 2438 fratres

2188 2459 2479 2530 accipiant,
2512 2469 2566 2514 et
2613 2469 2674 2515 ut
2717 2463 2970 2520 beneficii
3014 2465 3182 2537 hujus
3228 2483 3538 2538 memores,
3592 2489 3773 2527 nomen

2189 2566 2349 2606 suum
2407 2557 2630 2621 suaeque
2671 2553 2922 2625 conjugis
2965 2555 3130 2612 Dodza
3176 2574 3411 2615 suorum
3473 2563 3776 2620 nominibus

2186 2650 2312 2713 post
2335 2642 2546 2698 obitum
2577 2645 2779 2700 ascribi
2810 2646 3032 2703 faciant.

2258 2734 2347 2790 9i.
2389 2733 2658 2806 Tempore
2679 2737 2868 2793 damni
2897 2741 3140 2797 Anselmi
3179 2743 3397 2802 abbatis
3425 2745 3700 2804 Henricus
3722 2750 3775 2805 de

2187 2827 2378 2898 Lopun
2421 2845 2522 2899 pro
2559 2831 2736 2887 salute
2765 2833 2964 2889 animm
3001 2851 3117 2891 sua:
3149 2840 3377 2895 tradidit
3418 2840 3535 2896 Deo
3580 2854 3637 2898 et
3668 2861 3776 2900 san-

2187 2931 2274 2979 cto
2308 2922 2470 2978 Petro
2502 2925 2570 2980 15
2598 2925 2865 2982 bonuaria
2889 2930 3114 2986 arabilis
3142 2941 3300 2988 terra:
3330 2935 3386 2988 in
3415 2936 3549 2992 villa
3574 2937 3771 2994 Sivirci.

2185 3013 2302 3073 Hoc
2330 3005 2594 3074 beneficio
2621 3021 2898 3078 animatus
2922 3037 3092 3093 nepos
3124 3025 3244 3095 ejus
3273 3025 3560 3086 Gerardus
3585 3031 3653 3086 de
3682 3031 3775 3086 lac

2183 3112 2386 3167 rebaco
2407 3113 2630 3168 tradidit
2661 3122 2716 3168 et
2745 3115 2864 3184 ipse
2915 3115 2972 3170 in
3021 3117 3209 3173 eadem
3266 3121 3396 3176 villa
3427 3123 3539 3178 alia
3601 3125 3668 3180 15
3694 3126 3774 3179 bo-

2184 3205 2399 3260 nuaria.
2433 3203 2579 3260 Idem
2611 3205 2888 3263 Gerardus
2941 3217 3160 3265 mortuo
3209 3209 3324 3269 filio
3371 3231 3479 3270 suo
3529 3217 3771 3285 Geranlo,

2182 3297 2433 3368 permisit
2455 3300 2715 3354 aecclesia:
2745 3311 2947 3358 nostra:
2987 3319 3087 3373 pro
3130 3305 3305 3361 salute
3357 3324 3460 3363 sua
3484 3318 3540 3364 et
3569 3311 3774 3366 absolu-

2181 3389 2332 3445 tione
2362 3390 2458 3444 lilii
2498 3391 2584 3447 sui
2616 3391 2886 3448 decimam
2928 3410 3097 3466 quam
3131 3397 3199 3452 de
3229 3399 3470 3456 culturis
3500 3403 3773 3459 dominicis

2183 3479 2485 3553 accipiebat
2515 3482 2572 3536 in
2600 3483 2718 3553 ipsa
2755 3486 2884 3542 villa
2924 3484 3143 3557 Sivirei,
3185 3490 3432 3549 decimas
3473 3495 3643 3552 etiam
3670 3513 3771 3552 om-

475 3583 740 3654 prwdium
790 3581 1178 3653 Nivigellense,
1225 3591 1486 3654 quantum
1529 3601 1628 3654 par
1682 3583 1840 3640 boum
1888 3585 1946 3639 in
1989 3584 2076 3640 die

2192 3571 2336 3630 nium
2364 3574 2852 3646 nutrimentorum,
2876 3595 3000 3652 qua;
3024 3581 3099 3639 ibi
3125 3581 3266 3640 infra
3294 3585 3641 3644 dominicam
3669 3604 3771 3645 coro

474 3684 645 3748 potest
669 3691 842 3728 arare.
904 3674 987 3728 Ne
1019 3684 1196 3729 tamen
1226 3677 1366 3732 inter
1396 3694 1490 3732 nos
1520 3687 1692 3732 essent
1715 3679 1924 3750 jurgta,
1958 3693 2077 3750 quas

2192 3673 2294 3721 tem
2329 3666 2653 3724 retinentur.
2685 3668 3068 3742 Coemptione,
3099 3683 3156 3730 et
3183 3688 3578 3736 successorum
3600 3697 3769 3738 eorum

476 3769 744 3824 interdum
787 3778 1122 3822 succrescunt
1154 3786 1315 3840 usque
1360 3770 1428 3823 ad
1459 3770 1771 3837 homicidia,
1807 3787 1925 3824 cum
1966 3772 2078 3825 suis

475 3864 718 3934 prwlatis
777 3861 1040 3915 consensit
1079 3863 1355 3934 utriusque
1379 3863 1585 3917 cenobii
1612 3863 1846 3932 familia,
1871 3872 1928 3917 ul
1951 3880 2076 3918 cur-

475 3975 594 4012 sum
627 3975 780 4030 aquce
804 3974 896 4027 per
919 3954 1278 4025 Nivigellense
1305 3956 1567 4024 praedium
1589 3956 1801 4010 haberet
1831 3968 2077 4010 constru-

481 4058 568 4102 cta
598 4067 629 4102 a
665 4045 1048 4101 mansionariis
1079 4046 1276 4098 nostris
1315 4047 1556 4115 officina;
1605 4047 1686 4101 his
1709 4049 1799 4119 qui
1824 4065 1918 4102 suo
1950 4049 2076 4119 jure

479 4148 746 4195 cesserant
800 4138 898 4193 tali
940 4137 1307 4191 vicissitudine
1333 4138 1563 4206 reddita,
1589 4148 1646 4192 ut
1686 4141 1760 4193 eis
1805 4143 1944 4195 inter
1974 4159 2067 4195 no—

478 4241 618 4285 stros
642 4229 966 4284 concedatur
995 4229 1076 4282 uti
1118 4238 1328 4282 mortua
1356 4229 1514 4297 silva,
1561 4240 1609 4284 et
1650 4240 1708 4288 ut
1747 4245 2068 4302 oportunum

2182 3757 2492 3826 largitione,
2527 3775 2674 3816 nunc
2705 3763 2950 3834 possidet
2978 3763 3389 3827 Gemblacensis
3417 3774 3669 3830 aacclesia
3693 3775 3774 3830 sil-

2185 3866 2307 3905 vam
2341 3860 2395 3906 et
2426 3854 2690 3925 quicquid
2732 3856 2876 3928 juris
2908 3873 3101 3916 eorum
3129 3871 3247 3918 erat
3288 3865 3347 3919 in
3393 3867 3593 3923 eadem
3640 3868 3769 3923 vilia.

2183 3939 2295 3998 Deo
2318 3945 2541 4016 gratias.

2553 4103 2696 4159 CUR
2733 4104 3020 4165 DIGITUR
3057 4107 3414 4171 GEMBLUS.

2250 4211 2339 4292 $52.
2379 4235 2638 4297 Gemblus
2693 4241 3084 4316 interpretatur
3147 4267 3352 4321 gemma
3419 4262 3478 4310 et
3542 4257 3767 4327 baculus,

477 4325 641 4395 fuerit
671 4322 895 4378 consilio
919 4332 968 4377 et
997 4321 1204 4376 auxilio
1233 4323 1303 4376 sit
1329 4323 1405 4377 eis
1431 4333 1612 4377 nostra
1635 4325 1851 4379 vicinia.
1876 4327 2070 4382 Actum
2177 4328 2323 4398 quod
2347 4329 2422 4384 ita
2445 4333 2738 4402 exponitur
2769 4354 2782 4389 :
2811 4335 2943 4393 Gem
2981 4341 3210 4412 gciitma,
3235 4343 3369 4401 Blus
3400 4347 3652 4405 baculus.

477 4418 758 4473 dominica:
784 4417 1174 4472 incarnationis
1211 4434 1349 4471 anno
1376 4417 1555 4485 “29°,
1588 4417 1879 4474 indictione
1906 4423 2069 4491 septi-

477 4529 587 4579 ma,
624 4511 880 4567 Lothario
906 4529 1021 4584 rege
1045 4513 1253 4583 imperii
1278 4521 1484 4583 sceptra
1509 4521 1746 4578 tenente;
1779 4509 2068 4583 Godefrido
2144 4539 2150 4546 -

476 4604 796 4659 Lovaniensi
823 4603 1271 4677 Lotharingorum
1293 4606 1444 4672 duce,
1473 4605 1562 4676 qui
1582 4605 1748 4659 etiam
1778 4605 2065 4660 advocatus

475 4708 703 4769 prceerat
733 4700 1008 4771 utriusque
1041 4700 1241 4753 cenobii
1267 4699 1528 4770 familiar;
1568 4697 1822 4752 Heinrico
1848 4699 1912 4753 de
1940 4697 2067 4753 Bir-

479 4792 593 4846 bais
625 4791 880 4846 secundas
905 4794 1018 4863 ejus
1039 4803 1217 4864 partes
1241 4795 1668 4849 amministrante
1693 4792 2067 4866 Nivigellensi-

477 4883 596 4954 bus,
645 4883 922 4939 Bernardo
961 4885 1025 4938 de
1075 4883 1267 4940 Orbais
1321 4883 1820 4952 Gemblacensibus;
1867 4885 2064 4939 domno

2180 4419 2460 4491 Gcmblus,
2488 4441 2704 4495 gemma
2729 4426 2949 4501 decens,
2995 4433 3228 4492 baculus
3269 4439 3415 4494 bona
3470 4443 3612 4499 dans
3639 4442 3766 4499 male

3470 4538 3702 4604 candens,

3470 4538 3653 4592 caedet:

2181 4605 2481 4677 Sustentat,
2523 4614 2719 4682 munit,
2757 4600 2897 4687 quos
2931 4616 3187 4678 Christus
3213 4534 3469 4684 moribug
3508 4554 3684 4697 unit;s

2175 4697 2244 4790 Et
2267 4718 2406 4774 quos
2434 4721 2530 4761 cor
2558 4724 2751 4777 unum,
2775 4725 2917 4783 quos
2940 4729 3106 4773 verus
3131 4733 3290 4774 amor
3313 4719 3448 4778 facit
3473 4741 3663 4790 unum,

2175 4789 2264 4850 Hii
2292 4799 2508 4867 merito,
2539 4813 2769 4864 numero
2789 4818 3063 4879 crescant,
3090 4810 3344 4882 placeant
3367 4831 3593 4888 quoque
3614 4789 3762 4872 Chri-

3346 4905 3481 4981 [sto.
3509 4910 3694 4967 Amen.

1867 4996 2360 5028 bII-hih—

1388 5073 2214 5208 PANEGERICUS
2285 5117 2870 5218 LIBELLUS

887 5255 976 5311 DE
1014 5253 1337 5312 OLBERTO
1372 5257 1662 5314 ABBATE.

480 5350 597 5409 Vox
623 5351 964 5409 consolantis
991 5367 1105 5418 cor,
1134 5351 1248 5412 cari
1272 5361 1446 5407 morte
1468 5352 1704 5409 dolentis
1735 5372 1747 5409 :

548 5444 725 5504 Verus
751 5445 1034 5516 paciﬁcus,
1061 5432 1159 5501 rex
1183 5445 1278 5517 qui
1304 5445 1444 5516 regit
1465 5447 1670 5516 omnia,
1708 5447 1982 5518 Christus,

477 5537 545 5596 Et
562 5539 725 5612 cujus
751 5539 906 5612 pacis
929 5540 1083 5613 regni
1110 5554 1220 5596 non
1251 5548 1335 5597 est
1356 5553 1579 5612 quoque
1612 5542 1758 5611 ﬁnis,

2098 5267 2154 5330 Ι)
2177 5265 2300 5342 Ipse
2329 5267 2474 5330 Deus
2503 5257 2688 5342 verus,
2720 5275 2887 5333 homo
2911 5285 3077 5336 natus
3107 5279 3317 5354 virgine
3339 5297 3527 5350 verus,

2172 5361 2250 5419 De
2278 5366 2484 5424 mundo
2506 5381 2762 5439 sponsam
2790 5371 2914 5442 pius
2940 5372 3244 5428 ecclesiam
3274 5375 3380 5430 sibi
3415 5387 3653 5432 sanctam

2110 5525 2113 5529 ι
2175 5453 2373 5530 Elegit,
2407 5460 2562 5535 virgo
2591 5474 2880 5537 generaret
2902 5477 3024 5537 quae
3054 5467 3161 5523 sibi
3187 5484 3394 5538 sponso

2177 5547 2430 5624 Sanctos,
2459 5556 2556 5628 qui
2584 5558 2697 5615 nati
2728 5560 2956 5628 mundo,
2981 5557 3316 5635 Christoque
3341 5564 3532 5629 renati,

1789 5661 2018 5720 VARUE
2073 5663 2477 5730 LECTIONES.

1789 5665 2018 5720 VARUE
2073 5665 2162 5723 LE
2211 5667 2272 5724 TI
2325 5669 2367 5725 N
2459 5709 2477 5730 .

643 5752 1107 5844 Ritterainit-ialis
1158 5775 1403 5844 versuum
1439 5758 1660 5844 collecta
1701 5762 1780 5816 ita
1821 5763 1977 5819 habet
1999 5781 2016 5820 :
2038 5665 2536 5839 Hosgeciivissus,
2561 5769 2720 5829 Petre
2762 5781 2967 5844 sancte,
2999 5785 3132 5834 tuus
3159 5775 3558 5836 Gadescaleur
3614 5774 3741 5831 CII-

479 5822 624 5896 vigcr
643 5825 785 5882 alme
809 5827 940 5897 poli,
969 5837 1026 5882 tu
1048 5844 1239 5900 precor
1261 5831 1391 5888 huic
1414 5831 1581 5904 aperi.
1621 5832 1814 5890 Amen.
