3908 6316
737 385 842 443 655
1679 425 1708 452 ,
1917 379 2280 436 SIGEBERTI
2314 375 2841 437 GEMBLACENSIS
3793 400 3848 459 ﬁ

740 499 896 558 Uniri
919 499 1141 556 Christo
1180 498 1289 554 nisi
1313 498 1382 553 sit
1410 497 1498 568 pia
1535 497 1864 554 sollicitudo.
2361 497 2410 554 Α
2435 494 2638 560 Abbas,
2667 493 2761 565 qui
2788 501 2974 548 sextus
2995 494 3154 550 nobis
3173 493 3346 553 fuerat
3375 497 3670 574 Thiemarus,

877 591 974 650 Est
995 593 1174 649 honor
1211 601 1471 660 aeternus,
1511 606 1674 661 quem
1720 589 1813 646 dat
1855 589 2000 645 caris
2037 590 2141 645 sibi
2163 588 2328 644 Chri-
2437 587 2526 642 Vir
2551 588 2802 658 simplex,
2833 596 3037 656 rectus,
3068 589 3301 660 patiens,
3326 592 3550 664 humilis,
3569 599 3649 654 tibi
3669 612 3810 673 grain

2135 681 2326 756 [stus.]
2430 679 2638 749 Gloria,
2674 681 2898 748 divitiae,
2927 697 3029 738 ceu
3065 691 3270 754 puncto
3298 685 3502 742 mobilis
3530 687 3654 745 hora:

2125 763 2130 771 ’
2427 773 2750 830 Permutant
2780 774 3055 842 dominos,
3085 789 3223 846 quos
3243 791 3382 832 vano
3411 789 3622 836 scemate
3643 786 3769 841 nudos

735 872 815 928 Ex
840 873 982 944 ipso,
1015 888 1114 942 per
1142 887 1292 939 eum,
1326 886 1423 942 per
1447 886 1610 942 quem
1643 878 1770 925 sunt
1793 869 1976 924 omnia
2010 883 2216 924 rerum.
2428 865 2623 923 Aufert
2653 867 2784 922 huic
2802 867 3010 922 mundo
3048 882 3219 935 mors,
3252 883 3358 923 non
3391 869 3638 940 placabilis
3658 889 3767 931 auro.

734 964 1000 1021 Abbatem
1031 964 1285 1036 quintum
1317 963 1415 1018 tibi
1439 961 1758 1019 defunctum
1788 961 2146 1018 Mathelinum
2427 959 2556 1018 Haec
2575 962 2742 1017 homo
2776 962 2906 1037 dum
2922 963 3120 1030 cernit,
3143 963 3273 1034 quid
3294 971 3432 1019 terra
3447 964 3656 1038 cinisque
3674 972 3847 1040 superbit!

734 1056 847 1114 Cur
880 1057 978 1113 fles
1004 1073 1135 1130 grex
1167 1055 1410 1112 Christi?
1445 1055 1662 1123 Letare,
1697 1056 1844 1127 quod
1885 1056 2033 1111 hunc
2080 1053 2324 1111 habuisti
2427 1049 2569 1119 Quid
2597 1052 2772 1108 cuivis
2805 1052 3006 1122 cupido
3031 1052 3253 1124 prodest
3279 1055 3539 1110 mundana
3559 1058 3735 1128 cupido?

734 1150 1206 1222 Dispensatorem,
1239 1165 1350 1204 non
1382 1135 1501 1206 solo
1533 1150 1756 1206 nomine
1785 1158 1996 1220 patrem
2427 1144 2539 1202 Cur
2569 1147 2751 1202 studet
2773 1147 3004 1215 ambire,
3034 1163 3160 1203 cum
3183 1163 3339 1219 reges
3365 1149 3526 1205 cernit
3553 1150 3688 1219 obire,

733 1243 794 1300 In
822 1261 881 1300 re
904 1243 1206 1312 communi,
1234 1244 1329 1315 qui
1359 1260 1470 1299 non
1499 1244 1602 1299 sibi
1637 1243 1963 1300 commodus
1992 1243 2088 1298 uni
2427 1238 2495 1295 Et
2515 1255 2640 1296 cum
2671 1250 2911 1298 rectores
2944 1256 3096 1298 mors
3118 1241 3316 1313 abripit
3339 1240 3624 1300 inferiores?

735 1336 888 1395 Vixit
912 1337 1030 1394 avis
1053 1353 1198 1405 rara,
1225 1338 1317 1393 sed
1342 1352 1471 1392 raro
1501 1353 1730 1393 munere
1757 1353 1904 1392 cara.
2426 1329 2690 1390 Mundum
2732 1349 2860 1390 cum
2911 1333 3189 1405 linquunt,
3235 1334 3303 1391 de
3349 1336 3536 1393 mundo
3565 1348 3726 1408 sumpta
3751 1340 3840 1394 rei:-

735 1428 864 1500 Ore,
889 1447 1056 1486 manu
1083 1439 1272 1503 gratus
1295 1430 1418 1498 fuit,
1461 1431 1720 1486 omnibus
1751 1431 1936 1486 omnia
1959 1430 2158 1486 factus.
3713 1428 3839 1502 [quat]

734 1523 896 1581 Hunc
922 1540 1139 1580 morum
1169 1525 1430 1596 gravitas,
1461 1523 1588 1578 vitae
1612 1524 1892 1579 decoravit
1921 1523 2211 1592 honestas;
2425 1517 2495 1575 Et
2523 1518 2928 1577 mundanarum
2953 1520 3070 1592 jam
3097 1520 3232 1578 nudi
3259 1521 3569 1590 divitiarum,

737 1615 909 1674 Verus
930 1633 1086 1672 amor
1105 1615 1333 1684 Christi,
1365 1616 1642 1687 splendor,
1674 1615 1853 1671 fervor
1875 1615 1979 1670 fuit
2011 1615 2132 1684 isti,
2428 1610 2628 1670 Secum
2655 1614 2772 1670 sola
2799 1613 2984 1671 ferunt
3024 1616 3191 1684 bona?
3216 1617 3304 1672 vel
3330 1617 3465 1672 mala
3494 1633 3599 1688 qua:
3631 1625 3835 1673 meruerim

731 1707 871 1765 Nam
895 1709 1000 1765 sibi
1029 1708 1300 1777 fervebat,
1325 1708 1618 1780 splendens
1657 1708 1778 1763 aliis
1809 1707 2078 1775 radiabat,
2428 1702 2536 1762 Sed
2557 1705 2687 1762 felix
2709 1707 2842 1776 exit,
2867 1709 2963 1779 qui
2989 1708 3121 1764 dum
3148 1709 3306 1778 vixit,
3335 1709 3466 1765 bene
3493 1709 3622 1765 vixit.

732 1802 1066 1874 Suppositus
1090 1802 1254 1873 lignis
1277 1802 1423 1858 velut
1453 1802 1608 1858 ardet
1633 1810 1687 1856 et
1712 1802 1913 1857 emicat
1935 1801 2114 1871 ignis:
2353 1860 2399 1874 u
2569 1795 2850 1854 Justorum
2882 1814 3132 1868 consors,
3166 1810 3228 1856 ut
3261 1816 3510 1871 penamm
3534 1799 3792 1866 foretexson,

731 1893 800 1950 Et
815 1860 1098 1951 fraternus
1127 1860 1304 1962 amor,
1329 1905 1592 1966 tanquam
1631 1895 1912 1950 radicibus
1943 1860 2108 1950 arbor
2350 1860 2400 1922 Β
2427 1890 2532 1949 Per
2557 1901 2772 1964 portam
2795 1893 2940 1962 vita,
2965 1860 3278 1962 Christum,
3294 1894 3387 1950 sed
3413 1910 3514 1950 non
3537 1893 3704 1950 aliunde

729 1986 864 2042 Fixa
889 1987 1070 2056 bonis,
1098 1987 1338 2044 fructum
1363 1997 1580 2061 gratum
1603 1988 1863 2044 reddebat
1888 1997 1943 2044 et
1969 1996 2174 2059 aptum.
2427 1984 2666 2053 Intrans,
2696 1995 3051 2056 augmentum
3079 1995 3237 2058 pater
3260 1987 3360 2043 hic
3371 1987 3552 2042 meruit
3574 1987 3797 2042 meritorum.

730 2078 896 2136 lstius
916 2095 1049 2135 cura
1077 2089 1225 2136 stant
1247 2097 1371 2152 qua:
1398 2081 1619 2136 fuerant
1640 2081 1879 2149 ruitura,
2425 2077 2631 2150 Nempe
2659 2079 2811 2151 gregi
2835 2078 3042 2136 Christi
3069 2079 3295 2136 servivit
3315 2095 3459 2136 more
3480 2079 3686 2146 ministri,

731 2168 915 2227 Rebus
938 2173 993 2227 in
1018 2172 1265 2230 adversis
1292 2174 1459 2229 turris
1483 2173 1664 2229 fuerat
1693 2175 1853 2244 quasi
1877 2173 2070 2243 fortis;
2425 2170 2786 2245 Correxitque
2809 2173 2886 2244 pii
2907 2173 3046 2230 dans
3074 2174 3333 2246 dogmata
3357 2188 3498 2230 more
3529 2173 3728 2244 magistri,

730 2259 935 2319 Vivens
967 2264 1222 2334 discrete,
1263 2281 1466 2321 curans
1494 2266 1737 2321 curanda
1760 2267 2024 2322 modeste.
2428 2263 2500 2322 Se
2527 2264 2693 2320 studii
2717 2263 2954 2320 formam
2976 2265 3252 2337 praebens,
3277 2266 3399 2322 vita:
3423 2281 3610 2337 quoque
3626 2275 3794 2319 normam.

729 2353 940 2411 Prefuit
967 2356 1068 2413 iste
1091 2360 1283 2430 gradu,
1311 2368 1392 2415 set
1421 2368 1570 2415 recto
1593 2359 1802 2430 profuit
1821 2370 1965 2417 actu.
2425 2356 2672 2413 Moribus
2700 2357 2914 2424 inculti,
2944 2357 3040 2412 tali
3063 2359 3168 2414 sub
3193 2373 3409 2415 vomere
3435 2357 3567 2424 culti,
3662 2387 3666 2394 -

727 2446 902 2506 Justis
923 2451 1096 2506 adniti
1119 2461 1283 2508 norat
1311 2453 1606 2524 pravisque
1632 2454 1812 2509 reniti.
2424 2451 2693 2510 Ornatum
2717 2467 2935 2507 morum
2963 2451 3293 2524 fructusque
3329 2451 3519 2507 dabant
3540 2449 3775 2512 animam;

729 2539 964 2599 Immitis
989 2545 1200 2612 mitem,
1231 2545 1327 2600 sed
1358 2553 1412 2600 et
1442 2546 1735 2615 impatiens
1754 2547 2050 2618 patientem
2423 2543 2567 2601 Justi
2596 2544 2691 2616 qui
2717 2543 2954 2612 fuerant,
2987 2543 3290 2617 cum‘justo
3311 2543 3636 2617 proﬁciebant.

731 2633 1028 2694 Mirabatur
1062 2653 1210 2706 eum,
1241 2637 1346 2694 sibi
1377 2655 1689 2710 proponens
1724 2641 2074 2698 imitandum.
2428 2639 2716 2710 Stringens
2740 2638 2955 2708 spiritui
2990 2654 3050 2694 se
3090 2638 3354 2712 compede
3382 2635 3612 2710 spirituali

729 2725 928 2784 Dioens
955 2728 1186 2786 dicenda
1217 2728 1539 2800 faciensque
1564 2732 1716 2800 prior
1737 2730 1990 2789 facienda

728 2815 934 2874 Vitavit
957 2821 1196 2892 culpam,
1221 2822 1440 2877 laudem
1469 2823 1672 2878 meruit
1703 2824 1807 2879 sibi
1829 2827 2081 2883 multam.

726 2905 894 2965 Panis
920 2911 1154 2966 meroris
1184 2910 1290 2966 fuit
1317 2912 1446 2967 huic
1483 2921 1759 2984 potusque
1779 2914 1986 2972 doloris

727 2998 927 3056 Carnis
963 3000 1200 3056 claustra
1224 3003 1358 3072 pati,
1383 3001 1589 3059 differri
1612 3018 1714 3060 nec
1734 3007 1939 3063 sociari

728 3095 968 3165 Christo,
994 3097 1153 3169 cujus
1177 3115 1334 3155 amor
1359 3101 1464 3156 sibi
1495 3108 1627 3158 tunc
1656 3110 1783 3161 erat
1816 3105 2045 3164 intimus
2065 3105 2248 3164 ardor.

726 3188 796 3246 Et
819 3199 1022 3245 terram
1053 3198 1213 3247 terrae
1234 3192 1491 3260 reddens,
1519 3194 1768 3258 animam
1790 3199 1892 3254 tibi
1920 3198 2160 3270 Christe,
2350 3220 2392 3277 α
2426 3201 2568 3259 Vera
2605 3201 2800 3268 refers,
2831 3202 3025 3274 paucis
3054 3201 3428 3273 perstringens
3452 3197 3638 3270 plurim:
3657 3189 3778 3246 verbis
3844 3257 3845 3270 χ

724 3282 932 3340 Mundo
957 3285 1294 3353 subtractus,
1326 3286 1527 3342 letatur
1551 3304 1683 3359 pars
1712 3293 1810 3348 tua
1833 3291 2032 3362 factus,
2423 3294 2579 3354 Justa
2603 3295 2830 3366 docens,
2866 3295 3071 3368 injusta
3095 3309 3322 3364 cavens,
3348 3301 3488 3366 pater
3531 3290 3601 3346 hic
3637 3286 3730 3342 bona
3754 3291 3817 3333 sua-

725 3373 887 3432 Bune
908 3376 1032 3432 vita;
1056 3375 1267 3449 fragilis
1299 3377 1346 3432 si
1372 3394 1517 3434 noxa
1546 3388 1697 3438 tenet
1719 3385 1968 3443 venialis.
3681 3375 3783 3450 [ἀωίι

2423 3483 2542 3540 Hoc
2575 3484 2762 3542 studio
2785 3484 2978 3552 erevit,
3009 3491 3224 3557 gratus,
3251 3479 3613 3555 spernendaque
3631 3467 3773 3543 sprevit;

655 755 662 760 I
735 779 1029 851 Nunquam
1059 778 1293 847 deficiet,
1323 778 1452 849 quia
1485 777 1809 834 sufﬁcientia
1835 777 1926 832 fiet

2429 2731 2500 2788 Se
2528 2731 2628 2788 tibi
2657 2730 2892 2802 subjecit
2914 2730 3076 2788 lhesu
3097 2731 3171 2764 ⁷⁸³
3207 2746 3521 2802 carnemque
3545 2726 3713 2800 subegit,

2425 2826 2578 2883 Illam
2605 2824 2822 2897 spiritui
2846 2840 3132 2897 nunquam
3157 2841 3359 2898 passus
3389 2822 3638 2889 dominari,

2425 2919 2570 2989 Quin
2600 2923 2784 2991 potius
2810 2921 2968 2980 subdi
2997 2919 3228 2993 cogebat
3247 2930 3303 2976 et
3327 2917 3594 2983 extenuari,

2428 3012 2521 3072 Sic
2547 3017 2724 3089 magis
2753 3015 3028 3072 imbellem
3054 3015 3284 3085 cupiens
3321 3027 3476 3085 quam
3500 3009 3611 3066 ferre
3627 3003 3794 3063 rebellant

2426 3107 2554 3167 Haec
2584 3109 2689 3166 sibi
2718 3109 2942 3177 dicenti,
2971 3107 3107 3163 dicit
3130 3123 3266 3180 grex
3301 3107 3423 3163 talia
3442 3102 3610 3160 Christi
3640 3119 3651 3154 :

725 3465 866 3523 Nam
894 3467 1053 3525 viciis
1081 3484 1242 3524 nemo
1267 3469 1384 3525 sine
1419 3472 1704 3548 nascitur,’
1723 3486 1808 3534 est
1827 3479 1950 3534 sine
1971 3494 2152 3536 nemo.

724 3558 931 3617 Christi
960 3577 1091 3632 grex
1121 3577 1238 3630 ora,
1264 3564 1516 3633 precibus
1543 3565 1728 3626 delere
1755 3571 1963 3627 labora.
2426 3577 2525 3635 Hic
2544 3593 2762 3634 morum
2784 3577 2994 3634 meritis
3031 3577 3101 3633 ad
3123 3592 3270 3633 onus
3290 3582 3546 3648 promotus
3563 3562 3730 3623 honoris,

723 3650 882 3710 Votis
910 3655 1117 3724 placari
1138 3656 1257 3711 vult
1286 3654 1564 3725 Christus,
1589 3659 1822 3734 vultque
1847 3666 2068 3737 rogari;
2423 3669 2717 3728 Intendeus
2740 3672 2896 3728 oneri
2925 3671 3404 3743 superintendebat
3424 3665 3604 3731 honori,

723 3744 844 3816 Εδῑν
877 3763 1005 3805 cum
1036 3750 1108 3805 δίε
1145 3750 1354 3820 ἱυεῑυεν
1389 3751 1546 3821 Pius;
1591 3747 1686 3812 est
1718 3757 2002 3829 ignoscere
2049 3769 2299 3830 promtus
2425 3763 2962 3837 Remquedecusque
2980 3742 3148 3822 dabat
3166 3767 3292 3836 sibi,
3311 3763 3444 3836 quod
3465 3742 3837 3834 prudentem!”

865 3840 977 3898 Hec
1009 3842 1114 3898 sibi
1147 3842 1351 3898 dicenti
1382 3843 1515 3899 dicit
1545 3861 1686 3920 grex
1706 3850 1835 3905 talia
1865 3850 2070 3908 Christi
2103 3872 2115 3907 :
2425 3855 2496 3913 Ut
2516 3866 2750 3928 tempus,
2782 3857 3048 3929 probitas,
3077 3874 3190 3927 res,
3217 3873 3310 3916 seu
3348 3853 3568 3929 poscebat
3593 3848 3767 3903 honestis-

729 3932 887 3999 Ουοά
920 3934 1122 3988 suades
1149 3932 1369 4002 faCiam,
1399 3951 1510 3990 rem
1533 3937 1662 4012 jure
1690 3958 1882 3998 mones
1929 3945 2058 4015 quia
2087 3945 2318 4016 justam.
2494 3949 2735 4008 Justiciae
2765 3951 2946 4007 cultor
2965 3949 3088 4019 fuit,
3120 3952 3256 4008 hinc
3281 3948 3514 4006 inimicus
3541 3951 3585 3998 et
3605 3938 3703 3995 ultor

726 4023 966 4141 meras
1006 4027 1293 4097 culparum
1333 4036 1500 4085 tetras
1526 4034 1786 4105 princeps
1817 4037 2166 4096 tenebrarum
2421 4043 2636 4099 Peccati
2661 4044 2911 4115 pedicam
2935 4059 3045 4100 non
3078 4044 3358 4100 inveniens
3387 4037 3630 4097 inimicam.
3674 4117 3692 4141 λ
3829 4081 3831 4141 ἱ

776 4131 841 4141 Α..
897 4118 1005 4141 -..2-
1061 4135 1167 4141 --λ-
1197 4120 1400 4141 _-_,._.!-
1440 4121 1484 4141 Δ.
1512 4125 1534 4141 ιι
1645 4127 1678 4141 ,ι
1767 4127 1779 4139 ο
1965 4139 1970 4141 .
2006 4131 2019 4141 ι
2135 4131 2145 4141 .
2429 4135 2479 4141 ..-
2514 4137 2530 4141 _
2825 4138 2838 4141 _
3089 4137 3104 4141 _
3522 4129 3534 4141 ι
3613 4135 3668 4141 ,--
3695 4124 3726 4141 ,ο

722 4114 845 4210 Non
877 4117 1028 4184 Ῑὶυίο,
1061 4135 1172 4173 non
1197 4120 1404 4176 nostris
1431 4121 1734 4195 defunctis,
1765 4127 1976 4200 ingerat
2004 4131 2209 4200 hostis;
2425 4135 2484 4192 Si
2505 4114 2920 4206 ferusaccedat,
2943 4154 3043 4194 sua
3073 4137 3311 4210 dampna
3336 4129 3564 4208 gemenda

1017 4179 1026 4184 .
1451 4179 1464 4183 -
1765 4179 1976 4200 μνη-
2004 4179 2209 4200 ---π-υ,
2425 4179 2484 4192 υ.
2505 4179 2656 4194 ..ηπ
2677 4179 2920 4206 “mum,
2943 4179 3043 4194 υς...
3073 4179 3200 4194 ναι..
3243 4179 3311 4194 ι...
3336 4179 3560 4208 ,μυ----π
3587 4179 3618 4180 ρ

726 4207 834 4266 Sed
899 4212 972 4266 sit
1028 4212 1108 4268 eis
1154 4215 1391 4285 requies,
1451 4219 1522 4275 sit
1568 4220 1661 4276 lux
1719 4238 1818 4294 per
1873 4226 2052 4281 secula
2103 4243 2317 4298 perpes.
2421 4227 2523 4287 Hic
2546 4230 2693 4286 vivat
2726 4232 2943 4299 melius,
2969 4231 3153 4288 fuerat
3176 4179 3266 4288 eiii
3287 4231 3454 4286 vivere
3476 4221 3680 4280 Christus.

2075 4317 2320 4394 [Amen-1
2776 4324 2866 4379 DE
2905 4308 3304 4381 LlET'HARDO
3336 4315 3584 4378 ABBATE.

1075 4397 1166 4500 DE}
1205 4396 1618 4500 THIETMsno
1666 4406 1959 4464 ABBATE.
2323 4485 2328 4500 ,
2421 4414 2542 4472 Vox
2566 4417 2903 4474 consolantis
2931 4434 3047 4486 cor,
3075 4418 3194 4474 cari
3222 4425 3390 4474 morte
3413 4406 3636 4470 dolentis:

718 4486 831 4545 Vos
860 4491 1200 4547 consolantis
1232 4507 1357 4564 cor,
1386 4497 1500 4552 cari
1531 4508 1708 4558 morte
1731 4501 1968 4558 dolentis
2003 4521 2016 4558 :
2323 4486 2384 4582 '_
2490 4506 2635 4564 Nulli
2665 4513 2962 4582 perpetuus
3006 4511 3403 4567 mundanarum
3433 4503 3566 4560 datur
3587 4503 3678 4549 usus
3734 4571 3740 4581 ι

859 4582 1074 4655 Anceps
1090 4595 1174 4641 est
1194 4588 1464 4658 mundus,
1489 4606 1732 4664 praeceps
1752 4593 1932 4650 ﬂuitat
1959 4596 2064 4652 sibi
2085 4613 2310 4670 cursus;
2343 4575 2396 4638 Β
2421 4575 2824 4669 Βθινιιωίευίη
2844 4603 3021 4672 oneri,
3050 4619 3177 4675 qua:
3202 4611 3328 4660 sunt
3347 4599 3409 4656 ad
3438 4575 3752 4664 lemllusm

3817 4273 3827 4464 Ι

3817 4464 3825 4725 ι

717 4671 904 4730 Rebus
929 4677 1226 4733 mundanis
1262 4681 1568 4738 miscentur
1597 4684 1776 4741 tristia
1805 4687 1954 4756 letis,

719 4763 1140 4840 Succeduntque
1182 4772 1314 4840 sibi,
1348 4775 1477 4844 quia
1505 4775 1587 4830 sic
1615 4778 1789 4832 currit
1815 4787 1933 4834 rota
1956 4781 2164 4837 mundi.

716 4855 926 4913 Her‘ens
947 4859 1218 4934 instabili,
1249 4866 1435 4922 nullus
1471 4869 1673 4937 poterit
1699 4872 1952 4928 stabiliri.

717 4947 942 5006 Transit
970 4967 1096 5007 cum
1125 4958 1357 5026 mundo,
1387 4960 1481 5030 qui
1510 4975 1621 5017 non
1658 4963 1796 5020 bene
1821 4965 1951 5020 vivit
1977 4967 2032 5021 in
2058 4967 2166 5024 illo.

716 5040 823 5109 Qui
855 5043 1104 5114 sequitur
1129 5042 1382 5116 Jhesum,
1408 5049 1535 5106 felix
1565 5065 1863 5129 conregnat
1891 5058 1944 5112 in
1966 5075 2162 5115 mvum.

715 5134 784 5190 Et
807 5135 933 5206 quis
961 5151 1089 5192 eum
1119 5141 1406 5214 sequiturj?
1425 5143 1528 5211 Qui
1559 5158 1741 5205 mente
1779 5167 2015 5222 sequens
2045 5153 2308 5212 imitatur.

713 5230 772 5285 1n
801 5231 968 5286 rebus
1003 5233 1202 5289 mundi
1241 5250 1369 5305 spes
1388 5247 1471 5294 est
1491 5239 1699 5297 incerta
1723 5244 1928 5314 futuri;

714 5327 916 5386 Multos
939 5330 1060 5400 ipsa
1090 5337 1278 5389 tamen
1307 5336 1452 5407 cogit
1479 5339 1722 5408 perferre
1755 5343 2022 5415 laborem,

715 5423 992 5480 Incertum
1022 5423 1214 5494 ﬁnem,
1243 5438 1453 5485 certum
1484 5434 1761 5502 prehendo
1790 5439 2058 5497 laborem.

859 5517 1054 5592 Migrat
1077 5519 1153 5577 ab
1183 5521 1288 5579 hac
1311 5523 1425 5580 vita
1446 5523 1600 5596 felix,
1630 5530 1718 5584 cui
1743 5532 1814 5588 sit
1843 5534 1931 5590 via
1959 5536 2070 5591 vita

716 5610 991 5682 Christus,
1033 5612 1242 5690 quique
1258 5617 1404 5675 viam
1431 5621 1616 5688 talem,
1649 5627 1852 5681 meruit
1873 5643 2092 5701 quoque
2114 5630 2302 5688 vitam.

719 5701 940 5772 Christe
965 5705 1139 5783 viam,
1164 5720 1327 5769 Vitam
1369 5721 1423 5771 te
1450 5717 1892 5802 promeruit‘sibi
1916 5737 2097 5779 veram

2035 5817 2271 5878 VARUE
2311 5818 2715 5879 LECTIONES.

787 5901 858 5934 ’⁸⁸
879 5901 913 5960 ὑ
936 5904 1367 5967 superscr-imum.

2411 5159 2590 5218 Mente
2618 5160 2728 5216 frui
2755 5160 3000 5229 Christo,
3031 5161 3234 5217 mundo
3259 5155 3450 5214 meritis
3475 5151 3675 5219 superato.

2421 4691 2608 4749 Mundi
2639 4703 3001 4765 contemptor,
3033 4693 3163 4750 felix
3195 4691 3502 4750 mercabitur
3528 4685 3681 4749 emptor

2417 4784 2528 4842 Pro
2549 4786 2700 4858 gazis
2731 4786 2942 4853 mundi,
2977 4801 3140 4858 gazas
3167 4795 3221 4842 et
3247 4783 3429 4857 gaudia
3447 4777 3558 4841 celi;

2415 4877 2646 4950 Emptor
2665 4879 2770 4935 erit
2799 4877 2950 4947 felix,
2974 4889 3030 4935 et
3051 4877 3394 4935 commutatio
3418 4872 3524 4928 felix
3690 4946 3698 4955 .

2417 4971 2551 5040 Quae
2577 4973 2724 5029 dabit
2746 4973 2999 5044 emptori,
3027 4974 3173 5045 quod
3202 4973 3251 5030 ei
3281 4972 3348 5029 sit
3374 4978 3554 5036 semper
3569 4960 3726 5015 honori-

3803 4725 3821 5112 Ι

3676 5228 3721 5281 lus

3676 5522 3702 5561 ς.

3676 5693 3748 5746 dus.

2415 5065 2663 5124 Caelestis
2689 5066 2879 5137 patriae
2902 5068 3182 5124 concivem
3212 5066 3410 5124 civibus
3429 5073 3547 5122 esse.

2484 5254 2687 5311 Pistica
2711 5270 2810 5311 ceu
2833 5228 3038 5310 nardus
3059 5255 3306 5312 redolens
3334 5251 3481 5307 abbas
3499 5228 3721 5298 Uetltardlli

2417 5349 2693 5421 Septimus
2718 5350 2970 5418 accessit,
3002 5349 3097 5422 qui
3123 5349 3269 5404 nullo
3295 5343 3484 5402 turbine
3507 5330 3643 5394 cessit,

2414 5442 2559 5510 Qnin
2584 5451 2773 5514 pastor
2793 5459 2977 5512 verus,
3003 5443 3186 5515 pravis
3212 5441 3410 5497 ratione
3433 5440 3608 5491 severus
3664 5509 3672 5519 ι

2414 5536 2595 5605 Esset,
2637 5537 2941 5594 mansuetis
2978 5546 3312 5603 mansuetus,
3345 5538 3506 5606 gratus
3522 5520 3702 5579 hones“-

2412 5629 2535 5688 Non
2587 5631 2782 5705 honor,
2820 5631 2950 5688 huic
2993 5632 3090 5691 sed
3144 5645 3280 5690 onus
3332 5625 3438 5697 fuit,
3470 5614 3748 5765 animum“:
