3908 6316
507 338 615 398 685

1675 335 2040 399 SlGEBERTI
2077 332 2606 395 GEMBLACENSIS

3705 337 3801 396 hu

505 456 750 517 etoldum
777 457 1082 515 etinatrem
1111 456 1441 530 Osburgam,
1471 471 1661 513 omnes
1686 457 1781 527 qui
1805 457 1970 528 hujus
2001 472 2100 511 an-
2121 457 2176 525 Α
2203 461 2306 508 cet.
2335 449 2617 522 Siquidem
2647 446 2910 504 fratribus
2937 445 3060 519 ejus
3085 447 3154 504 de
3183 447 3423 506 carnalis
3448 451 3803 522 posteritatis

504 551 782 626 tiquitatis
805 552 1042 608 retinent
1069 552 1319 609 notitiam
1346 595 1361 621 ,
1400 550 1641 607 fatentur
1682 551 1900 622 longam
1952 550 2093 604 anti-

501 663 630 721 qua
692 646 1082 703 nobilitatism
1129 647 1366 703 traxisse
1411 646 1632 702 lineam.
1699 643 1872 700 Porro
1917 652 2094 698 mater

501 740 626 812 ejus
653 737 906 812 Osburga
940 740 1174 796 abutens
1194 741 1264 773 ⁸¹⁰
1293 740 1592 811 apostolica
1621 738 1954 808 indulgentia
1983 752 2091 808 qua

501 832 703 889 dicitur
731 849 747 889 :
779 832 973 888 Melius
1002 843 1078 889 est
1109 833 1298 888 nubere
1323 849 1480 905 quam
1510 832 1594 887 uri
1626 830 1682 903 (1
1719 832 1844 887 Cor.
1873 848 1948 885 vu
1967 873 1982 898 ,
2010 830 2086 902 9),

497 934 627 997 post
651 934 884 982 mortem
913 926 1199 997 prioristm
1227 927 1410 981 mariti
1437 925 1666 981 Lietoldi
1689 925 1756 980 de
1780 939 1890 995 quo
1912 937 2092 980 susce-

497 1023 658 1087 perat
676 1015 942 1071 domnum
969 1014 1309 1072 Wicbertum
1331 1025 1384 1071 et
1403 1014 1707 1072 Renuidem
1735 1015 1854 1084 ejus
1876 1027 2091 1084 germa--

496 1122 631 1164 nam
652 1149 669 1177 ,
699 1108 832 1164 dum
863 1109 1107 1180 gaudens
1132 1110 1424 1182 poligamia
1451 1152 1465 1177 ,
1501 1108 1758 1174 secundi,
1797 1107 1944 1162 tertii
1970 1148 1985 1172 ,
2036 1113 2091 1160 et

495 1200 666 1255 etiam
701 1201 884 1272 quarti
908 1202 1095 1257 mariti
1124 1217 1233 1257 non
1269 1202 1474 1257 refutat
1503 1202 1785 1272 copulam,
1809 1217 1874 1254 ex
1900 1198 2089 1252 multis

495 1292 714 1348 maritis
742 1295 952 1364 prolem
989 1295 1177 1366 genuit
1205 1310 1558 1350 numerosam
1583 1335 1598 1362 ,
1620 1293 1892 1348 llellinum
1936 1290 2087 1347 scili-

496 1392 614 1452 cet,
641 1383 1058 1454 Oilbaldumm,
1089 1379 1464 1459 Raginardum
1481 1430 1494 1455 ,
1528 1387 1733 1441 Dodam
1757 1428 1770 1453 ,
1797 1393 1975 1457 preter
1993 1400 2089 1440 eos

493 1490 736 1546 quorum
767 1477 994 1532 nomina
1023 1478 1359 1534 oblitteravit
1385 1477 1610 1533 oblivio.
1644 1476 1890 1543 Quorum
1927 1475 2090 1545 longe

491 1565 712 1638 lateque
734 1568 1036 1639 pullulante
1055 1572 1314 1642 prosapia
1336 1613 1350 1638 ,
1381 1587 1440 1627 se
1473 1586 1628 1641 paene
1676 1578 1846 1624 totam
1891 1567 2086 1638 repleri

491 1666 548 1714 et
570 1660 848 1716 nobilitari
871 1660 1072 1734 gaudet
1100 1662 1475 1735 Lotharingia.
1504 1661 1786 1733 Siquidem
1809 1677 1875 1716 ex
1894 1675 2088 1731 prosa-

491 1752 598 1828 piae
619 1755 1014 1810 numerositate
1043 1756 1392 1811 accrescebat
1421 1755 1708 1826 potestatis
1751 1753 2083 1820 eminentia;

489 1857 559 1898 ex
588 1844 1002 1914 possessionum
1027 1847 1428 1917 multiplicitate
1449 1863 1634 1902 rerum
1667 1846 1918 1901 aflluebat
1945 1861 2084 1916 opu-

491 1932 662 1990 lentia
683 1977 698 2003 ,
727 1951 824 2006 per
847 1952 987 2008 quas
1018 1937 1290 1992 cumulari
1311 1937 1382 1969 ⁸¹³
1411 1946 1466 1992 et
1491 1937 1721 2008 provehi
1755 1937 1893 1992 solet
1919 1953 2084 1992 mun-

491 2022 649 2080 datue
676 2025 978 2082 nobilitatis
1007 2028 1271 2098 potentia.
1302 2026 1419 2083 Hoc
1450 2035 1632 2082 tamen
1681 2027 1735 2082 in
1789 2043 1946 2083 servo
1987 2027 2084 2083 Dei

490 2116 679 2172 nullus
708 2118 874 2174 ducat
909 2120 1045 2176 satis
1068 2120 1414 2192 praedicabile
1437 2163 1451 2188 ,
1479 2137 1605 2176 cum
1633 2121 1937 2176 secundum
1980 2121 2079 2176 do-

487 2210 750 2266 minicam
778 2227 970 2268 vocem
1022 2230 1125 2268 non
1152 2215 1210 2268 in
1241 2215 1577 2269 abundantia
1602 2215 1934 2285 {cujusquam
1973 2215 2083 2268 vita

485 2302 600 2372 ejus
615 2303 686 2336 ω
713 2315 869 2360 estea:
889 2305 970 2360 his
993 2323 1110 2378 qua:
1131 2307 1363 2378 possidet
1385 2306 1540 2380 (Luc.
1569 2324 1666 2376 xu,
1682 2307 1792 2379 15),
1811 2315 1864 2363 et
1885 2323 2082 2363 secun-

489 2395 622 2451 dum
645 2399 956 2468 apostolum
983 2441 999 2468 ,
1032 2416 1135 2455 non
1160 2409 1239 2455 est
1279 2418 1625 2472 personarum
1656 2403 1891 2472 acceptio
1939 2402 2082 2472 apud

486 2485 657 2542 Deum
687 2489 826 2558 (Col.
857 2507 951 2559 nr,
978 2491 1094 2563 25).
1125 2491 1231 2546 Sed
1257 2493 1363 2549 hoc
1399 2493 1453 2548 in
1479 2509 1545 2549 eo
1575 2493 1741 2550 nimis
1769 2493 1929 2549 debet
1957 2510 2080 2550 esse

487 2585 1124 2658 commendabileyquia
1174 2602 1299 2643 cum
1338 2586 1546 2644 Veritas
1594 2589 1740 2645 dicat
1775 2609 1787 2642 :
1831 2587 2078 2642 Facilius

483 2683 561 2729 est
598 2677 856 2733 camelum
885 2696 979 2754 per
1001 2679 1244 2750 foramen
1270 2698 1397 2735 acus
1421 2683 1648 2735 transire
1673 2698 1832 2752 quam
1861 2681 2078 2736 divitem

482 2766 542 2820 in
582 2783 799 2839 regnum
845 2757 1098 2826 cazlorum
1128 2773 1332 2827 intrare
1378 2772 1598 2844 (Matth.
1640 2791 1764 2840 XIX,
1817 2773 1943 2846 ‘24),
1989 2773 2078 2829 hic

481 2863 748 2929 tanquam
793 2861 942 2932 gibbi
992 2863 1210 2919 sarcina
1244 2879 1411 2935 super
1448 2867 1790 2921 excrescenti
1847 2875 2078 2922 terrenae

481 2949 787 3008 nobilitatis
812 2962 866 3008 et
900 2952 1180 3012 facultatis
1201 2957 1452 3028 deposito
1480 2966 1720 3027 tumore,
1746 2959 1852 3016 hoc
1899 2960 2077 3015 homi-

482 3056 620 3098 num
649 3045 989 3118 impossibile
1014 3064 1112 3119 per
1136 3065 1368 3121 pronam
1392 3053 1564 3107 animi
1598 3053 1944 3109 voluntatem
1987 3071 2076 3110 re-

479 3133 628 3207 degit
648 3138 716 3192 ad
742 3139 1019 3208 possibile.

549 3226 683 3282 2.”
715 3227 815 3285 Hic
859 3231 1192 3303 ergojustus
1224 3233 1500 3305 plantatus
1541 3247 1595 3293 et
1651 3238 1776 3295 fidei
1815 3238 2074 3294 firmitate

477 3319 760 3378 radicatus
783 3322 841 3379 in
863 3323 1029 3380 domo
1056 3324 1306 3397 Domini,
1333 3329 1447 3400 jam
1465 3331 1591 3386 inde
1616 3348 1646 3387 a
1673 3333 1879 3388 teneris
1905 3333 2071 3389 annis

477 3408 646 3468 flores
673 3412 938 3469 virtutum
966 3417 1216 3474 emittere
1264 3420 1430 3490 coepit
1472 3421 1527 3475 in
1561 3423 1716 3479 atriis
1743 3425 1941 3480 domus
1973 3423 2072 3478 Dei

478 3503 682 3571 nostri;
736 3506 985 3564 eminens
1031 3517 1091 3564 ut
1141 3510 1325 3580 palma
1384 3511 1670 3570 altitudine
1724 3515 2069 3584 nobilitatis,

478 3601 648 3665 utque
704 3597 900 3655 cedrus
955 3598 1148 3656 Libani
1221 3602 1671 3672 multiplicandus
1732 3608 2073 3663 suaveolenti

475 3685 727 3744 ubertate
754 3692 1082 3749 sanctitatis.
1114 3692 1497 3766 At'postquam
1540 3697 1607 3753 de
1642 3698 1872 3754 floribus
1916 3700 2074 3756 bonae

473 3779 595 3849 ejus
626 3781 826 3840 indolis
867 3786 1220 3856 pulchritudo
1263 3796 1318 3842 et
1364 3789 1550 3844 suavis
1581 3790 1718 3846 odor
1763 3791 1982 3861 pietatis
2013 3807 2073 3849 se

471 3868 638 3946 longe
666 3875 885 3948 lateque
906 3877 1126 3948 effudit,
1156 3888 1224 3934 "et
1249 3889 1494 3952 tempore
1529 3883 1694 3953 primi
1722 3884 1794 3916 ⁸η
1829 3882 2070 3941 Heinrici

470 3964 699 4035 gloriosi
719 3975 774 4022 et
799 3968 1081 4026 victoriosi
1103 3972 1248 4042 regis
1276 3973 1334 4027 in
1357 3972 1638 4030 fructuum
1674 3991 1918 4047 gemmas
1940 3993 2070 4032 eru-

470 4054 584 4124 pit,
622 4057 843 4113 tandem
870 4060 1016 4115 circa
1044 4069 1286 4133 tempora
1315 4062 1532 4122 Ottonis
1560 4066 1723 4137 primi
1743 4067 1900 4138 quasi
1927 4069 2070 4124 oliva

469 4145 758 4205 fructifera
794 4151 850 4205 in
873 4153 1036 4210 domo
1063 4153 1280 4211 Domini
1306 4157 1544 4215 ubertim
1571 4166 1944 4217 maturescere
1964 4176 2072 4217 ca:-

473 4240 574 4310 pit.
597 4238 788 4308 Qualis
823 4253 1005 4300 autem
1027 4263 1124 4318 per
1155 4249 1334 4319 prima
1374 4251 1551 4308 aetatis
1581 4251 1918 4308 incrementa
1949 4254 2069 4325 ejus

471 4331 584 4388 vita
617 4331 802 4404 fuerit,
834 4351 944 4393 non
973 4347 1059 4394 est
1079 4339 1488 4398 discutiendum
1510 4345 1672 4400 nobis
1693 4344 1785 4400 “7.
1813 4341 1950 4400 Nam
1975 4362 2070 4407 su:

467 4424 678 4496 perfluo
700 4426 769 4484 de
798 4431 997 4487 arbore
1018 4434 1284 4506 quaeritur
1309 4437 1491 4507 qualis
1514 4437 1586 4493 sit
1616 4437 1772 4493 radix
1801 4439 1922 4509 ejus
1946 4454 2070 4509 quae

2194 552 2461 616 proventu
2497 542 2884 615 c0gitantibus,
2918 542 3070 598 solus
3101 552 3304 600 sanctae
3324 543 3642 614 [memoriae
3697 544 3802 614 W1:

2195 637 2494 694 cbertus‘”
2507 635 2804 709 spiritualis
2822 635 3189 707 generationis
3199 636 3426 692 heredes
3449 637 3796 708 suspirabat;

2193 729 2331 786 bene
2353 730 2598 786 monitus
2623 729 2693 785 ab
2713 729 2960 800 apostolo
2997 749 3008 784 :
3041 727 3146 795 Qui
3165 729 3278 784 sine
3298 746 3466 785 uxore
3490 740 3572 784 est
3599 733 3801 802 cogitat

2193 843 2309 897 quae
2329 825 2545 878 Domini
2566 833 2687 878 sunt
2708 867 2723 891 ,
2751 823 3012 896 quomodo
3042 823 3249 894 placeat
3293 823 3405 878 Deo
3436 824 3496 895 (I
3525 825 3670 881 Cor.
3703 844 3797 893 ru,

2194 916 2305 987 52).
2327 915 2450 971 ideo
2471 915 2537 970 de
2561 914 2894 986 patrimonio
2922 930 3025 971 suo
3050 931 3162 970 non
3177 916 3416 986 quesivit
3434 917 3700 972 carnalis
3720 934 3799 972 co-

2192 1005 2333 1076 pulae
2363 1019 2622 1075 sponsam
2657 1003 2846 1060 dotare
2868 1045 2883 1071 ,
2917 1004 3014 1060 sed
3046 1012 3278 1060 matrem
3303 1020 3462 1061 suam
3485 1005 3795 1061 περιθείη

2192 1099 2356 1153 unico
2379 1097 2576 1153 affectu
2597 1097 2926 1168 ditare,quae
2946 1097 3052 1153 sibi
3067 1112 3179 1152 non
3201 1096 3400 1154 fratres
3417 1099 3576 1154 brevi
3615 1100 3792 1154 victu-

2191 1203 2285 1243 ros
2306 1189 2477 1243 aleret
2502 1187 2669 1242 immo
2691 1188 2934 1244 caelestis
2954 1187 3236 1245 ﬁliationis
3262 1189 3474 1260 prolem
3506 1206 3794 1262 nunquam

2191 1280 2516 1335 morituram
2550 1288 2774 1352 augeret
2794 1323 2808 1347 ,
2837 1296 3133 1354 quam-nec
3157 1297 3287 1338 cum
3310 1281 3506 1339 dolore
3532 1293 3793 1353 pareret,

2191 1390 2293 1430 nec
2308 1391 2433 1430 cum
2461 1376 2647 1431 dolore
2662 1376 2958 1444 amitteret,
2983 1377 3077 1434 sed
3095 1394 3220 1449 quae
3243 1394 3369 1434 cum
3392 1381 3652 1436 πίει-ιιιιὶ
3679 1397 3798 1452 gau-

2191 1470 2281 1525 dio
2306 1469 2416 1526 filio
2449 1469 2544 1525 Dei
2567 1469 2985 1527 cohereditu'et.
3014 1470 3285 1528 Militabat
3317 1473 3543 1528 interim
3587 1474 3793 1529 mundo

2191 1561 2537 1632 specietenus
2565 1603 2580 1626 ,
2612 1562 2708 1618 sed
2730 1571 2999 1622 quantum
3031 1563 3346 1634 patiebatur
3371 1565 3544 1636 hujus
3588 1567 3792 1637 negotii

2190 1670 2346 1722 usus,
2378 1671 2411 1710 a
2443 1654 2652 1710 militiae
2681 1655 2831 1711 vitiis
2859 1664 2979 1712 erat
3005 1665 3325 1712 extraneus.
3363 1656 3432 1713 Et
3471 1672 3544 1712 ne
3569 1673 3790 1713 curram

2189 1763 2286 1818 per
2317 1748 2532 1820 singula
2554 1749 2814 1805 vitiorum
2838 1765 3038 1822 genera
3066 1766 3097 1804 a
3121 1749 3324 1820 quibus
3354 1749 3471 1806 Deo
3494 1751 3791 1807 auxiliante

2189 1844 2434 1912 destitit,
2473 1853 2568 1901 aut
2592 1862 2690 1917 per
2722 1847 2937 1918 singula
2962 1846 3230 1901 virtutum
3256 1845 3436 1902 ofﬁcia
3468 1847 3682 1918 quibus
3715 1848 3789 1902 di-

2188 1935 2419 2007 ligenter
2453 1937 2651 1992 institit
2682 1954 2694 1988 :
2749 1938 2856 1992 hoc
2901 1937 2958 1991 in
2990 1953 3056 1992 eo
3086 1937 3305 2010 egregie
3361 1946 3551 2008 preter
3595 1947 3785 1994 cetera

2186 2029 2457 2084 laudabile
2486 2029 2590 2085 fuit
2614 2072 2630 2097 ,
2667 2031 2814 2101 quod
2836 2047 2964 2086 cum
2995 2031 3164 2101 hujus
3193 2030 3415 2103 generis
3471 2031 3785 2088 hominibus

2184 2121 2456 2178 familiare
2501 2123 2573 2179 sit
2620 2140 2710 2180 res
2758 2125 2966 2180 alienas
3004 2134 3059 2180 et
3107 2124 3349 2181 maxime
3378 2141 3689 2196 pauperum
3737 2137 3783 2181 et

2183 2215 2558 2271 aecclesiarum
2610 2214 2708 2271 Dei
2757 2216 3058 2272 insolenter
3105 2231 3335 2287 rapere,
3394 2216 3490 2273 hic
3543 2216 3779 2289 profecto

2183 2309 2417 2364 nescivit
2446 2309 2624 2364 aliena
2646 2309 2912 2365 violenter
2942 2310 3181 2381 diripere
3203 2352 3218 2377 ,
3251 2309 3349 2380 qui
3381 2325 3484 2365 sua
3511 2320 3625 2365 tam
3653 2311 3779 2365 hila-

2182 2397 2316 2451 riter
2328 2396 2660 2467 pauperibus
2681 2405 2735 2452 et
2755 2397 3017 2469 mcclesiis
3034 2397 3239 2454 Christi
3265 2399 3425 2453 novit
3438 2399 3774 2456 distribuere.

2253 2487 2305 2541 5.
2330 2486 2632 2558 Postquam
2660 2502 2792 2560 ergo
2819 2487 2916 2544 diu
2944 2490 3048 2545 sub
3080 2489 3315 2545 clamide
3337 2490 3604 2547 militaris
3633 2492 3775 2547 babi-

2180 2587 2270 2636 tus
2291 2580 2473 2648 latuit,
2497 2581 2629 2652 quia
2657 2581 2882 2637 lucerna
2912 2582 3017 2638 sub
3048 2583 3230 2639 modio
3261 2584 3444 2654 posita
3471 2585 3675 2641 diutius
3699 2586 3774 2640 la-

2178 2681 2294 2727 tere
2346 2688 2458 2728 non
2511 2673 2721 2740 debuit,
2783 2673 2992 2730 nodum
3017 2684 3071 2730 et
3097 2675 3564 2747 impedimentum
3612 2677 3770 2733 divini

2180 2764 2389 2820 servitii
2412 2779 2443 2820 a
2471 2779 2531 2820 se
2557 2766 2881 2835 quantotius
2900 2765 3172 2834 dissolvit,
3199 2775 3256 2822 et
3272 2767 3497 2824 miliciaa
3526 2767 3771 2824 secularis

2179 2858 2457 2929 cingulum
2483 2857 2756 2929 deposuit.
2783 2857 2861 2914 Ita
2889 2858 3085 2914 mundi
3109 2867 3410 2916 veteranus
3434 2860 3766 2917 temni-

2178 2952 2310 3006 litiae
2332 2952 2470 3007 rude
2498 2951 2758 3020 donatus,
2785 2951 2954 3022 coepit
2989 2966 3112 3008 esse
3142 2966 3320 3008 novus
3344 2950 3562 3006 Christi
3596 2961 3767 3023 tyran-

2177 3042 2358 3109 culus',
2389 3049 2444 3096 et
2471 3041 2738 3113 longevus
2781 3041 2975 3096 mundi
3014 3044 3226 3109 servus?
3241 3056 3342 3112 per
3367 3041 3667 3097 vindictam
3692 3040 3765 3096 di-

2177 3133 2320 3188 vinae
2346 3131 2615 3188 libertatis
2653 3130 2832 3186 factus
2853 3147 3012 3199 suus,
3043 3131 3276 3187 effectus
3308 3140 3398 3186 est
3417 3129 3516 3186 Dei
3538 3131 3762 3186 libertus.

2177 3225 2348 3299 Igitur
2368 3233 2494 3298 post
2523 3223 2890 3281 multiformes
2934 3224 3202 3295 spaciosse
3225 3223 3330 3280 viae
3361 3222 3670 3280 amfractus
3707 3221 3765 3278 ad

2176 3327 2467 3391 angustam
2493 3319 2620 3374 vita:
2649 3326 2865 3388 portam
2913 3317 3180 3386 directus,
3215 3325 3278 3373 ut
3322 3326 3580 3374 cantaret
3606 3315 3765 3372 nudus

2174 3411 2354 3468 viator
2387 3427 2573 3468 coram
2617 3411 2784 3482 hujus
2821 3409 3016 3466 mundi
3061 3411 3410 3479 latronibus,
3465 3409 3766 3468 deliberavit

2175 3506 2341 3562 etiam
2363 3521 2395 3560 a
2417 3504 2634 3560 cunctis
2661 3503 2870 3559 nociva:
2890 3504 3265 3574 possessionis
3286 3519 3348 3560 se
3369 3504 3635 3575 expedire
3653 3517 3765 3558 one-

2175 3599 2350 3654 ribus.
2385 3595 2464 3652 Ne
2494 3597 2642 3652 enim
2669 3605 2794 3668 post
2816 3597 3034 3666 plenam
3072 3595 3333 3668 legalium
3379 3605 3762 3668 praceptoru-

2175 3691 2583 3748 observantiarn
2620 3689 2844 3745 cumulo
2875 3705 2990 3745 sua:
3019 3687 3375 3760 perfectionis
3401 3689 3626 3746 deesset
3651 3687 3764 3743 illud

2174 3799 2347 3839 unum
2371 3782 2661 3839 dominicae
2683 3782 2998 3838 sententiae:
3030 3780 3178 3836 Vade
3198 3791 3249 3836 et
3271 3781 3438 3838 vende
3459 3783 3644 3837 omnia
3664 3795 3764 3852 qu

2174 3881 2332 3936 habes
2354 3889 2404 3935 et
2426 3880 2497 3934 da
2523 3879 2844 3950 pauperibus
2879 3886 2928 3932 et
2960 3878 3076 3932 veni
3113 3893 3327 3948 sequere
3350 3893 3457 3944 me,
3485 3887 3541 3932 et
3568 3875 3762 3930 habdis

2177 3975 2485 4029 thesaurum
2510 3974 2568 4027 in
2591 3971 2719 4027 caelo
2758 3970 2980 4044 (Matth.
3009 3986 3129 4039 χιχ,
3150 3969 3246 4042 Si)
3281 3990 3295 4024 :
3323 3970 3418 4027 hic
3454 3971 3645 4026 omnia
3677 3982 3761 4025 sua

2174 4081 2286 4122 non
2309 4065 2530 4136 quidem
2554 4063 2820 4132 vendidit,
2865 4063 2961 4119 sed
3005 4062 3154 4118 fideli
3187 4062 3428 4118 debitori
3451 4061 3678 4118 Christo
3699 4060 3757 4115 ad

2173 4173 2401 4213 usuram
2433 4157 2787 4213 commodare
2835 4155 3062 4223 studuit,
3095 4155 3344 4228 gaudens
3371 4155 3526 4226 quod
3555 4155 3673 4225 ejus
3695 4152 3758 4208 fe-

2172 4259 2396 4307 nerator
2424 4250 2700 4318 existeret,
2738 4249 2806 4305 de
2847 4264 2958 4321 quo
2981 4263 3092 4303 non
3135 4247 3348 4304 dubitet
3382 4249 3524 4320 quin
3549 4249 3759 4304 ﬁdeliter

2174 4348 2281 4404 sibi
2308 4361 2535 4404 usuram
2560 4345 2630 4378 “°
2655 4343 2910 4401 solveret.
2926 4341 2998 4398 Ut
3017 4342 3166 4399 enim
3196 4351 3347 4399 esset
3372 4358 3526 4400 unus
3557 4344 3756 4398 illorum

2173 4441 2241 4496 dc
2264 4441 2466 4512 quibus
2510 4438 2792 4510 apostolus
2833 4437 2968 4492 dicit
3004 4453 3018 4488 :
3047 4445 3305 4507 tanquam
3337 4434 3476 4488 nihil
3524 4434 3754 4488 habentes

467 4517 602 4575 latet
648 4521 818 4579 humo
883 4525 1110 4596 obruta,
1171 4545 1297 4586 cum
1351 4545 1420 4584 ex
1469 4531 1588 4587 solo
1630 4547 1825 4602 sapore
1856 4531 2068 4588 fructus
2101 4548 2146 4604 Ῑ)
2171 4543 2220 4589 et
2245 4534 2427 4589 omnia
2460 4531 2790 4605 possidentes
2828 4528 2918 4602 (ΙΙ
2968 4528 3093 4584 Cor.
3125 4544 3202 4596 vi,
3265 4527 3380 4599 10),
3421 4527 3641 4583 volebat
3667 4539 3750 4581 sua

469 4626 835 4685 cognoscatur
863 4621 1076 4680 arboris
1107 4633 1323 4679 natura.
1361 4621 1622 4679 Veritatis
1657 4625 1908 4680 etiamm
1927 4641 2063 4682 voce

466 4703 667 4788 dicitur
691 4726 704 4762 :
745 4708 1062 4784 Unaqueque
1094 4715 1254 4769 arbor
1279 4731 1345 4770 ex
1373 4715 1555 4786 fructu
1578 4733 1674 4770 suo
1702 4718 2059 4788 cognoscitur.

469 4787 594 4844 Non
616 4792 756 4845 enim
794 4793 858 4848 de
895 4799 1063 4867 spinis
1106 4799 1366 4871 colligunt
1407 4801 1542 4871 ﬁcus
1568 4843 1583 4869 ,
1625 4787 1788 4874 neque
1821 4803 1887 4857 de
1932 4803 2063 4857 rubo

463 4883 789 4940 vindemiant
821 4905 976 4942 uvam
1003 4889 1154 4962 (Luc.
1185 4909 1271 4960 vr,
1306 4893 1417 4961 44).
1470 4893 1599 4952 Hzec
1646 4911 1778 4968 ergo
1813 4896 1978 4952 arbor
2007 4896 2063 4951 in

465 4993 600 5050 agre
635 4975 854 5036 Domini
877 4982 1119 5052 plantata
1140 5027 1154 5051 ,
1182 5001 1284 5042 nec
1315 4989 1473 5058 spina
1497 5006 1602 5045 nec
1631 4991 1810 5046 rubus
1845 4989 1968 5058 fuit,
1995 4991 2064 5048 de

465 5089 574 5144 qua
602 5074 751 5130 nulla
775 5076 1089 5147 punctionis
1134 5080 1402 5150 asperitas
1424 5124 1438 5146 ,
1483 5085 1633 5139 nulla
1678 5085 2064 5143 amaritudinis

461 5164 732 5222 acerbitas
748 5167 1037 5238 processit,
1057 5170 1154 5226 sed
1178 5180 1328 5228 tanta
1349 5173 1579 5231 dulcedo
1593 5175 1808 5234 fructus
1829 5178 2060 5248 effluxit,

461 5264 523 5311 ut
541 5269 842 5330 proventus
855 5261 976 5333 ejus
993 5263 1160 5320 etiam
1184 5281 1332 5322 nunc
1352 5266 1408 5323 in
1435 5269 1682 5326 aecclesia
1710 5271 1807 5327 Dei
1830 5269 2063 5329 fructifi-

2171 4627 2392 4693 habere,
2421 4634 2476 4680 et
2517 4641 2629 4681 non
2679 4623 2901 4679 habere.
2932 4619 3146 4677 Habere
3200 4619 3342 4676 bene
3373 4616 3746 4690 dispensanda,

2171 4734 2283 4775 non
2334 4717 2537 4772 habere
2567 4730 2731 4771 avare
2758 4712 3161 4770 conservando.
3191 4709 3401 4767 Fidelis
3452 4725 3681 4781 namque
3704 4715 3747 4762 et

2170 4812 2412 4885 prudens
2459 4827 2654 4867 servus
2691 4809 3026 4866 constitutus
3070 4822 3103 4862 a
3144 4806 3383 4863 Domino
3414 4821 3582 4876 super
3607 4801 3745 4858 fami-

2171 4907 2302 4962 liam
2335 4920 2512 4972 suam,
2540 4913 2649 4960 tam
2674 4901 2903 4975 provide
2925 4909 2980 4958 et
3003 4901 3224 4956 lucrose
3246 4899 3448 4971 sategit
3471 4898 3647 4953 locare
3665 4908 3742 4965 pe

2173 5001 2303 5056 culii
2331 4999 2415 5054 sui
2437 5013 2732 5063 summam,
2764 5005 2826 5051 ut
2852 5011 2980 5053 cum
3016 4994 3158 5050 nihil
3197 4993 3305 5049 sibi
3335 4992 3404 5048 de
3426 5006 3635 5048 summa
3661 4987 3740 5042 dc-

2172 5098 2461 5156 cresceret,
2493 5090 2560 5145 de
2600 5088 2852 5144 mercede
2879 5096 3062 5142 tamen
3104 5083 3312 5141 fenoris
3341 5093 3594 5155 sumptus
3637 5077 3737 5135 exi.

2171 5188 2364 5246 meret,
2403 5179 2548 5235 unde
2577 5177 2861 5234 conservis
2893 5177 3009 5233 suis
3041 5177 3096 5231 in
3133 5183 3383 5246 tempore
3417 5172 3582 5229 tritici
3605 5184 3738 5226 men-

2170 5289 2359 5330 suram
2377 5281 2647 5345 erogaret.
2680 5271 2823 5340 Quid
2843 5271 2993 5328 enim
3032 5269 3310 5327 lucrosius
3357 5267 3505 5326 fideli
3531 5265 3737 5324 echono-

1775 5430 2004 5489 VARIE
2046 5431 2454 5491 LECTIONES.

531 5534 910 5625 02.9498“?
931 5549 1244 5625 ἑυεξΐθιιὲβ
1264 5554 1304 5625 ι,
1323 5547 1493 5625 _Rich._
1508 5547 1834 5625 Wasseburg
1860 5552 2077 5625 Antiqq.
2107 5551 2302 5610 Gallia:
2326 5552 2561 5624 Belgica:
2585 5552 2681 5625 lib.
2708 5549 2830 5606 ΙΙΙ.
2866 5622 2873 5625 Α
2905 5549 2979 5625 ⁸¹⁴ξ
2999 5551 3234 5625 gaudens
3257 5547 3348 5604 2)).
3378 5620 3390 5625 _
3425 5547 3494 5625 ‘_‘_‘
3516 5543 3662 5625 primi

459 5603 531 5639 ω
557 5603 815 5668 oibadurn
840 5614 896 5669 2.
929 5615 1016 5672 ab.
1051 5618 1105 5674 δ.
1146 5603 1438 5676 animum
1466 5603 1521 5676 Ii.

460 5678 823 5768 :tgltibitorum
857 5695 907 5740 et
937 5688 1190 5768 editionis
1215 5691 1364 5768 Sui-ii
1397 5694 1648 5768 lectiones
1672 5695 1750 5748 vel
1775 5697 1954 5766 potius
1983 5678 2230 5768 cria-res:
2251 5678 2260 5679 ί
2285 5678 2536 5751 έίίᾍεεει
2566 5695 2622 5750 2.
2655 5696 2722 5768 5.
2787 5689 3300 5768 ⁸¹ξβθρῇιυιρω“11.
3325 5693 3481 5768 et_it_a
3503 5703 3634 5768 pop-1

2105 5786 2192 5824 am
2223 5768 2366 5825 linea
2390 5785 2547 5826 erasa
2584 5777 2663 5823 est
2707 5767 2756 5823 1.
2831 5765 2903 5798 ⁸¹⁸
2927 5757 3077 5822 enim
3101 5765 3166 5836 i2.
3198 5762 3253 5818 5.
3332 5762 3404 5795 ⁸¹⁹
3434 5763 3460 5818 1
3497 5757 3579 5832 1,3
3597 5757 3722 5810 lim

458 5746 530 5780 ⁸³⁸
559 5766 658 5804 eoa:
698 5769 865 5832 super_
902 5759 1175 5832 adscripta
1213 5746 1269 5819 in

1674 5623 1744 5654 ⁸³³
1775 5615 2103 5681 simulari].
2140 5625 2273 5681 ch
2296 5615 2575 5695 sufﬁciant
2595 5624 2666 5677 ad
2690 5615 3041 5695 ostendendis
3068 5622 3312 5695 codicum
3334 5615 3726 5695 abHeisdlafO

3575 5684 3721 5740 mf.

455 5835 614 5876 erasa
640 5833 761 5878 ante
785 5826 1092 5897 spiritualis
1112 5835 1166 5889 1.
1241 5836 1312 5914 Ψ
1350 5855 1638 5899 uel-suram
1659 5838 1855 5895 litteris
1884 5856 1944 5898 cr
1963 5841 2132 5896 erasis
2153 5841 2208 5896 2.
