3908 6316
123 273 257 337 685

1541 273 1707 340 VI'I‘A
1742 276 2110 341 WICBERTI.

3346 276 3452 344 666

124 410 240 450 mo
279 385 462 466 quam
483 407 582 450 sua
609 393 668 448 in
691 392 864 451 servis
888 388 1106 448 Domini
1126 391 1477 465 profundere,
1492 409 1615 466 quae
1635 397 1752 468 ipse
1782 399 1829 458 Α
1854 396 2000 450 viam
2025 392 2272 450 veritatis
2296 391 2570 462 insistere,
2614 390 2991 451 collaborabat
3019 382 3364 468 magnopere,
3390 397 3454 450 ut

126 489 437 545 Dominus
463 490 520 543 in
550 503 608 544 se
635 489 816 560 ipsum
852 496 1134 560 gratanter
1153 488 1409 561 dignetur
1429 483 1758 547 refundere?

123 581 441 638 Praeterea
456 591 511 638 et
533 581 642 636 alio
669 581 962 638 dominicae
983 582 1134 638 vocis
1158 582 1376 638 hortatu
1405 583 1755 653 incitabatur,

121 679 199 727 ut
239 680 304 728 et
334 672 478 728 alios
507 672 576 704 ‘“
605 673 854 743 exemplo
880 680 936 728 et
991 674 1199 729 auxilio
1225 674 1295 730 ad
1326 675 1466 730 bene
1490 676 1757 747 agendum

125 764 422 831 illiceret,
447 765 578 820 dum
603 781 713 820 non
740 766 1087 837 neglegenter
1114 766 1318 824 dictum
1352 784 1381 823 a
1405 767 1638 825 Domino
1669 785 1758 826 re-

127 855 410 911 coleret:
441 854 547 922 Qui
579 856 762 926 recipit
791 857 1100 928 prophetam
1139 857 1217 913 vel
1232 857 1442 928 justum
1475 861 1532 912 in
1552 860 1760 914 nomine

127 947 435 1017 propheta
455 948 534 1002 vel
560 948 718 1019 justi,
745 949 1034 1004 mercedem
1059 951 1326 1021 prop/aeta:
1347 951 1425 1006 vel
1443 952 1584 1022 justi
1614 953 1759 1007 acci-

129 1040 229 1108 pit
267 1039 496 1110 (Matth.
532 1057 586 1107 x,
630 1042 744 1112 M),
776 1051 830 1097 et
852 1042 984 1099 illud
1016 1043 1332 1100 Danihelis:
1368 1044 1473 1111 Qui
1502 1046 1572 1100 ad
1588 1046 1759 1116 justi-

135 1133 296 1187 tiam
321 1135 578 1188 erudiunt
622 1136 838 1203 multos,
873 1136 1148 1208 fulgebunt
1185 1140 1338 1209 quasi
1370 1137 1540 1194 stella:
1561 1140 1618 1194 in
1643 1157 1762 1211 per-

133 1233 356 1295 petuas
389 1228 709 1282 teterm'tates
741 1228 904 1299 (Dan.
935 1245 1034 1298 xu,
1067 1229 1143 1302 5).
1177 1228 1332 1286 Unde
1360 1239 1422 1287 ut
1453 1233 1759 1289 mercedem

132 1321 391 1392 iustitiae
441 1324 738 1380 multorum
769 1326 1061 1397 acciperet,
1097 1342 1207 1382 non
1254 1329 1389 1384 satis
1433 1344 1556 1385 esse
1581 1330 1759 1384 visum

139 1422 237 1468 est
270 1414 382 1469 sibi
425 1415 474 1469 si
509 1415 622 1486 ipse
675 1418 827 1474 solus
855 1419 922 1474 ad
947 1417 1218 1489 justitiam
1263 1421 1528 1488 tenderet,
1560 1422 1668 1478 nisi
1707 1430 1762 1477 et

143 1506 299 1562 alios
330 1521 521 1563 secum
573 1525 795 1567 currere
825 1525 928 1568 suo
975 1513 1226 1583 exemplo
1253 1522 1306 1568 et
1327 1513 1546 1569 hortatu
1576 1529 1763 1569 mone-

145 1606 262 1665 ret,
284 1606 346 1653 et
373 1597 490 1669 ipse
516 1616 682 1658 causa
713 1603 908 1661 salutis
945 1606 1250 1660 multorum
1298 1606 1472 1674 ﬁeret,
1499 1615 1553 1662 ct
1580 1607 1761 1679 dupli-

147 1710 278 1750 cem
304 1711 570 1752 coronam
601 1698 1063 1755 remunerationis
1085 1700 1371 1770 acciperet.

1860 500 2045 546 amoto
2087 489 2239 545 omni
2273 489 2665 560 impedimento
2715 506 2746 545 a
2799 499 2954 562 cepto
2979 490 3199 562 pietatis
3236 491 3450 558 itinere,

1858 585 2005 641 viam
2042 585 2425 641 mandatorum
2449 582 2545 640 Dei
2575 585 2802 641 dilatato
2819 585 2980 642 corde
3002 593 3189 658 posset
3207 599 3450 642 currere.

1861 678 1998 746 Quia
2021 679 2166 735 enim
2191 695 2300 734 non
2330 687 2392 734 ut
2410 677 2551 735 Esau
2575 679 2785 749 pilosus
2808 678 3162 734 venationum
3183 678 3338 735 vanis
3359 685 3455 734 aut

1861 773 2070 829 nocivis
2115 773 2388 829 exercitiis
2441 773 2790 841 inserviebat,
2847 773 2942 829 sed
2988 780 3049 828 ut
3092 773 3231 829 lenis
3284 772 3455 828 Jacob

1861 865 2010 921 domi
2044 865 2300 922 habitans
2341 865 2675 936 simplicitati
2725 873 2776 921 et
2819 863 3146 921 innocentiae
3181 863 3453 932 studebat,

1863 965 2031 1012 totam
2076 973 2136 1013 se
2189 957 2242 1011 in
2285 957 2406 1028 ejus
2450 957 2796 1014 dilectionem
2831 955 3219 1012 transfuderat.
3247 955 3456 1028 Quippe

1861 1065 2024 1120 quem
2054 1051 2303 1120 exemplo
2351 1050 2525 1106 ﬁdelis
2553 1051 2785 1107 Abrahae
2813 1051 2881 1106 de
2926 1057 3070 1105 terra
3094 1049 3237 1106 etde
3271 1049 3342 1084 ⁸¹¹
3365 1064 3453 1106 co-

1863 1142 2121 1214 gnatione
2148 1158 2248 1197 sua
2275 1142 2388 1210 jam
2417 1143 2624 1198 dudum
2671 1144 2854 1199 animo
2885 1143 3066 1200 exisse
3102 1151 3456 1215 cognoverat,

1862 1235 1911 1290 ei
1953 1244 2154 1290 terram
2214 1236 2659 1306 repromissionis
2712 1244 3020 1307 competere
3058 1235 3330 1299 credebat,
3357 1250 3460 1291 nec

1862 1343 1987 1382 eum
2013 1326 2227 1382 volebat
2257 1343 2358 1382 suo
2389 1328 2687 1382 destituere
2729 1327 2998 1393 subsidio,
3037 1341 3200 1397 quem
3226 1341 3459 1396 perpen-

1863 1420 2024 1476 debat
2059 1436 2156 1491 per
2181 1421 2366 1475 omnia
2392 1420 2552 1492 dirigi
2596 1419 2782 1476 divino
2830 1421 3056 1475 auxilio.
3084 1419 3210 1475 Ideo
3249 1419 3456 1475 salubri

1862 1521 2080 1584 reperto
2109 1513 2359 1580 consilio,
2391 1528 2584 1568 omnes
2614 1528 2704 1568 res
2726 1511 3046 1568 hereditatis
3065 1527 3179 1568 suae
3201 1527 3340 1582 quas
3379 1511 3459 1567 si-

1862 1603 1918 1660 bi
1961 1605 2043 1659 vir
2072 1620 2207 1661 suus
2260 1603 2544 1676 Rodingus
2577 1605 2721 1660 dotis
2756 1606 2931 1676 gratia
2976 1605 3338 1676 impenderat,
3374 1603 3458 1659 vel

1864 1711 2003 1766 quas
2040 1695 2144 1766 ipsi
2181 1697 2301 1766 pari
2321 1696 2594 1766 aequitatis
2623 1697 2894 1751 industria
2920 1696 3242 1751 addiderant
3263 1694 3334 1727 3"
3358 1709 3460 1764 pa-

226 1788 283 1843 ι.
319 1787 422 1845 Hic
451 1778 681 1844 fratrum
703 1800 918 1847 amator
939 1793 1033 1864 qui
1072 1808 1138 1848 ex
1171 1768 1281 1849 alto
1316 1793 1496 1850 cordis
1523 1794 1758 1865 suspirio
1791 1768 1834 1828 Β
1863 1789 2124 1844 trimonio
2147 1804 2271 1856 suo,
2291 1789 2357 1844 ad
2374 1787 2691 1859 praesidium
2714 1787 2826 1844 Deo
2851 1787 3065 1858 placitae
3086 1786 3458 1843 constructio-

151 1881 226 1937 ad
255 1880 434 1938 Deum
485 1885 724 1940 clamare
764 1894 979 1957 poterat
1023 1903 1147 1943 cum
1175 1886 1318 1943 Isaia
1351 1887 1438 1941 :A
1482 1887 1620 1957 facie
1668 1898 1761 1942 tua

151 1973 391 2031 Domine
419 1980 748 2048 concepimus
792 1989 842 2034 et
868 1981 1022 2051 quasi
1059 1981 1441 2052 parturivimus
1476 1989 1526 2034 et
1553 1981 1760 2051 peperi-

151 2082 300 2135 mus,
353 2069 605 2139 spiritum
650 2070 842 2125 salutis
889 2080 994 2128 tua:
1037 2075 1260 2143 fecimus
1304 2075 1362 2128 in
1426 2081 1568 2128 terra
1619 2073 1755 2144 (Isa.

150 2171 314 2225 xxvr,
347 2157 437 2227 18)
481 2187 554 2197 -
593 2160 738 2229 quod
785 2161 1075 2232 cogitando
1123 2174 1448 2236 conceperat
1498 2176 1553 2222 et
1600 2166 1760 2238 quasi

152 2245 326 2317 longo
352 2248 762 2306 deliberationis
789 2261 925 2307 aestu
971 2255 1358 2324 parturiverat,
1392 2257 1540 2328 piam
1588 2259 1758 2314 animi

151 2337 374 2407 peperit
421 2339 869 2410 benivolentiam,
905 2358 1006 2412 per
1057 2360 1222 2414 quam
1253 2343 1366 2401 Deo
1390 2347 1535 2403 filios
1565 2348 1758 2404 salutis

153 2427 370 2485 faceret
397 2446 564 2501 super
602 2440 826 2487 terram.
874 2431 952 2489 De
1001 2436 1330 2506 proprietate
1365 2437 1635 2508 siquidem
1661 2441 1758 2495 he-

151 2521 409 2578 reditatis
441 2539 554 2579 suae
582 2522 814 2580 fundum
847 2525 1194 2584 Gemmelaus
1223 2528 1429 2584 dictum
1457 2528 1676 2603 delegit,
1703 2539 1759 2587 et

153 2611 273 2668 Deo
304 2622 361 2669 et
387 2615 764 2685 apostolorum
789 2616 1022 2688 principi
1071 2617 1236 2674 Petro
1279 2628 1580 2692 sanctoque
1604 2619 1756 2676 Exu-

153 2706 318 2776 perio
346 2707 573 2779 martyri
621 2707 862 2779 glorioso
903 2710 972 2764 ad
1011 2712 1442 2768 construendum
1471 2711 1527 2768 in
1562 2728 1754 2769 eorum

153 2796 374 2854 honore
406 2800 806 2856 monasterium
843 2801 1196 2859 devotissime
1224 2804 1508 2876 delegavit.
1539 2803 1642 2861 Hic
1675 2813 1758 2861 ta-

153 2889 458 2966 bernacula
481 2891 677 2948 dilecta
708 2892 819 2949 Deo
839 2902 894 2949 et
921 2895 1265 2952 delectabilia
1285 2896 1604 2954 hominibus
1624 2912 1758 2955 cen-

155 2990 381 3040 struens
408 2982 642 3040 Domino
674 2986 961 3055 virtutum,
985 2995 1049 3042 ut
1075 3003 1267 3058 passer
1301 2989 1628 3047 humilitatis
1657 3006 1758 3047 vo-

154 3076 273 3132 latu
303 3076 566 3146 directus,
598 3079 807 3134 invenit
834 3079 938 3135 sibi
975 3080 1222 3149 domum,
1259 3089 1314 3137 et
1337 3089 1400 3138 ut
1424 3090 1608 3138 turtur
1638 3084 1755 3139 zelo

157 3169 428 3227 castitatis
459 3178 515 3227 et
552 3144 755 3243 gemitu
783 3144 1226 3244 compunctionis
1253 3175 1531 3231 animatus
1571 3177 1756 3246 posuit
1781 3144 1828 3208 ο

157 3261 266 3318 sibi
295 3262 506 3331 nidum,
537 3265 634 3320 ubi
662 3273 950 3336 reponeret
963 3266 1143 3337 pullos
1165 3280 1298 3336 suos
1323 3265 1502 3339 (Psal.
1521 3283 1752 3338 Lxxxm,

157 3355 240 3426 4),
269 3356 374 3411 sub
397 3358 499 3413 alis
520 3358 714 3415 matris
735 3359 998 3416 :ecclesiae
1030 3359 1422 3418 confovendos.
1462 3360 1542 3417 lbi
1563 3377 1757 3419 mona-

155 3447 392 3504 chorum
421 3449 646 3508 collecta
673 3461 911 3520 caterva,
939 3467 1036 3523 per
1063 3467 1254 3510 eorum
1281 3453 1608 3526 obsequium
1637 3455 1751 3513 dis-

153 3539 396 3608 ponebat
420 3540 707 3598 immolare
735 3542 849 3600 Deo
885 3545 1065 3601 laudis
1092 3546 1382 3614 sacriﬁcia,
1417 3555 1472 3603 et
1526 3547 1756 3605 reddere

157 3631 444 3689 Altissimo
473 3642 601 3690 vota
649 3651 771 3702 sua,
819 3636 916 3707 qui
946 3637 1280 3695 seminantes
1321 3639 1372 3695 ei
1421 3639 1751 3711 spiritualia,

159 3739 262 3780 sua
287 3735 554 3784 meterent
583 3728 844 3784 carnalia.
870 3728 984 3786 ﬂos
1012 3731 1080 3786 ad
1111 3740 1318 3788 rectam
1347 3747 1565 3788 morum
1587 3733 1757 3790 infor-

158 3820 301 3874 mari
330 3822 520 3879 volens
547 3823 812 3895 regulam,
845 3825 914 3881 ad
949 3826 1262 3896 apostolicae
1281 3827 1408 3883 vita:
1435 3828 1594 3901 dirigi
1625 3827 1756 3886 fecit

159 3912 383 3990 lineam,
411 3930 509 3986 per
538 3931 705 3986 quam
741 3917 796 3972 in
839 3917 997 3975 initio
1028 3917 1154 3975 ﬁdei
1196 3918 1480 3976 fundatam
1515 3921 1753 3991 primiti-

159 4018 288 4058 vam
325 4015 667 4076 compererat
694 4008 1017 4088 recclesiam.
1048 4009 1108 4064 In
1139 4010 1340 4082 quibus
1382 4011 1517 4067 illud
1555 4013 1751 4083 praeci-

159 4111 331 4167 puum
359 4110 496 4166 erat,
529 4108 588 4155 ut
617 4099 765 4156 nulla
812 4101 892 4157 eis
919 4103 1161 4174 propria,
1193 4105 1287 4159 sed
1341 4106 1526 4160 omnia
1569 4114 1754 4162 essent

162 4191 496 4258 communia,
524 4199 586 4246 ut
610 4183 845 4262 quorum
878 4194 1225 4250 conversatio
1251 4195 1367 4265 jam
1401 4203 1520 4250 erat
1545 4196 1600 4250 in
1636 4212 1750 4251 coe-

161 4282 251 4350 Iis,
310 4283 610 4355 angelicam
642 4285 1049 4355 quodammodo
1070 4287 1239 4342 vitam
1270 4287 1528 4359 degerent
1567 4288 1622 4343 in
1645 4296 1754 4342 ter-

161 4376 259 4430 ris.
290 4374 460 4432 Porro
489 4377 606 4448 ipse
637 4377 703 4433 ad
743 4393 939 4435 eorum
987 4389 1252 4452 tanquam
1284 4381 1351 4435 ad
1379 4381 1751 4451 apostolorum

162 4468 328 4538 pedes
356 4484 564 4539 ponens
592 4470 777 4526 omnia
804 4487 928 4542 quae
961 4472 1214 4539 habebat,
1241 4481 1304 4528 ut
1327 4473 1519 4528 usibus
1560 4488 1751 4528 eorum
1781 4501 1833 4562 Β

165 4561 230 4615 ad
260 4575 476 4617 omnem
513 4561 894 4618 sufﬁcientiam
917 4565 1227 4621 necessaria
1253 4574 1622 4636 suppeterent,
1651 4566 1757 4622 sol—

1861 1883 1948 1938 nis
1969 1883 2202 1939 contulit
2228 1882 2472 1953 legaliter
2502 1881 2792 1938 carissimo
2823 1881 3009 1952 nepoti
3049 1896 3170 1936 suo.

1931 1974 1984 2028 6.
2020 1973 2101 2029 Ad
2141 1975 2259 2030 haec
2309 1974 2492 2029 omnia
2525 1989 2634 2029 non
2671 1989 2866 2045 parum
2903 1973 3086 2029 solatii
3114 1972 3372 2030 divinitas
3396 1971 3462 2028 fi-

1859 2067 1966 2123 deli
2004 2082 2105 2123 suo
2143 2066 2424 2122 Wicberto
2453 2066 2781 2134 contulerat,
2811 2066 2960 2137 quod
2997 2066 3052 2120 in
3083 2065 3171 2122 his
3201 2065 3460 2122 omnibus

1859 2159 2138 2214 doctorem
2170 2166 2224 2214 et
2246 2166 2538 2229 patronum
2560 2158 2852 2229 quemdam
2879 2157 3245 2213 venerabilem
3273 2157 3454 2212 virum

1859 2248 2146 2304 Erluinum
2179 2248 2404 2304 nomine
2423 2249 2768 2319 praeviderat,
2793 2248 2886 2320 qui
2908 2257 2964 2304 et
2985 2248 3102 2319 ipse
3133 2248 3458 2304 canonicam

1859 2355 1968 2410 qua
2011 2339 2230 2395 vivebat
2266 2341 2534 2412 regulam,
2567 2340 2636 2396 ad
2673 2340 3055 2396 monachicam
3106 2339 3274 2395 vitam
3326 2354 3462 2395 con-

1859 2438 2114 2487 verterat.
2147 2430 2200 2487 Is
2235 2432 2326 2502 pio
2354 2440 2589 2503 patrono
2629 2441 2824 2489 nostro
2863 2433 2920 2487 in
2943 2432 3202 2488 omnibus
3238 2433 3458 2487 utilium

1857 2540 2043 2580 rerum
2079 2525 2328 2582 consiliis
2362 2525 2720 2597 exequendis,
2764 2526 2820 2580 in
2853 2525 3099 2582 ae‘cclesia
3135 2524 3458 2582 aediﬁcanda

1857 2627 1911 2673 et
1957 2617 2189 2674 ofﬁcinis
2236 2617 2466 2674 claustri
2521 2618 2927 2686 construendis,
2984 2617 3041 2672 in
3074 2617 3340 2674 fratribus
3390 2616 3461 2672 ad

1857 2709 2000 2765 ovile
2035 2709 2130 2766 Dei
2167 2711 2536 2767 convocandis
2586 2719 2642 2766 et
2685 2711 2959 2784 regendis,
3007 2710 3198 2766 aderat
3236 2704 3458 2781 adj'utor

1858 2809 2165 2872 oportunus
2193 2811 2247 2858 et
2283 2803 2565 2858 unanimis
2599 2802 2694 2858 ⁸³⁸.

1933 2895 1982 2950 7.
2021 2895 2130 2950 Alii
2160 2895 2230 2952 ad
2277 2895 2631 2966 perfectionis
2665 2895 2884 2952 culmen
2930 2894 3176 2952 tendenti
3215 2893 3463 2950 sufﬁcere

1857 2989 2136 3045 videretur
2165 3005 2197 3044 a
2246 2990 2391 3045 malo
2421 2989 2747 3058 declinasse,
2797 2987 2989 3044 mundi
3039 2986 3256 3060 pompis
3306 2986 3462 3042 abre-

1859 3079 2167 3146 nuntiasse,
2200 3094 2301 3134 sua
2332 3081 2519 3136 omnia
2563 3079 2898 3151 pauperibus
2923 3091 3204 3151 erogasse.
3247 3075 3318 3130 At
3357 3076 3455 3132 do-

1858 3188 2022 3230 mnus
2037 3171 2351 3228 Wicbertus
2377 3188 2500 3243 quae
2520 3181 2666 3228 retro
2691 3179 2821 3228 sunt
2843 3170 3066 3239 oblitus,
3091 3170 3149 3224 in
3170 3168 3452 3224 anteriora

1859 3279 1920 3320 se
1953 3263 2248 3319 extendere
2270 3263 2566 3328 nitebatur,
2601 3261 2955 3332 semetipsum
2983 3272 3222 3331 arguens
3250 3257 3458 3328 imper-

1857 3355 2131 3424 fectionis,
2164 3356 2272 3412 nisi
2309 3363 2634 3428 argumento
2678 3352 2970 3410 dominicae
3016 3367 3216 3408 manus
3249 3351 3318 3406 ad
3348 3365 3457 3406 un-

1858 3463 2021 3520 guem
2075 3448 2430 3519 expoliretur.
2467 3446 2710 3503 Audiens
2759 3458 2956 3518 nempe
3013 3441 3313 3502 Dominum
3362 3441 3454 3501 di-

1857 3548 2071 3597 centem
2102 3557 2114 3592 :
2152 3538 2212 3595 Si
2241 3541 2361 3612 quis
2403 3539 2516 3594 vult
2539 3538 2714 3592 venire
2753 3538 2823 3592 ad
2864 3554 2966 3607 me,
3004 3537 3225 3610 abneget
3260 3543 3458 3591 semet-

1857 3635 2030 3706 ipsum
2063 3643 2113 3690 et
2149 3635 2303 3689 tollat
2327 3651 2535 3689 crucem
2563 3649 2718 3689 suam
2746 3641 2795 3688 et
2816 3641 3071 3706 sequatur
3095 3649 3178 3687 me
3203 3630 3359 3704 (-Luc.
3381 3645 3459 3698 lx,

1855 3726 1971 3799 25),
2001 3736 2179 3783 totum
2223 3726 2330 3782 hoc
2362 3725 2701 3782 dominicum
2749 3725 3040 3797 imperium
3078 3723 3249 3780 traxit
3276 3721 3346 3777 ad
3377 3736 3459 3790 se,

1856 3828 1912 3876 et
1934 3820 2006 3853 ⁸⁸⁸
2032 3820 2312 3892 abnegans
2340 3819 2411 3852 ⁸³⁷
2433 3819 2790 3889 semetipsum
2831 3817 2957 3873 tulit
2983 3831 3206 3873 crucem
3233 3813 3461 3871 mortiﬁ-

1857 3910 2092 3967 cationis
2113 3908 2241 3966 Jesu
2267 3910 2323 3964 in
2352 3923 2583 3981 corpore
2606 3924 2728 3977 suo,
2765 3907 3041 3978 castigans
3069 3920 3270 3976 corpus
3291 3918 3456 3960 suum

1854 4015 1909 4062 et
1937 4005 1994 4060 in
2039 4005 2357 4062 servitutem
2410 4003 2694 4076 redigens,
2739 4016 2810 4056 ne
2831 3998 2976 4057 forte
3005 3997 3131 4054 aliis
3150 3995 3460 4070 praedicans

1856 4097 1973 4170 ipse
1991 4098 2258 4169 reprobus
2298 4096 2654 4153 inveniretur.
2684 4093 3090 4149 Tulit'crucem
3133 4089 3302 4146 etiam
3342 4084 3459 4141 fra-

1854 4198 2027 4246 ternae
2075 4189 2496 4262 compassionis,
2533 4187 2756 4260 quando
2800 4193 2992 4242 erutus
3027 4184 3096 4240 de
3122 4180 3307 4239 cribro
3336 4179 3459 4235 dia-

1855 4282 2049 4339 bolicae
2080 4283 2477 4354 temptationis,
2521 4282 2641 4353 ipse
2674 4279 2972 4352 aliquando
3001 4289 3304 4334 conversus
3325 4287 3460 4329 con-

1855 4377 2110 4432 ﬁrmabat
2153 4375 2354 4432 fratres
2398 4390 2552 4443 suos,
2579 4389 2680 4444 pro
2723 4371 2927 4444 quibus
2955 4370 3074 4440 ipse
3095 4367 3351 4424 Christus
3375 4363 3462 4419 bi-

1859 4469 2018 4526 berat
2049 4469 2120 4501 ⁸²⁸
2155 4468 2383 4525 calicem
2417 4464 2713 4538 passionis.
2755 4462 2925 4534 Igitur
2967 4467 3188 4530 arrepto
3226 4453 3469 4512 rationis

1856 4563 2031 4630 clavo,
2086 4569 2214 4633 post
2263 4575 2450 4616 rerum
2487 4571 2715 4615 suarum
2754 4555 3031 4626 jacturam
3083 4549 3268 4606 nudus
3325 4562 3462 4604 ena-

163 4652 307 4708 licita
338 4655 662 4725 paternitate
691 4657 1032 4728 disponebat.
1071 4657 1227 4714 Unde
1255 4659 1414 4731 legali
1461 4659 1754 4715 traditione
1851 4655 1934 4711 vit
1960 4655 2030 4688 3”
2051 4655 2118 4712 de
2148 4653 2338 4710 mundi
2364 4651 2532 4724 hujus
2567 4647 2880 4720 naufragio,
2909 4653 2965 4702 et
2985 4643 3206 4700 tandem
3249 4639 3461 4713 potitus

163 4746 385 4801 tradidit
408 4747 488 4804 eis
519 4749 703 4805 villam
733 4751 988 4821 superius
1017 4752 1377 4807 nominatam.
1404 4751 1752 4809 Gemmelaus

164 4847 215 4893 et
245 4840 428 4896 omnia
457 4842 523 4897 ad
544 4843 772 4899 eandem
807 4843 1192 4915 appendentia,
1235 4852 1290 4899 et
1323 4845 1428 4901 alia
1451 4847 1622 4902 multa
1641 4863 1747 4903 un-

165 4932 445 5004 decunque
474 4935 530 4989 in
561 4944 772 5006 partem
800 4937 887 4992 vel
915 4945 1120 4994 sortem
1143 4953 1301 4994 suam
1324 4937 1448 5008 jure
1480 4939 1753 4995 heredita-

167 5026 235 5079 tis
257 5026 502 5081 cedentia
523 5027 614 5082 δ”.

233 5117 282 5172 5.
319 5117 401 5173 Ad
435 5123 544 5175 hoc
591 5134 731 5190 opus
766 5121 908 5178 felici
941 5123 1186 5194 auspicio
1216 5123 1490 5196 inceptum
1537 5124 1752 5180 anima-

169 5211 321 5265 batur
351 5225 464 5266 non
487 5212 666 5268 solum
691 5212 996 5271 divinitatis
1027 5215 1223 5286 gratia,
1270 5217 1366 5272 sed
1395 5217 1560 5272 etiam
1592 5215 1751 5273 nobi-

169 5302 383 5359 lissimae
415 5312 471 5360 et
491 5305 962 5364 christianissimae
987 5306 1124 5364 aviae
1151 5323 1266 5365 suae
1293 5308 1458 5365 Gislae
1480 5310 1569 5381 pia
1591 5310 1747 5366 coni-

171 5395 368 5464 ventia,
425 5411 547 5468 qua:
601 5398 982 5456 dulcissimum
1039 5407 1292 5472 nepotem
1343 5415 1504 5456 suum
1555 5402 1746 5457 videns

1857 4749 2194 4808 monachicae
2238 4747 2441 4820 quietis
2470 4752 2634 4817 portu
2661 4741 2734 4774 ⁸⁸⁰
2782 4739 3084 4796 anchoram
3138 4731 3460 4794 stabilitatis

1854 4845 1922 4900 de
1954 4844 2065 4900 alto
2093 4842 2332 4915 pectoris
2361 4840 2448 4896 sui
2472 4837 2606 4911 jecit
2631 4837 2686 4892 in
2717 4833 3030 4892 claustralis
3053 4830 3124 4864 ⁸³¹
3166 4829 3290 4886 vita:
3329 4839 3461 4898 pro-

1856 4937 2047 4994 fundo.
2089 4935 2314 4992 Videbat
2337 4935 2483 4991 enim
2507 4931 2656 5004 quod
2683 4942 2961 5000 nusquam
2987 4924 3118 4982 alibi
3137 4922 3310 4978 tutius
3337 4931 3457 4989 per-

1856 5028 2070 5102 fugium
2111 5035 2258 5085 esset
2307 5025 2536 5100 fugienti
2592 5040 2625 5080 a
2675 5021 2868 5079 mundi
2919 5016 3190 5092 periculo,
3233 5025 3361 5070 cum
3398 5008 3456 5064 in

1856 5123 2113 5179 claustris
2142 5119 2463 5178 monasterii
2490 5118 2561 5152 ⁸³¹
2587 5116 2797 5174 heremi
2819 5129 2932 5170 non
2951 5110 3093 5169 desit
3121 5103 3382 5171 solitudo,
3401 5108 3459 5158 et

1856 5216 1905 5272 si
1954 5231 2121 5286 quem
2153 5215 2338 5286 aliquo
2373 5213 2540 5270 modo
2564 5209 2848 5268 diabolica:
2893 5200 3229 5262 incursionis
3275 5193 3458 5252 titillet

1856 5309 2202 5380 inquietudo,
2233 5316 2420 5380 presto
2455 5305 2599 5362 adsit
2640 5310 2860 5376 promta
2889 5297 3146 5355 fraterna;
3201 5287 3457 5348 consola-

1856 5400 2020 5458 tionis
2049 5399 2581 5458 fortitudo.Videbat
2606 5398 2774 5454 etiam
2803 5389 2952 5465 quod
2982 5403 3095 5444 non
3130 5385 3298 5443 altius
3326 5395 3458 5454 pos-

1470 5493 1708 5549 VARIIE
1745 5493 2150 5551 LECTIONES.
2669 5560 2679 5563 ,
2879 5557 2910 5563 λ.

236 5559 313 5638 ῗζι,
335 5575 385 5638 a,
416 5570 551 5638 Qte.
583 5573 638 5621 et
663 5581 715 5621 a.
742 5566 898 5622 initio
927 5565 978 5620 ι.
1013 5637 1020 5638 ί
1057 5565 1126 5598 ευ
1151 5565 1273 5620 hinc
1301 5566 1327 5621 l
1358 5565 1448 5638 ut
1477 5545 1754 5620 ιέἱὶἑιῖὲῖαέ

1861 5545 2014 5622 iiii:
2135 5545 2150 5550 '
2166 5583 2330 5637 supra
2349 5582 2408 5620 in
2435 5571 2635 5638 sertum
2660 5560 2734 5638 i._
2755 5558 2825 5638 ⁸ξ⁵
2855 5557 2911 5638 di
2935 5570 3097 5626 supra
3120 5553 3384 5638 insertum

202 5627 271 5661 ⁸²⁸
296 5630 316 5682 1
357 5631 622 5705 2151mm:
647 5654 816 5693 eraste
843 5640 893 5694 1.

171 5705 279 5783 toto
305 5718 424 5783 ras_o
456 5707 507 5762 I.
545 5725 631 5765 ma
658 5727 819 5783 supra
845 5726 1060 5768 erasum
1089 5705 1315 5767 videtur.

172 5775 350 5829 inserit
379 5775 434 5833 2.

1005 5637 1077 5672 ⁸⁸⁸
1099 5655 1360 5709 superscr.
1392 5625 1452 5694 ’1.
1488 5638 1543 5693 2.
1577 5639 1719 5693 deest
1751 5639 1754 5689 ἕ

1878 5638 1946 5670 θ²⁷
1973 5639 2058 5694 hic
2081 5627 2190 5694 eoa:
2231 5625 2387 5692 erasa
2428 5637 2479 5691 1.
2557 5633 2628 5709 ⁸¹Δ⁸
2661 5625 3043 5709 ὒὶβθὶὶᾶῐξρτῗι
3075 5641 3121 5681 ι’·
3149 5625 3201 5679 ί·

1425 5711 1495 5745 ⁸³⁰
1521 5711 1612 5786 1νῦ
1639 5710 1781 5766 linea
1809 5726 1964 5768 erasa
1987 5711 2037 5768 1.

2157 5690 2528 5767 iii—caucam.
2566 5703 2762 5762 claui.
2875 5699 2948 5735 ⁸³⁸
2967 5699 3115 5755 locus
3144 5710 3300 5752 rasus
3323 5690 3376 5749 1.
3400 5694 3460 5747 et
