3908 6316
406 307 504 368 671
1254 350 1259 355 .
1333 350 1336 354 .
1576 286 1942 359 SIGEBER’I‘I
1979 288 2504 355 GEMBLACENSIS
2807 365 2810 368 _
3575 289 3665 351 672

407 433 595 476 aurem
646 415 879 474 advertit
925 425 1234 492 gratanter,
1282 425 1336 473 et
1388 416 1707 489 petitionem
1759 415 2001 472 ﬁdelium
2027 414 2081 475 Δ
2107 427 2304 486 genere
2331 420 2385 467 et
2411 407 2620 465 divitiis
2654 403 2949 474 eminebat,
2994 402 3164 479 cujus
3203 403 3540 464 nobilitatem
3582 412 3671 470 alia

405 511 612 568 Christi
652 512 862 584 accepit
909 513 1215 584 dignanter.
1268 510 1477 567 Annuit
1524 510 1669 566 enim
1719 508 2002 566 communi
2104 501 3263 576 nobilitasaugebat—eiquippeReinuidis
3280 507 3674 575 germananobi-

406 604 776 674 palatinorum
802 603 1055 672 consilio,
1081 611 1137 660 et
1157 604 1326 677 regali
1345 592 1564 660 bensuit
1582 603 1780 670 edicto,
1805 609 2002 657 ntrata
2101 598 2298 656 lissimi
2350 597 2584 655 senioris
2627 598 2804 654 nostri
2835 595 3106 653 Wicberti
3153 596 3580 654 nubserat—hic
3605 600 3675 656 in-

407 705 462 752 et
502 697 820 753 inconvnlsa
893 705 1236 769 permaneret
1281 696 1494 752 novella
1540 692 2004 751 Gemmelacensis
2101 693 2329 765 iustitiae.
2351 692 2532 765 gladio
2565 683 3225 763 accinctus,'cnpiditatis
3251 690 3424 748 armis
3446 695 3676 763 conﬁsus,

408 789 646 846 cmuobii
693 789 1054 858 constructio,
1106 798 1162 845 et
1201 787 1464 860 quicquid
1507 787 1586 842 illi
1625 785 1885 844 aecclesiae
1934 785 2004 842 ab
2105 787 2307 844 clamat
2346 786 2848 843 Gemmelacensem
2897 786 3094 841 ﬁscum
3127 784 3470 839 hereditaria
3503 785 3607 858 lege
3625 803 3678 844 ex

409 882 530 953 ipso
558 882 763 938 domno
792 881 1071 938 Wicberto
1106 883 1191 938 vel
1239 882 1403 937 etiam
1445 881 1679 937 aliorum
1722 878 2006 936 venerabi-
2106 880 2461 936 matrimonio
2484 879 2675 935 uxoris
2697 894 2811 936 suae
2850 876 3123 934 Renuidis
3148 875 3226 910 ⁸⁸⁵
3251 876 3359 933 sibi
3386 888 3678 949 competere,

407 974 544 1030 lium
569 975 815 1031 virorum
847 975 1138 1047 largitione
1168 974 1350 1032 fuerat
1368 990 1716 1054 concessum,
1740 981 1802 1029 ut
1822 973 2006 1029 nullus
2107 971 2322 1028 afﬁnem
2355 989 2517 1030 suum
2547 972 2890 1030 Wicbertum
2920 989 3031 1029 non
3079 972 3345 1044 legaliter
3392 972 3580 1042 egisse,
3604 974 3679 1043 qui

409 1069 712 1124 infidelium
751 1070 836 1124 vel
878 1069 1078 1140 aliquis
1117 1069 1380 1125 heredum
1415 1067 1538 1140 ejus
1574 1066 1869 1142 infringere
1908 1082 2008 1122 au-
2108 1063 2213 1120 sub
2254 1072 2481 1134 optentu
2532 1064 2818 1136 religionis
2867 1079 3097 1121 uxorem
3159 1079 3353 1125 suam.
3401 1079 3680 1136 germanam

409 1158 538 1215 deat
571 1159 799 1215 omnino
840 1145 1327 1216 est'interdictnm.
1369 1157 1600 1232 Insuper
1634 1159 1900 1230 permissa
1926 1164 2010 1214 est
2110 1157 2319 1213 scilicet
2370 1157 2538 1226 illius,
2597 1159 2835 1214 voluerit
2880 1157 3085 1229 injuste
3152 1157 3517 1213 exheredare.
3558 1156 3680 1212 Con-

409 1251 493 1308 eis
523 1261 768 1323 potestas
812 1253 1140 1308 advocatum
1168 1261 1224 1308 et
1252 1253 1561 1324 regularem
1598 1252 1848 1307 abbatem
1880 1265 2007 1305 cum
2109 1260 2312 1322 tempta
2337 1266 2469 1324 ergo
2490 1251 2792 1322 imperialis
2815 1252 2984 1307 curiae
3006 1251 3376 1317 auctoritate,
3408 1259 3682 1321 contempto

409 1340 641 1432 imperio
668 1343 812 1414 regis
854 1343 1108 1416 eligendi,
1148 1343 1435 1400 castellum
1463 1341 1836 1408 construendi,
1866 1355 2010 1394 mer-
2109 1343 2422 1413 apostolicae
2470 1358 2720 1399 censurae
2760 1344 3135 1410 anathemate,
3193 1341 3415 1412 junctis
3439 1341 3537 1396 sibi
3563 1356 3684 1395 eom-

409 1430 617 1499 c‘atum,
665 1448 1056 1503 percussuram
1096 1446 1350 1503 monetae,
1377 1432 1705 1488 matheriam
1749 1430 2006 1487 faciendi.
2109 1434 2342 1505 plicibus
2372 1449 2488 1490 suae
2532 1434 2836 1505 injustitize,
2868 1450 2980 1490 non
3023 1434 3189 1489 timet
3241 1431 3518 1488 abbatiam
3558 1432 3680 1488 inse.

408 1519 531 1593 Ipse
579 1524 736 1581 locus
780 1505 851 1581 ab
885 1527 1038 1582 omni
1088 1527 1338 1582 omnium
1376 1527 1598 1583 servitio
1637 1526 1898 1582 immunis
1928 1532 2013 1581 est
2107 1526 2283 1586 lenter
2333 1525 2612 1596 invadere,
2655 1535 2711 1583 et
2754 1527 3123 1584 substantiam
3178 1525 3421 1581 fratrum
3459 1524 3686 1578 violenter

409 1614 680 1684 redditus,
729 1616 782 1672 in
831 1618 1082 1690 _civitate,
1120 1619 1176 1674 in
1230 1620 1477 1688 castello,
1536 1620 1592 1674 in
1644 1620 1792 1688 villa,
1847 1602 2016 1689 super:
2111 1616 2366 1689 diripere.
2398 1617 2459 1674 In
2486 1618 2719 1676 otIicinis
2757 1619 2984 1676 claustri
3032 1618 3168 1690 equi
3225 1616 3584 1683 stabulantur,
3609 1632 3684 1686 per

410 1722 608 1778 aquas,
645 1710 701 1764 in
728 1684 1009 1781 poniibus,
1035 1713 1090 1768 in
1126 1714 1385 1770 omnibus
1410 1714 1624 1784 imperii
1655 1714 1740 1769 sui
1774 1713 1910 1789 locis
1940 1712 2011 1768 ab
2111 1708 2234 1766 loca
2283 1711 2625 1768 monachica:
2669 1710 2954 1767 solitudini
3008 1711 3395 1781 competentia
3438 1708 3684 1764 saeculares

410 1799 562 1854 omni
597 1800 850 1857 theloneo
892 1811 946 1858 et
986 1803 1195 1860 tributo
1218 1813 1304 1860 est
1330 1806 1632 1874 absolutus,
1662 1806 1766 1862 sub
1795 1806 1864 1838 ⁸⁸⁸
1891 1806 2009 1863 solo
2041 1790 2086 1847 Β
2111 1818 2361 1874 personae
2399 1804 2610 1860 inlicite
2632 1812 2935 1876 vagantur;
2969 1803 3176 1859 fratres
3224 1818 3329 1874 per
3352 1800 3564 1857 latibula
3583 1815 3682 1856 san-

409 1890 576 1962 regiaz
609 1891 950 1951 defensionis
970 1895 1278 1952 munimine
1305 1897 1587 1968 subjectus
1607 1897 1700 1954 3”.
2110 1897 2308 1954 ctuarii
2349 1899 2847 1970 quomodocnnque
2898 1913 3020 1954 sese
3049 1905 3337 1964 tutantur,
3386 1903 3442 1950 et
3473 1894 3525 1949 in
3551 1901 3683 1948 tanta

481 1983 570 2039 12.
611 1983 804 2043 Omnis
853 2003 942 2045 res
967 1989 1085 2060 jam
1138 1991 1425 2062 conposita
1467 1991 1775 2061 videbatur,
1821 1993 2009 2048 omnia
2111 1991 2484 2048 tribulationis
2511 1991 2746 2048 articulo
2769 1991 3080 2047 subsidium
3108 1990 3323 2046 divinae
3345 1986 3553 2061 pietatis
3571 2003 3680 2059 prai-

408 2075 526 2148 jam
551 2078 606 2132 in
633 2087 756 2136 tuto
791 2096 913 2138 esse
944 2083 1332 2154 credebantur,
1363 2085 1503 2140 nihil
1551 2101 1619 2141 ex
1646 2085 1829 2157 aliqua
1856 2095 2012 2157 parte
2113 2083 2403 2140 stolantnr.
2437 2082 2740 2140 Videbatur
2766 2098 2962 2154 nempe
2993 2082 3066 2115 ⁸⁵⁵
3095 2081 3399 2138 malevolis
3429 2077 3676 2150 implenda
3772 2109 3774 2112 ν

411 2167 780 2226 metuebatur.
829 2171 906 2227 De
950 2174 1114 2230 rebus
1140 2175 1404 2232 aecclesize
1429 2178 1645 2234 traditis
1678 2187 1727 2234 el
1755 2177 2011 2235 deliber-
2112 2175 2397 2247 injustitia:
2442 2183 2776 2246 Oportunum
2830 2189 2952 2230 esse
3000 2181 3253 2245 tempus,
3305 2172 3433 2243 quia
3487 2169 3551 2202 ⁸⁸⁸
3590 2169 3680 2241 ipse

411 2264 524 2315 tate
563 2261 749 2332 "ipsius
788 2263 897 2320 loci
942 2275 1095 2322 carta
1136 2269 1470 2341 conscripta,
1518 2271 1788 2342 imperiali
1833 2273 2012 2330 edicto
2115 2278 2339 2326 sanctus
2361 2269 2448 2324 vir
2475 2266 2788 2324 Wicbertus
2835 2266 3042 2322 mundo
3085 2266 3209 2336 jam
3269 2273 3538 2329 mortuus,
3559 2261 3680 2318 etab

416 2363 538 2411 erat
583 2359 928 2429 conﬁrmata,
980 2371 1036 2418 et
1081 2365 1232 2420 anuli
1293 2366 1595 2438 imperialis
1649 2368 2013 2441 impressione
2114 2361 2195 2419 eis
2215 2363 2376 2434 longe
2399 2370 2662 2429 remotus,
2683 2368 3004 2416 excusserat
3021 2374 3136 2414 sea
3162 2357 3387 2414 cunctis
3407 2354 3669 2412 ratiociniis

418 2450 775 2508 anctorizata.
805 2451 938 2520 Quae
987 2457 1348 2514 auctorizatio
1379 2459 1525 2516 facta
1559 2469 1644 2518 est
1672 2463 2014 2520 sollemniter
2115 2456 2382 2513 mundani
2421 2455 2722 2522 ῑυῐῐιυιῑυες
2767 2468 2935 2526 ΡοΠο
2983 2452 3160 2508 abbas
3215 2449 3482 2506 ΕτῙυίηυε
3522 2461 3677 2505 τθθθηε

318 2533 328 2545 “
410 2536 624 2610 Leodii,
657 2543 727 2598 12
771 2543 893 2600 Kal.
945 2542 1219 2616 Octobris,
1247 2565 1394 2606 anno
1427 2551 1717 2609 dominicae
1754 2554 2013 2610 incarna-
2116 2550 2294 2606 oculis
2316 2549 2585 2620 privatus,
2632 2545 3009 2604 restaurandis
3037 2545 3214 2602 rebus
3239 2541 3467 2616 perditis
3486 2538 3678 2612 putaba-

412 2632 582 2690 tionis
606 2635 734 2704 946,
764 2635 1062 2695 indictione
1083 2641 1139 2708 4,
1163 2643 1318 2714 regni
1341 2643 1525 2699 domni
1553 2643 1769 2702 Ottonis
1802 2645 1843 2716 I,
1869 2663 2015 2704 anno
2115 2650 2208 2698 tur
2229 2656 2353 2698 esse
2381 2641 2565 2697 minus
2616 2639 2868 2696 idoneus.
2900 2636 3002 2698 Hic
3028 2637 3265 2694 sinister
3293 2649 3484 2691 rumor
3511 2639 3566 2688 ut
3583 2645 3678 2705 per-

414 2725 504 2793 11,
555 2729 875 2786 cathedram
924 2731 1297 2806 Trajectensis
1332 2738 1597 2794 aacclesite
1621 2747 1842 2812 regente
1865 2737 2016 2797 Uho—
2119 2736 2256 2792 cnlit
2285 2751 2450 2794 aures
2487 2733 2665 2790 sancti
2700 2732 2830 2805 viri}
2849 2731 3011 2802 cujus
3056 2727 3420 2787 conversatio
3457 2725 3558 2797 jam
3588 2729 3677 2778 erat

412 2829 576 2887 gone.
603 2815 687 2872 Ad
714 2819 858 2876 hanc
879 2823 1358 2882 conﬁrmationem
1398 2828 1699 2900 imperialis
1726 2839 1955 2902 potestal

2132 2829 2175 2881 Ln
2204 2825 2383 2893 caelis,
2438 2824 2575 2897 quid
2601 2823 2652 2880 ei
2689 2831 2822 2879 tunc
2868 2821 3036 2879 fuerit
3091 2820 3297 2889 animi,
3333 2832 3440 2874 non
3475 2830 3593 2887 Opus
3612 2820 3675 2868 est

413 2907 652 2964 accessit
694 2911 862 2967 etiam
893 2917 1210 2986 apostolicae
1265 2919 1412 2977 sedis
1451 2923 1773 2992 auctoritas,
1816 2925 1947 2981 dum
1983 2941 2016 2982 a
2118 2929 2442 2988 expromere
2471 2914 2541 2947 ⁸⁸⁷
2571 2913 2776 2970 verbis.
2811 2910 2916 2968 Cui
2961 2911 3227 2983 quamvis
3263 2909 3536 2980 indignum
3560 2902 3676 2958 ride-

411 3001 710 3062 Benedicto
759 3009 992 3080 septimo
1043 3011 1211 3084 hujus
1263 3016 1506 3072 nominis
1532 3016 1689 3090 [papa
1734 3018 2014 3076 decretum
2119 3015 2274 3063 retur
2297 3007 2364 3063 de
2389 3005 2530 3062 stiva
2562 3003 2826 3060 dominici
2870 3001 3041 3059 aratri
3081 3000 3283 3058 oculos
3321 3005 3468 3054 retro
3491 3006 3676 3050 conver-

324 3135 328 3140 .
411 3101 518 3201 est,
538 3103 599 3150 ut
615 3104 736 3152 rata
756 3108 903 3156 esset
922 3099 979 3156 in
998 3111 1322 3175 perpetuum
1347 3089 2015 3169 Gemmelacensiscmno.
2039 3146 2086 3201 ⁸.,
2120 3111 2261 3180 tere,
2289 3108 2344 3158 et
2378 3113 2543 3178 grave
2572 3105 2721 3158 esset
2749 3111 2811 3156 se
2835 3097 3128 3156 emeritum
3156 3093 3371 3152 militia
3397 3089 3528 3152 bello
3549 3101 3677 3145 mun-

411 3182 490 3240 bii
516 3199 818 3261 praerogata
841 3192 1185 3254 immunitas.
1209 3197 1503 3258 Decretum
1535 3211 1620 3259 est
1645 3205 1834 3274 etiam,
1860 3216 1922 3263 ut
1945 3192 2014 3264 de
2039 3182 2088 3218 ’³
2116 3199 2275 3256 dante
2322 3198 2713 3256 sollicitudinis
2753 3197 2957 3256 iterum
3000 3199 3311 3266 involvere,
3361 3212 3468 3253 non
3504 3191 3673 3250 distulit

413 3279 524 3336 alio
552 3286 890 3343 monasterio
922 3287 998 3344 ibi
1028 3290 1198 3350 abbas
1224 3309 1336 3350 non
1372 3297 1760 3368 constituatur,
1784 3300 1878 3356 sed
1908 3300 2014 3372 ipsi
2116 3301 2300 3349 tamen
2324 3307 2426 3365 pro
2450 3291 2803 3351 consolandis
2825 3292 3090 3350 fratribus
3132 3293 3248 3352 iter
3269 3294 3572 3355 accelerare.
3594 3284 3668 3358 qui

413 3374 558 3431 servi
577 3373 672 3430 Dei
690 3378 993 3436 secundum
1013 3386 1190 3442 sancti
1212 3385 1491 3446 Benedicti
1509 3393 1756 3464 regulam
1771 3394 2015 3451 viventes
2115 3401 2219 3458 pro
2247 3385 2356 3442 illis
2379 3393 2607 3456 paratus
2631 3392 2751 3442 erat
2780 3386 2948 3442 etiam
2965 3385 3214 3441 animam
3240 3398 3457 3458 ponere.
3470 3379 3665 3435 Veniens

413 3480 481 3520 ex
509 3482 610 3522 sua
636 3471 858 3541 prepria
885 3479 1312 3555 congregatione
1345 3481 1602 3539 abbatem
1643 3485 1878 3558 eligendi
1910 3501 2013 3558 po-
2117 3494 2248 3552 ergo
2273 3479 2622 3536 desideratus
2643 3477 2712 3534 ad
2742 3478 3117 3535 desideratum
3133 3479 3325 3536 locum
3349 3476 3441 3549 qui
3466 3471 3670 3529 testimo-

412 3563 670 3614 testatem
702 3560 960 3634 habeant,
993 3575 1048 3622 et
1075 3579 1137 3624 ut
1186 3571 1359 3627 abbas
1389 3572 1508 3644 ipse
1539 3575 1838 3649 privilegiis
1868 3579 2016 3635 sedis
2116 3572 2272 3629 nium
2297 3581 2419 3628 erat
2439 3588 2555 3629 suae
2575 3571 2907 3641 devotionis,
2924 3571 3112 3629 tristes
3140 3579 3201 3628 et
3219 3570 3486 3628 desolatos
3505 3565 3664 3621 fratres

413 3649 732 3717 apostolicae
758 3651 951 3711 infulis
982 3655 1290 3728 decoretur,
1317 3670 1373 3717 et
1423 3663 1687 3735 ntipsnm
1731 3677 2015 3722 monasteo
2117 3665 2406 3722 conﬁrmat
2461 3664 2646 3720 verbis
2699 3665 3111 3734 consolatoriis,
3165 3674 3226 3721 et
3290 3663 3482 3736 quibus
3527 3653 3669 3728 potuit

413 3739 559 3830 rium
590 3742 695 3799 sub
720 3744 863 3816 juris
887 3748 1106 3806 dicione
1134 3760 1340 3809 sanctas
1378 3753 1641 3814 Romanae
1669 3758 1739 3790 3“
1790 3767 2015 3830 aposto-
2117 3756 2289 3813 armis
2317 3755 2647 3812 humilitatis
2676 3764 2732 3812 et
2762 3757 3053 3814 modestiae
3080 3757 3330 3813 occurrit
3368 3747 3662 3810 adversariis,

411 3829 533 3888 lica‘:
591 3836 739 3894 sedis
789 3841 1177 3912 constitutum,
1222 3846 1430 3903 nullius
1481 3849 1708 3907 alterius
1756 3829 2016 3908 aeciclesiae
2116 3856 2174 3904 et
2191 3847 2458 3904 feritatem
2491 3857 2546 3904 et
2574 3847 2930 3920 cupiditatem
2965 3865 3159 3906 eorum
3214 3849 3461 3920 mitigare
3487 3842 3665 3898 laben-

408 3923 555 4018 juris
578 3928 893 3989 dicionibus
914 3934 1814 4006 submittatur;interminandoex
1831 3954 2019 4018 aucto-
2115 3939 2212 3997 bat
2249 3941 2484 3998 monitis
2523 3941 2812 3998 suasoriis.
2867 3941 2950 3996 Illi
3009 3942 3361 4014 prasentiam
3410 3929 3662 3994 sanctitatis

413 4017 577 4075 ritate
602 4021 748 4078 beati
771 4023 918 4080 Petri
967 4030 1344 4098 apostolorum
1390 4036 1677 4107 principis,
1713 4039 1816 4095 sub
1842 4017 2013 4096 divini
2116 4032 2237 4103 ejus
2282 4032 2683 4104 aliquantulum
2734 4033 2981 4100 reveriti,
3035 4041 3092 4089 et
3148 4032 3302 4088 aliud
3354 4030 3575 4086 clausum
3619 4019 3663 4075 in

414 4111 785 4170 obtestatione
811 4117 1008 4188 judicii
1067 4137 1133 4178 ac
1181 4125 1378 4183 validis
1435 4130 1802 4189 anathematis
1844 4133 2016 4189 inter-
2115 4135 2336 4198 pectore
2359 4127 2506 4184 aliud
2536 4128 2592 4183 in
2619 4128 2810 4200 lingua
2852 4135 3170 4198 promptum
3207 4126 3483 4187 habentes,
3521 4127 3660 4198 08559-

413 4200 773 4276 dictionibus,
797 4219 857 4264 ut
886 4212 1037 4268 nulla
1061 4215 1358 4286 aliquando
1391 4221 1478 4276 vel
1508 4237 1677 4292 parva
1700 4226 1786 4280 vel
1813 4241 2013 4298 magna
2116 4232 2248 4301 runt
2291 4224 2359 4280 ad
2392 4234 2608 4296 tempus
2639 4225 2762 4295 ejus
2791 4223 3082 4292 voluntati,
3118 4238 3178 4279 se
3208 4220 3408 4278 intuitu
3431 4206 3659 4271 afﬁnitatis

412 4309 649 4365 persona
677 4300 886 4372 aliquid
909 4304 976 4361 de
996 4307 1162 4365 rebus
1193 4311 1278 4367 vel
1300 4317 1749 4384 possessionibus
1774 4321 1842 4376 ad
1867 4321 2013 4378 idem
2117 4319 2238 4390 ejus
2260 4319 2330 4375 ab
2354 4319 2628 4390 injustitia
2660 4319 2764 4374 ista
2789 4326 3104 4375 cessaturos
3133 4314 3382 4387 polliciti.

413 4393 811 4488 monasterium
834 4399 1236 4468 pertinentibus
1258 4406 1476 4466 auferre
1496 4411 1583 4466 vel
1610 4413 1849 4471 alienare
1875 4432 2014 4488 praz-
2193 4413 2278 4468 LI.
2327 4412 2399 4445 ⁸⁵⁸
2431 4411 2569 4483 Sepe
2600 4413 2918 4468 nominatus
2945 4419 3000 4466 et
3019 4425 3148 4482 sepe
3170 4401 3521 4465 nominandus
3535 4390 3657 4451 nobis

414 4493 614 4589 suniat.
661 4485 778 4589 IIoc
824 4494 1089 4567 scriptum
1117 4514 1216 4570 per
1239 4518 1465 4561 manum
1501 4505 1780 4566 Bonefacii
1811 4485 2012 4571 notarii
2043 4518 2090 4576 Ῑ)
2115 4509 2351 4565 domnus
2372 4505 2688 4564 Wicbertus
2712 4514 2822 4562 tam
2847 4507 3127 4578 gratiosus
3149 4503 3257 4559 fuit
3285 4501 3412 4566 Deo,
3433 4491 3654 4589 nidis“?

413 4577 897 4678 1:‘3iii011ill‘iialqtie
921 4591 1420 4655 scriniariisanctte
1439 4597 2007 4677 Romanasaecclesiae,
2119 4603 2287 4659 fuerit
2337 4601 2504 4657 etiam
2550 4577 2871 4672 apostolicae
2923 4595 3334 4670 praedicationis
3377 4577 3651 4678 ministeria.

414 4667 604 4776 datum
641 4684 747 4776 ,εει
789 4677 1019 4776 AKal.
1077 4685 1282 4757 Aprilis
1332 4707 1432 4763 per
1487 4710 1687 4752 manus
1747 4667 2011 4770 Stephani
2119 4695 2266 4752 Gens
2305 4667 2973 4765 siquidem—Ungarorum,
3008 4706 3134 4762 quae
3173 4683 3483 4761 quibusdam

413 4763 657 4838 episcopi
688 4785 753 4826 ac
794 4772 1198 4837 bibliothecarii
1231 4795 1435 4842 sanctae
1480 4789 1626 4846 sedis
1671 4755 2008 4863 apostdlicae,
2118 4789 2354 4847 tissimis
2385 4787 2552 4843 clusis
2585 4795 2818 4853 remota,
2856 4799 2960 4841 nec
3008 4783 3077 4838 ad
3126 4780 3470 4838 meridianam
3487 4755 3651 4863 nec!d

415 4871 562 4956 ξηηο
608 4864 958 4932 Pontiﬁcatns
1007 4870 1196 4928 domni
1245 4875 1520 4935 Benedicti
1539 4879 1629 4936 VII
1660 4861 1814 4956 papa:
1844 4861 2011 4956 nono,
2121 4883 2515 4940 occidentalem
2539 4881 2755 4952 plagam
2786 4877 3023 4935 exeundi
3066 4876 3336 4932 habuerat
3369 4861 3645 4956 facultatem.

414 4951 721 5053 imperante
749 4958 948 5020 Ottone
981 4982 1014 5022 a
1044 4967 1157 5025 Deo
1180 4983 1447 5032 coronato
1467 4950 1758 5051 magno—ac
1781 4950 2011 5053 pacifica
2120 4992 2220 5048 per
2262 4950 2556 5029 Αΐηιιιίυπί
2615 4950 3005 5043 ίίηρθναιοτεπι
3060 4969 3240 5040 r“ptis
3275 4961 3431 5022 clusis
3469 4950 3645 5053 emissi.

417 5047 769 5124 imperatore,
797 5073 946 5116 anno
970 5060 1058 5131 16,
1091 5065 1186 5136 qui
1219 5076 1305 5124 est
1337 5085 1517 5128 annus
1550 5047 1920 5132 ﬁomini-955.

2122 5047 2346 5124 mortuo
2375 5063 2610 5122 Arnulfo
2658 5065 3010 5136 imperatore,
3041 5071 3215 5118 totam
3261 5057 3471 5117 Italiam,
3510 5049 3639 5139 iam."

487 5143 576 5198 15.
614 5143 694 5203 Ita
718 5149 1038 5222 aliquandiu
1071 5158 1346 5218 arridente
1395 5179 1592 5222 sereno
1618 5169 1758 5224 coelo
1784 5185 2016 5242 prospe-
2125 5160 2477 5220 Germaniam
2534 5167 2596 5216 ιιι
2660 5157 2776 5215 fera
2834 5165 3135 5229 ἳθωρθεωε
3189 5154 3338 5211 νπίο
3377 5136 3642 5242 “5W1”

416 5237 616 5311 ritatis,
641 5243 934 5318 derepente
969 5250 1246 5311 inhorruit
1273 5257 1498 5331 inopina
1529 5231 1803 5320 immissio
1827 5231 1959 5321 diab

2127 5272 2324 5331 genere
2345 5253 2671 5327 depopulata
2697 5261 2782 5309 est
2811 5268 2908 5324 per
2950 5265 3125 5306 annos
3171 5245 3382 5305 circiter
3423 5231 3637 5331 quiﬂq'if‘

417 5333 538 5391 licae
591 5343 950 5411 tempestatis.
1014 5344 1298 5418 Siquidem
1357 5327 1736 5412 Iieribrandus
1787 5356 1856 5412 de
1893 5357 2018 5414 vico
2127 5327 2443 5422 gintaJiazc
2462 5363 2594 5420 gens
2613 5345 2780 5402 etiam
2803 5353 3050 5416 tempore
3069 5341 3236 5415 primi
3256 5327 3639 5422 Ottonisiasﬁre":

419 5424 700 5488 Mainwolt
733 5435 827 5504 ⁸⁵²,
862 5437 960 5509 qui
1003 5438 1145 5498 inter
1187 5445 1402 5504 nobiles
1449 5446 1899 5522 Bratuspantium
1947 5451 1962 5484 ⁸

2125 5403 2187 5505 :a
2230 5447 2301 5480 ⁸⁵⁵
2328 5403 2768 5516 Letharingiam,
2827 5403 3175 5496 deducta-est
3209 5452 3242 5494 a
3284 5433 3410 5492 duce
3440 5403 3635 5478 Conrado

1716 5565 1952 5624 VARIIE
1987 5562 2392 5622 LECTIONES.

493 5641 651 5718 ’δέξο
672 5650 775 5706 θιὼ
794 5651 856 5708 3-
957 5656 1027 5692 ⁸⁸⁰
1055 5674 1130 5715 m.
1156 5668 1312 5718 ests.
1340 5662 1393 5718 5.
1474 5659 1544 5695 ⁸³η
1567 5657 1635 5717 Β.
1672 5609 1952 5716 μ
1973 5609 2420 5714 JKQQRQJE.
2498 5653 2569 5686 ⁸⁸³
2601 5650 3052 5708 brabantensinm
3099 5647 3189 5704 Ωιι.
3265 5609 3627 5718 ⁸⁸⁸Βεῖηυξξ¹ξξξ⁹

533 5683 651 5747 ,δῖ-υ
673 5683 775 5706 Du”
804 5683 856 5708 υ.
957 5683 1026 5692 "v
1056 5683 1130 5715 ω’
1156 5683 1241 5718 εει
1266 5683 1312 5717 δ’
1340 5683 1393 5718 θ’
1474 5683 1544 5695 π’
1568 5683 1635 5717 n’
1672 5683 1726 5716 εί
1756 5683 1807 5715 a'
1827 5683 1896 5744 ,τι
1974 5683 2045 5692 ⁷⁷·
2067 5683 2420 5740 maVIWUll.Uc
2502 5683 2566 5686 ἠ
2601 5683 3052 5737 υινῑιυᾰιιιιῦυθξυιυ
3104 5683 3189 5733 f"
3267 5719 3280 5732 .
3350 5683 3626 5752 "ﬁrmi.

422 5754 492 5818 ,ἡ
515 5734 876 5861 ,μέὲὲἑηὶιὸυθ
902 5728 956 5786 5.
1035 5731 1108 5765 ⁸⁸⁸
1137 5734 1402 5804 quoniam
1432 5733 1486 5792 5.
1579 5733 1662 5831 ὶ⁸⁸τ
1689 5747 2005 5807 exprimere
2036 5731 2094 5838 .5.
2130 5730 2245 5836 um
2266 5727 2473 5790 reliqua
2503 5740 2675 5800 usqu
2721 5723 2791 5779 ad
2817 5725 2978 5795 ﬁnem
3009 5734 3220 5794 pagana
3259 5734 3315 5776 ut
3349 5712 3448 5768 loco

982 5983 1021 5992 ην.
