3908 6316
170 263 281 322 675

1558 247 1716 306 VITA
1753 243 2104 304 WICBERTI

3376 245 3484 307 674

169 394 354 451 usque
384 376 461 433 ad
495 376 689 434 silvam
724 372 1141 440 Carbsnariam,
1173 337 1230 427 et
1255 369 1458 426 virtute
1502 367 1600 423 Dei
1628 366 1773 436 apud
1804 366 1852 423 Α
1876 380 2034 418 sanus
2052 363 2253 417 karitas
2274 368 2374 430 est,
2397 359 2569 416 dulcis
2593 375 2675 416 res
2707 365 2758 416 et
2798 359 3129 420 delectabilis
3153 361 3356 416 caritas
3379 372 3478 433 est,

172 472 463 531 Lobiense
488 469 803 527 coenobium
820 476 1062 534 ostensa,
1080 465 1355 538 prohibita
1372 463 1516 520 ultra
1543 462 1784 534 prodire,

170 565 339 623 rediit
371 565 611 635 impune
643 559 738 635 (cf.
785 559 1037 615 Folcuini
1063 567 1210 632 gesta
1256 557 1374 612 abb.
1407 554 1538 609 Lob.
1575 551 1676 610 SS.
1709 569 1784 621 ιγ,

172 659 284 731 66).
322 655 580 728 Ungaris
623 670 753 727 ergo
782 667 836 710 et
884 653 1064 709 eundo
1101 661 1155 708 et
1179 649 1458 707 redeundo
1483 664 1578 719 per
1604 647 1787 702 vicum

174 750 702 808 Gemmelacensem
761 745 1199 814 transeuntibus,
1259 741 1500 800 occurrit
1551 739 1637 796 vir
1691 739 1789 795 Dei

173 841 512 899 Wicbertus
543 841 652 912 (an.
679 839 830 911 954),
860 853 970 894 non
997 838 1171 909 clipeo
1201 836 1271 872 ⁸⁶⁰
1295 844 1390 892 aut
1417 835 1570 907 galea
1613 841 1789 888 mate-

172 933 297 990 riali
322 941 644 1004 protectus,
689 931 786 987 sed
815 939 1027 985 tantum
1058 929 1239 1002 gladio
1262 928 1414 984 verbi
1465 925 1570 992 Dei
1601 925 1789 980 accin-

175 1035 322 1094 ctus,
357 1033 603 1098 paratus
653 1024 842 1081 bibere
893 1023 1118 1079 calicem
1151 1021 1446 1093 passionis,
1495 1028 1550 1074 et
1588 1033 1791 1090 ponere

174 1119 427 1175 animam
461 1134 628 1175 suam
670 1127 894 1190 propter
931 1116 1000 1148 ⁸⁶¹
1047 1115 1341 1172 salvandas
1391 1113 1625 1169 fratrum
1671 1111 1791 1167 ani-

176 1227 298 1268 mas
324 1212 401 1244 ⁸⁶⁸
437 1210 632 1284 (Joan.
671 1227 760 1279 xv,
788 1210 900 1283 15),
932 1225 1065 1282 qua,
1114 1217 1176 1264 ut
1221 1208 1354 1264 dicit
1405 1205 1642 1274 Veritas,
1678 1221 1789 1261 non

175 1314 260 1362 est
288 1305 482 1376 major
507 1305 712 1361 caritas
741 1303 794 1376 (1
829 1303 953 1360 Cor.
999 1319 1121 1371 xm,
1149 1302 1260 1374 15).
1309 1300 1376 1356 Et
1402 1300 1582 1372 primo
1633 1299 1790 1356 miles

177 1398 390 1456 Christi
413 1381 731 1455 secundum
762 1404 1097 1468 praceptum
1129 1393 1396 1467 evangelii
1425 1392 1658 1449 oﬁ'erens
1680 1392 1791 1448 illis

183 1494 412 1550 verbum
440 1493 626 1564 pacis,
656 1493 941 1565 ingressus
984 1501 1068 1547 est
1093 1491 1238 1546 viam
1283 1489 1708 1561 praedicationis,
1737 1497 1792 1544 et

177 1585 450 1658 paulatim
486 1585 742 1656 mitigata
775 1599 968 1639 eorum
993 1582 1167 1649 rabie,
1200 1580 1367 1651 ccepit
1382 1580 1498 1650 jam
1537 1595 1699 1652 agere
1723 1579 1792 1634 de

183 1694 381 1735 eorum
421 1678 632 1734 salute.
663 1675 774 1733 Nec
814 1675 1027 1732 destitit
1065 1675 1174 1730 illis
1219 1673 1489 1728 idolatriae
1527 1670 1793 1742 spurcitia

1890 473 2008 530 qua:
2034 463 2313 527 praesentes
2336 463 2386 510 et
2418 453 2659 508 absentes
2684 453 2738 506 in
2772 469 2936 507 unum
2963 452 3168 524 colligit
3198 454 3410 524 fratres.

1964 549 2051 604 I6.
2094 548 2186 605 Sic
2231 547 2316 602 vir
2363 545 2459 602 Dei
2491 553 2669 602 tactus
2715 552 2954 617 quodam
2978 546 3246 618 praesagio
3274 545 3490 603 futuro-

1889 658 2037 710 rum,
2065 641 2213 712 quod
2242 639 2559 712 propediem
2601 638 2936 694 tendendum
2969 639 3074 693 sibi
3121 647 3269 695 esset
3296 639 3364 694 ad
3393 655 3490 695 su-

1891 749 2074 806 pernae
2102 732 2408 789 vocationis
2427 731 2700 799 bravium,
2731 729 2983 802 praevidit
3005 731 3111 786 sibi
3133 731 3190 786 in
3216 730 3487 801 futurum,

1891 840 1955 886 ut
1980 831 2202 902 quando
2233 828 2483 900 deposito
2508 829 2692 885 carnis
2734 843 2902 884 onere
2941 828 3320 898 ingrederetur
3345 829 3491 886 viam

1891 924 2161 980 universae
2199 923 2403 989 carnis,
2463 921 2636 979 aciem
2688 921 2855 993 hujus
2907 919 3166 977 fraterna:
3214 923 3494 980 societatis

1893 1016 2024 1072 hinc
2057 1016 2183 1071 inde
2209 1016 2415 1074 locaret
2446 1015 2501 1070 in
2530 1014 2819 1083 subsidiis,
2866 1030 2989 1085 quae
3012 1029 3296 1070 aerearum
3320 1024 3494 1071 cater-

1890 1125 2086 1165 varum
2115 1109 2371 1165 incursus
2413 1109 2765 1180 proturbaret
2787 1107 3104 1164 orationum
3133 1107 3275 1164 telis.
3315 1107 3494 1180 Hujus

1893 1203 2099 1283 negotii
2127 1202 2442 1275 perﬁciendi
2493 1201 2768 1258 secundas
2798 1209 2984 1273 partes
3007 1200 3326 1272 relinquens
3349 1199 3497 1256 ﬁdeli

1891 1298 2099 1356 vicario
2121 1314 2221 1356 suo
2256 1297 2440 1354 abbati
2465 1295 2714 1364 Erluino,
2749 1311 2952 1352 cavens
2973 1294 3079 1352 sibi
3103 1310 3202 1366 per
3221 1296 3406 1351 omnia
3428 1310 3499 1351 ne

1894 1393 2000 1448 sub
2053 1392 2280 1448 obtentu
2333 1390 2568 1460 alicujus
2605 1379 2700 1445 ε’θί
2754 1387 3092 1460 exequenda:
3135 1387 3498 1458 quantulum—

1893 1503 2113 1559 cunque
2159 1487 2360 1542 iterum
2413 1483 2789 1556 implicaretur
2840 1481 3050 1548 seculo,
3087 1481 3342 1538 ultimum
3379 1481 3500 1537 vale

1901 1580 2098 1638 dicens
2150 1578 2416 1635 fratribus
2461 1585 2518 1633 et
2569 1561 2782 1644 amicis,
2833 1583 2889 1631 et
2937 1574 3230 1646 optabilem
3259 1575 3413 1646 pacis
3446 1583 3502 1631 et

1895 1673 2206 1730 dilectionis
2262 1670 2586 1726 memoriam
2641 1668 2964 1740 relinquens
3024 1668 3142 1734 eis,
3200 1667 3504 1722 maturavit

183 1770 554 1827 sordentibus
587 1770 827 1842 pandere
874 1768 999 1824 ﬁdei
1049 1767 1308 1839 dogmata
1336 1775 1390 1822 et
1419 1765 1567 1837 regis
1603 1764 1795 1820 aeterni
1827 1743 1872 1801 Β
1895 1765 2043 1821 viam
2075 1765 2143 1821 ad
2170 1763 2408 1821 amicam
2438 1762 2544 1819 sibi
2585 1761 2826 1834 quietem
2870 1759 3193 1816 Gorziensis
3242 1759 3499 1815 solitudi-

191 1863 475 1931 misteria,
551 1863 730 1920 donec
795 1862 1008 1933 aliquos
1071 1875 1263 1917 eorum
1299 1875 1332 1916 a
1381 1873 1552 1931 regno
1593 1859 1796 1915 diaboli

181 1954 478 2023 abstraxit,
502 1971 714 2026 eosque
737 1953 1062 2026 abjurantes
1111 1961 1462 2009 sacramenta
1509 1952 1798 2010 diabolica:

199 2045 429 2113 militiae,
465 2046 852 2117 transscripsit
872 2046 943 2118 lin
992 2062 1194 2102 novum
1236 2061 1437 2102 nomen
1485 2045 1800 2102 christiana:

189 2139 419 2196 militiae.
457 2139 797 2197 Benedictus
853 2139 1000 2196 Deus
1029 2156 1127 2211 per
1157 2141 1365 2209 omnia,
1397 2139 1492 2212 qui
1519 2138 1799 2196 Wicberto

191 2230 292 2285 sub
319 2230 503 2303 signis
533 2231 654 2287 suis
682 2229 943 2286 militanti
971 2230 1148 2300 alluit,
1193 2231 1354 2304 eique
1385 2230 1617 2287 civicam
1639 2245 1800 2288 coro-

188 2337 310 2376 nam
339 2322 566 2378 tribuit.

262 2413 348 2470 15.
390 2412 718 2471 Praevidens
770 2414 854 2470 vir
885 2413 998 2470 Deo
1019 2415 1216 2486 plenus
1253 2430 1366 2470 non
1399 2430 1524 2472 esse
1545 2424 1800 2487 paratum

194 2504 294 2561 sibi
324 2522 356 2562 a
386 2506 505 2563 Deo
530 2516 712 2578 patre,
744 2515 806 2563 ut
827 2508 1037 2564 biberet
1059 2509 1298 2579 primum
1323 2509 1552 2564 calicem
1575 2510 1798 2581 passio-

196 2591 298 2660 nis,
334 2593 595 2649 animum
639 2594 869 2666 appulit,
923 2603 984 2650 ut
1022 2605 1327 2652 mereretur
1371 2597 1558 2652 bibere
1608 2599 1802 2654 saltem

194 2683 495 2740 secundum
521 2684 750 2742 calicem
777 2683 1166 2755 confessionis,
1192 2698 1244 2744 et
1270 2688 1393 2744 ideo
1417 2697 1564 2746 totus
1595 2689 1651 2744 in
1688 2691 1795 2748 hoc

199 2780 256 2827 ut
276 2775 623 2830 consulendo
650 2776 756 2832 sibi
779 2777 1092 2834 consuleret
1120 2779 1285 2835 etiam
1310 2779 1454 2847 aliis,
1475 2779 1806 2852 excogitavit

199 2881 331 2936 opus
349 2867 499 2938 quod
527 2884 642 2924 non
673 2868 852 2924 solum
877 2869 1004 2938 sibi,
1029 2869 1125 2926 sed
1151 2871 1316 2926 etiam
1347 2870 1469 2927 aliis
1497 2872 1802 2944 prodesset.

199 2955 329 3014 Nam
376 2962 726 3032 amplectens
770 2979 934 3034 super
990 2965 1174 3020 omnia
1217 2965 1524 3034 caritatem,
1551 2983 1676 3038 quae
1723 2977 1808 3026 est

203 3051 477 3109 vinculum
509 3053 826 3110 dilectionis
850 3055 942 3124 ⁸⁸³,
987 3064 1042 3111 et
1086 3057 1141 3110 in
1169 3073 1277 3128 qua
1308 3056 1380 3089 8“
1408 3067 1493 3114 cst
1518 3058 1802 3130 plenitudo

205 3141 350 3217 legis,
396 3155 451 3204 et
475 3148 554 3204 ob
589 3147 695 3204 hoc
739 3148 980 3206 maxime
1004 3151 1152 3222 quod
1175 3152 1281 3209 hoc
1311 3153 1548 3224 speciale
1579 3155 1809 3209 manda-

209 3247 314 3295 tum
333 3251 418 3298 est
438 3242 668 3299 Domini
692 3243 926 3300 dicentis
953 3263 965 3300 :
989 3242 1309 3298 Mandatum
1337 3260 1527 3298 novum
1552 3244 1620 3298 do
1663 3244 1806 3300 vobis

208 3344 260 3389 ut
283 3353 369 3392 vos
411 3339 642 3394 invicem
669 3339 910 3412 diligatis
945 3337 1126 3412 (Joan.
1160 3353 1280 3405 xm,
1311 3334 1425 3408 54),
1458 3337 1624 3408 οωρὶι
1648 3352 1809 3408 agere

213 3444 326 3484 cum
351 3431 613 3502 pluribus
638 3433 850 3488 devotis
897 3440 952 3488 et
997 3431 1090 3487 Dei
1124 3430 1396 3498 lldelibus,
1423 3439 1483 3485 ut
1508 3445 1606 3500 per
1630 3447 1802 3488 unum

215 3532 409 3582 mutuae
447 3524 705 3582 caritatis
745 3524 1105 3596 eonglutinati
1145 3539 1409 3590 amorem,
1458 3521 1807 3580 fraternalem

215 3613 347 3672 inter
375 3634 434 3674 se
463 3625 774 3675 statuerent
810 3618 1150 3686 societatem,
1177 3625 1238 3673 ut
1266 3633 1391 3673 cum
1417 3634 1609 3674 omnes
1634 3636 1808 3676 unum

216 3707 265 3762 in
286 3708 505 3768 Christo
525 3720 734 3778 essent,
760 3727 933 3766 unum
976 3721 1252 3782 saperent,
1301 3728 1472 3768 unum
1497 3713 1806 3784 diligerent,

217 3815 378 3857 unum
401 3805 457 3858 in
479 3803 710 3860 Christo
726 3804 947 3872 vellent,
965 3820 1139 3860 unum
1163 3805 1392 3873 nollent,
1410 3805 1576 3862 nichil
1600 3807 1669 3840 ⁸⁸⁸
1692 3807 1812 3863 dia-

217 3891 380 3951 bolica
403 3897 746 3954 emulatione
768 3904 1113 3953 contractum
1147 3896 1274 3952 odio
1295 3897 1544 3969 dignum,
1567 3899 1652 3955 vel
1677 3914 1810 3955 con-

220 3989 487 4047 trarietate
573 3990 912 4047 inveniretur
956 3989 1257 4057 diversum,
1311 3999 1372 4046 ut
1421 4007 1546 4046 vere
1599 3991 1810 4063 paciﬁci

222 4093 552 4141 mererentur
574 4084 964 4140 beatitudinem
989 4073 1228 4139 ﬁliorum
1266 4081 1391 4150 Dei;
1416 4085 1484 4140 ad
1511 4085 1614 4140 hoc
1641 4085 1806 4140 etiam

223 4181 279 4226 ut
320 4179 624 4234 secundum
669 4176 860 4234 Jacobi
903 4186 1237 4249 praeceptum
1264 4187 1489 4248 peccata
1519 4194 1616 4233 sua
1639 4179 1806 4234 alter-

225 4274 394 4325 utrum
419 4272 818 4329 conﬁterentur
844 4270 988 4344 (Jac.
1015 4288 1071 4338 v,
1096 4271 1208 4341 16),
1239 4271 1518 4328 etorando
1541 4287 1641 4342 pro
1666 4272 1808 4327 invi-

225 4371 330 4414 cem
359 4364 722 4430 salvarentur,
753 4379 804 4420 et
854 4363 998 4419 sicut
1020 4360 1235 4418 Veritas
1261 4363 1336 4417 ait
1361 4381 1373 4418 :
1401 4361 1505 4428 Qui
1538 4361 1680 4416 lotus
1704 4370 1802 4430 est,

1898 1857 2005 1914 nis.
2042 1856 2198 1913 Sicut
2235 1855 2380 1912 enim
2410 1855 2580 1926 piscis
2602 1859 2884 1909 extractus
2909 1851 2978 1906 ab
3007 1865 3154 1922 aqua
3187 1865 3298 1904 non
3321 1857 3505 1920 potest

1899 1952 2107 2019 vivere,
2138 1950 2214 2006 ita
2242 1949 2360 2020 ipse
2384 1947 2614 2003 timebat
2636 1947 2703 2002 de
2730 1945 2842 2001 vita
2861 1944 3060 2000 anima:
3084 1959 3220 2009 suae,
3244 1943 3502 2013 quotiens
3565 1991 3571 1998 .

1900 2060 1932 2100 a
1960 2041 2440 2114 contemplationis
2467 2038 2862 2096 extrahebatur
2907 2035 3122 2108 requie.
3166 2034 3301 2091 Post
3339 2043 3421 2090 tot
3450 2041 3504 2090 et

1903 2143 2084 2191 tantos
2105 2133 2320 2189 labores
2355 2131 2487 2188 dum
2507 2131 2620 2202 jam
2639 2131 2867 2202 jamque
2896 2134 3214 2200 expectaret
3247 2125 3370 2181 dari
3395 2125 3504 2182 sibi

1901 2246 1933 2286 a
1962 2229 2076 2284 Deo
2099 2227 2170 2261 ⁸⁵⁷
2200 2227 2576 2284 desideratam
2602 2225 2926 2282 missionem
2974 2220 3184 2278 militiae
3209 2236 3346 2288 suae,
3374 2229 3503 2274 tan-

1902 2325 2025 2380 dem
2044 2339 2141 2380 rex
2167 2339 2357 2395 regum
2379 2323 2599 2378 laetatus
2621 2321 2854 2376 militem
2876 2334 3040 2376 suum
3061 2317 3156 2374 diu
3180 2331 3282 2388 pro
3307 2315 3506 2372 castris

1903 2433 2131 2475 suorum
2165 2416 2394 2473 viriliter
2424 2404 2678 2483 stetisse,
2710 2422 2928 2485 tempus
2949 2427 3073 2470 esse
3098 2409 3256 2474 duxit
3285 2411 3338 2466 ei
3366 2425 3508 2482 prte-

1904 2511 2014 2566 mia
2041 2509 2247 2566 laboris
2272 2508 2524 2577 reddere,
2549 2515 2607 2565 et
2650 2506 2818 2579 capiti
2859 2506 2983 2579 ejus
3025 2519 3290 2562 coronam
3324 2503 3508 2560 laudis

1905 2602 2206 2674 imponere.

1978 2695 2067 2750 17.
2105 2694 2174 2750 Ει
2208 2694 2325 2766 jam
2371 2692 2614 2750 instante
2665 2701 2914 2764 tempore
2965 2689 3326 2748 resolutionis
3369 2705 3505 2759 suae,

1905 2787 2074 2858 etrapit
2097 2786 2473 2858 languescere.
2509 2783 2772 2840 Summus
2819 2781 2966 2838 enim
3007 2780 3208 2838 artifex
3238 2779 3334 2852 qui
3364 2795 3511 2837 sem-

1905 2893 2006 2949 per
2031 2875 2242 2933 invenit
2262 2876 2317 2930 in
2349 2890 2515 2946 opere
2537 2889 2640 2931 suo
2661 2874 2808 2946 quod
2826 2873 3008 2930 adhuc
3029 2873 3225 2929 tundat
3244 2881 3298 2928 et
3316 2872 3508 2944 poliat,

1907 2970 2142 3026 electum
2172 2983 2336 3025 suum
2363 2976 2626 3041 tanquam
2651 2983 2851 3023 aurum
2881 2967 2937 3022 in
2963 2965 3190 3024 fornace
3216 2965 3507 3038 probabat,

1908 3071 1972 3118 ut
1992 3069 2322 3132 excoqueret
2349 3060 2416 3115 ad
2457 3075 2659 3132 purum
2698 3061 2939 3116 scoriam
2982 3068 3336 3131 peccatorum
3366 3059 3506 3130 ejus.

1911 3156 2390 3214 Gemmelacenses
2409 3153 2504 3220 ⁸⁸⁸,
2523 3162 2583 3208 ut
2607 3154 2899 3210 audierunt
2915 3153 3200 3209 dominum
3223 3161 3278 3208 et
3297 3160 3510 3223 patrem

1910 3266 2072 3306 suum
2109 3249 2177 3304 ad
2200 3255 2434 3304 mortem
2459 3246 2750 3313 inﬁrmari,
2775 3261 2886 3303 non
2919 3254 3218 3317 potuerunt
3239 3259 3344 3300 suo
3371 3253 3510 3299 tem-

1909 3357 2102 3414 perare
2143 3339 2342 3396 dolori.
2373 3336 2533 3394 Hunc
2561 3353 2757 3395 eorum
2809 3337 3058 3394 dolorem
3087 3336 3254 3393 nimis
3276 3351 3511 3410 exagge-

1909 3437 2088 3513 rabat,
2142 3436 2192 3492 si
2242 3450 2370 3491 eum
2417 3434 2474 3490 in
2510 3441 2658 3490 terra
2703 3433 3166 3506 peregrinationis
3219 3449 3334 3492 suae
3374 3432 3512 3505 ipsis

1911 3527 2230 3584 absentibus
2259 3526 2600 3609 contingeret
2629 3526 2806 3582 obire.
2844 3523 3001 3581 Unde
3031 3527 3127 3596 qui
3157 3541 3225 3582 ex
3278 3525 3366 3582 his
3387 3541 3509 3589 ma-

1905 3621 2110 3696 juseuli
2133 3637 2255 3678 esse
2276 3621 2627 3689 videbantur,
2656 3621 2777 3678 sine
2801 3635 2956 3676 mora
2974 3619 3230 3675 Gorziam
3256 3618 3506 3688 tendunt,

1910 3723 1965 3772 et
1987 3714 2270 3770 dominum
2294 3727 2458 3768 suum
2489 3701 2766 3768 viventem
2810 3710 3116 3777 inveniunt,
3164 3718 3220 3766 et
3259 3710 3511 3782 aliquan-

1911 3809 2085 3864 tulum
2114 3805 2460 3863 dissimulato
2493 3805 2706 3872 dolore,
2754 3813 2926 3877 agunt
2950 3819 3078 3859 cum
3117 3818 3185 3859 eo
3224 3802 3293 3858 de
3321 3817 3512 3872 repor-

1922 3899 2091 3956 tando
2117 3899 2237 3969 ejus
2284 3911 2534 3967 corpore.
2577 3895 2671 3952 Ille
2694 3895 2963 3952 accersito
2992 3893 3062 3950 ad
3104 3909 3164 3950 se
3187 3893 3382 3950 abbate
3406 3907 3512 3949 suo

1911 3997 1998 4054 cui
2022 4011 2222 4051 nomen
2246 4001 2368 4049 erat
2388 3991 2694 4059 Oilbaldus,
2713 3992 2891 4064 aperit
2913 3991 2965 4048 ei
2991 4006 3157 4047 suum
3173 4004 3514 4060 suorumque

1909 4087 2264 4154 desiderium,
2289 4095 2344 4142 et
2390 4086 2495 4142 hoc
2537 4087 2699 4142 abeo
2744 4086 3004 4142 ultimum
3049 4085 3256 4156 expetit
3301 4082 3510 4140 beneﬁ-

1909 4183 2076 4251 cium,
2101 4192 2163 4239 ut
2199 4183 2360 4238 liceat
2409 4181 2528 4237 suis
2574 4179 2824 4237 defuncti
2873 4179 3124 4250 corporis
3169 4177 3255 4234 sui
3297 4177 3512 4249 glebam

1909 4275 2115 4332 referre
2136 4275 2200 4330 ad
2230 4275 2677 4331 Gemmelacense
2703 4273 3019 4330 cenobium.
3067 4271 3254 4327 Abbas
3274 4287 3342 4326 ex
3366 4285 3504 4327 con-

1911 4367 2054 4433 silio,
2102 4367 2386 4438 respondit
2413 4374 2474 4421 ut
2502 4375 2658 4438 pater
2699 4365 2812 4420 ﬁlio
2859 4383 2873 4420 :
2921 4363 3000 4418 Mi
3039 4363 3122 4434 ﬁli
3178 4361 3511 4430 dulcissime,

225 4463 316 4504 ηοη
341 4453 539 4529 indiget
563 4456 668 4510 nisi
695 4464 753 4510 ul
782 4455 936 4526 pedes
967 4454 1124 4522 lavet,
1163 4453 1254 4509 sed
1293 4461 1372 4508 est
1408 4452 1633 4507 mundus
1662 4461 1802 4507 τοιιιδ
1832 4466 1881 4527 ι)
1907 4462 2168 4533 angustia:
2197 4460 2326 4516 mihi
2355 4470 2478 4515 sunt
2498 4461 2751 4532 undique.
2787 4457 3144 4514 Sanctitatem
3175 4465 3325 4510 tuam
3365 4471 3514 4511 reve-

230 4539 396 4612 (Joan.
427 4565 552 4617 ιιιι,
578 4548 689 4620 10),
719 4549 795 4604 ita
819 4549 918 4604 loti
951 4548 1226 4619 baptismo
1269 4547 1546 4602 alterutra:
1588 4545 1806 4603 confes-

229 4634 408 4708 sionis,
452 4643 582 4698 lotis
609 4642 840 4714 pedibus
883 4642 1086 4712 quibus
1137 4656 1247 4696 non
1297 4647 1476 4712 potest
1525 4640 1646 4697 sine
1687 4641 1810 4696 labe

233 4734 363 4788 terra
377 4735 574 4792 calcari
599 4735 691 4803 ⁸⁸⁸,
718 4735 771 4790 id
795 4733 1127 4806 estexpiatis
1150 4733 1364 4791 actibus
1387 4734 1644 4789 humanae
1661 4733 1806 4802 vitae,

231 4837 340 4892 quae
380 4829 468 4884 vix
520 4837 616 4885 aut
658 4829 972 4884 nullatenus
1025 4828 1144 4884 sine
1199 4843 1338 4883 nevo
1379 4827 1594 4898 peccati
1634 4836 1814 4898 potest

235 4919 465 4992 transigi,
492 4937 590 4992 per
613 4919 870 4976 fraternae
891 4920 1162 4976 orationis
1207 4919 1479 4975 auxilium
1515 4919 1812 4978 redderen-

235 5014 315 5062 tur
340 5014 432 5068 toti
458 5014 670 5081 mundi,
703 5013 1041 5082 elcmosinis,
1060 5013 1310 5084 jejuniis,
1335 5013 1584 5085 psalmis,
1605 5013 1806 5086 ymnis,

238 5103 449 5160 canticis
490 5106 872 5178 spiritualibus
907 5106 975 5162 ad
1011 5107 1115 5162 hoc
1144 5106 1456 5163 constitutis
1478 5107 1548 5161 ab
1574 5107 1808 5163 invicem

239 5195 442 5264 cxpiati.
474 5200 784 5258 Delectabat
812 5199 959 5255 enim
1012 5215 1110 5256 eos
1156 5199 1289 5256 illud
1317 5201 1463 5256 beati
1493 5200 1807 5274 Augustini,

242 5288 325 5358 qui
363 5291 416 5348 in
461 5295 677 5352 laudem
722 5294 974 5352 karitatis
1027 5309 1390 5368 prorumpens
1430 5295 1506 5352 ait
1561 5314 1573 5351 :
1625 5295 1808 5354 Dulcis

1914 4569 2052 4620 reor,
2090 4552 2327 4607 animum
2356 4559 2504 4606 tuam
2549 4550 2619 4604 ad
2663 4549 2832 4604 Deum
2884 4556 3096 4603 euntem
3140 4546 3515 4602 scandalizare

1913 4660 2120 4709 vereor;
2151 4641 2242 4698 sed
2273 4642 2430 4697 timeo
2453 4658 2516 4696 ne
2538 4641 2626 4695 illi
2659 4641 2728 4675 ⁸⁸⁹
2748 4656 2907 4712 super
2928 4639 3026 4694 hoc
3051 4638 3512 4708 scandalizentur,

1915 4737 2006 4810 qui
2031 4745 2078 4791 te
2109 4745 2168 4790 ut
2195 4744 2401 4807 patrem
2432 4742 2769 4801 venerantur,
2796 4742 2848 4788 et
2866 4747 3097 4787 amorem
3120 4747 3276 4804 quem
3299 4730 3514 4786 exibue-

1918 4838 2041 4884 runt
2089 4829 2158 4861 ⁸⁷⁰
2189 4828 2285 4882 tibi
2327 4826 2541 4894 viventi,
2593 4824 2785 4881 vellent
2839 4825 3049 4880 exibere
3100 4821 3515 4896 praesentialiter

1916 4925 2076 4978 etiam
2109 4923 2375 4977 morienti.
2419 4919 2558 4975 Ecce
2587 4918 2912 4974 voluntatem
2937 4933 3107 4973 meam
3131 4925 3385 4988 postpono
3409 4923 3514 4969 tuae

1918 5018 2206 5083 voluntati,
2232 5017 2278 5071 si
2307 5015 2628 5086 aspiraverit
2655 5012 2752 5068 tibi
2781 5021 2831 5067 et
2866 5013 2970 5066 tuis
3007 5011 3250 5066 voluntas
3292 5007 3413 5063 Dei.
3452 5004 3514 5062 Si

1917 5109 2148 5182 suppetit
2167 5108 2272 5163 tuis
2303 5105 2538 5178 facultas
2565 5103 2823 5177 implendi
2850 5102 3174 5158 desiderium
3201 5114 3380 5167 suum,
3407 5115 3514 5156 non

1920 5221 2048 5275 nego
2074 5218 2245 5257 meum
2268 5216 2562 5255 assensum.

1990 5297 2233 5354 Tandem
2261 5295 2330 5328 ⁸⁷¹
2385 5294 2470 5350 vir
2521 5293 2620 5352 Dei
2647 5297 3062 5350 consummatus
3127 5288 3185 5344 in
3247 5289 3511 5346 virtutum

1525 5428 1760 5489 VARUE
1798 5432 2201 5492 LECTIONES.

247 5541 373 5646 m'f‘
391 5547 594 5652 cl'ippe'o
613 5551 669 5606 2.
696 5549 873 5623 clipeo
899 5549 1122 5652 galeave
1287 5548 1355 5582 ⁸⁶¹
1387 5563 1486 5618 pro
1525 5550 1578 5605 5.
1605 5621 1616 5632 ο

335 5626 406 5652 un
462 5638 518 5652 Α-
568 5639 657 5652 lt-..
708 5623 729 5652 Ι
856 5622 902 5652 86
985 5622 1186 5652 ηιιιηηιη
1243 5621 1277 5652 ο
1375 5620 1443 5652 86⁸1
1471 5621 1616 5652 Anm.

335 5620 407 5672 ita
426 5620 518 5678 hoc
542 5621 658 5679 loco
708 5620 787 5678 1.’
856 5620 927 5654 ⁸⁸⁸
983 5621 1190 5678 eulcari
1243 5621 1296 5676 2.
1375 5620 1766 5678 “'domino3.

1387 5563 1486 5618 pro
1525 5550 1578 5605 5.
1655 5549 1726 5586 ⁸⁸⁸
1774 5550 2065 5608 animabus
2107 5551 2161 5606 5.
2265 5548 2338 5582 ⁸⁸³

1387 5620 1443 5653 ’⁸⁷
1470 5621 1695 5678 domino
1713 5623 1766 5678 5.
1876 5624 1948 5658 ⁸⁸⁸
1975 5622 2039 5680 G.
2069 5631 2252 5679 autem
2284 5629 2345 5676 ut

2026 5665 2039 5678 .
2069 5638 2252 5679 autem
2284 5638 2345 5676 ιιι
2373 5638 2425 5675 ἱ).

2433 5546 2718 5605 rfectionis
2751 5546 2805 5604 5.
2886 5543 2957 5578 ⁸⁸⁸

2998 5558 3113 5616 quo
3133 5559 3271 5616 corr.

2538 5619 2609 5652 ⁸⁶⁹
2648 5618 2738 5675 alii
2773 5633 2910 5672 corr.
2939 5613 3034 5674 illi
3058 5617 3110 5672 1.
3138 5615 3231 5673 alii
3263 5614 3320 5671 2.
3338 5613 3429 5670 illi
3452 5613 3512 5670 5.

3319 5558 3428 5614 qua
3455 5541 3512 5614 1.

250 5682 312 5767 Ὗ
334 5691 502 5767 exhib.
538 5695 594 5750 2.
670 5694 739 5727 ⁸⁷⁸
767 5695 852 5767 hic
891 5702 1050 5767 capu_t
1081 5691 1258 5767 XVII
1297 5693 1746 5767 inchoantucodd.
1777 5694 1833 5750 2.
1873 5696 1925 5751 5.
1963 5696 2142 5767 θρέξας
2173 5695 2223 5749 1.
2253 5692 2465 5767 nonnisi
2499 5691 2675 5767 majus
2701 5689 2960 5767 [absque
3020 5682 3247 5767 capituli
3305 5687 3514 5767 indica-

253 5756 375 5816 uone
407 5765 480 5822 vel
521 5782 738 5827 numero
774 5756 965 5825 habet.’
999 5764 1190 5827 Scriba
1214 5765 1397 5824 swculi
1419 5764 1470 5827 Χ
1487 5763 1618 5827 Vl].
1650 5782 1927 5859 numerum
1955 5764 2102 5858 XYII
2122 5765 2316 5856 nocuit.
2341 5773 2394 5825 et
2416 5779 2538 5822 mox
2570 5756 2717 5826 infra
2749 5756 2918 5820 XVIII
2953 5770 3005 5820 et
3036 5756 3230 5819 XVIIII
3256 5757 3509 5816 restituit.
