3908 6316
604 283 710 341 679

603 494 868 567 martyrio
925 503 1243 550 sanctorum
1290 490 1637 546 Thebeorum
1689 491 1998 562 specialiter
2027 491 2188 547 nobis

605 587 916 659 sollempni,
937 588 1074 643 satis
1097 587 1289 658 ingens
1315 585 1552 655 populus
1570 592 1625 640 et
1651 583 1840 640 indicti
1868 584 2187 640 commercii

598 690 653 738 et
673 681 867 738 votivae
894 681 1160 738 orationis
1183 695 1371 749 causa,
1395 680 1451 734 in
1467 680 1615 734 hunc
1639 679 1817 734 locum
1844 679 2179 734 conveniret.

671 772 722 827 5.
764 771 1012 828 Domnus
1056 771 1226 827 abbas
1258 770 1551 826 Lietardus
1576 769 1631 823 in
1656 769 1742 825 his
1765 785 1888 841 quaa
1917 769 2022 825 sibi
2047 770 2186 826 bene

595 865 681 922 vel
709 863 854 921 dicta
876 865 962 920 vel
994 864 1139 920 facta
1172 872 1301 920 sunt
1325 863 1557 931 laetatus,
1584 862 1749 933 hujus
1776 861 1987 918 lazticiae
2015 862 2185 934 parti-

596 957 925 1028 cipationem
955 957 1024 1014 ad
1057 965 1305 1013 nostram
1340 956 1533 1012 detulit
1559 955 2018 1026 expectationem.
2057 955 2180 1012 Mo-

596 1051 719 1108 nuit
754 1051 952 1107 deinde
981 1060 1041 1107 ut
1091 1051 1398 1108 desiderata
1437 1051 1568 1106 boni
1613 1051 1831 1121 patroni
1862 1050 2183 1122 sollempnia

593 1141 776 1198 debita
795 1149 998 1198 nostrae
1019 1141 1322 1198 devotionis
1343 1141 1706 1212 praevenirent
1728 1142 1935 1197 munia.
1955 1140 2183 1213 Nanque

593 1233 665 1289 ad
687 1235 1091 1306 prosperandos
1120 1252 1151 1291 a
1190 1234 1302 1291 Deo
1331 1236 1497 1307 hujus
1533 1237 1611 1292 rei
1638 1251 1929 1293 successus
1965 1252 2033 1292 ex
2063 1236 2181 1308 epi-

594 1329 748 1400 scopi
774 1330 1034 1386 mandato
1060 1329 1334 1401 jejunium
1377 1330 1593 1400 indixit,
1626 1332 1772 1403 quod
1801 1332 1916 1402 ipse
1944 1349 2054 1389 una
2076 1349 2179 1389 no-

591 1422 805 1479 biscum
832 1438 897 1479 co
918 1424 1163 1480 devotior
1196 1439 1307 1496 quo
1351 1425 1635 1481 Sollicitior
1673 1425 1918 1496 perfecit.
1950 1425 2180 1498 Jamque

589 1514 869 1571 effulserat
897 1516 1015 1572 dies
1035 1515 1149 1585 illa,
1180 1517 1313 1573 caelo
1341 1525 1607 1589 terraeque
1651 1517 1867 1588 festiva,
1917 1521 2050 1576 caelo
2079 1537 2179 1592 pro

589 1621 845 1680 compare
861 1608 1162 1682 designato,
1182 1617 1338 1666 terrae
1358 1626 1458 1682 pro
1480 1619 1711 1682 patrono
1741 1612 1845 1667 sibi
1872 1613 2172 1684 assignato.

588 1701 794 1757 Aderat
819 1704 1110 1784 utriusque
1141 1719 1307 1760 sexus
1330 1704 1484 1774 plebs
1533 1705 1984 1774 innumerabilis,
2035 1723 2185 1788 quos!

587 1793 952 1866 undecunque
975 1774 1336 1852 advocaverat
1363 1813 1520 1853 amor
1552 1806 1607 1852 et
1629 1799 1806 1855 honor
1835 1801 2012 1858 sancti
2037 1817 2174 1858 con-
2212 1771 2254 1827 Β

583 1884 836 1944 fessoris.
857 1887 1242 1945 Convenerant
1259 1891 1425 1946 etiam
1453 1893 1639 1963 plures
1660 1893 1884 1950 abbates
1909 1903 1964 1950 et
1989 1896 2173 1951 archi-

583 1974 816 2048 dyaconi
839 2019 854 2046 ,
895 1987 950 2034 et
992 1979 1084 2034 alii
1109 1981 1511 2038 ecclesiasticae
1540 1984 1822 2057 religionis
1849 1993 1960 2041 tam
1985 1995 2177 2044 aucto-

582 2083 673 2125 res
693 2085 862 2141 quam
890 2070 1168 2144 discipuli,
1197 2089 1339 2144 quos
1368 2075 1437 2130 ad
1461 2076 1695 2132 caelestis
1743 2079 1990 2135 thesauri
2023 2096 2173 2137 com-

584 2160 915 2230 positionem
960 2164 1285 2222 invitaverat
1309 2169 1609 2225 auctoritas
1637 2170 1824 2226 domni
1855 2173 2092 2245 episcopi
2119 2183 2174 2230 et

579 2251 910 2326 religiositas
950 2258 1246 2314 tractanda:
1289 2260 1388 2315 rei.
1453 2259 1700 2329 Quorum
1753 2263 1964 2321 devotis
2006 2266 2168 2322 obse-

581 2341 730 2414 quiis
755 2345 932 2402 sancti
979 2347 1224 2419 corporis
1253 2351 1614 2422 margaritum
1651 2352 1923 2408 elevatum
1953 2354 2020 2410 de
2047 2355 2171 2411 loco

580 2436 900 2507 sepultura,
933 2438 988 2494 in
1012 2441 1318 2512 proximam
1357 2443 1475 2515 agri
1503 2444 1783 2515 planitiem
1811 2454 1895 2502 est
1923 2445 2173 2518 deporta-

577 2535 731 2598 tum,
779 2534 1193 2603 expectantibus
1232 2536 1450 2606 populis
1476 2536 1986 2595 demonstrandum.

647 2621 702 2678 6.
752 2621 965 2681 Interea
1008 2642 1110 2697 pro
1147 2643 1208 2683 re
1236 2636 1292 2685 et
1324 2636 1568 2700 tempore
1590 2631 1776 2686 habito
1806 2632 1875 2688 ad
1905 2633 2170 2704 populum

575 2730 832 2773 sermone
851 2760 866 2785 ,
900 2735 1026 2775 cum
1050 2720 1309 2778 omnibus
1340 2723 1475 2779 satis
1505 2723 1713 2780 factum
1758 2737 1906 2783 esset
1932 2743 2031 2798 pro
2067 2744 2169 2784 sua

574 2810 955 2878 expectatione
983 2829 1148 2886 super
1169 2817 1344 2872 sancti
1367 2820 1614 2890 corporis
1635 2821 1865 2878 vvisioue
1883 2861 1898 2891 ,
1944 2832 2168 2880 sanctus

576 2901 869 2960 confessor
893 2903 1208 2965 Wicbertus
1230 2909 1300 2965 ab
1328 2911 1585 2968 omnibus
1612 2923 1924 2983 veneratur,
1944 2932 1975 2970 a
2003 2916 2170 2987 pluri-

574 2992 680 3050 bus
699 2995 881 3053 votiva
907 2999 996 3054 vel
1022 3012 1321 3071 spontanea
1350 3004 1625 3062 oblatione
1648 3016 1991 3065 muneratur.
2021 3007 2168 3080 inde

579 3087 650 3142 ad
684 3088 792 3144 loci
835 3092 1010 3148 nostri
1051 3096 1278 3164 tutelam
1313 3108 1367 3154 et
1395 3100 1775 3172 salvationem,
1813 3119 1940 3160 cum
1964 3103 2167 3162 feretro

573 3177 646 3235 ad
669 3179 742 3213 ⁸⁸³
763 3180 870 3238 hoc
897 3181 1197 3243 fabrefacta
1233 3188 1290 3244 in
1321 3191 1578 3262 placitam
1626 3195 1732 3250 sibi
1777 3197 2038 3254 ecclesiae
2064 3213 2170 3254 no-

576 3276 707 3327 strae
757 3269 1221 3335 Gemmelacensis
1253 3283 1530 3352 repositus
1567 3294 1651 3342 est
1691 3287 2034 3344 mansionem
2072 3289 2166 3345 ⁸³³.

575 3356 764 3417 Multis
791 3362 1028 3436 denique
1057 3367 1300 3426 ﬁdelium
1335 3388 1446 3430 non
1487 3375 1623 3432 satis
1651 3377 1835 3434 visum
1877 3389 1989 3448 est,
2021 3381 2170 3452 quod

569 3453 653 3510 eis
700 3455 868 3527 hujus
903 3457 1017 3514 diei
1058 3464 1258 3534 gaudio
1317 3467 1636 3540 participari
1685 3471 1875 3528 datum
1926 3482 2030 3542 est,
2061 3475 2171 3534 nisi

575 3546 785 3618 aliquid
823 3551 1181 3624 reliquiarum
1235 3559 1437 3630 singuli
1491 3571 1552 3618 ut
1599 3565 1870 3635 petierant
1923 3571 2170 3640 accipere

571 3650 915 3699 mererentur
935 3687 951 3712 ,
994 3647 1138 3704 unde
1168 3649 1239 3705 ab
1266 3651 1348 3707 eis
1379 3668 1596 3725 cruces,
1642 3657 1858 3727 altaria,
1886 3661 1971 3716 vel
2001 3670 2168 3718 etiam

570 3733 786 3809 integra
829 3742 1072 3796 oratoria
1118 3743 1519 3804 dedicarentur.
1577 3749 1792 3817 Quanta
1826 3768 1958 3808 vero
2003 3754 2170 3813 fuerit

571 3827 740 3899 hujus
796 3830 906 3887 diei
950 3831 1168 3903 lretitia,
1211 3852 1335 3907 quae
1386 3839 1442 3893 in
1498 3839 1730 3898 Domino
1763 3844 2064 3902 laetantium
2115 3859 2170 3906 et

568 3922 937 3980 exultantium
968 3928 1140 4000 gloria
1161 3970 1175 3996 ,
1227 3931 1358 4001 quia
1382 3948 1546 3989 nemo
1568 3937 1635 3991 ad
1665 3938 1956 3999 dicendum
1989 3953 2170 4017 potest

569 4011 839 4081 sufﬁcere,
863 4015 1073 4072 bonum
1098 4027 1185 4076 est
1211 4021 1375 4079 silere
1401 4039 1567 4095 quam
1590 4043 1787 4098 parum
1816 4011 2016 4092 dicere.
2050 4035 2163 4094 lm-

569 4119 662 4160 mo
692 4105 825 4176 quia
861 4110 1199 4180 promptiora
1245 4123 1376 4172 sunt
1404 4118 1720 4176 testimonia
1757 4139 1943 4181 rerum
1999 4145 2164 4200 quam

569 4195 868 4254 verborum
891 4241 906 4267 ,
948 4201 1016 4256 de
1055 4217 1120 4257 ea
1155 4205 1416 4263 credatur
1458 4209 1848 4270 innumerabili
1887 4195 2060 4276 turbae
2097 4224 2165 4277 ti-

571 4286 776 4344 delium
825 4293 1190 4366 populorum,
1239 4313 1381 4371 quos
1439 4304 1507 4360 ad
1559 4307 2002 4368 anniversarium
2053 4330 2168 4372 sua:

570 4377 1094 4453 ipsiusjelevationis
1115 4389 1284 4459 diem,
1311 4395 1489 4464 gratia
1517 4399 1694 4454 sancti
1714 4401 2052 4464 confessoris
2080 4407 2166 4463 in-

1781 277 2147 336 SlGEBERTl
2179 278 2706 338 GEMBLACENS‘IS
3695 296 3766 356 θα

605 398 781 457 sancti
825 399 1070 472 corporis
1110 396 1342 455 elevatio
1390 394 1575 463 ﬁeret,
1622 410 1688 451 eo
1740 397 1885 467 quod
1922 374 2096 467 pridie
2131 396 2189 452 in
2219 402 2264 462 Α
2291 398 2476 454 videre
2496 399 2684 454 datum
2713 408 2797 454 est
2823 399 3040 471 signum
3064 402 3244 458 crucis
3265 401 3323 457 in
3343 419 3465 463 eam
3483 423 3620 480 super
3641 412 3767 484 ipsum
3848 429 3849 484 ἦ

2281 489 2472 547 locum
2501 497 2523 558 ,‘
2559 493 2705 563 quod
2727 493 3015 549 videbatur
3041 497 3169 551 orbe
3207 498 3511 568 splendente
3545 504 3767 564 circumfu-

2288 599 2434 640 sum.
2501 585 2704 641 Rerum
2758 595 2819 642 ut
2865 589 3106 644 creditur
3151 593 3411 662 mysterio
3444 595 3770 669 insinuante,ut

2288 676 2418 747 quia
2453 678 2764 734 communis
2809 680 2983 736 hostis
3011 681 3116 738 hoc
3139 682 3298 754 signo
3325 685 3494 741 victus
3521 699 3595 745 est
3615 691 3769 752 Christo
3848 676 3849 754 ξ

2285 771 2698 842 triumphante,
2755 789 2854 843 per
2895 775 3061 847 hujus
3113 778 3332 846 patroni
3366 782 3546 837 merita
3576 789 3770 858 supplices

2284 863 2405 937 ejus
2443 865 2563 920 erui
2617 876 2905 938 sperarent
2939 868 3010 924 ab
3054 868 3403 926 inimicorum
3451 875 3695 934 visibilium
3736 894 3769 939 et
3848 871 3849 884 ³

2284 956 2644 1013 invisibilium
2681 967 2970 1030 potestate.
3023 959 3091 1017 Et
3127 963 3258 1033 quia
3307 965 3470 1020 semel
3510 967 3766 1029 inimicorum

2283 1050 2492 1105 mentio
2518 1049 2661 1106 facta
2683 1060 2785 1121 est,
2815 1056 3238 1124 pretereundum
3267 1073 3378 1112 non
3399 1068 3496 1124 est,
3515 1063 3637 1131 quod
3657 1065 3769 1122 inho-

2284 1158 2474 1199 norem
2497 1152 2551 1200 et
2563 1143 2807 1202 amerem
2837 1148 3013 1203 sancti
3034 1147 3371 1207 confessoris
3395 1162 3470 1208 tet
3489 1154 3663 1212 inimici
3679 1159 3767 1216 nun

2284 1252 2343 1293 se
2369 1237 2622 1295 homines
2649 1240 2718 1294 ad
2745 1240 2976 1312 gratiam
3008 1242 3324 1311 redierunt,
3378 1256 3503 1316 quot
3542 1247 3590 1301 hi
3617 1251 3687 1319 qui
3707 1252 3768 1307 ad-

2281 1339 2439 1386 erant
2476 1349 2760 1404 nunquam
2793 1349 2891 1390 sua
2915 1336 3178 1391 memoria
3199 1337 3412 1393 redisse
3426 1338 3655 1396 viderunt.
3671 1340 3768 1399 Unde
3848 1407 3849 1410 η

2281 1427 2434 1483 salvo
2489 1429 2772 1502 privilegio
2827 1429 3117 1488 dominica:
3172 1433 3509 1501 nativitatis,
3553 1439 3767 1508 angelicum

2280 1520 2415 1576 illud
2474 1537 2697 1578 carmen
2753 1525 3049 1594 aptandum
3110 1535 3196 1582 est
3242 1527 3430 1599 gratiae
3461 1529 3604 1600 hujus
3636 1541 3766 1586 nostra:
3848 1545 3849 1562 ξ

2280 1617 2592 1676 festivitatis
2618 1641 2632 1676 :
2664 1620 2851 1677 Gloria
2874 1623 2928 1677 in
2951 1622 3175 1679 excelsis
3203 1623 3318 1680 Deo
3341 1669 3356 1693 ,
3398 1635 3444 1681 et
3477 1627 3528 1680 in
3564 1637 3673 1679 terra
3702 1644 3765 1696 ρει

2279 1710 2581 1767 hominibus
2611 1712 2761 1769 bona:
2792 1714 3084 1770 voluntatis
3133 1715 3294 1788 (Luc.
3336 1733 3406 1785 ιι,
3433 1717 3534 1788 11).
3567 1716 3765 1784 Quomodo

2281 1803 2428 1857 enim
2483 1820 2591 1860 non
2646 1805 2807 1862 detur
2856 1806 3029 1878 gloria
3065 1808 3121 1863 in
3158 1809 3395 1865 excelsis
3429 1808 3558 1876 Deo,
3587 1811 3660 1880 qui
3689 1827 3750 1865 san

2282 1903 2429 1951 ctum
2480 1912 2642 1952 suum
2688 1899 2831 1969 apud
2860 1915 2919 1954 sc
2948 1900 3322 1972 glorificatum
3364 1901 3419 1956 in
3465 1903 3604 1969 calo,
3645 1919 3764 1959 conm

2280 1987 2598 2044 hominibus
2630 1989 2954 2060 glorificavit
2981 1991 3166 2047 crucis
3220 2000 3456 2049 ostensa:
3484 1994 3644 2065 signo?
3673 1993 3765 2048 Con-

2280 2088 2568 2148 sequenter
2603 2081 2771 2136 etiam
2822 2082 2875 2137 in
2923 2091 3069 2139 terra
3096 2099 3207 2155 pax
3244 2085 3550 2142 hominibus
3570 2087 3763 2143 bonam-
3848 2079 3849 2098 ³

2277 2169 2504 2226 luntatis
2546 2188 2669 2230 esse
2717 2174 2911 2244 debet,
2965 2176 3171 2247 quibus
3208 2178 3468 2235 divinitas
3509 2180 3559 2235 in
3593 2181 3764 2235 omnibus
3848 2171 3849 2238 ἶ

2275 2262 2362 2316 vel
2396 2262 2619 2320 offensis
2643 2267 2729 2320 vel
2760 2268 3182 2325 necessitatibus
3209 2279 3427 2327 tantum
3456 2271 3762 2343 apudseintcr-

2275 2370 2548 2412 cessarem
2575 2359 2783 2429 prebet.
2814 2359 2896 2416 Ad
2919 2363 3080 2434 cujus
3109 2365 3303 2420 meriti
3344 2365 3761 2422 commendaqu
3848 2369 3849 2382 ‘

2273 2464 2384 2505 non
2419 2449 2695 2508 immerito
2721 2451 2919 2510 factam
2957 2456 3364 2516 crediderimus
3411 2459 3570 2515 crucis
3608 2458 3760 2514 demon-

2275 2541 2618 2611 strationem,
2655 2545 2857 2616 quippe
2885 2563 3050 2618 quem
3087 2551 3306 2607 scimus
3336 2561 3539 2622 propter
3555 2545 3684 2606 Deum
3702 2565 3761 2604 αι

2272 2634 2452 2706 pedite
2481 2638 2842 2708 sequendum,
2872 2655 2933 2697 se
2960 2641 3142 2713 ipsum
3169 2644 3284 2699 sibi
3311 2644 3600 2717 abnegasse,
3624 2654 3663 2699 et
3680 2659 3760 2698 cru-

2273 2743 2393 2784 cem
2441 2745 2636 2798 suam,
2686 2731 2794 2788 hoc
2832 2741 2918 2788 est
2967 2736 3153 2793 carnis
3187 2752 3311 2794 suae
3359 2739 3760 2801 mortificationem,
3848 2729 3849 2752 Υ

2271 2829 2397 2892 post
2442 2821 2726 2880 Christum
2775 2826 2989 2884 tulisse.
3047 2828 3303 2902 Denique
3357 2841 3412 2888 et
3449 2832 3576 2888 orbis
3610 2831 3675 2886 ille
3700 2830 3759 2900 qui

2272 2923 2625 2986 apparentem
2665 2933 2887 2975 crucem
2915 2921 3071 2977 visus
3106 2931 3202 2999 test
3253 2923 3658 2987 circumfulsisse,
3687 2937 3761 2975 non

2272 3006 2591 3065 indecenter
2615 3011 2905 3068 estimatur
2956 3029 3177 3071 corona:
3225 3017 3593 3090 significativus
3625 3014 3757 3078 fuisse.

2273 3117 2440 3172 quam
2473 3103 2577 3159 iste
2599 3113 2823 3161 sanctus
2845 3122 2947 3177 pro
2973 3107 3092 3164 suis
3113 3108 3289 3180 justis
3324 3111 3577 3166 laboribus
3598 3106 3760 3163 creditur

2275 3208 2306 3247 a
2328 3192 2440 3249 Deo
2471 3195 2763 3252 meruisse.
2797 3195 2910 3252 Cur
2941 3207 3128 3255 autem
3155 3199 3272 3259 hoc
3301 3203 3507 3273 signum
3555 3199 3626 3255 alii
3663 3195 3758 3251 ride-

2274 3285 2404 3353 rint,
2434 3287 2524 3341 alii
2559 3287 2742 3344 videre
2764 3306 2874 3346 non
2898 3295 3204 3350 meruerint
3228 3338 3246 3365 ,
3289 3313 3398 3352 non
3423 3296 3487 3352 ad
3510 3304 3698 3350 nostrum
3716 3290 3757 3344 de

2273 3377 2460 3450 aliquo
2503 3381 2901 3452 prejudicium,
2935 3386 3031 3441 sed
3076 3387 3146 3443 ad
3196 3389 3443 3445 divinum
3488 3389 3546 3443 de
3584 3383 3755 3440 omnibus

2271 3473 2508 3542 pertinet
2561 3474 2853 3545 judicium.
2917 3476 3064 3534 Deus
3093 3481 3244 3536 enim
3276 3481 3442 3553 judex
3458 3481 3626 3552 justus,
3649 3478 3753 3531 etiam
3848 3471 3849 3536 Ῑ

2272 3565 2377 3622 hoc
2419 3574 2665 3638 tempore
2703 3570 2918 3641 judicat
2955 3572 3023 3628 de
3049 3573 3388 3651 quibusdam
3419 3573 3696 3634 hominibus,
3722 3575 3754 3622 α

2273 3654 2413 3712 istos
2455 3658 2846 3718 misericordiae
2891 3679 3006 3719 suae
3046 3668 3426 3724 consolatione
3461 3667 3651 3737 dignos,
3678 3661 3752 3714 illo!

2270 3746 2490 3816 penitus
2519 3749 2672 3806 ducit
2706 3751 2983 3825 indignos.
3016 3754 3180 3826 Istos,
3209 3760 3342 3830 quia
3369 3759 3504 3830 quod
3528 3762 3684 3812 rectum
3702 3758 3753 3805 est

2271 3848 2471 3911 agunt,
2504 3851 2559 3897 et
2598 3844 2646 3899 si
2689 3845 2870 3903 adhuc
2901 3859 3119 3918 errant,
3160 3853 3336 3908 nichil
3374 3870 3438 3909 ex
3456 3850 3749 3910 obstinatione.

2271 3932 2367 3988 sed
2407 3949 2476 3989 ex
2531 3935 2867 4007 ignorantia
2903 3949 2960 3996 et
3020 3943 3376 4015 simplicitate
3418 3945 3624 4009 faciunt;
3662 3939 3750 4002 illos,

2271 4025 2402 4096 quia
2423 4027 2670 4086 viventes
2698 4040 2753 4088 et
2795 4032 3042 4092 videntes
3086 4037 3144 4091 in
3193 4038 3380 4112 ignem
3421 4039 3614 4095 vadunt.
3656 4030 3751 4088 Unde

2270 4121 2604 4178 credendum
2632 4132 2718 4180 est
2740 4133 2795 4181 et
2818 4127 3122 4191 dicendum
3149 4172 3164 4199 ,
3205 4133 3355 4203 quod
3382 4132 3515 4187 Deus
3549 4130 3632 4185 hoc
3654 4125 3752 4195 signa
3848 4183 3849 4190 η

2269 4223 2522 4271 sanctum
2549 4233 2711 4272 suum
2741 4228 2962 4290 propter
2996 4221 3119 4278 illos
3161 4223 3554 4294 glorificaverit,
3593 4213 3750 4315 quost

2268 4321 2334 4362 eo
2365 4323 2476 4366 non
2509 4310 2715 4380 perfide
2749 4311 2845 4368 sed
2886 4327 3041 4370 more
3085 4315 3335 4374 humano
3357 4317 3582 4372 dubitare
3607 4310 3748 4369 vident.

2268 4395 2502 4470 ideoque
2545 4400 2679 4457 illud
2709 4402 2916 4460 vidisse
2951 4405 3159 4463 multos
3197 4406 3579 4472 dubitantinm,
3615 4412 3748 4474 paucos

567 4473 723 4572 vitat,
770 4485 825 4534 et
875 4496 1091 4552 semper
1131 4492 1194 4540 ut
1234 4487 1510 4546 credimus
1555 4492 1809 4550 invitabit
1834 4513 1931 4568 per
1964 4515 2164 4556 novam
2192 4513 2244 4574 ι)
2270 4491 2622 4549 sanctitatem
2657 4495 2779 4566 eius
2819 4496 3190 4567 credentium.
3239 4501 3502 4557 neminem
3546 4492 3748 4551 Vinum”

568 4561 977 4623 miraculorum
997 4572 1392 4640 operationem.
1411 4573 1577 4632 Facta
1605 4586 1691 4634 est
1719 4561 1902 4637 autem
1933 4584 2163 4642 celebri-

567 4660 654 4708 tas
685 4654 854 4727 bujus
888 4660 1244 4733 elevationis,
1274 4681 1422 4723 anno
1456 4679 1656 4739 quarto
1695 4671 1936 4731 Heinrici
1985 4677 2161 4747 quinti

568 4743 736 4815 hujus
760 4751 1001 4808 nominis
1023 4753 1393 4827 imperatoris,
1443 4761 1539 4833 qui
1572 4771 1658 4819 est
1696 4765 1835 4822 1110
1884 4767 1954 4823 ab
1979 4743 2160 4827 incar-

569 4838 793 4895 natione
819 4841 1032 4900 domini
1057 4845 1377 4908 Salvatoris.

644 4927 695 4982 7.
715 4927 902 5028 liujus
928 4934 1250 4996 elevationis
1273 4940 1392 5000 dies
1412 4952 1567 5003 tanto
1593 4957 1679 5006 est
1723 4950 2006 5024 signorum
2044 4955 2159 5028 pri-

566 5019 766 5114 vilegio
779 5027 1218 5099 commendatus,
1243 5042 1304 5089 ut
1321 5050 1430 5092 non
1447 5037 1689 5097 humana
1710 5019 2152 5114 temeritate,sed

567 5111 756 5170 divina
793 5117 1136 5178 ordinatione
1171 5124 1425 5184 credatur
1475 5145 1598 5188 esse
1646 5133 1965 5207 dispositus.
2019 5111 2158 5196 Cum

569 5203 718 5260 enim
770 5207 827 5263 in
861 5225 928 5267 eo
973 5227 1136 5284 quem
1170 5221 1596 5293 prescripsimus
1636 5226 1759 5283 loco
1784 5272 1799 5297 ,
1846 5233 2158 5302 expositum

569 5298 747 5356 sancti
774 5314 978 5376 corpus
999 5316 1340 5378 spectaretur
1360 5328 1392 5368 a
1413 5317 1617 5388 populo
1632 5359 1647 5387 ,
1671 5298 1935 5391 apparuit
1953 5325 2154 5395 quibus

2270 4583 2445 4656 ipsius
2476 4587 2859 4645 invidentium.

2339 4675 2393 4732 8.
2440 4675 2582 4745 Quid
2639 4688 2825 4736 autem
2887 4681 3136 4740 dicemus
3192 4685 3260 4743 de
3298 4686 3514 4742 muliere
3531 4687 3746 4754 quam“

2269 4781 2544 4841 oportuno
2586 4773 2708 4830 loco
2751 4782 2943 4844 staret,
2973 4777 3183 4834 elevata
3222 4779 3280 4834 in
3315 4785 3582 4850 conspectu
3625 4764 3744 4843 Ρ⁰Ρ¹¹¹ί

2267 4871 2458 4920 sancta
2489 4865 2720 4936 pignora
2743 4882 2854 4923 non
2878 4869 3058 4938 potuit
3085 4871 3304 4928 videre?
3329 4870 3573 4926 Nimirum
3594 4860 3696 4936 quod
3711 4859 3743 4910 in

2265 4958 2480 5014 occulto
2503 4958 2805 5017 divinitatis
2839 4961 3051 5032 judicio
3098 4964 3218 5036 ejus
3258 4980 3421 5022 causa
3449 4963 3559 5019 talis
3591 4957 3743 5018 erat,”

2265 5050 2486 5122 indigna
2552 5062 2700 5109 esset
2754 5055 2938 5112 videre
2963 5098 2978 5125 ,
3037 5058 3185 5129 quod
3241 5059 3472 5116 omnium
3519 5047 3743 5126 aspectibus

2261 5145 2572 5215 expositum
2595 5145 2803 5216 fuerat;
2837 5164 2896 5204 se
2919 5149 3095 5220 ipsam
3126 5158 3309 5207 tamen
3336 5152 3448 5223 ipsa
3465 5143 3738 5206 conveniens.

2259 5243 2314 5288 et
2347 5235 2514 5290 nichil
2562 5246 2744 5308 preter
2779 5249 3002 5310 peccata
3059 5258 3160 5300 sua
3208 5245 3414 5302 visibus
3463 5239 3562 5297 suis
3590 5234 3739 5327 obstat?

2259 5343 2617 5398 cognoscens,
2672 5333 2883 5391 tamdiu
2929 5336 3075 5408 apud
3118 5354 3180 5396 se
3209 5337 3319 5397 Deo
3347 5333 3523 5396 humili
3547 5321 3736 5388 satisfecit

1862 5517 2097 5579 VARIAﬂ
2136 5521 2566 5600 LECTIONES.;

638 5631 712 5670 ⁸⁹¹
739 5637 810 5722 ad
837 5639 896 5697 h.
921 5641 962 5699 f.
989 5646 1251 5734 desueta.
1325 5654 1396 5688 0”
1425 5655 1510 5712 hic
1535 5657 1733 5715 desinit
1773 5662 1827 5730 '5,
1880 5664 1962 5720 his
1991 5666 2160 5723 verbis
2199 5685 2218 5722 :
2254 5668 2553 5744 Hucusque
2590 5676 2767 5732 sancti
2797 5677 2902 5736 viri
2929 5680 3178 5740 elevatio.
3215 5681 3492 5758 Sequuntur
3529 5665 3730 5749 ρήυὶιηίί

638 5715 786 5758 Itoni:
809 5720 858 5758 et
887 5714 1150 5758 Βοιωτίη-ιο
1209 5723 1317 5758 VH
1386 5738 1647 5758 nmmum..-
1695 5732 1880 5758 ...ι..εΔ
1935 5737 1991 5758 λ-
2055 5740 2186 5758 “ML
2264 5743 2300 5758 ..
2648 5755 2655 5758 _
2724 5747 2757 5758 ..

745 5709 758 5722 .
1065 5721 1076 5732 '
1425 5705 1504 5712 ---ν
1539 5705 1730 5715 ..ν-...η
1773 5705 1827 5730 ν,
1880 5705 1962 5720 ...υ
1995 5705 2159 5723 ww.-
2199 5711 2211 5722 .
2255 5705 2553 5744 ιιιιωωιιυῦ
2590 5705 2767 5732 auum:

575 5705 786 5768 Ottoms
809 5714 1152 5778 ctBenedtcti
1209 5723 1341 5796 γιι,
1385 5738 1648 5800 postremo
1694 5732 1881 5791 relatio
1928 5737 1992 5793 dc
2043 5740 2399 5802 combustione
2448 5747 2776 5806 monasterii.
