3908 6316
157 351 263 410 σω

1266 349 1429 406 “TA
1465 350 1522 408 ὃ.
1564 350 1924 409 WICBERTI.
1962 379 2035 391 —-
2074 353 2353 414 APPEND.

3326 363 3435 426 682

163 475 457 531 oratione.
488 475 664 521 donec
691 468 909 536 pertrui
942 474 1242 521 mereretur
1285 476 1603 524 sanctarum
1637 468 1758 522 rcli-
1793 472 1840 532 Α
1868 468 1968 522 soli
1994 467 2104 523 Deo
2133 485 2357 525 causam
2394 487 2554 526 suam
2582 474 2870 542 revelarct,
2904 484 3071 546 utque
3097 478 3451 536 exaudiretur

161 557 298 628 quia
306 573 429 611 rum
457 556 686 613 visione.

245 647 295 700 9.
330 645 444 703 Nec
484 648 668 703 minus
714 649 988 705 miraculo
1024 650 1250 722 dignum
1283 661 1390 719 est,
1419 652 1566 723 quod
1600 652 1654 707 in
1679 652 1756 707 al-

158 743 286 790 tera
311 738 547 793 muliere
582 737 788 794 factum
825 751 930 797 est.
961 739 1088 798 Haec
1116 743 1249 798 dum
1292 744 1362 799 ad
1405 760 1546 800 nova
1593 745 1760 815 hujus

157 825 279 880 diei
311 826 512 897 gaudia
556 844 680 884 eum
716 830 903 901 populi
931 832 1170 888 venisset
1194 831 1523 903 frequentia,
1545 834 1761 890 deside-

158 917 315 972 rium
350 917 494 975 fideli
519 922 832 991 apportavit
861 923 916 978 in
948 933 1171 994 pectore
1193 966 1210 991 ,
1249 934 1310 980 ut
1351 925 1590 996 aliquam
1628 941 1759 997 por-

158 1010 478 1066 tiunculam
505 1011 611 1067 sibi
641 1023 943 1084 reportaret
975 1016 1043 1072 de
1079 1017 1254 1073 sancti
1281 1015 1618 1074 confessoris
1645 1033 1762 1074 cor-

157 1113 325 1170 pore.
380 1099 656 1172 Expositis
687 1104 853 1174 igitur
887 1113 949 1161 ut
984 1106 1194 1162 dictum
1243 1116 1328 1163 est
1363 1107 1430 1163 ad
1465 1109 1760 1166 videndum

157 1192 382 1248 sanctis
409 1193 754 1265 pignoribus,
785 1198 1001 1254 astabat
1036 1199 1153 1270 ipsa
1183 1215 1309 1255 cum
1337 1202 1676 1270 astantibus,
1707 1213 1762 1259 et

155 1289 326 1338 tanto
350 1285 470 1354 ejus
497 1285 828 1343 desiderium
865 1290 1195 1361 augebatur,
1243 1302 1450 1362 quanto
1482 1296 1761 1366 augmenti

156 1387 341 1430 causa
388 1375 596 1432 videnti
645 1381 1070 1449 proponebatur.
1137 1382 1282 1450 Quid
1335 1385 1501 1456 igitur
1543 1396 1758 1455 ageret,

160 1474 282 1528 quo
314 1475 375 1514 se
415 1463 685 1517 verteret?
720 1463 839 1522 Non
863 1477 980 1522 erat
1014 1483 1080 1523 ea
1115 1485 1380 1540 persona,
1405 1488 1528 1543 quae
1552 1475 1620 1529 de
1649 1482 1761 1530 tam

159 1549 426 1618 precioso
473 1567 704 1610 munere
733 1571 1046 1627 quenquam
1077 1559 1424 1631 interpellare
1474 1577 1760 1632 presumc-

157 1651 272 1709 ret,
307 1646 395 1700 vel
431 1649 522 1702 cui
551 1649 922 1721 interpellanti
949 1655 1243 1727 quisquam
1277 1657 1557 1728 impertire
1585 1659 1759 1715 aude-

158 1738 268 1784 ret.
313 1730 454 1798 Quia
485 1734 651 1807 igitur
671 1738 739 1793 de
769 1740 1014 1796 humano
1056 1743 1329 1814 adjutorio
1371 1746 1519 1800 illam
1578 1749 1762 1802 omni-

1862 560 2232 616 indeticienter
2257 572 2461 630 oraret,
2489 565 2690 618 mirum
2714 564 2860 620 dictu
2884 608 2899 632 ,
2950 567 3006 621 in
3049 567 3302 624 manibus
3334 571 3458 625 suis

1861 667 2002 722 quas
2043 653 2317 724 supplices
2347 653 2402 709 in
2438 655 2630 710 caelum
2674 665 3034 727 porrexerat,
3074 658 3258 714 subito
3293 660 3449 716 inve-

1862 743 1944 796 nit
1973 743 2230 813 quiddam
2266 744 2625 815 reliquiarum
2659 763 2801 818 quas
2849 757 3130 819 tantopere
3173 750 3453 810 desidera-

1859 833 1973 888 bat.
2013 832 2171 900 Quod
2218 851 2387 890 unum
2438 835 2683 892 dentium
2715 839 2892 894 sancti
2915 838 3250 897 confessoris
3277 838 3452 900 fuisse

1860 926 2139 996 proditum
2159 936 2244 983 est
2272 928 2343 984 ab
2363 927 2612 1006 eisquqs
2640 929 2718 985 rei
2751 939 2920 988 testes
2961 933 3190 1005 contigit
3213 949 3334 990 esse
3349 936 3442 990 ⁸⁸⁸.

1861 1017 2002 1075 Ecce
2029 1020 2263 1091 qualiter
2290 1036 2399 1078 uno
2424 1005 2594 1078 die‘et
2623 1013 2746 1108 loco
2767 1033 3005 1095 quatuor
3021 1026 3303 1082 miraculis
3328 1043 3452 1082 san-

1862 1120 1985 1166 ctus
2010 1121 2164 1183 pater
2193 1122 2380 1171 noster
2400 1119 2403 1124 '
2427 1113 2744 1180 Wicbertus
2777 1117 3111 1189 glorificatus
3136 1128 3220 1175 est
3248 1137 3280 1176 a
3316 1120 3446 1176 Deo.

1862 1200 1985 1258 Uno
2007 1205 2304 1274 per'crucis
2339 1205 2392 1260 in
2418 1198 3095 1292 cmlo'demonstrationem
3113 1253 3128 1277 ,
3159 1211 3331 1266 altero
3355 1228 3450 1282 per

1863 1293 2216 1350 inimicorum
2263 1291 2568 1370 hominum
2608 1293 3131 1368 reconciliationem,
3185 1303 3344 1356 tertio
3393 1303 3450 1356 in

1861 1385 2093 1442 muliere
2133 1387 2223 1442 cui
2264 1396 2318 1444 et
2359 1388 2534 1445 clausi
2566 1400 2616 1446 et
2653 1392 2825 1462 aperti
2854 1400 2986 1448 sunt
3024 1394 3172 1450 oculi
3227 1395 3408 1449 carnis
3433 1437 3448 1461 ,

1862 1487 2061 1548 quarto
2097 1478 2152 1532 in
2195 1479 2546 1536 exauditione
2576 1482 2806 1540 alterius
2853 1485 3019 1539 etiam
3072 1484 3337 1541 mulieris.
3373 1483 3450 1538 De

1859 1585 2099 1640 quorum
2127 1571 2520 1628 miraculorum
2551 1573 2758 1646 gloria,
2803 1576 2968 1632 hodie
3009 1591 3041 1632 a
3085 1576 3195 1632 Deo
3251 1577 3307 1631 in
3355 1576 3449 1630 tali

1861 1669 2095 1731 patrono
2121 1662 2279 1719 nobis
2294 1679 2582 1731 concessa,
2609 1667 2778 1722 nichil
2798 1667 3000 1736 dicere,
3027 1669 3196 1724 nichil
3221 1669 3447 1740 dignum

1862 1767 2160 1821 possumus
2191 1754 2513 1823 retribuere,
2541 1757 2648 1814 nisi
2681 1769 2742 1814 ut
2774 1761 2890 1816 huic
2914 1760 3008 1816 Dei
3042 1775 3206 1832 opera
3240 1760 3334 1815 Dei
3367 1758 3450 1814 fa-

157 1826 328 1881 moda
367 1843 730 1900 occupaverat
777 1835 1111 1907 desperatio,
1145 1837 1316 1894 Deum
1348 1841 1760 1910 precordialiter
1788 1836 1832 1898 B
1863 1850 2078 1898 teamur
2109 1860 2230 1900 esse
2265 1847 2551 1915 miracula,
2581 1851 2675 1920 qui
2699 1849 2752 1904 in
2793 1853 3001 1909 sanctis
3032 1852 3151 1908 suis
3177 1851 3448 1925 gloriosus

151 1918 366 1974 orabat
395 1936 465 1976 ne
493 1921 846 1981 fraudaretur
868 1943 899 1982 a
929 1927 1204 1986 desiderio
1236 1946 1359 1986 suo.
1403 1931 1540 1988 Dum
1570 1940 1756 1990 autem

1863 1937 1995 1992 vivit
2023 1947 2078 1993 ct
2107 1952 2296 2011 regnat
2325 1940 2379 1995 in
2418 1944 2616 1998 saecula
2648 1946 2997 2001 szeculorum.
3032 1947 3224 2002 Amen.

179 2058 3421 2115 .________________________________

1067 2223 1676 2316 MIRACULA
1745 2228 1833 2318 S.
1917 2233 2522 2325 WICBERTI

1373 2417 1704 2476 AUCTORE
1736 2422 2075 2485 ANONYMO
2098 2431 2169 2466 ⁸⁸³

1673 2543 2033 2566 _—_

664 2598 1085 2663 PROLOGUS
1129 2599 1551 2666 SIGEBERTI
1594 2607 1678 2668 IN
1719 2611 2154 2677 MIRACULIS
2192 2617 2476 2680 SANCTl
2522 2618 2924 2682 GUIBERTI.

231 2768 378 2824 Dicit
406 2767 726 2840 Sapientia:
771 2771 1028 2826 memoria
1079 2771 1220 2841 justi
1274 2789 1395 2826 cum
1456 2773 1747 2847 laudibus,

154 2879 353 2918 nomen
391 2861 676 2930 impiorum
705 2870 968 2932 putrescet
1013 2863 1196 2933 (Prov.
1225 2880 1280 2930 x,
1308 2863 1602 2935 7).Verum
1626 2884 1750 2926 esse

153 2953 311 3024 quod
350 2951 483 3007 dicit
528 2950 804 3021 Sapientia
852 2949 1122 3008 testantur
1165 2955 1328 3010 etiam
1375 2964 1566 3012 nostra
1616 2966 1754 3014 tem-

154 3060 292 3115 pora
321 3085 336 3109 ,
384 3059 508 3114 qua:
551 3059 677 3099 eum
729 3044 985 3102 laudibus
1013 3045 1108 3101 Dei
1144 3049 1397 3106 recolunt
1426 3052 1746 3109 memoriam

149 3137 325 3208 justi,
367 3137 541 3192 sancti
572 3137 782 3194 scilicet
835 3135 1125 3205 Wicberti,
1173 3140 1272 3210 qui
1329 3140 1437 3196 fuit
1491 3141 1750 3201 fundator

154 3235 624 3291 Gemmelacensis
650 3235 906 3291 ctenobii.
939 3235 1062 3291 Non
1099 3235 1247 3292 enim
1277 3239 1616 3308 computruit
1644 3255 1746 3295 no-

154 3343 286 3383 men
342 3328 463 3398 ejus
500 3343 597 3396 per
636 3335 715 3382 tot
757 3342 1032 3384 annorum
1086 3329 1362 3384 curricula
1390 3370 1406 3397 ,
1451 3345 1548 3400 per
1583 3346 1746 3401 quem

151 3439 361 3479 nomen
393 3423 608 3478 Domini
630 3422 974 3478 benedicitur
1014 3432 1068 3478 et
1113 3422 1465 3478 benedicetur
1486 3424 1541 3479 in
1577 3441 1751 3481 saecu-

154 3514 230 3571 la.
258 3516 423 3570 Anno
455 3515 726 3585 siquidem
764 3514 1038 3570 incarnati
1069 3513 1199 3570 Jesu
1221 3514 1428 3570 Christi
1463 3515 1622 3584 £099,
1652 3519 1747 3589 qui

148 3607 363 3664 estw?
390 3623 420 3662 a
448 3607 681 3662 transitu
705 3606 950 3677 ejusdem
981 3608 1156 3662 sancti
1181 3606 1469 3674 Wicberti,
1500 3607 1747 3666 reﬂoruit

151 3700 425 3756 memoria
449 3699 690 3754 nominis
717 3699 836 3769 ejus
867 3714 963 3770 per
984 3715 1180 3754 novam
1205 3699 1597 3755 miraculorum
1624 3717 1743 3773 gra-

1853 2781 1988 2838 tiam
2026 2784 2323 2842 declarata.
2378 2787 2642 2855 Quamvis
2669 2787 2829 2844 bona
2857 2787 2983 2844 vitae
3011 2787 3304 2871 :estimatio
3329 2807 3438 2848 uon

1854 2884 2066 2931 constet
2093 2877 2148 2932 in
2179 2881 2498 2937 ostensione
2526 2882 2948 2949 miraculorum,
3000 2883 3095 2938 sed
3138 2883 3192 2938 in
3237 2884 3442 2942 virtute

1853 2981 2103 3037 operum,
2134 2980 2315 3027 tamen
2337 2971 2602 3028 miracula
2626 2989 2724 3044 per
2747 2982 2969 3030 sanctos
2995 2975 3145 3060 viros
3173 2976 3438 3034 divinitus

1855 3064 2076 3112 ostensa
2107 3067 2238 3114 sunt
2260 3060 2533 3116 bonorum
2567 3077 2793 3132 operum
2836 3063 3169 3119 testimonia.
3188 3063 3299 3121 Nec
3321 3065 3439 3123 fru-

1855 3156 1968 3203 stra
1996 3147 2200 3206 Paulus
2229 3153 2512 3221 apostolus
2535 3153 2611 3208 ait
2639 3170 2652 3206 :
2683 3151 2848 3226 Signa
2887 3171 2992 3208 non
3019 3156 3219 3210 dantur
3257 3159 3436 3226 ﬁdeli-

1854 3239 1972 3307 bus,
1999 3241 2090 3296 sed
2113 3242 2416 3312 inﬁdelibus
2441 3243 2495 3314 (Ι
2511 3243 2635 3300 Cor.
2663 3261 2777 3312 xiv,
2803 3245 2916 3315 Ὦ).
2941 3246 3143 3314 Quanti
3165 3248 3312 3304 enim
3339 3266 3438 3306 va-

1854 3333 2049 3389 luisset
2076 3333 2200 3390 tidei
2227 3335 2575 3405 praedicatio,
2606 3337 2712 3392 nisi
2759 3337 2826 3392 ad
2866 3337 3309 3408 pradicationem
3343 3355 3438 3396 ac~

1851 3426 2110 3482 cessisset
2150 3427 2542 3482 miraculorum
2605 3427 2888 3483 ostensio?
2942 3428 3082 3484 Cum
3131 3446 3262 3503 ergo
3291 3431 3438 3489 Deus

1850 3530 1948 3586 per
1987 3524 2207 3572 sanctos
2242 3516 2392 3572 viros
2415 3517 2572 3589 signa
2600 3525 2654 3572 et
2675 3517 2918 3590 prodigia
2946 3528 3226 3590 operatur,
3247 3537 3435 3577 revera

1849 3607 2143 3664 inﬁdelitas
2178 3609 2462 3663 hominum
2494 3609 2826 3680 increpatur,
2856 3611 3004 3682 quod
3031 3613 3207 3666 sancti
3235 3613 3334 3668 viri
3363 3614 3433 3670 ab

1822 3697 1927 3758 eis
1956 3702 2122 3772 digno
2149 3701 2518 3758 venerationis
2541 3702 2693 3758 cultu
2715 3717 2826 3757 non
2851 3703 3214 3761 honorantur.

1233 3831 1444 3893 VISIO
1491 3831 1850 3894 EJUSDEM
1896 3830 2318 3892 SIGEBERTI

224 3953 277 3988 ι.
301 3932 532 4002 Aliquos
590 3943 841 3987 nostrum
888 3939 1122 3986 multum
1165 3930 1490 4001 offendebat,
1536 3933 1739 3988 multos
1765 3935 1812 3998 ί)
1843 3931 2028 4002 ibique
2061 3931 2275 3986 cibatus
2302 3945 2442 4001 pane
2479 3929 2830 3985 lacrimarum
2856 3939 2909 3985 et
2957 3930 3236 3987 debriatus
3267 3932 3437 3990 calice

148 4027 319 4083 etiam
342 4032 730 4080 extraneorum
776 4032 966 4078 contra
1004 4037 1106 4077 nos
1143 4037 1317 4093 usque
1367 4023 1434 4078 ad
1495 4023 1746 4096 indigna-

146 4118 358 4172 tionem
387 4115 718 4183 concitabat,
757 4115 904 4185 quod
919 4121 1144 4171 sanctus
1155 4112 1466 4172 Wicbertus
1489 4116 1572 4170 vir
1600 4115 1744 4186 apud

146 4207 417 4263 mulum
439 4214 603 4262 tanta:
661 4206 981 4274 nobilitatis,
1030 4206 1176 4278 apud
1223 4204 1393 4261 Deum
1420 4217 1584 4263 tanta:
1611 4224 1743 4264 san-

145 4302 381 4369 ctitatis,
434 4303 586 4358 nullo
644 4301 1014 4358 venerationis
1071 4301 1221 4357 cultu
1287 4302 1663 4358 honorabatur
1709 4319 1743 4359 a

147 4394 340 4451 nobis.
371 4393 514 4450 inter
561 4410 657 4451 eos
683 4394 778 4466 qui
827 4394 931 4449 hac
976 4393 1067 4465 pia
1102 4394 1464 4450 movebantur
1489 4394 1741 4466 indigna-

145 4490 325 4555 tione,
350 4496 468 4542 erat
489 4486 713 4558 quidam
741 4486 1056 4559 Sigebertus
1082 4486 1323 4553 nomine,
1364 4487 1576 4559 primus
1598 4489 1742 4559 apud

145 4595 254 4636 nos
289 4587 448 4635 aetate
487 4588 541 4635 et
585 4577 1022 4644 conversatione,
1074 4579 1306 4634 scientia
1360 4587 1415 4634 et
1451 4581 1738 4653 religione.

145 4670 249 4726 llic
281 4671 429 4726 circa
463 4669 870 4725 venerationem
888 4669 973 4724 vel
1003 4668 1387 4726 revelationem
1418 4672 1592 4727 sancti
1614 4681 1738 4727 tan-

142 4773 205 4818 to
229 4763 534 4817 ducebatur
554 4761 846 4828 desiderio,
875 4771 1084 4831 quanto
1123 4761 1268 4817 circa
1321 4761 1614 4818 adventum
1655 4765 1740 4820 vel

142 4855 537 4912 revelationem
559 4854 764 4910 Christi
802 4854 1062 4924 antiquus
1105 4853 1195 4910 ille
1227 4851 1482 4926 Symeon.
1511 4854 1663 4911 Unde
1686 4866 1740 4912 et

142 4947 216 5005 ad
251 4947 603 5018 sepulchrum
631 4947 752 5017 ejus
783 4947 967 5002 locum
1016 4946 1458 5016 compunetionis
1493 4947 1596 5004 sibi
1623 4956 1737 5004 sta-

141 5049 347 5107 luerat,
376 5055 537 5112 quem
574 5038 823 5108 exemplo
866 5037 1013 5094 illius
1037 5037 1362 5109 evangelicae
1406 5035 1591 5094 Mariae
1613 5055 1736 5094 cum

138 5141 393 5189 aromate
416 5133 729 5188 orationum
762 5129 1164 5201 frequentabat.
1200 5127 1267 5184 Et
1298 5129 1428 5201 quia
1465 5140 1583 5185 erat
1642 5146 1738 5186 cu-

138 5236 260 5282 stos
281 5225 562 5290 :eoclesiae,
589 5206 796 5296 quanto
840 5223 893 5278 id
929 5220 1202 5287 licentius,
1238 5229 1391 5276 tanto
1424 5221 1732 5292 exequeba-

139 5329 232 5372 tur
263 5318 530 5374 devotius.
555 5316 688 5372 Erat
716 5324 898 5372 autem
938 5329 1153 5371 summa
1178 5313 1445 5371 orationis
1487 5313 1627 5384 ejus,
1671 5322 1732 5368 ut

137 5417 441 5479 antequam
497 5416 806 5486 moreretur
843 5404 1220 5476 experimento
1241 5405 1516 5476 probaret,
1573 5405 1730 5475 cujus

136 5503 226 5558 vel
251 5503 444 5575 quanti
468 5503 649 5558 meriti
669 5510 814 5557 esset
834 5501 976 5571 apud
1000 5499 1168 5556 Deum
1200 5506 1425 5556 sanctus
1476 5499 1728 5556 Wicber-

135 5607 252 5654 tus.
276 5597 523 5665 Quadam
569 5593 734 5664 igitur
779 5605 936 5648 nocte
977 5607 1046 5647 ex
1089 5591 1485 5648 consuetudine
1532 5592 1727 5658 oravit,

1846 4021 2301 4094 compunctionis,
2332 4020 2475 4076 fessa
2506 4021 2750 4076 membra
2779 4020 2950 4091 quieti
3000 4021 3165 4077 dedit.
3198 4019 3300 4077 Vix
3331 4023 3434 4078 ob-

1845 4113 2163 4180 dormierat,
2196 4129 2322 4169 cum
2380 4127 2507 4168 ecce
2552 4113 2856 4168 delectatur
2910 4112 3122 4169 visione
3178 4114 3429 4169 mirifica.

1844 4206 2005 4262 Videt
2024 4205 2079 4260 in
2112 4205 2285 4276 ipsam
2325 4205 2635 4268 aacclesiam
2655 4204 2815 4276 quasi
2857 4206 3019 4262 solito
3067 4204 3316 4263 festivius
3338 4221 3436 4278 ap-

1843 4310 2111 4373 paratam,
2151 4300 2313 4355 solito
2365 4299 2570 4354 clarius
2616 4299 3002 4367 illuminatam,
3058 4299 3436 4355 innumerabi-

1843 4394 1949 4448 lem
1986 4394 2191 4449 intrare
2221 4391 2606 4462 frequentiam,
2635 4408 2802 4463 quam
2836 4393 3150 4465 insignahat
3186 4393 3269 4449 vel
3312 4394 3432 4464 epi-

1844 4485 2078 4557 scopalis
2100 4483 2396 4540 auctoritas
2416 4526 2430 4552 ,
2456 4485 2539 4540 vel
2562 4485 2832 4541 clericalis
2861 4485 3118 4557 dignitas,
3165 4485 3247 4540 vel
3273 4487 3436 4542 abba-

1842 4589 1959 4635 tum
2013 4577 2518 4649 monachorumque
2565 4576 2914 4648 religiositas.
2972 4577 3129 4634 Tunc
3181 4579 3330 4632 velut
3363 4579 3432 4634 ad

1842 4669 2108 4742 agendam
2137 4668 2405 4741 synodum
2427 4668 2584 4724 sedes
2608 4677 2910 4740 ponuntur,
2955 4677 3009 4725 et
3028 4668 3097 4726 ad
3136 4669 3430 4726 dicendum

1841 4761 1897 4816 in
1920 4761 2143 4818 sedibus
2179 4775 2427 4830 persona:
2446 4766 2867 4829 componuntur.
2924 4757 3218 4830 Postquam
3263 4775 3432 4830 super

1839 4852 2290 4909 ecclesiasticum
2324 4857 2527 4906 statum
2550 4849 2684 4905 satis
2711 4857 3084 4921 competenter
3113 4860 3198 4906 est
3225 4858 3432 4905 tracta-

1839 4955 1956 5002 tum
1984 4943 2477 5014 convenienterque
2500 4941 2812 5009 diliinitum,
2842 4942 2925 4997 ait
2945 4943 3169 5014 quidam
3208 4943 3428 4998 senior:

1840 5038 1974 5094 (Tum
2006 5037 2070 5091 de
2087 5036 2212 5090 aliis
2242 5035 2419 5090 causis
2458 5051 2552 5104 pro
2579 5034 2767 5107 quibus
2811 5037 3144 5090 convenimus
3190 5034 3323 5088 satis
3359 5032 3440 5085 sit.

1839 5136 2039 5193 actum,
2093 5127 2157 5179 de
2196 5141 2359 5179 causa
2391 5123 2490 5178 illa
2567 5123 2786 5195 speciali
2820 5140 2916 5195 pro
2946 5141 3051 5197 qua
3086 5125 3141 5177 in
3188 5122 3286 5178 hoc
3333 5121 3426 5174 de-

1839 5220 2070 5274 venimus
2103 5217 2240 5284 loco,
2268 5216 2415 5271 nulla
2455 5218 2626 5271 adhuc
2655 5218 2799 5287 facta
2841 5226 2918 5272 est
2970 5217 3182 5282 mentio,
3225 5213 3427 5268 sciticet

1835 5313 1900 5367 de
1947 5312 2116 5383 fratre
2160 5321 2339 5364 nostro
2372 5308 2657 5364 Wicberto.
2702 5308 2991 5374 Quidnam,
3022 5305 3278 5376 inquiunt
3303 5303 3421 5368 alii,

1835 5413 2157 5461 tractaretur
2186 5403 2250 5458 de
2290 5419 2376 5468 eo,
2413 5419 2572 5473 quam
2609 5401 2750 5473 quod
2779 5401 3056 5470 deﬁnitum
3114 5405 3192 5452 est
3241 5410 3424 5450 coram

1834 5495 1965 5562 Deo,
1995 5495 2084 5566 qui
2104 5494 2224 5564 jam
2254 5493 2560 5562 miriﬁvavit
2587 5507 2705 5545 eum
2735 5490 2878 5560 apud
2903 5506 2958 5544 se
2978 5499 3027 5543 et
3056 5490 3196 5560 apud
3228 5486 3422 5572 nos,let

1833 5590 2024 5643 iterum
2050 5585 2361 5656 miriﬁcabit
2403 5600 2523 5638 eum
2573 5581 2714 5652 apud
2756 5579 3012 5637 sarculum
3055 5580 3111 5633 in
3143 5579 3426 5650 proximo!

1447 5683 1680 5740 VAlllA‘j
1721 5680 2122 5738 LECTIONES.

207 5787 283 5818 "‘
311 5785 398 5838 hic
426 5781 620 5836 desinit
647 5779 732 5834 5b.

458 5874 730 5934 ΡΑτιιοι..
764 5871 948 5936 CLX.

818 5779 890 5813 ⁸⁸³
921 5779 1032 5835 Iure
1063 5779 1249 5832 desunt
1272 5779 1325 5831 in
1352 5778 1401 5832 l.
1425 5778 1513 5832 2".
1549 5778 1634 5832 δι’.
1667 5777 1718 5832 4-
1747 5778 1780 5833 5

3038 5861 3121 5923 22
