3908 6316
581 339 687 399 685

1747 336 2109 397 SIGEBERTI
2150 319 2677 397 GEMBLACENSIS

588 455 816 525 Vadam,
843 456 1022 527 inquit
1045 455 1229 512 senior
1259 453 1367 523 ille,
1384 464 1434 510 et
1461 456 1558 510 hoc
1585 470 1757 525 ipsum
1787 455 1946 525 fratri
1966 454 2051 509 illi
2076 469 2168 508 cu-
2194 454 2247 516 Α
2271 454 2623 519 dillidentiam
2656 471 2752 525 per
2779 454 2939 511 talem
2986 452 3169 510 rerum
3202 464 3257 511 et
3294 456 3629 517 miraculorum
3645 479 3739 521 oon.

576 548 705 605 rabo
727 549 997 615 intimare,
1024 548 1115 619 qui
1144 547 1302 617 hujus
1335 547 1410 601 rei
1432 546 1608 617 gratia
1640 562 1733 601 nos
1779 546 2036 618 inquietat
2080 545 2167 599 die

572 657 637 695 ac
666 652 834 696 nocte.
863 639 931 695 Et
954 640 1219 695 accedens
1244 640 1313 695 ad
1342 638 2166 712 Sigebertum—stabatquippe

570 734 788 789 eminus
815 718 1110 803 expectans
1131 733 1209 787 rei
1223 732 1430 787 exitum
1464 761 1530 771 —
1553 748 1567 786 :
1592 730 1911 800 Comprime,
1948 729 2044 796 ait,
2073 746 2165 783 su-

570 827 827 894 spirium,
863 826 1107 880 exhilara
1133 824 1335 880 vultum
1353 833 1403 879 et
1428 824 1662 878 animum
1687 840 1705 878 :
1735 823 2079 895 complebitur
2106 839 2164 877 tn

569 918 719 973 bonis
750 918 1072 974 desiderium
1135 926 1303 972 tuum.
1357 916 1671 988 Miriﬁcavit
1730 914 1872 972 Deus
1917 924 2161 971 sanctum

570 1027 747 1077 suum,
773 1018 823 1065 et
845 1011 1038 1065 iterum
1079 1008 1389 1079 miriﬁcabit
1419 1021 1558 1063 eum.
1585 1007 1798 1076 Quibus
1842 1007 2024 1076 dictis,
2069 1021 2164 1063 so-

567 1101 746 1157 lutum
778 1109 864 1158 est
884 1110 1136 1159 sanctum
1167 1101 1302 1157 illud
1323 1101 1642 1158 concilium.
1668 1098 1785 1156 Sed
1819 1100 1948 1172 quia
1973 1100 2159 1156 animo

566 1194 809 1264 cupienti
831 1194 1000 1250 nichil
1038 1194 1174 1250 satis
1214 1193 1525 1262 festinatur,
1558 1194 1794 1249 domnus
1846 1192 2160 1264 Sigebertus

566 1284 697 1340 huic
726 1285 926 1341 visioni
953 1285 1138 1342 minus
1160 1295 1368 1357 gratus,
1400 1290 1696 1357 minusque
1745 1286 2024 1353 credulus,
2057 1286 2158 1342 ite-

564 1391 687 1431 rum
720 1386 1032 1448 soporatur,
1061 1387 1116 1434 et
1166 1379 1360 1433 iterata
1385 1378 1617 1434 visione.
1642 1390 1753 1433 non
1774 1377 1890 1448 jam
1920 1376 2157 1433 delcCta-

563 1478 676 1538 tur,
707 1470 799 1527 sed
835 1470 1150 1542 corripitur.
1205 1469 1364 1526 Videt
1418 1478 1639 1527 sanctos
1701 1485 1956 1541 proceres
2013 1469 2157 1526 sicut

560 1562 719 1632 prius
745 1563 1105 1619 consedentes
1132 1570 1185 1618 et
1216 1562 1587 1633 colloquentes
1607 1603 1622 1629 ,
1667 1561 1926 1617 severiori
1981 1568 2037 1616 et
2070 1576 2158 1616 ve-

2268 545 2631 617 sequentiam,

2338 636 2390 690 5.
2416 637 2486 669 ⁸⁸⁸
2510 636 2591 691 Ad
2645 636 2905 708 oppidum
2954 634 3295 693 Dconantum
3333 637 3468 710 (905)
3514 642 3742 702 conﬂuebat

2266 728 2508 799 undique
2537 745 2734 801 magna
2767 730 3094 800 pepulerum
3124 730 3432 802 frequentia,
3475 749 3534 789 eo
3562 739 3674 806 quod
3693 740 3741 793 ibi

2263 835 2359 890 per
2381 823 2705 878 memoriam
2753 822 3033 899 genitricis
3091 821 3189 877 Dei
3238 822 3413 879 Maria:
3453 824 3743 882 declarahatur

2263 911 2436 966 multa
2488 912 2879 969 miraculorum
2911 911 3106 985 gratia.
3141 911 3210 967 Et
3259 914 3382 984 quia
3431 914 3498 970 ibi
3543 916 3742 988 aliquibus

2260 1004 2590 1060 reddebatur
2616 1013 2804 1076 optata
2835 1007 3065 1072 sanitas,
3099 1006 3302 1061 multos
3347 1007 3416 1060 ibi
3453 1007 3605 1077 jacere
3626 1009 3741 1065 [adea

2256 1094 2350 1151 bat
2379 1111 2501 1167 spes
2534 1098 2922 1169 recuperanda:
2960 1099 3232 1154 sanitatis.
3261 1097 3480 1154 Venerat
3503 1099 3610 1156 illuc
3649 1102 3743 1158 inter

2258 1189 2397 1244 alios
2418 1191 2667 1260 quaedam
2714 1192 2894 1261 puella
2937 1192 3161 1247 nomine
3216 1190 3512 1258 Hersendis,
3547 1208 3645 1263 qua
3680 1210 3744 1264 per

2257 1280 2630 1337 inﬁrmitatem
2684 1283 2805 1338 visu
2866 1284 3163 1359 oculorum.
3211 1284 3430 1355 privata,
3472 1286 3745 1354 poscebatis

2258 1370 2376 1440 ipsa
2424 1372 2720 1427 sanitatem
2760 1373 2880 1428 sibi
2930 1373 3172 1429 conferri
3202 1390 3235 1429 a
3284 1375 3525 1446 genitrice
3560 1375 3743 1432 Deiﬁed

2257 1463 2510 1532 quamvis
2535 1465 2797 1520 meruerit
2822 1467 3146 1534 remedium,
3177 1466 3374 1523 meruit
3406 1477 3564 1523 tamen
3584 1485 3745 1541 recupe-

2254 1553 2413 1608 randi
2467 1556 2692 1611 remedii
2739 1558 3053 1613 consilium.
3133 1558 3443 1615 Ammonita
3482 1569 3556 1616 est
3591 1561 3744 1616 enimi-

561 1652 656 1710 lud
685 1654 1095 1727 indignabunda
1113 1655 1268 1709 vultu
1299 1654 1354 1708 in
1386 1668 1448 1709 se
1479 1653 1858 1725 respicientes,
1889 1653 2153 1723 illumque
2255 1649 2465 1703 somnis
2485 1649 2672 1704 venire
2690 1650 2758 1704 ad
2806 1649 3255 1707 Gemmeiacense
3287 1650 3745 1723 monasterium,quia

561 1761 725 1800 suum
741 1742 1013 1802 seniorem
1039 1761 1149 1801 non
1164 1746 1280 1816 jam
1304 1746 1411 1802 sibi
1430 1744 1818 1811 blandientem,
1836 1744 1929 1799 sed
1959 1744 2155 1799 durius
2188 1798 2228 1816 ἢ
2256 1738 2330 1794 ibi
2359 1755 2468 1794 non
2494 1740 2707 1798 deesset
2743 1742 2845 1797 sibi
2883 1744 3135 1799 sanitatis
3154 1743 3471 1799 remedium.
3524 1743 3649 1799 Venit
3662 1761 3746 1815 ergo

561 1836 955 1909 increpantem.
989 1836 1118 1907 Cur,
1162 1837 1360 1908 inquit,
1391 1837 1530 1909 quod
1586 1836 1793 1891 tamdiu
1838 1836 2146 1890 desiderasti

2256 1828 2344 1884 die
2374 1828 2650 1885 dominica
2705 1840 2832 1886 ante
2872 1833 3196 1905 martyrium
3221 1833 3587 1903 apostolorum,
3607 1843 3648 1888 et
3665 1849 3745 1888 cum

561 1940 670 1986 tam
690 1931 969 2002 diﬁiculter
991 1932 1183 1999 credis,
1219 1940 1269 1986 et
1312 1931 1451 2002 quod
1488 1931 1584 1985 tibi
1632 1932 1734 2001 ipsi
1780 1947 1881 1984 non
1921 1929 2152 1999 expedit,
2256 1923 2446 1980 multis
2477 1924 2722 1982 lacrimis
2775 1942 2962 1994 orans,
3007 1929 3335 1985 ostendebat
3366 1930 3534 1985 cordis
3577 1930 3642 1984 sui
3662 1930 3747 1984 auc-

558 2024 800 2094 ingratus
836 2041 889 2078 es
910 2025 1048 2079 dono
1086 2034 1249 2080 tantm
1271 2024 1532 2079 visionis?
1583 2022 1736 2088 Quod
1772 2023 1888 2075 dixi
1929 2022 2070 2088 dico,
2103 2030 2154 2075 et
2190 2068 2196 2073 .
2254 2023 2421 2069 ctum.
2450 2015 2556 2072 Sed
2606 2018 2737 2088 quia
2775 2018 3051 2075 nesciebat
3077 2035 3192 2090 quo
3245 2036 3306 2077 se
3345 2029 3571 2085 verteret,
3612 2019 3674 2074 vel
3688 2019 3745 2075 cui

558 2118 697 2187 quod
721 2117 861 2183 dico,
888 2135 920 2172 a
956 2118 1063 2173 Deo
1106 2120 1226 2172 dico
1254 2134 1272 2173 :
1304 2138 1326 2171 ι
1359 2117 1675 2177 Miriﬁcabit
1724 2115 1861 2169 Deus
1909 2125 2151 2170 sanctum
2253 2122 2479 2162 causam
2509 2124 2665 2163 suam
2697 2110 2956 2180 aperiret,
2990 2126 3085 2182 pre
3106 2128 3325 2168 merore
3353 2113 3521 2169 cordis
3537 2121 3583 2167 et
3622 2113 3747 2168 dolore

558 2225 732 2273 suum,
760 2218 810 2262 et
860 2210 1054 2264 iterum
1086 2210 1394 2280 mirifioavit
1427 2227 1566 2265 eum.
1608 2228 1627 2262 ›
1685 2205 1744 2264 Si
1774 2208 1943 2262 credis
1978 2209 2148 2276 crede,

559 2299 755 2355 videbis
810 2302 867 2355 in
904 2303 1147 2372 proximo
1198 2310 1246 2356 te
1297 2318 1400 2356 non
1450 2302 1655 2372 frustra
1711 2301 2017 2355 credidisse.
2053 2299 2150 2357 His

557 2393 735 2449 verbis
756 2394 980 2451 territus
1011 2394 1246 2450 domnus
1306 2393 1641 2465 Sigehertus,
1684 2394 1825 2448 lecto
1877 2393 2049 2458 exilit,
2096 2401 2152 2448 et

549 2487 620 2542 ad
651 2487 920 2542 tumulum
986 2487 1158 2542 sancti
1214 2487 1387 2558 patris
1439 2486 1692 2542 recurrit.
1750 2484 1828 2540 Ibi
1879 2493 2145 2556 quantum

554 2578 855 2648 gratiarum
886 2576 999 2632 Deo
1022 2578 1285 2644 reddidit,
1320 2578 1472 2633 solus
1508 2577 1622 2647 ipse
1656 2575 1802 2631 Deus
1830 2575 1985 2631 testis
2021 2574 2143 2631 fuit.

556 2666 623 2721 Et
650 2682 717 2722 ex
740 2667 831 2722 illa
847 2668 982 2722 hora
1009 2677 1193 2724 certus
1220 2669 1287 2724 de
1326 2667 1424 2722 Dci
1472 2666 1846 2722 misericordia
1888 2675 1941 2722 et
1970 2667 2146 2721 sancti

558 2755 822 2815 Wicberti
867 2759 1059 2830 gloria,
1114 2759 1277 2831 coepit
1315 2774 1441 2814 eum
1494 2757 1694 2813 habere
1722 2756 1834 2829 jam
1865 2758 1921 2812 in
1950 2754 2142 2828 majori

553 2847 880 2904 reverentia.

622 2938 679 2993 2.
717 2935 1035 2994 Ventilabro
1080 2926 1572 3009 quadragesimalis
1622 2938 1986 2993 observantiae
2013 2952 2141 3008 pur-

552 3030 784 3100 gabatur
807 3046 934 3087 area
965 3040 1170 3087 sancta:
1197 3032 1477 3099 mcclesiae,
1495 3031 1715 3102 quando
1737 3031 2013 3087 seniorem
2036 3047 2109 3086 no

2247 2200 2502 2268 corporis
2563 2208 2677 2255 tota
2719 2202 3022 2257 ebdomada
3078 2203 3223 2258 lecto
3273 2205 3535 2261 decubuit.
3584 2202 3746 2274 Vespere

2253 2290 2467 2346 sabbati
2487 2292 2553 2346 ad
2579 2294 2882 2349 ecclesiam
2905 2294 3086 2363 rediit,
3127 2311 3355 2351 causam
3408 2313 3546 2353 suam
3586 2297 3746 2365 aperuit,

2250 2392 2303 2438 et
2332 2391 2393 2438 ut
2422 2384 2610 2440 liceret
2638 2386 2741 2440 sibi
2772 2395 3096 2456 pernoctare
3129 2388 3183 2441 in
3216 2388 3459 2444 aacclesia
3478 2388 3554 2441 vix
3567 2388 3744 2441 obtinuit

2249 2476 2331 2529 Ad
2354 2477 2625 2531 tumulum
2653 2478 2827 2533 sancti
2854 2478 3099 2534 Cuiberti
3124 2480 3382 2547 deducta,
3426 2481 3495 2536 ibi
3539 2490 3745 2552 pernocta-

2247 2569 2345 2637 vit,
2381 2578 2436 2625 et
2459 2585 2626 2640 quam
2679 2570 2930 2627 devotius
2984 2573 3164 2642 potuit
3215 2582 3461 2629 sanctum
3486 2572 3569 2628 Dei
3611 2587 3683 2643 pro
3709 2588 3748 2625 se

2247 2663 2363 2733 ipsa
2398 2663 2777 2733 interpellavit.
2806 2662 2919 2721 Nec
2968 2665 3195 2721 frustra.
3230 2666 3478 2723 Diluculo
3496 2669 3618 2722 enim
3662 2681 3743 2721 sur-

2247 2769 2380 2824 gens
2406 2769 2437 2808 a
2473 2754 2647 2809 sancti
2700 2748 2937 2823 tumulo,
2984 2770 3116 2811 mox
3144 2766 3207 2812 ut
3258 2758 3424 2813 exivit
3467 2757 3529 2811 ab
3566 2756 3747 2811 cedetis

2245 2844 2389 2898 ostio
2419 2861 2432 2898 :
2462 2843 2700 2911 Gratias,
2748 2845 2949 2915 inquit,
2974 2847 3091 2914 tibi,
3120 2863 3151 2901 ο
3187 2846 3356 2915 Deus,
3379 2863 3490 2919 ago,
3515 2848 3619 2918 quia
3648 2845 3744 2899 situ

2243 2932 2420 2990 lumen
2452 2935 2591 3001 creti,
2622 2936 2763 3006 quod
2796 2936 2962 2990 multo
2990 2946 3224 3008 tempore
3261 2955 3368 2993 non
3419 2939 3536 2993 ridi.
3562 2935 3745 3005 nupti

2242 3041 2329 3081 ma
2358 3026 2749 3082 miraculorum
2795 3028 2974 3098 gratia
3002 3029 3293 3084 laetiﬁcans
3337 3029 3538 3085 animos
3559 3027 3745 3089 ﬁdelium,

552 3129 730 3176 strum
761 3122 857 3175 tali
910 3122 1137 3193 contigit
1191 3122 1455 3178 illustrari
1507 3122 1855 3177 revelatione.
1903 3121 1967 3176 Et
2008 3122 2137 3193 quia
2165 3137 2212 3203 ρ
2243 3117 2537 3173 commovit
2558 3116 2751 3191 omnes
2780 3118 2846 3173 ad
2869 3118 3207 3175 laudandum
3234 3120 3535 3176 Dominum.

550 3211 865 3281 propediem
890 3210 1133 3267 instabat
1158 3220 1370 3282 tempus
1403 3213 1782 3279 desiderabile,
1817 3222 2029 3283 tempus
2074 3212 2141 3268 il-

549 3305 645 3360 lud
663 3305 729 3359 de
757 3314 931 3360 morte
951 3304 1156 3361 Christi
1191 3307 1519 3373 venerabile,
1545 3299 1845 3377 gloriosum
1874 3307 1940 3361 de
1956 3322 2116 3362 resur

550 3397 815 3465 rectione,
848 3397 923 3452 ibi
944 3396 1063 3452 fixit
1118 3398 1414 3453 anchoram
1447 3414 1561 3454 suae
1607 3398 1944 3464 intenti0nis,
1996 3398 2140 3468 quod

550 3488 600 3544 si
625 3488 757 3559 quid
807 3488 1071 3545 divinitus
1120 3491 1433 3546 novandum
1472 3497 1619 3546 esset
1644 3490 1787 3544 circa
1821 3490 2148 3545 memoriam

549 3577 726 3633 sancti
748 3576 1102 3646 confessoris,
1153 3580 1246 3634 illo
1290 3579 1639 3649 potissimum
1688 3578 1841 3634 ﬁeret
1875 3588 2148 3652 tempore,

548 3683 660 3738 quo
690 3670 935 3742 leguntur
996 3671 1171 3726 multa
1216 3686 1446 3741 corpora
1501 3679 1818 3727 sanctorum
1840 3670 2147 3727 surrexisse

547 3767 603 3813 et
631 3759 821 3816 multis
852 3760 1175 3831 apparuisse
1233 3760 1287 3814 in
1319 3760 1697 3816 testimonium
1740 3759 2029 3815 dominica:
2057 3776 2097 3814 rc
2120 3790 2142 3805 ο

507 3896 511 3901 ,
548 3848 930 3905 surrectionis.
984 3848 1219 3919 ideoque
1264 3849 1424 3918 quasi
1469 3848 1639 3904 nichil
1688 3856 1834 3904 esset
1882 3849 2144 3920 quicquit

549 3945 678 3990 ante
702 3935 922 4003 fecerat,
957 3937 1220 4007 quicquid
1254 3937 1625 4008 jejunaverat,
1672 3938 1934 4008 quicquid
1956 3939 2149 4011 vigila-

548 4027 1014 4098 verat,quicquid
1037 4037 1312 4094 oraverat,
1362 4029 1430 4084 ad
1472 4029 1682 4099 majora
1731 4044 1793 4084 se
1844 4029 2067 4096 excitat,
2090 4042 2144 4086 ct

548 4131 648 4189 p.e
679 4117 855 4173 oculis
917 4118 1127 4173 habens
1182 4118 1382 4174 divina:
1423 4102 1807 4190 promissionis
1873 4122 2135 4188 oracula,

549 4215 760 4279 quanto
787 4209 855 4264 de
883 4210 1110 4265 veritate
1137 4211 1508 4282 promittentis
1551 4220 1668 4268 erat
1715 4211 1937 4280 certior,
1994 4222 2140 4268 tant!

549 4299 607 4355 in
634 4300 725 4355 illa
754 4316 921 4372 quam
945 4304 1200 4373 sperabat
1220 4303 1308 4359 die
1333 4304 1550 4360 volebat
1598 4304 1841 4361 inveneri
1874 4289 2138 4375 paratior.

551 4392 755 4450 Verum
781 4410 890 4450 non
927 4396 1069 4452 sicut
1096 4396 1211 4467 ipse
1246 4397 1519 4470 cogitabat
1542 4427 1614 4437 —
1661 4396 1927 4453 Dominus
1994 4397 2140 4453 enim

2310 3208 2364 3262 4.
2397 3206 2565 3269 Fama
2594 3208 2661 3263 de
2682 3209 2905 3264 nomine
2950 3210 3132 3265 sancti
3183 3210 3436 3267 Guiberti
3470 3210 3609 3267 etiam
3647 3218 3747 3262 mn

2244 3300 2517 3366 transivit,
2545 3309 2597 3355 et
2624 3299 2872 3372 Angliam
2894 3302 3215 3359 illustravit.
3249 3304 3422 3374 Cujus
3447 3303 3520 3359 rei
3561 3301 3651 3356 haec
3679 3297 3746 3350 illi!

2242 3407 2430 3448 causa.
2468 3391 2702 3460 Quidam
2727 3392 3260 3453 Gemmeiacensium
3294 3396 3589 3453 Hetnennus
3628 3388 3743 3447 nouli-

2242 3500 2312 3539 ne
2336 3485 2405 3539 ad
2433 3485 2690 3556 Angliam
2718 3496 2945 3543 venerat
2982 3504 3154 3545 causa
3203 3488 3530 3561 negotiandi.
3559 3485 3663 3556 Ejus
3686 3496 3746 3537 te

2240 3574 2420 3630 ballus
2436 3575 2834 3645 intirmabatur,
2860 3578 3012 3635 lesus
3036 3580 3262 3652 quippe
3298 3580 3473 3637 fuerat
3492 3593 3598 3636 cum
3617 3592 3642 3631 ι
3666 3571 3745 3628 ιιιτὶ

2241 3669 2642 3725 extraheretur.
2677 3668 2819 3725 Utile
2845 3671 3027 3727 visum
3054 3681 3141 3728 est
3182 3675 3461 3729 sociorum
3492 3670 3689 3731 consilio,
3710 3674 3746 3717 ιιι

2242 3760 2492 3831 apposito
2521 3760 2779 3818 ﬂeotomo
2834 3763 3116 3820 inﬁrmum
3165 3750 3377 3836 equum
3418 3769 3746 3820 W9".

2241 3852 2424 3925 guinis
2446 3854 2701 3910 minutio.
2748 3854 3017 3926 Apposilo
3040 3856 3303 3912 ﬂeotomo
3354 3855 3564 3927 sanguis
3591 3849 3744 3909 ﬂuebat.

2242 3944 2336 4001 sed
2367 3944 2546 4001 ﬂuxus
2566 3944 2850 4017 sanguinis
2874 3947 3097 4003 modum
3126 3947 3421 4015 excedens,
3468 3944 3597 4000 nullo
3638 3935 3745 3995 modo

2244 4036 2467 4107 reprimi
2491 4045 2723 4107 poterat.
2749 4037 2903 4093 Multi
2942 4040 3375 4110 negotiatorum,
3429 4037 3571 4093 multi
3593 4043 3746 4105 quoque

2246 4127 2543 4200 Anglorum
2574 4120 2943 4199 concurrunt;
2965 4132 3137 4188 multa
3163 4132 3378 4201 dicunt,
3407 4123 3561 4187 multa
3586 4125 3744 4183 iaciunt,

2242 4234 2366 4290 quae
2395 4221 2462 4276 ad
2516 4221 2923 4292 reprimendum
2977 4225 3267 4297 sanguinis
3322 4226 3521 4281 ﬂuxum
3561 4218 3745 4293 prmisssc

2242 4311 2437 4367 solent.
2471 4312 2604 4379 Quae
2628 4313 2812 4370 omnia
2837 4330 2963 4370 cum
2998 4316 3088 4371 hic
3116 4315 3289 4372 nichil
3322 4316 3566 4381 valerent,
3603 4309 3743 4365 illew‘

2234 4398 2331 4461 ius
2351 4412 2469 4459 erat
2496 4420 2674 4476 equus
2701 4421 2989 4464 recurrens
3019 4409 3085 4463 ad
3118 4418 3309 4464 notum
3347 4410 3449 4465 sibi
3477 4402 3741 4478 presidium:

549 4486 704 4541 novit
754 4487 1113 4559 cogitationes
1163 4489 1450 4545 hominum
1494 4488 1755 4561 quoniam
1810 4494 1962 4545 vanae
2014 4500 2143 4545 surt
2171 4485 2456 4564 DSancte,
2510 4496 2706 4567 inquit,
2768 4495 3053 4566 Wicberte,
3093 4500 3185 4571 qui
3250 4500 3413 4555 michi
3464 4508 3509 4553 te
3552 4485 3744 4549 intota“

548 4605 620 4616 ---
651 4579 749 4634 sed
779 4577 921 4636 sicut
950 4572 1095 4639 Deus
1116 4582 1463 4655 disposuerat
1482 4582 1695 4638 “factum
1720 4590 1822 4638 est.
1867 4581 1989 4638 Jam
2013 4599 2141 4652 ergo

551 4672 845 4729 transierat
880 4690 990 4730 non
1013 4675 1192 4731 solum
1222 4676 1341 4733 dies
1376 4676 1465 4731 illa
1516 4676 1584 4732 de
1632 4673 1838 4732 Christi
1866 4690 2144 4733 resurrec-

551 4762 699 4817 tione
720 4763 970 4834 celebris,
994 4767 1299 4836 quinimmo
1330 4776 1385 4823 et
1415 4768 1508 4823 illa
1534 4768 1601 4823 de
1652 4767 1774 4838 ejus
1817 4767 2139 4838 promissio—

551 4870 640 4920 ne,
675 4854 730 4909 id
780 4864 866 4910 est
893 4857 1130 4912 adventu
1171 4859 1345 4915 sancti
1397 4858 1635 4930 Spiritus
1683 4859 2057 4929 expectabilis,
2086 4869 2141 4914 et

550 4945 691 5001 infra
724 4946 829 5002 tale
851 4948 1097 5018 tantique
1121 4956 1334 5021 tempus
1356 4951 1622 5020 mysterii,
1652 4951 1821 5005 nichil
1846 4950 2140 5007 novixcon-

551 5039 749 5111 tigerat
767 5039 915 5096 circa
936 5041 1287 5112 sepulchrum
1342 5052 1537 5100 sancti.
1585 5042 1786 5099 Videre
1806 5048 1925 5097 erat
1953 5058 2138 5099 senem

552 5112 803 5186 nostrum
831 5130 1103 5188 domnum‘
1140 5131 1481 5206 Sigebcrtum
1536 5135 1591 5191 in
1614 5135 1719 5191 hac
1770 5134 2143 5206 expectatione

551 5220 802 5291 deﬁcere,
827 5221 968 5278 mori
998 5223 1161 5279 malle
1186 5239 1352 5295 quam
1378 5226 1581 5295 vivere,
1625 5241 1684 5283 se
1711 5241 1888 5293 reum,
1917 5240 1975 5281 se
2006 5224 2142 5280 stul-

554 5322 668 5369 tum
708 5313 981 5385 judicare,
1039 5316 1200 5386 quasi
1243 5316 1338 5388 qui
1372 5332 1431 5373 se
1478 5317 1705 5389 dignum
1766 5316 2140 5383 aestimaverit,

552 5421 718 5476 quem
743 5407 887 5466 Deus
920 5408 1241 5482 dignaretur
1261 5426 1362 5467 sua
1404 5411 1753 5467 revelatione.
1792 5409 1897 5466 Sed
1919 5410 2014 5481 qui
2036 5409 2139 5464 hu--

554 5499 776 5556 milibus
807 5500 951 5558 Deus
979 5502 1073 5559 dat
1118 5504 1371 5575 gratiam,
1413 5504 1523 5561 cito
1556 5504 1871 5560 consolatus
1907 5510 1990 5556 est
2018 5501 2137 5571 ejus

2234 4588 2504 4642 consuesti
2539 4588 2743 4655 adesse,
2774 4591 2967 4653 eccein
3007 4601 3097 4645 tuo
3136 4594 3350 4647 nomine
3401 4589 3644 4645 denarium
3684 4596 3744 4633 88-

2240 4695 2469 4755 perpono
2484 4670 2713 4750 effluenti
2742 4670 2903 4741 vente.
2945 4680 3093 4737 Dixit
3122 4691 3177 4738 et
3206 4684 3484 4755 imposuit,
3519 4679 3630 4736 etin
3665 4674 3743 4741 ῖρεο

2240 4771 2385 4826 dicto
2413 4770 2535 4827 fons
2562 4773 2846 4844 sanguinis
2901 4775 3072 4841 stetit,
3104 4791 3206 4832 nec
3225 4777 3369 4832 ultra
3397 4772 3598 4831 einuxit.
3636 4760 3743 4832 Αιιειί

2241 4878 2337 4933 pre
2367 4864 2627 4920 omnibus
2658 4880 2824 4935 super
2852 4857 2958 4920 hoc
2987 4855 3195 4936 mirati,
3252 4867 3533 4939 requirunt
3552 4863 3608 4918 de
3624 4853 3744 4912 θοαί·

2242 4967 2311 5007 ne
2331 4958 2387 5007 et
2420 4954 2615 5009 merito
2641 4955 2817 5011 sancti
2845 4951 3139 5025 ‘Wicherti,
3168 4964 3222 5013 et
3252 4957 3520 5014 discentes
3543 4959 3744 5017 esse?”

2241 5044 2540 5115 pitiabilem
2566 5046 2968 5104 invocationem
3018 5049 3259 5105 nominis
3304 5049 3443 5121 ejus,
3468 5041 3744 5103 assumm'

2241 5136 2496 5193 invocare
2521 5153 2646 5193 eum
2672 5139 2728 5193 in
2765 5139 2880 5196 suis
2905 5141 3345 5197 necessitatibus.

2313 5228 2377 5283 5.‘
2394 5227 2462 5284 Et
2489 5231 2614 5300 quis
2644 5230 2856 5288 dubitet
2905 5232 3134 5304 dignum
3189 5248 3312 5289 esse
3364 5218 3618 5291 miraculo,
3642 5215 3742 5291 quod

2241 5335 2338 5391 per
2363 5320 2763 5399 invocationem
2789 5323 2964 5379 sancti
2990 5322 3253 5380 Wicberti
3274 5328 3523 5395 operatus
3557 5322 3625 5372 est
3644 5310 3745 5364 Deus

2240 5413 2296 5466 in
2327 5411 2612 5468 liberando
2636 5411 2953 5469 Evcrelmo?
2978 5400 3077 5470 Hic
3142 5413 3456 5470 Everelmus
3489 5418 3653 5482 genere
3671 5412 3742 5453 ηο-

2240 5501 2388 5568 bilis,
2414 5519 2513 5559 usu
2536 5503 2699 5560 etiam
2725 5503 2935 5560 militiae
2956 5519 3065 5561 non
3087 5505 3361 5577 ignobilis,
3386 5511 3562 5575 captus
3579 5511 3607 5563 ι
3628 5495 3742 5559 uel“

1830 5593 2057 5652 VAiile
2120 5593 2518 5650 LECTIONES.

548 5703 551 5706 .
621 5665 693 5750 θέο
715 5665 811 5720 hoc
843 5651 1000 5736 caput
1028 5671 1245 5725 mutatis
1278 5670 1482 5725 ultimis
1519 5668 1791 5724 sententiis
1811 5651 1955 5722 eatat
1979 5673 2026 5718 et
2057 5664 2223 5750 itii}

2060 5732 2288 5787 NUT/E.

625 5798 772 5866 (305)
798 5797 1013 5864 Dinant.
