3966 6424
186 402 285 458 ωδ

1224 336 1389 444 ἯΤᾸ
1424 388 1483 445 S.
1526 384 1894 458 WlCBEIjTI.
1934 417 2007 427 —-
2042 387 2332 443 APPEND.
3324 392 3430 449 u83

186 531 279 575 sua
300 510 585 568 Pctronilla
640 508 944 573 comitissa,
970 505 1027 560 in
1048 505 1273 560 castello
1318 502 1467 574 quod
1515 509 1742 558 vocatur
1769 505 1820 566 Α
1846 499 1936 555 nia
1975 516 2103 556 cum
2152 516 2260 555 non
2311 507 2589 572 potuermt
2633 501 2746 556 fieri
2787 503 2912 558 sine
2961 504 3149 576 aliquo
3174 503 3430 587 fragore,

186 604 406 664 Gocileis
433 601 581 671 (906)
610 602 922 656 vinculatus
952 598 1057 655 sub
1086 606 1200 653 tuta
1235 597 1454 668 jacebat
1473 595 1741 653 custodia.

187 697 247 752 Et
270 695 391 766 quia
419 708 589 763 nepos
617 708 753 748 suus
775 699 894 748 erat
930 698 1219 760 suspectus
1260 689 1365 745 sibi
1399 696 1455 745 et
1489 688 1746 744 omnibus

184 804 275 863 pro
294 787 485 842 robore
503 786 754 855 corporis
786 784 872 839 sui
892 792 947 839 et
1002 783 1270 838 industria
1318 782 1509 847 animi,
1540 780 1746 836 nullius

184 885 389 951 precatu
420 876 506 932 vel
528 877 746 931 hortatu
783 875 960 946 potuit
985 873 1274 930 Petronan
1333 873 1503 939 flecti,
1524 889 1627 929 nec
1653 888 1747 927 co-

184 971 321 1028 mitis
344 984 447 1025 nec
466 969 644 1040 ipsius
671 969 831 1025 ducis
880 976 1133 1037 reSpectu
1170 966 1356 1037 .potuit
1401 966 1634 1033 moveri,
1688 976 1749 1022 ut

183 1061 406 1132 acceptis
447 1060 734 1116 obsidibus
778 1069 892 1115 tam
930 1060 1024 1114 diu
1054 1059 1361 1114 absolveret
1382 1058 1744 1124 Everclmum,

181 1154 338 1211 donec
354 1160 518 1209 reset
543 1169 712 1209 causa
741 1151 1039 1208 referretur
1067 1151 1137 1206 ad
1167 1150 1499 1206 audientiam
1533 1151 1746 1221 patrio-

181 1255 364 1302 tarum.
396 1243 708 1315 Desperans
732 1259 865 1315 ergo
889 1244 957 1299 de
978 1243 1222 1299 humano
1242 1244 1468 1309 auxilio,
1515 1259 1747 1299 causam

180 1351 322 1395 suam
345 1335 627 1409 commisit
647 1334 779 1402 Deo,
810 1344 866 1390 et
890 1350 1102 1406 ponens
1142 1351 1293 1406 spem
1323 1351 1437 1390 suae
1466 1334 1748 1390 liberatio-

176 1427 258 1483 nis
284 1427 337 1481 in
358 1434 681 1482 sanctorum
709 1426 805 1482 Dei
834 1426 1161 1498 patrocinio,
1199 1426 1572 1496 apostolorum
1600 1426 1749 1497 prin-

172 1521 306 1592 cipis
328 1518 479 1577 Petri
497 1521 767 1580 auxilium
791 1522 1096 1592 expetebat,
1140 1522 1301 1592 cujus
1328 1521 1630 1576 accclesiam
1649 1519 1751 1578 Pe-

83 1644 86 1651 ι
171 1611 381 1669 tronilla
430 1620 755 1682 propterse
789 1612 1114 1683 capiendum
1160 1613 1491 1669 incenderat.
1522 1610 1660 1667 Cum
1692 1612 1750 1666 in

174 1702 284 1772 ejus
310 1703 513 1772 pietate
535 1702 627 1758 diu
648 1712 802 1760 totus
816 1705 1110 1774 penderet,
1126 1704 1262 1760 vidit
1284 1705 1503 1761 tandem
1532 1705 1586 1759 in
1608 1719 1752 1759 som-

172 1791 252 1846 nis
275 1790 423 1860 quod
447 1791 563 1862 ipse
590 1794 872 1863 apostolus
900 1793 1254 1850 Petronillam
1288 1796 1658 1866 compellaret,
1688 1803 1751 1849 ut

1847 600 2031 648 tamen
2073 592 2241 648 nichil
2276 592 2473 647 horum
2507 592 2706 663 aliquis
2742 594 2797 648 in
2836 596 3002 671 domo
3033 597 3433 669 quiescentiqu

1846 685 2024 756 potuit
2069 684 2278 741 audire.
2330 684 2648 752 Everelmus
2693 702 2753 742 se
2799 690 3063 757 reptando
3099 692 3323 747 trahens
3363 694 3436 750 ad

1847 773 2044 835 domus
2076 772 2394 841 fenestram,
2420 775 2545 830 nisu
2572 791 2682 845 quo
2724 777 2899 846 potuit
2928 795 2997 837 se,
3009 779 3141 849 jecit
3174 781 3228 835 in
3260 782 3431 837 illam.

1847 865 1948 922 llic
1977 875 2122 922 certe
2152 883 2291 938 opus
2332 866 2438 924 fuit
2484 868 2562 922 illi
2608 869 2863 925 invocare
2899 870 3072 927 Deum
3116 883 3170 929 et
3212 885 3437 934 sanctos

1849 959 1982 1028 Dei,
2025 970 2080 1017 et
2122 961 2468 1033 frequentare
2524 978 2725 1019 nomen
2770 966 2947 1021 sancti
3003 964 3306 1037 Wicberti,
3346 972 3438 1027 cui

1847 1057 2197 1113 commiserat
2234 1074 2508 1114 summam
2546 1060 2773 1131 inceptae
2815 1062 2914 1118 rei.
2942 1061 3262 1121 Fenestram
3284 1067 3432 1122 enim

1846 1157 1960 1203 tam
2007 1157 2294 1220 angustam
2338 1166 2461 1206 esse
2518 1152 2763 1220 invenit,
2819 1162 2882 1208 ut
2934 1155 3082 1211 nullo
3137 1157 3301 1213 modo
3351 1159 3439 1215 vel

1846 1241 1991 1296 ultra
2018 1242 2312 1311 procedere
2354 1245 2439 1298 vel
2483 1246 2823 1302 retrocedere
2864 1250 3120 1317 potuerit.
3159 1249 3239 1306 Rc
3265 1267 3294 1304 ιι
3332 1252 3437 1308 mi-

1846 1344 1966 1385 ram
2012 1346 2119 1384 non
2160 1332 2299 1387 meis
2343 1332 2436 1388 sed
2472 1334 2645 1404 ipsius
2692 1334 2960 1393 Everelmi
3005 1340 3187 1396 verbis
3232 1341 3434 1399 dicam.

1848 1417 2402 1481 Postinvocationem
2430 1424 2522 1481 Dei
2554 1434 2610 1483 et
2636 1429 2811 1484 sancti
2841 1429 3126 1500 Wicberti,
3169 1442 3266 1491 aut
3295 1433 3439 1492 fene-

1850 1522 2019 1569 stram
2050 1515 2127 1570 ita
2155 1517 2492 1587 ampliatam,
2529 1527 2626 1576 aut
2658 1536 2859 1592 corpus
2886 1538 3046 1578 suum
3079 1524 3152 1581 ita
3186 1534 3439 1583 attenuas

1850 1612 1969 1660 tum
2013 1621 2141 1667 esse.
2182 1608 2482 1679 obstupuit,
2529 1620 2587 1666 ut
2631 1610 2946 1670 facultatem
2990 1616 3074 1671 vel
3108 1619 3440 1688 procedendi

1848 1696 1934 1767 vel
1962 1698 2335 1779 retrocedendi
2364 1701 2432 1756 ad
2456 1700 2678 1768 plenum
2710 1704 2981 1761 habuerit.
3010 1705 3077 1761 Et
3105 1709 3236 1779 quia
3260 1720 3440 1766 retro-

1849 1769 2039 1844 cedere
2072 1798 2190 1845 erat
2221 1791 2299 1845 illi
2333 1791 2607 1861 odiosum,
2655 1801 2918 1853 animavit
2945 1814 3005 1854 se
3038 1801 3107 1856 ad
3133 1802 3438 1871 proceden-

176 1898 229 1937 se
251 1882 442 1939 obside
468 1895 691 1955 accepto
711 1884 1053 1942 Everelmum
1092 1887 1162 1943 ad
1188 1864 1747 1958 tentpusabsolvcret.
1781 1864 1827 1925 Β
1855 1877 2009 1948 dum.
2037 1889 2093 1936 et
2114 1883 2368 1954 mappula
2398 1884 2539 1941 linea
2568 1887 2637 1941 ad
2666 1886 2961 1946 fenestram
2992 1864 3169 1961 afﬁxa,
3198 1909 3294 1964 per
3315 1909 3439 1950 eam

176 1973 315 2041 Quod
336 1990 469 2031 cum
499 1977 570 2032 ab
595 1978 714 2048 ipsa
741 1979 1033 2050 impetrare
1078 1995 1190 2035 non
1244 1989 1465 2051 posset,
1500 1981 1751 2051 indigna-

175 2067 381 2121 bumlus
408 2070 693 2138 apostolus
740 2072 972 2138 redibat,
1007 2072 1314 2143 prccipiens
1351 2072 1636 2128 Everelmo
1684 2089 1755 2130 ne

172 2174 388 2214 causam
415 2176 570 2216 suam
593 2163 741 2233 turpi
763 2156 1084 2220 condicione
1118 2166 1408 2236 pejoraret.
1433 2164 1572 2221 Cum
1616 2167 1754 2223 inte-

176 2254 268 2308 rim
288 2255 442 2309 nulla
472 2256 698 2312 daretur
721 2258 771 2312 ei
798 2273 1086 2328 pinnarum
1108 2258 1384 2322 remissio.
1436 2270 1492 2314 et
1512 2260 1632 2314 idco
1658 2258 1755 2315 lla-

174 2354 349 2416 graret
376 2348 578 2418 majori
595 2350 892 2420 querenda;
911 2351 1105 2407 salutis
1126 2351 1399 2408 desiderio
1413 2394 1427 2417 ,
1466 2353 1569 2408 hoc
1587 2353 1753 2409 etiam

176 2439 399 2496 intendit
426 2441 633 2510 animo,
680 2453 743 2499 ut
798 2452 1049 2499 sanctum
1088 2442 1427 2500 Wicbertum
1476 2445 1755 2503 invomret

176 2527 449 2601 attentius,
498 2535 662 2606 cujus
716 2536 993 2593 ctlicacem
1034 2537 1297 2608 pietatem
1367 2539 1420 2593 in
1457 2529 1753 2596 liberandis

175 2626 394 2697 captivis
441 2629 691 2684 audierat
753 2628 1025 2699 predicari
1095 2646 1127 2685 a
1179 2630 1449 2701 pluribus.
1524 2629 1754 2686 Satisfa-

168 2721 312 2777 ciens
368 2722 502 2778 huic
554 2722 852 2790 desiderio,
906 2738 1032 2779 eum
1084 2723 1372 2779 invocabat
1422 2739 1548 2779 cum
1602 2733 1749 2779 voto.

176 2809 347 2884 Neque
384 2813 492 2869 hoc
538 2815 678 2871 satis
718 2815 826 2871 sibi
872 2813 997 2881 fuit,
1045 2814 1150 2870 sed
1181 2815 1276 2868 uni
1307 2830 1591 2870 servorum
1617 2830 1750 2870 suo-

172 2920 282 2960 rum
311 2890 573 2976 aperiens
601 2922 698 2962 cor
745 2924 930 2975 suum,
985 2906 1226 2978 precepit
1248 2915 1309 2962 ut
1362 2908 1432 2963 ad
1479 2908 1752 2963 tumulum

176 2998 338 3053 sancti
370 2998 637 3070 Wieberti
667 3000 787 3068 iret,
813 3016 1088 3072 suumque
1126 3000 1177 3057 ei
1207 3009 1392 3056 votum
1433 3001 1754 3073 praesentia-

170 3087 287 3145 liter
323 3089 565 3147 offerret.
611 3089 774 3147 Venit
818 3107 1032 3158 servus,
1083 3101 1380 3163 votumque
1411 3092 1620 3147 domini
1664 3093 1753 3149 sui

171 3176 361 3235 obtulit
405 3189 603 3237 sancto
654 3181 751 3239 Dei
807 3198 972 3253 quam
1014 3184 1191 3253 potuit
1231 3182 1503 3250 devotius,
1553 3193 1609 3241 et
1653 3201 1754 3241 cur

102 3274 113 3289 '
174 3272 407 3340 venerit,
470 3272 607 3344 quid
654 3274 896 3341 voverit,
950 3274 1254 3330 notificavit
1297 3276 1502 3346 quibus
1555 3277 1747 3333 voluit.

175 3362 350 3420 Tertia
390 3367 593 3423 abhinc
642 3377 803 3423 nocte
845 3367 1078 3424 intendit
1116 3366 1436 3425 Everelmus
1478 3384 1595 3424 rem
1645 3370 1753 3424 im-

175 3457 480 3527 possibilem
527 3459 739 3515 homini
814 3460 1089 3531 incipere,
1145 3460 1360 3516 meritis
1410 3462 1585 3517 sancti
1634 3460 1754 3516 Wi-

176 3546 366 3617 cberti,
409 3559 739 3621 cooperante
777 3552 883 3607 sibi
922 3551 1021 3608 illo
1064 3552 1154 3608 cui
1195 3552 1365 3608 nichil
1383 3561 1469 3608 est
1491 3552 1751 3623 impossi-

175 3639 296 3697 bile.
339 3641 494 3710 Quod
536 3644 643 3700 hoc
685 3643 805 3700 sine
847 3643 944 3700 Dei
985 3644 1191 3700 auxilio
1231 3644 1567 3717 impossibile
1588 3644 1754 3699 fuerit

172 3732 408 3801 homini,
453 3733 614 3791 facile
652 3744 801 3806 patet
839 3735 1093 3807 sapienti.
1145 3734 1328 3792 Locus
1368 3736 1424 3791 in
1468 3751 1580 3806 quo
1626 3752 1750 3792 car-

171 3833 381 3880 ceratus
400 3826 640 3896 iacebat,
672 3843 784 3883 uno
824 3836 1037 3883 tantum
1066 3828 1274 3899 pariete
1318 3843 1350 3883 a
1386 3828 1528 3884 lecto
1559 3826 1749 3883 Petro-

178 3915 313 3970 uillae
355 3916 612 3971 distabat.
664 3915 803 3983 Quia
851 3918 997 3973 enim
1040 3917 1349 3973 custodiam
1404 3916 1570 3987 hujus
1616 3917 1752 3972 nulli

174 4008 392 4063 omnino
421 4008 697 4077 credebat,
721 4025 848 4065 eum
874 4011 932 4064 in
958 4018 1077 4085 tam!
1102 4008 1282 4064 vicino
1311 4008 1417 4064 sibi
1451 4008 1572 4064 loco
1600 4009 1749 4064 loca-

176 4109 358 4167 verat,
402 4102 497 4157 ubi
544 4103 593 4158 si
633 4100 833 4172 aliquis
873 4102 1439 4173 quantulumcumque
1478 4100 1752 4171 loquendo

180 4192 520 4259 mussitaret,
561 4194 647 4250 vel
685 4194 892 4265 aliquid
937 4193 1171 4265 fragoris
1210 4191 1444 4258 faceret,
1492 4192 1598 4248 hoc
1635 4193 1752 4262 ipsa

176 4282 393 4344 arrectis
421 4283 653 4338 auribus
680 4286 1039 4354 praesentiret.
1079 4283 1211 4339 Boia
1247 4283 1396 4356 (907i
1431 4292 1615 4339 autem
1640 4292 1752 4339 tam

180 4374 495 4430 convinctim
553 4376 963 4447 constringebat
1015 4375 1255 4442 undique
1305 4388 1601 4445 utrumque
1655 4390 1750 4431 ca-

180 4464 304 4533 ptivi
356 4467 595 4537 pedem,
649 4476 710 4521 ut
767 4467 975 4522 nullam
1030 4467 1258 4522 omnino
1304 4467 1531 4522 haberet
1585 4467 1751 4521 eundi

1854 1984 1913 2025 se
1941 1972 2194 2042 quamvis
2224 1976 2532 2045 periculose
2570 1979 2768 2049 dejecit
2797 1981 2866 2036 ad
2904 1991 3129 2040 terram.
3166 1984 3306 2041 Cum
3342 1988 3440 2042 tali

1846 2064 2095 2132 periculo
2124 2082 2379 2136 egressus
2410 2070 2596 2138 domo,
2625 2081 2679 2127 et
2704 2084 2964 2145 expertus
3006 2077 3134 2148 quia
3156 2095 3440 2150 nunquam

1852 2156 2090 2211 vincitur
2122 2159 2428 2229 periculum
2480 2164 2599 2219 sine
2646 2166 2928 2236 periculo,
2964 2169 3173 2226 addixit
3220 2189 3279 2229 se
3326 2190 3438 2230 non

1851 2251 2051 2306 minori
2094 2255 2358 2323 periculo,
2406 2257 2615 2314 scilicet
2663 2270 2722 2316 ut
2767 2262 2941 2319 exiret
2979 2264 3045 2320 de
3083 2266 3195 2321 alto
3231 2269 3441 2323 castelli

1852 2358 2035 2399 muro.
2080 2344 2367 2413 Quomodo
2405 2350 2604 2406 vinctis
2649 2351 2880 2422 pedibus
2913 2365 2969 2411 et
3002 2358 3307 2427 ponderosa
3342 2377 3439 2416 ca-

1852 2441 1977 2489 tena
2011 2438 2250 2506 gravatis
2284 2441 2594 2497 ascenderit
2632 2444 2975 2503 altitudinem
3012 2452 3178 2518 muri,
3212 2469 3294 2517 ne
3332 2456 3439 2509 mi-

1852 2527 1962 2580 rari
2000 2529 2220 2598 quidem
2263 2542 2444 2601 potest
2483 2536 2683 2606 aliquis
2710 2538 2909 2595 nedum
2931 2543 3204 2613 explicate
3232 2548 3436 2605 verbis.

1850 2616 1951 2673 Est
1978 2620 2196 2690 quidem
2229 2624 2394 2680 nimis
2425 2628 2766 2686 ammirauda
2803 2640 2953 2690 tanta
2982 2634 3141 2692 fortis
3168 2638 3269 2695 viri
3305 2656 3441 2696 con-

1852 2711 2074 2779 stantia,
2105 2720 2192 2769 est
2223 2715 2358 2771 satis
2399 2717 2670 2775 laudanda
2700 2728 2851 2777 tanta
2880 2727 3165 2794 prudentis
3202 2730 3308 2786 viri
3357 2732 3443 2786 in-

1852 2800 2085 2858 dustria.
2125 2801 2231 2860 Sed
2263 2822 2371 2861 non
2412 2809 2643 2864 multum
2676 2812 2997 2882 profecisset
3042 2817 3308 2877 fortitudo
3341 2823 3442 2878 Itu-

1853 2907 2015 2950 mana
2066 2895 2186 2952 sine
2234 2898 2421 2955 divino
2469 2903 2703 2970 auxilio,
2756 2922 2857 2963 nec
2901 2910 3133 2966 multum
3180 2913 3445 2973 valuisset

1854 2983 2093 3041 humana
2121 2987 2390 3046 industria
2418 2992 2537 3048 sine
2563 2993 2752 3050 divino
2779 3000 3031 3067 consilio,
3075 3011 3130 3058 et
3168 3003 3291 3062 ideo
3317 3022 3439 3062 om-

1854 3075 1944 3130 nia
1967 3086 2096 3132 sunt
2121 3078 2286 3147 digna
2308 3082 2593 3139 miraculo.
2622 3085 3020 3153 Quoquomodo
3033 3092 3199 3165 igitur
3212 3111 3443 3153 ascenso

1854 3168 2063 3223 castelli
2082 3184 2264 3239 muro,
2295 3171 2611 3232 Everelmus
2638 3188 2938 3235 extractam
2967 3184 3252 3240 camisiam
3283 3202 3442 3243 suam

1855 3277 2014 3317 muro
2042 3262 2212 3318 allixit
2237 3273 2293 3321 et
2315 3280 2412 3336 per
2440 3267 2592 3323 illam
2619 3270 2802 3340 quoad
2846 3274 3025 3343 potuit
3060 3291 3119 3331 se
3151 3278 3317 3333 traxit
3347 3280 3443 3333 de-

1853 3369 2066 3423 orsum,
2118 3357 2314 3412 deinde
2359 3358 2604 3415 cadendo
2647 3362 2877 3419 humum
2923 3366 3137 3438 attigit,
3183 3378 3239 3425 et
3283 3372 3445 3441 quasi

1852 3452 2085 3502 truncus
2113 3456 2257 3504 teres
2292 3450 2515 3507 volutus
2546 3452 2601 3507 in
2630 3456 2843 3525 aggeris
2885 3457 3239 3529 profundum,
3275 3464 3443 3519 etiam

1854 3534 1981 3590 inde
2009 3536 2329 3594 mirabiliter
2354 3541 2578 3611 erepsit.
2617 3541 2859 3600 Tandem
2902 3548 3223 3619 contingens
3268 3553 3446 3622 plani-

1855 3626 1983 3682 tiem
2024 3629 2225 3700 campi,
2264 3631 2379 3700 jam
2426 3632 2660 3691 habebat
2701 3635 3006 3696 libertatem
3049 3642 3307 3710 abeundi,
3347 3646 3443 3699 sed

1855 3735 1963 3775 non
1996 3721 2230 3778 habebat
2264 3722 2581 3781 facultatem
2608 3729 2796 3785 eundi.
2832 3729 2900 3786 Et
2934 3740 3117 3789 tamen
3158 3751 3306 3792 nunc
3341 3754 3443 3792 xea-

1855 3812 2000 3868 tibus
2056 3830 2114 3870 se
2176 3816 2442 3872 trahendo
2497 3834 2645 3876 nunc
2694 3823 2925 3893 genibus
2983 3828 3223 3898 rependo
3282 3841 3448 3900 prout

1853 3915 2094 3977 poterat,
2137 3908 2408 3965 desiderio
2449 3926 2554 3967 suo
2593 3914 3014 3985 satisfaciendo,
3060 3930 3320 3992 expertus
3360 3934 3447 3978 est
3524 3944 3533 3953 ·

1853 3997 1984 4069 quia
2006 4001 2265 4057 audentes
2292 4000 2436 4058 Deus
2464 4004 2579 4074 ipse
2601 4004 2775 4075 juvat.
2810 4007 2923 4066 lloc
2944 4011 3107 4067 modo
3133 4014 3437 4083 proximam

1853 4089 2046 4146 silvam
2076 4093 2445 4161 pertransivit.
2497 4092 2839 4152 Sed-timere
2876 4098 3046 4169 cmpit
3073 4101 3156 4155 vir
3185 4116 3350 4174 sagax
3384 4114 3441 4160 et

1854 4180 2178 4247 industrius,
2220 4198 2289 4240 ne
2333 4182 2473 4239 forte
2518 4184 2856 4243 inveniretur
2901 4205 2935 4244 a
2976 4192 3352 4260 querentibus,
3393 4196 3443 4252 si

1853 4272 2079 4343 vestigia
2109 4290 2209 4330 sua
2237 4275 2776 4346 deprehenderentur
2820 4281 2891 4337 ab
2931 4282 3316 4356 indagantibus
3351 4304 3446 4344 ca-

1854 4363 2036 4420 nibus.
2067 4363 2183 4421 lloc
2214 4366 2410 4423 timore
2438 4368 2586 4425 vires
2620 4371 2790 4426 animi
2832 4383 2888 4428 et
2927 4377 3177 4446 corporis
3214 4380 3441 4451 colligit,

1853 4464 1909 4512 et
1937 4456 2167 4512 saltibus
2198 4458 2277 4512 uti
2306 4459 2492 4530 erepit,
2534 4470 2590 4517 et
2626 4463 2795 4519 tercis
2838 4466 2981 4520 saltu
3018 4482 3076 4521 se
3112 4466 3170 4521 in
3221 4478 3445 4539 praeter-

182 4554 495 4629 mumm,
524 4559 661 4625 Quis
699 4560 846 4616 enim
883 4559 1186 4615 εοηνίηαίε
1217 4570 1272 4615 ει
1316 4560 1558 4616 immotis
1603 4561 1755 4631 pedi-
1786 4565 1831 4622 υ
1857 4546 2111 4603 fluentem
2137 4547 2417 4606 ﬂuviolum
2447 4553 2756 4624 .transjeeit,
2793 4563 2849 4611 et
2881 4557 3076 4613 limosa
3107 4560 3225 4629 ripa
3260 4563 3444 4617 mani-

181 4646 278 4703 bus
308 4650 558 4707 incedat?
601 4649 707 4706 Sed
748 4668 868 4724 nec,
886 4651 1202 4708 facultatem
1235 4650 1470 4707 habebat
1497 4652 1750 4708 movendi

182 4754 240 4793 se
262 4741 319 4797 de
345 4743 467 4800 loco
504 4744 572 4799 ad
608 4744 810 4810 locum,
859 4743 968 4800 nisi
1013 4752 1109 4799 aut
1145 4741 1364 4799 natibus
1401 4751 1457 4799 et
1494 4743 1749 4800 manibus

181 4844 242 4884 se
274 4832 570 4898 trahendo,
626 4822 724 4889 aut
774 4833 1032 4890 manibus
1074 4842 1132 4889 et
1184 4833 1414 4905 genibus
1458 4834 1742 4904 reptando.

182 4916 242 4974 In
275 4924 546 4994 crepidine
588 4924 695 4983 loci
741 4925 889 4981 illius
930 4926 1186 4996 iacebant
1240 4926 1351 4981 duo
1392 4926 1539 4997 ligna
1564 4967 1581 4993 ,
1636 4942 1748 4982 non

181 5028 301 5071 casu
334 5026 393 5072 ut
432 5018 714 5074 credimus
739 5019 813 5074 ibi
835 5018 1096 5089 proiecta,
1132 5018 1228 5074 sed
1270 5018 1457 5075 divino
1498 5026 1635 5073 nutu
1670 5018 1749 5072 illi

178 5107 365 5165 ablata.
421 5110 730 5182 Aggressus
783 5111 967 5183 itaque
1020 5119 1269 5166 naturam
1323 5110 1542 5166 vinwre
1588 5108 1749 5164 indu-

183 5198 319 5266 stria,
359 5202 534 5257 multo
580 5201 769 5257 labore
813 5210 1003 5257 cavata
1052 5200 1309 5256 manibus
1353 5207 1530 5265 terra,
1574 5197 1750 5253 inﬁxit

184 5296 325 5347 terra
360 5293 480 5364 ipsa
521 5294 699 5364 ligna,
745 5302 800 5348 et
843 5300 1112 5363 oportune
1151 5290 1316 5362 cmpit
1351 5288 1591 5360 rependo
1630 5302 1749 5343 ma-

185 5382 329 5441 nibus
364 5395 418 5442 et
452 5388 684 5460 genibus
725 5388 1041 5453 ascendere,
1081 5396 1139 5442 et
1180 5395 1293 5442 tam
1336 5386 1609 5441 laboriose
1652 5399 1748 5440 su-

183 5486 352 5542 perata
372 5465 646 5551 lignorum
668 5481 973 5547 altitudine,
998 5480 1274 5536 nitebatur
1292 5479 1522 5549 laquear
1545 5479 1746 5533 domus

184 5570 448 5643 attingere.
483 5572 548 5629 Et
568 5574 784 5630 revulsa
815 5590 923 5629 una
948 5573 1223 5645 laquearis
1247 5572 1451 5643 tabula,
1482 5570 1549 5625 ad
1579 5584 1745 5640 super

188 5658 294 5716 rius
333 5665 629 5721 tabulatum
673 5664 874 5721 domus
910 5664 1024 5736 jam
1071 5671 1411 5721 pervenerat.
1449 5660 1583 5728 Qum
1627 5676 1747 5716 om-

1851 4639 1955 4694 bus
1985 4639 2102 4695 suis
2130 4648 2343 4709 cavata,
2386 4643 2440 4697 in
2476 4659 2541 4701 ea
2584 4654 2759 4701 totum
2804 4648 2948 4704 diem
2986 4650 3166 4706 latuit.
3211 4651 3444 4713 Videbat

1850 4740 2071 4802 propter
2112 4748 2172 4788 se
2209 4735 2564 4805 quaerendum
2604 4738 2707 4793 hac
2756 4740 2881 4795 illac
2921 4741 3442 4812 circumcursantes,

1850 4823 2067 4880 videbat
2103 4830 2269 4882 canes
2303 4828 2638 4900 odorisequo
2677 4830 2863 4887 habitu
2898 4835 3126 4905 vestigia
3154 4851 3255 4893 sua
3288 4837 3444 4894 iuda-

1851 4925 2064 4988 gantes,
2111 4918 2331 4975 videbat
2378 4930 2435 4976 et
2481 4922 2737 4981 audiebat
2782 4925 3132 4982 mulierculas
3176 4928 3331 4998 juxta
3383 4944 3443 4983 se

1852 5007 2079 5064 herbam
2119 5010 2454 5082 colligentes,
2488 5028 2589 5069 nec
2620 5021 2799 5070 tamen
2837 5016 2947 5071 ullo
2978 5018 3141 5075 modo
3169 5035 3321 5089 spem
3352 5035 3441 5074 sa-

1850 5102 1982 5159 lutis
2012 5118 2126 5159 suae
2146 5104 2469 5175 deponebat.
2494 5105 2725 5178 Jamque
2746 5107 2837 5165 die
2863 5110 3073 5178 clauso,
3103 5111 3199 5182 qui
3226 5112 3441 5182 pericli-

1852 5197 1989 5251 tanti
2025 5196 2310 5254 videbatur
2349 5214 2472 5255 esse
2513 5199 2729 5271 longior
2766 5210 2882 5258 toto
2917 5219 3083 5269 anno,
3113 5213 3168 5260 et
3202 5205 3441 5259 instante

1834 5289 2031 5344 .noctis
2061 5290 2404 5360 crepusculo,
2434 5300 2553 5346 erat
2577 5292 2760 5348 videre
2787 5303 2841 5348 et
2869 5294 3059 5351 audire
3087 5308 3252 5364 quam
3280 5294 3439 5350 multi

1854 5377 2195 5433 Everelmum
2246 5379 2487 5443 undique
2530 5381 2868 5438 ventilahant
2912 5383 3212 5451 cornibus,
3267 5399 3437 5455 quam

1837 5471 2009 5538 multi
2043 5471 2425 5528 discurrebant
2460 5474 2664 5545 ubique
2697 5491 2823 5531 cum
2854 5476 3076 5533 lateruis
3108 5484 3164 5532 et
3202 5475 3436 5545 facibus,

1848 5580 2014 5634 quam
2047 5564 2205 5620 multi
2234 5581 2360 5620 eum
2400 5582 2497 5636 per
2537 5568 2727 5624 silvam
2764 5570 3101 5625 venabantur
3131 5569 3439 5642 indaganti-

1850 5656 1957 5712 bus
1989 5656 2237 5712 canibus.
2290 5656 2419 5712 Erat
2463 5659 2643 5714 omnis
2678 5659 2764 5715 via
2799 5662 3057 5729 obsessa,
3103 5670 3220 5718 erat
3252 5662 3436 5725 omnis

1696 5760 1930 5818 NOTAE.

254 5846 391 5922 (906)
416 5854 497 5909 An
532 5854 883 5931 Gottendcys,
906 5857 1190 5913 castellum
1224 5856 1634 5913 Mccbliniense.

1927 5855 2075 5929 (907)
2111 5850 2151 5906 1.
2182 5866 2231 5906 e.
2263 5857 2472 5911 catena.
