3966 6450
547 410 655 468 687

1728 402 2092 463 SlGEBER-Tl
2134 401 2664 463 GEMBLACENSIS

541 523 739 586 semita
791 522 1106 580 interclusa.
1136 522 1207 579 At
1238 521 1556 579 Everetmus
1596 522 1652 577 in
1688 519 1802 576 Deo
1838 527 1896 576 et
1937 527 2131 575 sancto
2160 518 2201 578 Α
2231 520 2495 589 gravioris
2534 520 2667 576 mali
2701 523 2931 578 occasio.
2978 520 3272 595 Postquam
3308 518 3453 578 enim
3479 524 3630 595 capit
3663 527 3789 588 illum

540 616 824 675 Wicberto
858 615 1123 684 conﬁsus,
1148 631 1324 687 usque
1356 615 1424 671 ad
1448 614 1576 686 galli
1601 622 1822 669 cantum
1844 611 2017 682 jacuit
2041 625 2137 682 spe

541 712 659 768 sola
693 709 990 766 animatus.
1029 708 1187 765 Gallo
1218 724 1347 764 vero
1377 715 1628 774 canente,
1660 705 1901 762 accinxit
1929 719 1988 760 se
2012 703 2135 759 ani-

539 803 617 859 tui
655 800 995 869 fortitudine,
1045 809 1101 856 et
1141 815 1375 873 surgens
1406 799 1624 856 volebat
1660 797 1830 854 abire.
1861 798 1930 852 At
1950 796 2134 863 Jcsus,

538 895 636 967 qui
687 901 917 950 canente
962 893 1105 965 gallo
1154 891 1377 947 Petrum
1427 890 1810 946 lacrimantem
1866 887 2134 959 respexit,

541 993 773 1042 canente
818 983 960 1056 gallo
993 984 1158 1040 etiam
1205 982 1551 1039 Everelmum
1596 979 1934 1037 lacrimando
1973 993 2132 1034 orau-

538 1072 651 1131 lIam
677 1075 936 1146 respexit,
970 1082 1026 1131 et
1049 1074 1181 1146 quia
1211 1089 1341 1130 eum
1373 1073 1595 1144 pietatis
1623 1072 1786 1128 oculo
1811 1070 2134 1142 respexerit,

520 1169 645 1235 hoc
665 1168 904 1238 primum
927 1168 1197 1239 judicium
1231 1166 1352 1223 fuit.
1381 1166 1624 1223 Canente
1648 1166 1813 1239 gallo,
1839 1182 1984 1221 unus
2004 1163 2136 1221 Eve-

537 1259 698 1314 relmi
733 1274 830 1330 pes
869 1260 1084 1315 solutus
1118 1267 1205 1315 est
1231 1275 1261 1314 a
1289 1258 1433 1315 boias
1475 1258 1716 1326 vinculo,
1745 1271 1976 1328 eamque
2002 1271 2133 1326 par-

538 1359 650 1407 tem
679 1352 822 1408 boias
861 1351 1095 1424 alligans
1135 1351 1284 1407 cruri
1314 1366 1417 1406 suo
1445 1349 1647 1407 invasit
1673 1348 1819 1404 viam
1848 1346 1993 1403 felici
2028 1362 2131 1402 au-

540 1443 736 1513 spicio,
766 1459 981 1515 semper
1010 1452 1260 1500 sanctum
1299 1442 1395 1498 Dei
1432 1442 1772 1499 Wicbertum
1802 1439 2126 1496 invocando.

537 1532 842 1593 Frustratis
877 1550 1007 1609 ergo
1045 1536 1301 1592 omnibus
1341 1550 1399 1591 se
1436 1534 1828 1606 quaerentibus,
1869 1533 1982 1588 ibat
2017 1540 2132 1587 tota

538 1635 701 1684 nocte
741 1626 966 1683 Christo
1004 1627 1144 1684 duce
1183 1636 1354 1694 tutus,
1397 1636 1590 1683 sancto
1632 1626 1913 1682 Wicberto
1946 1624 2131 1681 subsi-

538 1721 723 1778 diaute
765 1734 1015 1775 securus.
1068 1718 1135 1774 Et
1174 1734 1335 1775 mane
1366 1719 1595 1774 veniens
1632 1719 1699 1774 ad
1738 1717 2132 1773 Fraxinensem

540 1811 845 1868 ecclesiam
880 1819 1101 1882 propter
1128 1826 1187 1867 se
1212 1810 1537 1881 capiendum
1568 1826 1599 1864 a
1626 1808 1920 1864 Petronilla
1946 1809 2135 1865 incen-

536 1918 678 1969 sam,
711 1870 914 1975 gratias
935 1870 1043 1973 egit
1070 1910 1263 1958 sancto
1280 1870 1464 1969 l’etro,
1495 1902 1589 1971 qui
1617 1917 1678 1957 se
1704 1901 1897 1956 vadem
1926 1901 2125 1957 obtulit
2164 1870 2206 1932 Β

534 1992 846 2050 Pctrouillaa
879 2009 980 2064 pro
1013 2008 1079 2050 eo
1108 1994 1458 2073 absolvenda.
1490 1992 1557 2049 Et
1588 2009 1694 2048 non
1727 1993 1974 2064 ingratus
2000 2010 2129 2050 san-

537 2092 628 2141 cto
656 2083 938 2141 Wicberto
963 2085 1053 2141 cui
1082 2094 1204 2156 post
1232 2083 1404 2140 Deum
1442 2100 1715 2140 summam
1757 2100 1871 2139 sua:
1905 2085 2129 2140 absolu-

539 2177 707 2233 tionis
733 2177 1029 2246 commisit,
1060 2187 1330 2248 oportune
1373 2177 1440 2232 ad
1476 2178 1597 2248 ejus
1638 2177 1910 2242 tumulum
1956 2179 2125 2246 venit,

536 2277 592 2324 et
619 2270 687 2325 ad
715 2270 1094 2324 testimonium
1123 2269 1322 2325 divinae
1350 2269 1570 2325 virtutis
1601 2268 1779 2324 boiam
1811 2284 1937 2323 cum
1967 2269 2131 2325 lacri-

536 2360 644 2416 mis
669 2361 1023 2417 exultationis
1051 2362 1253 2416 tumbas
1277 2360 1396 2431 ejus
1424 2360 1792 2432 superposuit.
1827 2358 2003 2428 Quam
2031 2362 2127 2432 qui

533 2452 701 2520 videt,
739 2454 940 2525 gratias
966 2452 1079 2509 Deo
1109 2451 1313 2508 referre
1340 2453 1519 2522 debet,
1556 2453 1701 2524 quod
1741 2461 1963 2509 sanctos
1996 2468 2131 2510 suos

534 2543 609 2599 ita
645 2544 930 2617 glorificat.

606 2636 660 2691 6.
703 2635 898 2692 Mulier
943 2635 1177 2691 oriunda
1227 2635 1296 2690 de
1342 2636 1471 2691 villa
1521 2645 1725 2694 nostrae
1771 2638 2131 2696 fraternitatis

534 2727 757 2795 Brania,
789 2727 963 2782 nimio
992 2727 1182 2783 dolore
1210 2727 1456 2782 dentium
1490 2730 1664 2784 multo
1690 2738 1933 2802 tempore
1954 2732 2129 2802 jacuit

535 2820 754 2876 amicta.
797 2820 862 2875 Et
893 2821 1158 2876 invocans
1204 2834 1402 2875 nomen
1449 2822 1625 2878 sancti
1670 2822 1952 2891 Wicberti,
1993 2824 2125 2880 affe-

536 2918 731 2968 ctuose
760 2912 1086 2982 implorabat
1115 2918 1177 2965 ut
1214 2911 1317 2965 sibi
1354 2911 1673 2983 dignaretur
1706 2915 1980 2970 auxiliari.
2013 2914 2127 2971 Nec

534 3003 593 3059 id
634 3002 840 3059 frustra
885 3001 1008 3058 fuit.
1047 3001 1291 3073 Mitigato
1328 3002 1474 3058 enim
1519 3003 1741 3071 dolore,
1786 3015 2008 3077 experta
2049 3014 2134 3061 cst

533 3110 736 3151 nomen
768 3095 942 3151 sancti
972 3093 1237 3151 Wicberti
1271 3110 1333 3151 se
1373 3095 1758 3152 invocantibus
1789 3111 1911 3153 esse
1946 3097 2132 3169 propi-

533 3188 740 3243 tiabile.
772 3187 917 3259 Ergo
948 3187 1015 3242 ad
1060 3186 1322 3242 indicium
1352 3197 1661 3244 consecuta:
1691 3189 1975 3246 medicina:
2002 3190 2129 3247 fecit

533 3293 750 3334 aeream
772 3278 1016 3350 gengivas
1041 3276 1108 3331 ad
1136 3276 1550 3333 similitudinem
1581 3277 1838 3334 humana:
1862 3280 2123 3352 geugivac,

2241 610 2414 690 ledere
2437 628 2595 684 super
2618 612 2777 686 longa
2801 613 3063 670 dilatione
3089 615 3465 685 redemptionis
3491 632 3634 686 meae,
3660 636 3789 690 quas.

2237 702 2469 772 graviter
2492 702 2554 756 in
2579 719 2660 757 me
2685 705 2967 771 exarserit,
2997 719 3065 759 ea:
3091 704 3189 758 hoc
3216 720 3320 759 uno
3349 704 3581 775 intelligi
3612 713 3787 777 poterit.

2240 791 2364 847 Non
2405 802 2680 849 contentus
2708 810 2819 851 esse
2847 796 3161 851 constrictos
3196 796 3352 867 pedes
3382 812 3524 851 meos
3554 796 3646 852 hac
3673 806 3791 873 graui

2235 901 2397 957 quam
2440 885 2631 941 uidetis
2672 887 2819 955 boia,
2859 887 3077 959 pollices
3115 898 3167 944 et
3204 888 3518 944 conbinaws
3560 892 3792 965 utriusque

2235 994 2425 1032 manus
2477 995 2608 1035 mete
2662 979 2858 1051 digitos
2917 982 3192 1037 artissime
3242 981 3567 1036 constrinxit
3620 988 3792 1041 arcusli

2234 1070 2415 1125 corda.
2450 1070 2571 1137 Qua
2603 1088 2756 1142 ptena
2783 1089 2905 1144 qute
2935 1081 3107 1145 potest
3135 1090 3249 1129 esse
3290 1073 3510 1145 gravior
3538 1078 3794 1146 angustia!

2234 1161 2349 1234 Ego
2374 1171 2457 1217 tot
2484 1162 2754 1219 malorum
2782 1175 3043 1236 pertesus,
3073 1166 3343 1221 dominica
3368 1176 3519 1221 nocte
3540 1176 3653 1236 post
3675 1186 3794 1241 roga-

2234 1255 2403 1309 tiones
2447 1271 2568 1309 cum
2612 1256 2771 1311 corde
2806 1272 2918 1311 meo
2963 1256 3195 1324 locutus,
3223 1266 3470 1312 sanctum
3506 1255 3792 1325 Wicbertug

2231 1359 2385 1417 quem
2410 1346 2642 1402 solebam
2665 1348 2911 1404 invocare
2934 1350 3283 1421 frequentius,
3324 1349 3483 1403 modo
3524 1350 3793 1408 inuocabsn

2231 1438 2490 1495 devotius.
2525 1438 2595 1494 Et
2615 1442 3008 1512 erumpentibus
3037 1441 3279 1497 lacrimis
3309 1442 3376 1497 de
3403 1442 3668 1512 profunda
3696 1460 3792 1498 cor-

2232 1529 2337 1597 dis,
2362 1529 2444 1584 his
2465 1530 2686 1586 orabam
2709 1531 2877 1586 verbis
2900 1546 2919 1584 :
2949 1550 2968 1583 t
2998 1528 3194 1586 Sancte
3224 1530 3514 1598 Wicberte,
3545 1547 3689 1602 quem
3705 1548 3791 1587 otti-

2233 1634 2322 1677 n‘es
2355 1624 2713 1694 experimento
2734 1623 2955 1678 credunt
2984 1640 3096 1680 esse
3122 1633 3233 1678 tam
3270 1625 3421 1695 pium
3447 1633 3499 1678 et
3530 1632 3637 1677 tant
3660 1640 3793 1679 mu-

2232 1713 2471 1782 dibilem,
2504 1731 2600 1769 cur
2627 1716 2709 1769 ita
2735 1714 3039 1770 obduruisti
3064 1724 3253 1769 contra
3279 1731 3363 1770 me
3388 1723 3721 1785 peccatorent,
3754 1724 3792 1769 ts

2231 1822 2344 1877 pra:
2371 1807 2614 1861 omnibus
2639 1809 2841 1862 sanctis
2871 1807 3202 1879 fiducialiter
3234 1808 3565 1863 invocantem
3586 1807 3616 1860 .’
3644 1806 3794 1861 Tanta

2235 1913 2315 1951 me
2342 1905 2585 1951 coartant
2606 1897 2892 1968 angustia,
2919 1907 2978 1951 ut
2996 1898 3117 1968 jam
3134 1913 3200 1952 ea:
3220 1896 3590 1968 desperatione
3617 1897 3792 1950 timeat-

2228 1987 2533 2059 periculum
2557 1988 2753 2047 animle
2781 2003 2933 2055 mete,
2961 1989 3067 2042 nisi
3089 1988 3325 2059 digneris
3362 1988 3690 2058 jamjumque
3717 1990 3795 2042 nti-

2231 2080 2316 2135 chi
2338 2079 2633 2135 subvenire.
2664 2099 2685 2133 ι
2731 2078 2866 2136 Cum
2909 2079 3089 2135 taliter
3116 2089 3594 2147 orarem,.tantum
3631 2096 3679 2134 tn
3703 2081 3793 2134 loco

2229 2174 2288 2228 in
2313 2188 2416 2245 quo
2436 2171 2681 2241 jacebam
2711 2173 2850 2228 sensi
2878 2189 2987 2228 esse
3011 2172 3263 2240 calorem,
3299 2182 3357 2227 ut
3393 2182 3640 2243 putarem
3662 2172 3794 2241 juxta

2228 2280 2313 2319 me
2340 2280 2616 2318 accensam
2642 2263 2933 2333 fornacem.
2964 2262 3030 2318 Et
3056 2281 3340 2319 concussus
3366 2280 3561 2335 magno
3588 2264 3792 2331 horrore,

2232 2363 2384 2410 tanta
2405 2356 2644 2410 omnium
2674 2359 3008 2410 menbrorum
3033 2372 3268 2411 meorum
3301 2356 3553 2426 perfusus
3587 2371 3699 2409 sunt
3728 2372 3795 2409 su-

2230 2446 2380 2514 dore,
2420 2456 2480 2500 ut
2510 2462 2781 2518 nunquam
2815 2448 2893 2500 sic
2920 2447 3266 2502 exatstttarim
3292 2463 3389 2517 pro
3415 2446 3600 2517 aliqua
3628 2446 3792 2502 calore.

2231 2535 2368 2592 Cum
2394 2535 2517 2591 inde
2541 2545 2593 2591 et
2622 2537 2778 2591 corde
2804 2547 2856 2591 et
2882 2553 3100 2607 corpore
3125 2537 3401 2606 anxiarer,
3425 2545 3684 2607 eruperunt
3703 2537 3796 2592 dis-

2231 2627 2363 2683 solvi
2386 2628 2627 2700 colligati
2656 2645 2909 2684 manuum
2936 2630 3117 2701 digiti,
3143 2640 3194 2685 et
3224 2631 3389 2701 paulo
3412 2642 3531 2701 post
3562 2639 3795 2701 ruperunt

2230 2722 2395 2775 etiam
2434 2719 2615 2776 laxari
2656 2721 2790 2778 boia:
2817 2722 3036 2792 pessuli,
3074 2733 3125 2781 et
3162 2724 3369 2794 gratias
3408 2722 3518 2778 Deo
3552 2733 3602 2778 et
3641 2733 3797 2778 sancta

2217 2812 2355 2881 -Dei,
2389 2829 2518 2868 usus
2554 2829 2805 2868 manuum
2828 2824 2881 2869 et
2912 2815 3103 2884 pedum
3147 2815 3387 2870 redditus
3421 2825 3502 2870 est
3543 2816 3714 2870 michi.
3744 2816 3796 2869 εἰ

2230 2906 2427 2961 oblitus
2450 2908 2622 2962 omnis
2644 2907 2867 2975 doloris,
2894 2924 2986 2963 nec
3011 2910 3199 2965 timens
3218 2909 3447 2979 quinque
3471 2910 3706 2963 custodes
3722 2910 3797 2979 qui

2230 3000 2375 3054 circa
2400 3016 2483 3055 me
2501 3000 2776 3069 jacebant,
2803 3016 2938 3071 quos
2959 3002 3119 3055 etiam
3139 3001 3364 3071 uigilare
3390 3002 3669 3072 putabam,
3690 3001 3797 3071 capi

2231 3091 2380 3145 abire
2420 3105 2541 3144 cum
2571 3106 2662 3160 spe
2691 3091 3019 3149 securitatis.
3065 3089 3285 3146 limatus
3325 3092 3493 3148 cardo
3527 3094 3654 3147 ostii
3693 3102 3796 3146 tan-

2233 3191 2345 3237 tum
2363 3182 2539 3246 emisit
2561 3182 2867 3251 stridorem,
2887 3193 2948 3238 ut
2972 3184 3131 3238 michi
3158 3184 3260 3254 ipsi
3283 3201 3534 3256 maguum
3558 3201 3796 3255 pararent,

2217 3282 2279 3328 .et
2307 3273 2550 3329 omnibus
2589 3274 2645 3329 in
2684 3273 2842 3353 domo
2879 3275 3267 3345 quiescentibus
3303 3292 3514 3347 grauem
3542 3275 3797 3338 inusserit
3839 3284 3851 3297 '

537 3383 771 3440 eamque
818 3368 886 3424 ad
927 3368 1197 3423 tumulum
1248 3367 1424 3423 sancti
1463 3358 1727 3424 Wicberti
1766 3370 1960 3425 detulit
1998 3387 2123 3426 cun.
2226 3364 2521 3421 horrorem.
2589 3363 2845 3422 Veneram
2897 3366 2967 3421 ad
3011 3375 3219 3437 septum
3258 3367 3488 3427 castelli.
3533 3366 3631 3422 Hic
3678 3374 3796 3422 certe

536 3461 837 3539 gratiarum
864 3460 1101 3516 actione.
1137 3457 1334 3514 Omnia
1365 3475 1652 3516 recensere
1689 3460 2029 3532 singillatim,
2072 3473 2127 3518 et
2226 3456 2398 3510 omnis
2422 3471 2546 3525 spes.
2567 3446 2765 3510 excidit
2787 3456 2970 3512 michi.
3003 3456 3146 3522 Quid
3166 3457 3305 3517 enim
3336 3458 3608 3527 facerem?
3631 3455 3796 3514 fidite

534 3550 751 3622 singula
778 3550 1044 3621 replicare
1075 3548 1344 3617 seriatim,
1373 3558 1459 3605 est
1483 3548 1727 3618 difﬁcile,
1754 3566 1857 3608 nec
1879 3562 1964 3608 est
1992 3555 2130 3609 mul-
2214 3563 2331 3602 -ηοη
2365 3547 2660 3613 audebam;
2699 3548 2963 3620 quomodo
2999 3548 3066 3603 ἀι
3084 3559 3232 3619 “tuo
3256 3549 3465 3605 ωσιειιὲ
3492 3550 3685 3605 exirem
3715 3564 3796 3603 ur

533 3649 653 3698 tum
682 3641 834 3698 utile.
876 3640 1003 3697 Ideo
1043 3641 1112 3697 de
1150 3642 1338 3698 multis
1380 3642 1565 3714 aliqua
1603 3643 1841 3700 breviter
1874 3648 2125 3702 conscri-
2224 3640 2477 3707 sciebant,
2498 3642 2624 3712 quia
2653 3640 2816 3697 nichil
2836 3641 3069 3711 consilii,
3097 3642 3261 3697 nichil
3289 3642 3481 3697 virium
3500 3651 3614 3699 erat
3633 3641 3793 3708 michi,

533 3733 767 3802 buntur,
818 3741 879 3789 ut
927 3748 996 3789 ex
1045 3734 1238 3805 paucis
1290 3735 1462 3790 multa
1510 3751 1635 3792 esse
1679 3736 1948 3793 veraciter
1994 3754 2125 3810 pro-
2227 3739 2285 3786 ut
2305 3731 2672 3805 quoquomodo
2698 3748 2984 3804 quartum
3010 3734 3219 3789 aditum
3247 3735 3499 3789 exeundi.
3534 3733 3663 3790 Cum
3691 3741 3794 3787 sta-

533 3825 754 3881 bentur.
2226 3840 2338 3878 rem
2376 3824 2453 3880 ibi
2488 3826 2750 3880 attonitus
2788 3842 2999 3897 pavore,
3035 3827 3170 3898 capi
3207 3836 3453 3885 sanctum
3497 3825 3794 3881 Wicberttuu

619 3946 660 3973 ι.
698 3915 970 3972 Hasbauia
1001 3917 1272 3973 iustificata
1314 3932 1430 3973 uno
1465 3926 1521 3973 et
1559 3918 1732 3974 altero
1768 3921 1944 3976 sancti
1975 3919 2125 3977 Wic-
2224 3916 2489 3984 invocare,
2513 3918 2847 3988 elimptttaus
2871 3920 2922 3973 ei
2947 3920 3089 3991 fuga'
3111 3936 3241 3975 mea:
3261 3935 3507 3986 causam,
3529 3918 3794 3973 lacrimans

532 4006 674 4064 berti
706 4007 991 4073 beneflcio,
1029 4007 1299 4063 illustrata
1343 4015 1431 4064 est
1464 4009 1627 4064 etiam
1666 4010 1829 4065 tertio
1862 4011 1981 4080 ejus
2017 4012 2123 4067 mi-
2225 4009 2497 4065 dicebam:
2525 4030 2544 4064 t
2581 4009 2843 4082 Deccpisti
2868 4028 2969 4079 me,
2992 4023 3174 4068 sancte
3200 4011 3483 4080 Wicberte,
3505 4021 3554 4066 et
3574 4012 3794 4081 deceptus

531 4100 743 4157 Iaculo.
776 4099 927 4155 Diem
952 4099 1150 4155 festum
1177 4108 1522 4170 pentecostes
1548 4101 1783 4173 populus
1810 4104 2126 4175 sollempni-
2210 4118 2367 4170 sum,
2395 4102 2651 4174 qui,dum
2677 4103 2825 4176 fugio
2846 4104 3100 4159 damnum
3124 4121 3301 4160 rerum
3332 4120 3589 4170 mearum,
3609 4101 3796 4157 incurri

532 4192 714 4257 nabat,
762 4199 818 4246 et
860 4199 1122 4262 vergente
1170 4192 1288 4247 sole
1330 4192 1398 4248 ad
1432 4208 1711 4260 occasum,
1755 4198 2123 4268 vespertinam
2227 4197 2414 4251 martis
2451 4196 2764 4267 periculum.
2806 4196 2868 4253 Si
2909 4198 2995 4253 hic
3037 4198 3277 4253 inventus
3321 4198 3497 4268 fuero,
3534 4196 3673 4252 nulla
3703 4194 3794 4249 erit

534 4283 773 4338 sinaxim
797 4282 1044 4338 ecclesia
1073 4284 1400 4340 celebrabat.
1430 4284 1498 4341 Et
1522 4301 1649 4343 ecce
1675 4287 1898 4359 quidam
1926 4305 2125 4360 paren-
2226 4291 2388 4345 michi
2431 4291 2575 4347 ultra
2618 4292 2928 4364 redemptio.
2973 4291 3077 4350 Sed
3110 4303 3189 4360 tu,
3218 4302 3420 4360 sancte,
3455 4294 3640 4363 perﬁce
3668 4290 3795 4362 quod

532 4382 652 4429 tum
682 4389 909 4430 suorum
937 4374 1192 4432 manibus
1222 4384 1561 4434 sustentatus
1589 4379 1754 4447 venit,
1782 4387 1838 4435 et
1863 4390 2125 4452 sequente
2227 4382 2452 4451 coepisti,
2478 4382 2607 4453 quia
2633 4383 2732 4437 tibi
2759 4382 2861 4437 soli
2886 4392 3005 4454 post
3034 4382 3206 4438 Deum
3230 4399 3454 4438 causam
3476 4399 3641 4438 nteant
3664 4396 3793 4435 com-

532 4465 737 4536 populo
800 4466 869 4522 ad
918 4467 1192 4523 tumulum
1247 4469 1424 4524 sancti
1486 4467 1749 4527 Wicberti
1811 4472 2080 4530 deductus
2105 4516 2122 4542 ,
2226 4473 2372 4527 misi.
2403 4491 2424 4524 ι
2465 4472 2600 4529 Cum
2623 4474 2735 4530 htec
2763 4490 2965 4529 mecum
3000 4490 3232 4546 agerem,
3277 4475 3418 4531 sensi
3449 4476 3602 4546 quasi
3624 4469 3793 4527 sonum

536 4557 719 4613 boiam
736 4558 922 4631 magni
952 4560 1216 4629 ponderis
1246 4561 1446 4617 tumbas
1479 4563 1653 4619 sancti
1675 4567 2047 4636 superposuit,
2070 4575 2126 4622 et
2153 4587 2202 4650 ι)
2225 4563 2441 4619 alarum
2468 4566 2583 4621 avis
2612 4568 2759 4622 circa
2799 4584 2880 4623 me
2913 4566 3210 4636 volitantis,
3254 4576 3308 4623 et
3338 4582 3465 4621 cum
3500 4582 3677 4638 pauore
3701 4578 3792 4635 quo

532 4666 660 4706 cum
691 4650 933 4707 lacrimis
958 4651 1312 4709 exultationis
1352 4654 1554 4726 gratias
1588 4654 1699 4711 Deo
1725 4664 1780 4711 et
1810 4665 2005 4713 sancto
2029 4657 2120 4714 Dei
2230 4659 2515 4712 tremebam
2538 4660 2703 4715 etiam
2739 4661 2954 4717 horrore
2978 4676 3285 4729 concussus,
3310 4661 3527 4715 stabam
3551 4669 3687 4715 extra
3721 4673 3795 4711 nte

530 4742 660 4814 egit.
699 4740 1069 4815 Interrogatus
1112 4744 1237 4815 quis
1264 4752 1429 4812 esset,
1476 4746 1621 4802 unde
1645 4755 1812 4816 esset,
1843 4748 1968 4819 quis
1993 4765 2121 4806 eum
2225 4751 2452 4819 positus,
2496 4760 2549 4806 et
2576 4769 2610 4807 a
2635 4769 2791 4808 sensu
2824 4770 2938 4808 meo
2974 4755 3263 4810 alienatus.
3307 4753 3497 4809 Testor
3515 4753 3687 4817 Deum,
3720 4759 3793 4803 tc-

529 4832 885 4901 captivasset,
914 4835 1193 4904 quomodo
1222 4837 1508 4905 evasisset,
1538 4840 1722 4894 omnia
1752 4841 1996 4897 seriatim
2027 4859 2122 4898 ex-
2214 4850 2340 4897 star
2377 4854 2623 4898 sanctum
2657 4844 2984 4900 Wicbcrtum
3006 4887 3022 4911 ,
3064 4863 3146 4901 me
3184 4847 3386 4902 nescire
3433 4847 3639 4901 omnino
3674 4841 3793 4912 quid

528 4923 713 4993 posuit
740 4941 754 4978 :
782 4922 916 4996 Ego,
954 4924 1149 4998 inquit,
1180 4928 1237 4981 in
1269 4928 1399 4983 oilla
1432 4928 1722 4985 Hasbanite
1762 4947 1880 5003 quia
1903 4942 2123 4990 vocatur
2221 4933 2443 4995 interim
2471 4934 2632 4989 michi
2662 4936 2963 5006 contigerit,
3005 4936 3210 4992 scilicet
3252 4936 3518 5008 quomodo
3556 4944 3685 4989 trans
3718 4946 3794 4983 se-

528 5012 805 5070 Pellonias
842 5015 1113 5088 degebam,
1143 5027 1195 5074 et
1239 5035 1336 5090 pro
1379 5021 1633 5076 mediocri
1664 5039 1841 5078 rerum
1882 5040 2121 5083 mearum
2221 5036 2372 5098 ptum
2403 5025 2611 5082 castelli
2654 5029 2858 5098 positus
2896 5029 3021 5098 sim,
3047 5029 3309 5100 quomodo
3333 5030 3676 5101 praecipitium
3702 5038 3794 5093 ag-

529 5109 706 5178 copia,
738 5125 818 5164 me
847 5119 1058 5166 strenue
1083 5112 1323 5184 agebam.
1351 5111 1457 5169 Sed
1486 5115 1818 5185 quantalibet
1856 5120 1989 5174 assit
2026 5121 2122 5175 ho-
2222 5119 2363 5189 geris
2387 5120 2663 5176 evaserint.
2685 5118 2840 5187 Quod
2862 5122 2932 5175 ad
2957 5136 3040 5176 me
3060 5137 3295 5176 reversus
3313 5121 3404 5176 ubi
3426 5119 3670 5184 intellexi,
3690 5130 3792 5169 που

528 5200 663 5254 mini
687 5200 939 5271 felicitas,
970 5217 1076 5258 non
1100 5204 1248 5258 abest
1271 5205 1321 5259 ei
1344 5205 1639 5276 aliquando
1664 5208 1979 5267 adversitas.
2012 5211 2118 5267 Mi.
2222 5218 2394 5281 potest
2421 5209 2532 5266 dici
2559 5209 2638 5267 uel
2668 5212 2811 5268 credi
2837 5221 3098 5286 quantum
3121 5214 3304 5284 stupui
3331 5222 3384 5269 et
3411 5212 3585 5269 adhuc
3604 5219 3789 5279 stupeo.

528 5290 614 5345 chi
642 5294 783 5348 enim
803 5294 1097 5350 insidiatus
1116 5295 1336 5366 quidam
1362 5298 1544 5368 praedo
1569 5300 1778 5355 nomine
1797 5300 2010 5371 Petrus,
2036 5321 2117 5361 me
2226 5301 2411 5358 Inoasi
2438 5312 2613 5361 tamen
2637 5306 2798 5372 aiam,
2820 5307 2938 5377 jam
2957 5322 3103 5378 spem
3130 5305 3322 5362 bonum
3340 5315 3562 5376 portans
3584 5316 3786 5359 multis.

528 5391 745 5470 captum
767 5384 983 5441 inclusit
1009 5387 1065 5441 in
1086 5386 1306 5442 castello
1324 5389 1465 5460 quod
1486 5390 1689 5445 dicitur
1713 5389 1923 5466 Wanga
1944 5395 2116 5468 (908).
2220 5398 2517 5453 Audiebam
2542 5398 2809 5470 familiam
2829 5398 3037 5454 castelli
3058 5407 3491 5470 perstrepentem,
3513 5408 3562 5452 et
3586 5411 3658 5450 tuo
3672 5408 3787 5446 cum

530 5469 645 5544 Ego
693 5491 952 5532 summam
992 5477 1367 5549 redemptionis
1394 5497 1523 5536 mete
1552 5482 1806 5538 laxabam
1833 5487 2119 5543 secundum
2221 5489 2483 5544 cornibus
2502 5498 2553 5544 et
2587 5487 2794 5561 facibus
2821 5499 2873 5544 et
2906 5490 3128 5548 canibus
3162 5498 3503 5560 querentem.
3557 5484 3788 5541 Videbam

529 5579 703 5620 meum
738 5583 907 5638 posse,
942 5569 1034 5624 sed
1073 5569 1168 5626 ille
1193 5570 1349 5626 illam
1387 5575 1611 5628 laxabat
1644 5579 1933 5633 secundum
1962 5596 2118 5635 suum
2206 5597 2378 5636 'canes
2416 5598 2498 5636 me
2524 5582 2866 5653 indagantes,
2903 5583 2996 5653 qui
3030 5584 3262 5638 me’oiso
3308 5579 3696 5636 abmutisccbant
3733 5582 3785 5628 et

526 5654 678 5713 ulle.
712 5657 781 5713 Et
809 5659 921 5715 hac
949 5661 1088 5716 inter
1123 5678 1203 5717 me
1233 5671 1285 5716 et
1324 5661 1478 5718 illum
1511 5666 1773 5724 dissensio
1819 5671 1924 5742 fuit
1959 5672 2119 5727 michi
2222 5676 2376 5745 quasi
2417 5674 2604 5730 baculo
2635 5678 2870 5746 percussi
2916 5677 3333 5733 retrocedebant.
3380 5674 3544 5746 Super
3564 5672 3639 5727 his
3662 5682 3787 5741 gm-

2022 5763 2255 5823 ΝΟΤΔΣ.

603 5842 752 5915 (908)
791 5844 1018 5919 Wauge,
1052 5849 1106 5903 in
1134 5848 1383 5908 distt'ictu
1416 5852 1713 5912 Landcnsi.
