3908 6316
114 291 218 348 689

1090 280 1251 336 VITA
1288 278 1656 336 peccamen
1695 275 2002 332 EPISCOPI
2040 257 2450 338 METTE‘SSIS.

3312 277 3412 335 eoo

115 404 217 456 tias
245 416 415 472 agens
448 398 553 452 Deo
601 405 652 451 et
683 405 870 450 sancto
914 395 1041 465 Dei,
1075 403 1232 466 prout
1277 404 1523 466 poteram.
1550 392 1719 448 eundo
1751 392 1793 448 Α
1821 406 2026 460 quare,
2069 406 2195 446 cum
2255 391 2484 462 quidam
2530 391 2859 463 juvemulus
2914 390 3070 446 miles
3116 399 3226 444 tam
3278 389 3412 447 levis

114 501 321 547 noctem
349 489 580 560 explevi,
608 497 658 542 et
686 489 956 558 insperato
989 504 1140 542 mane
1182 488 1251 542 (id
1289 487 1503 540 domum
1548 501 1717 538 meam

113 585 247 640 veni.
289 583 364 636 Et
405 583 534 653 quia
561 579 867 652 prohibente
901 579 1084 634 dolore
1131 580 1368 650 corporis
1397 578 1497 630 huc
1535 577 1718 630 statim

113 676 286 730 uenire
334 689 448 728 non
489 673 666 744 potui,
703 688 821 728 ecce
856 681 1038 727 octavo
1075 671 1424 727 absolutionis
1467 687 1595 725 mea:
1633 670 1720 724 die

113 768 257 822 venio
292 765 368 818 ad
399 765 704 834 referendas
732 764 936 835 gratias
972 763 1082 818 Deo
1113 773 1162 818 et
1199 773 1383 818 sancto
1431 761 1717 816 Wicberto.

113 854 209 911 His
248 854 487 920 auditis,
527 853 823 910 laudabant
844 869 1040 910 omnes
1062 852 1234 910 Deum
1278 853 1333 908 in
1359 862 1560 908 sancto.
1576 853 1718 924 ejus,

115 945 426 1000 laudabant
459 943 630 999 Deum
659 945 715 999 in
745 945 1042 1001 virtutibus
1065 945 1208 1015 ejus,
1238 944 1537 999 laudabant
1550 943 1721 1000 Deum

117 1037 170 1090 in
215 1035 485 1092 cimbalis
519 1034 884 1106 juhilationis,
924 1043 980 1092 et
1017 1036 1347 1107 personabat
1382 1035 1628 1092 azcclesia
1666 1035 1723 1090 in

117 1129 378 1184 laudibus
422 1135 630 1185 sancta
662 1126 966 1183 Trinitatis.

185 1219 238 1273 8.
273 1217 416 1274 Post
455 1217 741 1275 decessum
769 1219 927 1275 bona:
952 1220 1234 1275 memoriae
1259 1219 1445 1275 domui
1475 1217 1718 1275 Lietardi

119 1309 338 1366 abbatis
370 1309 491 1382 (an.
518 1309 676 1379 1115,
707 1309 866 1365 Febr.
889 1310 946 1382 4)
973 1311 1158 1366 multa:
1209 1318 1265 1366 et
1295 1326 1506 1382 magnae
1531 1310 1724 1366 adver-

121 1405 312 1478 sitates
352 1410 724 1459 occurrerunt
746 1403 935 1473 nobis,
973 1403 1306 1475 quibusdam
1355 1402 1577 1460 familiae
1617 1419 1722 1458 no-

123 1505 245 1552 strae
272 1495 528 1566 neglecta
555 1495 816 1552 aecclcsia:
835 1495 964 1567 jura
989 1495 1092 1552 sibi
1119 1495 1556 1563 vendicantibus,
1587 1504 1640 1552 et
1668 1495 1724 1550 in

124 1604 222 1644 nos
267 1595 465 1643 nostra
515 1588 878 1645 reclamantes
933 1589 1095 1660 quasi
1147 1604 1247 1645 sua
1292 1587 1725 1658 calumpniantes

124 1677 254 1735 dure
272 1678 709 1734 vindicantibus.
739 1677 917 1746 Quam
943 1679 1242 1751 tragediam
1278 1678 1408 1750 quia
1433 1677 1566 1733 satis
1595 1692 1726 1734 can-

1822 486 2008 540 animo
2043 501 2208 555 quam
2236 493 2398 541 aetate
2428 504 2440 540 :
2477 485 2601 551 Dic,
2630 485 2835 555 inquit,
2854 483 2940 539 illi
2967 492 3025 538 ut
3054 499 3135 538 me
3175 482 3410 552 adjuvet,

1823 592 1949 646 quia
1982 576 2067 630 hic
2111 575 2396 630 subsistere
2421 575 2552 628 mihi
2587 576 2754 628 otium
2781 589 2886 627 non
2928 581 3026 628 est.
3056 572 3150 627 Ille
3169 571 3300 628 dicti
3334 572 3412 626 le-

1821 669 2045 724 vitatem
2081 669 2415 736 abhorrens,
2466 667 2535 723 ad
2579 666 2848 722 orandum
2899 665 3220 736 procubuit,
3271 665 3416 718 male

1823 777 1997 818 sanus
2026 762 2208 817 autem
2250 759 2472 832 juvenis
2518 759 2854 830 pertransire
2878 757 3080 825 voluit,
3112 756 3207 812 sed
3229 756 3416 813 divino

1824 855 2048 910 verbere
2090 863 2374 925 correptus
2405 867 2514 908 non
2544 849 2734 908 valuit.
2766 849 3001 932 Etenim
3050 847 3190 904 facie
3233 847 3416 904 subito

1823 945 2086 1014 distorta,
2144 943 2368 1016 quidam
2437 943 2791 999 menbrorum
2847 950 3052 996 tremor
3105 947 3160 994 et
3210 937 3416 994 oblivio

1825 1038 2025 1096 mentis
2060 1052 2188 1093 eum
2243 1035 2550 1108 intercepit,
2609 1044 2664 1092 et
2711 1033 3028 1089 labantibus
3055 1031 3302 1103 vestigiis
3325 1031 3417 1086 vix

1825 1129 2124 1187 subsistere
2154 1129 2355 1185 nedum
2390 1129 2470 1186 ire
2494 1143 2656 1201 posse
2681 1127 2864 1198 coepit.
2889 1124 3045 1181 Oculi
3075 1135 3292 1180 torvum
3327 1137 3419 1178 as-

1825 1219 2027 1291 picere,
2059 1234 2224 1275 aures
2255 1219 2602 1287 surdcscere,
2633 1219 2822 1290 lingua
2853 1215 3144 1282 balbutire,
3170 1215 3246 1270 ita
3269 1221 3329 1268 ut
3350 1212 3420 1269 de

1826 1314 2048 1370 homine
2084 1314 2253 1370 nichil
2303 1314 2418 1384 jam
2468 1314 2745 1369 videretur
2788 1311 3010 1367 habere.
3048 1307 3182 1365 Nisu
3234 1317 3418 1364 tamen

1825 1421 1938 1477 quo
1987 1405 2165 1477 potuit
2211 1404 2281 1461 ad
2330 1406 2511 1460 locum
2555 1419 2733 1474 usque
2778 1403 2934 1458 chori
2972 1399 3338 1473 perreptavit,
3365 1388 3445 1455 et-

1827 1498 2104 1569 quendam
2154 1495 2386 1553 fratrum
2415 1497 2489 1529 ⁸⁹⁸
2541 1496 2617 1552 ibi
2667 1495 2945 1552 sedentem
2979 1493 3193 1568 videns,
3233 1492 3312 1546 illi
3359 1506 3419 1548 se

1828 1590 2126 1663 adjungerc
2177 1589 2478 1661 temptavit.
2527 1588 2754 1644 Horruit
2788 1588 2878 1644 ille
2931 1595 3148 1642 torvum
3176 1583 3420 1641 hominis

1828 1690 2139 1751 aspectum.
2163 1681 2259 1737 sed
2291 1681 2588 1738 miseratus
2619 1687 2704 1737 est
2731 1679 2966 1736 debilem
3007 1678 3307 1734 incessum.
3340 1675 3422 1732 lta

129 1779 235 1826 lata
268 1779 353 1826 est
401 1771 460 1825 in
513 1771 704 1826 mundi
734 1773 950 1826 theatro
985 1771 1077 1828 hic
1119 1769 1324 1827 referre
1373 1770 1722 1840 supersedeo,
1757 1759 1802 1819 Β
1830 1777 2027 1832 horror
2074 1772 2298 1846 fugere,
2347 1773 2629 1829 miseratio
2676 1770 3035 1842 compellebat
3080 1779 3249 1826 stare.
3279 1767 3424 1825 Vicit

127 1879 249 1920 eum
287 1863 581 1934 proprium
617 1863 800 1918 locum
849 1863 1120 1919 desideret
1159 1863 1280 1934 ejus
1322 1863 1486 1934 plena
1509 1862 1722 1918 relatio.

131 1955 294 2028 Igitur
320 1956 391 2011 ad
439 1955 863 2012 discernendam
907 1956 976 2011 ab
1007 1954 1324 2012 hominibus
1361 1955 1566 2025 iniquis
1593 1970 1726 2010 cau-

132 2064 241 2104 sam
274 2056 530 2104 nostram
558 2048 671 2105 dux
687 2047 1016 2105 Godefridus
1031 2047 1392 2104 Lovaniensis
1407 2046 1728 2104 Gemhlaum

135 2148 368 2206 venerat,
393 2139 491 2194 ubi
521 2155 718 2212 magna
749 2148 859 2194 tam
882 2139 1209 2209 optimatum
1235 2153 1404 2209 quam
1432 2137 1726 2193 satellitum

133 2227 198 2261 "’
241 2229 362 2299 ejus
391 2228 706 2302 frequentia
748 2239 1097 2286 convenerat.
1133 2228 1378 2300 Corpora
1414 2235 1729 2284 sanctorum

139 2320 388 2392 Exuperii
426 2322 677 2378 martiris
708 2321 936 2378 Maclovi
979 2330 1034 2377 et
1069 2320 1329 2376 Wicberti
1352 2319 1729 2378 confessorum

141 2414 189 2468 in
219 2415 400 2470 medio
429 2415 680 2472 ecclesiae
710 2423 1021 2470 terratenus
1057 2413 1333 2485 jacebaut,
1361 2421 1424 2467 ut
1447 2413 1574 2483 quia
1605 2428 1731 2484 pec-

141 2507 269 2564 catis
301 2507 660 2563 obstantibus
686 2506 940 2563 exaudiri
965 2521 1072 2560 non
1103 2505 1453 2561 merebamur
1477 2504 1533 2560 in
1559 2505 1732 2561 tribu-

142 2597 332 2652 latione
379 2606 596 2664 nostra,
633 2611 729 2667 per
757 2597 900 2652 hanc
944 2605 1262 2652 sanctorum
1301 2593 1732 2652 satisfactionem

145 2689 590 2745 reconciliaretur
641 2687 800 2743 nobis
830 2685 928 2741 Dei
974 2685 1370 2742 misericordia.
1411 2685 1492 2741 Ad
1534 2686 1731 2742 horum

145 2793 265 2849 ergo
309 2788 639 2835 sanctorum
698 2777 1106 2832 venerationem
1170 2777 1328 2830 multi
1383 2792 1574 2832 eorum
1636 2776 1732 2847 qui

151 2879 516 2926 convenerant
553 2870 621 2925 ad
663 2869 826 2942 diem.
850 2868 1004 2924 illum
1031 2867 1507 2935 convertebantur,
1539 2867 1732 2938 praeci-

147 2979 242 3036 pue
269 2965 335 3020 ad
357 2964 544 3020 sancti
567 2963 851 3030 Wicherti,
877 2962 1038 3033 cujus
1065 2975 1266 3017 nomen
1297 2961 1535 3032 gloriosa
1565 2961 1734 3017 mira-

1829 1875 2012 1923 autem
2035 1863 2340 1931 miseratio,
2369 1871 2424 1920 et
2450 1878 2613 1934 quem
2645 1863 2937 1918 horruerat
2957 1859 3136 1931 primo
3170 1868 3422 1931 aspectu,

1828 1957 2286 2031 appropinquavit
2329 1972 2551 2012 misero.
2605 1956 2867 2012 Seorsum
2913 1953 3065 2010 ducit
3117 1952 3419 2020 hominem,

1827 2053 1975 2124 quis,
2032 2051 2196 2121 unde,
2230 2031 2502 2122 quomoda
2546 2048 2601 2104 in
2643 2047 2787 2104 hanc
2815 2045 3010 2103 faciem
3051 2044 3123 2102 sit
3153 2052 3420 2112 mutatus,

1828 2141 2025 2213 quaerit
2069 2157 2167 2213 per
2209 2140 2478 2196 ordinem.
2532 2137 2625 2195 Ille
2660 2153 2940 2210 exponens
2970 2151 3298 2211 personam,
3334 2135 3416 2191 lo.

1829 2249 1976 2301 cum,
2018 2241 2265 2304 tempus,
2295 2247 2562 2290 causam:
2623 2229 2754 2303 Ego,
2799 2229 3011 2302 inquit,
3059 2227 3324 2284 Cerardus
3359 2227 3425 2280 de

1834 2323 2168 2393 Morealmes,
2205 2324 2359 2378 hodie
2393 2340 2513 2378 cum
2541 2323 2859 2396 quibusdam
2898 2319 3222 2394 primoribus
3245 2328 3295 2374 et
3338 2334 3425 2374 so-

1831 2419 2042 2473 dalibus
2075 2419 2203 2473 meis
2250 2418 2348 2473 hoc
2371 2419 2667 2472 oratorium
2711 2419 3056 2483 intraveram,
3085 2422 3136 2469 et
3159 2413 3269 2468 illis
3298 2428 3424 2484 erga

1832 2519 2136 2564 sanctorum
2173 2511 2438 2581 prwcipue
2494 2509 2667 2564 sancti
2729 2507 2988 2565 Wicberti'
3039 2504 3424 2562 venerationem

1832 2602 2010 2659 devote
2053 2619 2107 2656 se
2155 2603 2452 2674 agentibus,
2501 2602 2828 2656 devotionem
2870 2615 3052 2656 eorum
3104 2597 3294 2668 quibus
3321 2611 3427 2652 non

1833 2693 2008 2748 decuit
2042 2694 2266 2748 irridere
2305 2695 2438 2765 coepi
2468 2693 2816 2748 sermonibus.
2869 2690 3006 2744 Eam
3035 2689 3098 2743 ob
3124 2705 3344 2742 causam
3371 2689 3427 2741 in

1836 2783 2187 2838 miserabilem
2215 2801 2366 2856 quem
2397 2784 2566 2838 cernis
2589 2783 2832 2837 habitum
2860 2797 2939 2834 me
2961 2780 3290 2834 demutatum
3315 2778 3426 2831 scio

1833 2883 1884 2927 et
1937 2874 2212 2944 conﬁteor,
2248 2882 2406 2944 utque
2457 2892 2490 2928 a
2519 2876 2767 2942 sanctis,
2794 2871 3058 2944 prtecipue
3091 2878 3276 2926 sancto
3307 2867 3430 2924 Wi-

1835 2966 2031 3034 cberto,
2064 2983 2215 3038 quem
2264 2965 2566 3036 specialiter
2609 2965 2830 3034 aliendi,
2862 2965 3070 3019 veniam
3112 2977 3333 3028 merear,
3379 2968 3428 3013 ts

149 3057 379 3112 culorum
416 3057 672 3112 novitate
701 3064 834 3110 tunc
871 3053 1136 3125 temporis
1161 3053 1562 3108 celebrabatur.
1590 3049 1734 3106 Inter
1770 3118 1803 3128 Α
1837 3057 2173 3126 consulente,
2215 3074 2416 3128 precor.
2449 3056 2739 3112 Peccatum
2773 3072 2904 3127 ergo
2937 3071 3100 3112 suum
3147 3052 3429 3109 humiliter

149 3147 272 3205 alios
320 3149 558 3220 quidam
603 3147 868 3204 nobilium
918 3118 1187 3202 Henricus
1221 3145 1291 3200 de
1337 3143 1582 3200 Bierbais
1632 3143 1733 3198 ad-
1763 3118 1804 3176 Ο
1841 3118 2190 3206 conﬁtentem
2215 3118 2410 3204 'frater
2457 3149 2546 3204 ille
2599 3118 2870 3220 corporali
2904 3148 3129 3203 verbere
3167 3143 3427 3210 correxit,

151 3249 278 3306 erat,
306 3242 397 3312 qui
427 3241 570 3297 licet
607 3240 752 3296 ﬁlius
785 3239 970 3295 saeculi
1000 3248 1184 3293 tamen
1221 3237 1326 3308 ipsi
1363 3243 1555 3292 sancto
1586 3233 1737 3292 Wie-

152 3329 291 3386 berto
317 3347 528 3405 genere
550 3331 838 3403 proximus
859 3337 997 3385 erat.
1030 3327 1135 3396 Qui
1163 3344 1288 3385 cum
1299 3327 1454 3399 juxta
1477 3327 1739 3387 transiret

153 3420 324 3478 multis
360 3423 802 3479 comitantibus:
835 3420 958 3489 Eia,
1010 3421 1208 3492 inquit,
1244 3431 1462 3487 stemus,
1484 3429 1535 3474 et
1566 3419 1736 3474 Deum

155 3511 206 3564 in
241 3515 449 3568 sanctis
494 3515 622 3569 suis.
645 3513 944 3582 adoranda,
973 3522 1244 3584 parentem
1275 3528 1448 3567 meum
1488 3521 1732 3567 sanctum

157 3599 479 3662 Wicbert'imi
512 3605 822 3664 salutemus.
866 3603 982 3662 Hoc
1003 3605 1149 3662 dicto
1177 3613 1417 3661 cauerat
1440 3605 1734 3676 appropin-

1841 3251 1898 3297 et
1924 3251 2172 3298 correcta
2191 3240 2542 3317 penitentiam
2573 3239 2786 3295 indixit.
2816 3237 2965 3292 Adeo
2991 3231 3168 3291 autem
3195 3247 3430 3304 praecor‘

1843 3331 2004 3387 dialis
2032 3330 2133 3389 fuit
2168 3331 2286 3401 ejus
2313 3331 2630 3402 penitentia,
2660 3338 2720 3385 ut
2749 3345 2868 3385 eam
2899 3328 3084 3384 statim
3119 3338 3429 3394 conseque--

1845 3431 1999 3477 retur
2033 3421 2212 3489 venia,
2250 3421 2380 3476 dum
2420 3421 2496 3476 ita
2545 3420 2601 3475 in
2644 3419 2904 3490 juvenilis
2948 3416 3126 3474 aetatis
3175 3415 3426 3471 decorem

1843 3514 1970 3568 ilico
2005 3523 2088 3568 est
2113 3511 2458 3578 reformatus,
2483 3520 2544 3567 ut
2572 3527 2632 3568 se
2654 3511 2760 3566 sibi
2792 3518 2904 3564 tam
2947 3507 3129 3566 subito
3153 3505 3428 3562 redditum

1841 3605 1913 3660 sit
1942 3605 2190 3659 miratus.

1459 3737 1688 3792 VARle
1731 3736 2132 3793 LECTIONES.

219 3840 282 3874 ’θ’
313 3842 573 3900 satellum
603 3862 650 3899 c.
727 3844 798 3878 ⁸³⁵
828 3835 960 3899 frTﬁ'.

199 3942 2374 3977 W

2273 3935 3421 3969 W

1115 4066 1512 4202 VITA
1609 4067 2458 4196 DEODERICI

1424 4255 1736 4315 EPISCOPI
1776 4257 2172 4316 METTENSIS

685 4393 1238 4490 AUCTORE
1312 4389 1986 4484 SIGEBERTO
2061 4391 2880 4484 GEMBLACENSI

781 4548 987 4620 (Edidit
1020 4547 1265 4602 Domnus
1285 4543 1491 4609 Penn,
1523 4540 1760 4596 Monum.
1787 4539 1962 4596 Germ.
1993 4541 2120 4595 hist.
2153 4541 2352 4612 Script.
2381 4549 2421 4597 t.
2445 4540 2536 4609 IV,
2567 4556 2622 4614 p.
2655 4540 2806 4611 461.)

1519 4761 2098 4854 MONITUM

245 4915 561 4987 Sigebertus,
602 4932 721 4971 cum
755 4916 1096 4987 circaannos
1125 4907 1801 4987 1027-IU§Q_(909)‘na_tus
1836 4909 2231 4987 monasterium
2298 4906 2670 4987 Geniblacense
2703 4903 2798 4960 sub
2841 4901 3034 4987 abbate
3073 4899 3308 4987 Olberto,
3349 4902 3441 4981 do-

184 4971 340 5058 ctrin;
362 4971 410 5042 et
427 4971 637 5042 meritis
668 4987 865 5058 insigni
891 4983 1062 5058 (910),
1079 4980 1439 5058 ἐπίδικοι-(91
1449 4971 1528 5058 1),
1547 4971 1938 5058 su_b.b_l_acelino
1970 4995 2272 5058 successore
2285 4978 2401 5048 ejus
2425 4993 2622 5058 paucos
2647 4981 3096 5058 annosfersgtus,
3129 4989 3163 5027 a
3185 4971 3444 5058 Folcuino

186 5055 374 5112 abbatis
407 5060 597 5128 fratre,
642 5042 1136 5112 tunc‘mo‘naste'rio
1163 5053 1349 5128 Sancti
1361 5042 1372 5052 ’
1399 5042 1661 5104 Vincentii
1687 5048 1964 5128 Mettensis
2013 5042 2323 5128 praeposito,
2351 5042 2528 5120 pueris
2558 5045 2890 5128 instruendis
2926 5043 3120 5128 licitas
3155 5042 3445 5128 arcessitus

186 5135 282 5208 est;
305 5137 351 5181 et
378 5112 442 5208 ίίι⁵
463 5112 680 5208 civitate
711 5128 1072 5208 amtenissimu
1098 5126 1328 5208 primum
1353 5119 1782 5208 aetatem‘exeqit.
1811 5119 1911 5174 Ubi
1945 5112 2371 5208 positus-multa
2391 5117 2649 5208 opusculi}
2679 5115 2892 5208 scripsit
2920 5113 3090 5185 (912),
3117 5122 3165 5168 et
3194 5112 3445 5208 humani-

193 5183 305 5261 late,
326 5201 590 5270 sapientia
612 5208 663 5253 et
691 5198 937 5252 doctrina
963 5183 1238 5251 inclaruit.
1275 5193 1431 5258 Erat,
1462 5199 1519 5245 ut
1541 5183 1824 5271 {inicimus
1851 5183 2026 5245 tradit
2051 5191 2227 5275 (915),
2257 5211 2278 5274 ς
2310 5183 2733 5274 sapientiaefons
2757 5183 2961 5270 patens,
2995 5183 3099 5237 nan
3129 5183 3299 5238 solum
3335 5199 3446 5237 mo-

194 5267 356 5321 nachis
393 5271 482 5324 sed
509 5279 558 5325 et
591 5268 798 5324 clericis
829 5269 900 5322 ad
936 5284 990 5322 se
1018 5267 1250 5337 undique
1279 5260 1684 5337 conﬂuentibus,
1735 5275 1828 5314 nec
1862 5261 2039 5337 solum
2065 5261 2410 5337 Christianis,
2429 5333 2438 5337 _
2449 5262 2543 5337 sed
2571 5269 2621 5337 et
2642 5258 2848 5313 Judteis
2872 5272 2931 5309 in
2949 5254 3132 5337 eadem
3151 5254 3284 5337 urbe
3305 5269 3446 5337 coni:

195 5341 502 5396 manentibus
524 5348 639 5396 erat
669 5340 1040 5403 charissimus,
1066 5326 1175 5408 pro'
1187 5353 1247 5392 eo
1269 5326 1409 5407 quod
1438 5330 1760 5387 Hebraicam
1787 5333 2070 5408 verit_atem
2089 5350 2122 5387 a
2145 5335 2350 5389 ceteris
2375 5326 2696 5388 e’ditionibus
2717 5341 2982 5384 secernere
3003 5334 3119 5379 erat
3149 5326 3372 5394 peritus.
3398 5333 3448 5378 et

1671 5401 1935 5486 nomf

263 5521 404 5597 (909)
432 5526 617 5581 Annos
645 5521 956 5597 ἀνεῖμεν-85
986 5481 1490 5597 exegissevidetur.
1529 5587 1540 5597 _
1639 5585 1650 5597 .

267 5587 510 5704 (MPLCI‘.
544 5597 612 5653 de
641 5610 708 5651 eo
731 5587 1196 5665 Sigebertum'De
1221 5588 1320 5645 SS.
1349 5587 1759 5652 ecclesiasticis,

211 5667 754 5811 eafitfitﬁﬁSigchcrtus
801 5734 1090 5804 exsequias
1140 5732 1260 5805 cjus
1304 5748 1354 5787 a.
1410 5728 1547 5785 1018
1575 5728 1766 5805 γίᾶίις.

1870 5519 2041 5575 Gesta
2068 5518 2194 5574 ahb.
2227 5513 2505 5572 Gemblac.
2529 5510 2776 5578 Dachcry
2803 5505 2932 5578 edit.
2958 5503 3014 5578 ‘2,
3045 5501 3110 5578 l_l,
3139 5498 3241 5578 76?

1943 5569 2449 5660 (tilQW—Sivgebcrtus
2477 5583 2553 5638 De
2581 5579 2682 5635 SS.
2712 5569 3098 5657 ecclesiasticis
3128 5587 3182 5627 c.
3214 5569 3338 5626 171.

1943 5589 2091 5730 (915)
2129 5659 2292 5715 Gesta
2321 5655 2446 5713 abb.
2473 5650 2776 5716 Gemhlac.,
2809 5654 3014 5703 contm.
3041 5659 3096 5715 p.
3126 5640 3249 5698 768.

1943 5640 2091 5730 (ΜΞ)
2129 5640 2446 5715 Ce'staabb.
2473 5650 2776 5716 Gemblac.,
2809 5645 3014 5703 contin.
3041 5659 3096 5715 p.
3126 5640 3249 5698 768.
