3908 6316
174 279 294 339 693

1149 274 1309 333 VITA
1343 272 1715 334 DEODERICI
1756 270 2065 330 EPISCOPI
2102 271 2511 332 METTENSIS.

3355 238 3461 333 iis!

173 410 359 466 epam
380 408 593 464 regunt;
620 408 742 447 nam
772 390 966 449 vilibus
995 402 1104 448 om
1128 393 1396 466 nigrisque
1415 403 1494 450 est
1517 394 1683 450 holeis
1700 392 1773 429 m
1799 400 1848 461 Α
1876 390 2140 462 displicet,
2171 391 2506 461 mortiferum
2530 388 2787 460 prw/igite
2811 387 2973 445 theta.
3004 388 3281 463 Loquatur
3313 400 3460 444 muta

174 485 345 540 hodie
366 484 535 543 locus.
566 482 692 539 Non
708 484 1023 553 attendatis,
1052 486 1172 556 quis
1197 486 1275 541 vel
1294 486 1443 558 quali
1469 487 1770 559 scripserim

174 575 334 642 stilo,
362 584 440 629 set
468 575 596 646 quid
615 583 665 630 et
684 575 750 629 de
768 591 872 646 quo
893 590 912 629 :
933 583 985 630 et
1009 576 1252 631 adhibita
1281 586 1517 648 paterna:
1535 593 1771 633 censura:

176 666 383 735 ferula,
409 667 465 721 si
501 665 699 737 placet,
731 676 888 723 acuto
914 685 1037 725 veru
1086 669 1350 739 confodite
1396 671 1699 741 superﬂua;
1723 670 1772 724 si

1878 485 2075 556 pagina
2105 500 2282 539 rerum
2308 484 2517 551 seriem,
2543 497 2634 537 nec
2653 482 2939 553 perfundat
2975 485 3163 540 rubore
3179 483 3461 556 scriptoris

1877 575 2088 645 faciem.
2125 573 2268 630 Bene
2294 574 2479 629 valete.

1503 805 1796 851 EXPLICIT
1823 805 2148 853 EPISTOLA.

1091 956 1291 1020 lTEM
1320 952 1754 1017 PREFATIO
1779 951 2220 1029 SEQUENTIS
2249 952 2555 1015 OPERIS.

252 1075 589 1145 Laudemus,
619 1075 798 1148 inquit
826 1091 988 1133 oesus
1011 1076 1156 1132 Illius
1180 1060 1356 1143 Sirae,
1394 1075 1543 1131 viros
1570 1073 1775 1146 glorio-

170 1186 278 1227 sos
313 1179 368 1225 et
390 1178 647 1241 parentes
664 1177 891 1226 nostros
922 1169 976 1224 in
1002 1168 1354 1241 generatione
1375 1182 1495 1235 sua,
1519 1166 1615 1238 qui
1637 1165 1777 1220 ’θείη

171 1261 634 1333 generationibus
677 1260 794 1317 suis
831 1260 1061 1334 gloriam
1092 1259 1275 1331 adepti
1307 1269 1454 1328 sunt,
1491 1266 1545 1314 et
1579 1258 1632 1312 i'n
1659 1256 1765 1313 dico

172 1353 289 1409 bus
331 1353 451 1409 suis
496 1354 767 1409 habentur
817 1369 942 1409 cum
976 1353 1249 1409 laudibus.
1288 1351 1392 1419 Qui
1427 1352 1494 1407 de
1531 1350 1640 1408 illis
1665 1349 1778 1406 nati

170 1455 337 1513 sunt,
375 1445 716 1517 reliquerunt
744 1462 944 1503 nomen
971 1445 1234 1501 narrandi
1266 1445 1457 1502 laudes
1487 1460 1700 1513 eorum,
1726 1451 1781 1500 et

170 1545 320 1594 sunt
341 1552 582 1607 quorum
606 1551 717 1592 non
740 1544 825 1592 est
839 1536 1132 1604 memoria;
1171 1535 1452 1607 perierunt
1480 1536 1637 1606 quasi
1667 1550 1779 1590 non

169 1626 414 1695 fuerint,
457 1636 514 1683 et
539 1627 654 1682 nati
690 1635 820 1684 sunt
841 1627 998 1699 quasi
1019 1642 1127 1682 non
1170 1626 1305 1695 nati,
1334 1633 1388 1681 et
1409 1624 1507 1680 ﬁlii
1533 1625 1779 1696 ipsorum

171 1734 314 1775 cum
356 1718 484 1774 illis.
534 1716 629 1774 Set
685 1719 741 1773 bi
778 1728 908 1775 sunt
950 1718 1055 1774 viri
1101 1717 1513 1785 misericordiae,
1541 1730 1777 1788 quorum

170 1810 421 1881 justiciat
451 1810 783 1866 oblivionem
820 1826 933 1865 non
967 1807 1687 1881 acceperunt(Eccli.x1.Iv,
1725 1807 1777 1874 1,

172 1902 369 1974 8-10).
405 1901 546 1959 Ecce
570 1910 785 1958 amator
824 1903 1106 1973 sapientiae
1135 1902 1281 1975 piam
1307 1914 1526 1974 patrum
1555 1916 1781 1959 suorum

172 1994 534 2065 amplexatus
560 1995 811 2067 gloriam,
852 1994 1050 2051 merito
1095 1994 1317 2050 illorum
1358 1994 1661 2050 detestatur
1691 2006 1783 2049 so-

171 2086 454 2153 cordiam,
483 2087 579 2158 qui
600 2086 873 2143 oblivione
899 2087 985 2143 vel
1011 2087 1224 2143 incuria
1250 2087 1534 2158 patiuntur
1558 2085 1780 2143 oblitte-

174 2178 299 2234 rari
347 2179 627 2249 majorum
675 2194 905 2236 suorum
947 2179 1290 2235 memoriam.
1339 2177 1479 2234 Cum
1528 2177 1677 2233 enim
1724 2175 1783 2231 in

174 2269 457 2332 memoria
482 2278 684 2325 aeterna
720 2271 794 2326 sit
810 2276 1016 2341 justus,
1039 2277 1094 2325 et
1116 2269 1381 2326 memoria
1406 2269 1543 2341 justi
1568 2281 1784 2338 semper

1881 1086 2014 1125 num
2038 1069 2250 1126 invitat.
2279 1068 2550 1138 Quocirca
2572 1068 2750 1125 solent
2773 1069 3007 1124 multum
3042 1066 3198 1122 multi
3227 1081 3472 1138 conque.

1880 1162 1958 1230 ri;
1996 1161 2108 1230 alii,
2140 1150 2308 1233 quod
2351 1162 2520 1218 vitam
2549 1160 3013 1232 praedecessorum
3045 1172 3295 1225 suorum,
3349 1159 3466 1225 alii,

1882 1253 2206 1325 specialium
2255 1263 2614 1325 patronorum
2654 1267 2883 1309 suorum
2927 1252 3002 1307 ita
3032 1252 3250 1322 penitus
3271 1250 3462 1306 abole-

1883 1345 2025 1401 verit
2054 1345 2277 1413 oblivio,
2325 1353 2384 1401 ut
2417 1353 2612 1416 praeter
2636 1342 2707 1375 ’°°
2741 1357 2963 1410 nomen,
3016 1350 3069 1398 et
3101 1350 3468 1413 praeterquam

1881 1439 2027 1510 quod
2056 1454 2151 1495 eos
2175 1440 2230 1495 in
2260 1438 2453 1495 diebus
2481 1437 2595 1495 suis
2617 1443 2835 1493 constat
2859 1434 3131 1507 placuisse
3162 1434 3294 1501 Deo,
3323 1433 3472 1488 nulla

1880 1548 2064 1589 rerum
2095 1541 2377 1605 gestarum
2416 1531 2512 1587 ﬁat
2550 1529 2776 1598 mentio,
2819 1537 2880 1584 ut
2901 1544 2997 1599 per
3024 1543 3121 1585 eos
3150 1541 3350 1582 nomen
3374 1525 3472 1581 Dei

1878 1624 2255 1693 benedicatur,
2300 1624 2409 1696 qui.
2438 1622 2624 1679 omnia
2662 1621 2718 1676 in
2750 1620 3010 1684 omnibus
3033 1628 3310 1691 operatur.
3344 1616 3473 1673 Haec

1879 1717 2073 1774 eadem
2115 1716 2442 1788 conquestio
2481 1730 2583 1771 nos
2618 1729 2783 1785 super
2807 1713 2878 1746 ’θ’
2901 1711 3127 1767 domino
3161 1720 3215 1767 et
3238 1719 3471 1782 patrono

1882 1816 2073 1878 nostro
2120 1807 2420 1887 Deoderico
2472 1806 2648 1878 magis
2695 1804 2981 1876 magisque
3038 1802 3370 1859 sollicitabat
3415 1801 3470 1860 in

1880 1901 2028 1968 dies;
2057 1899 2186 1971 quia
2222 1914 2390 1970 opera
2415 1898 2535 1970 ejus
2570 1896 2743 1953 multa
2773 1904 2828 1951 et
2854 1910 3053 1967 magna
3074 1895 3156 1952 sic
3175 1910 3314 1965 pene
3336 1909 3472 1951 eon-

1882 2000 2193 2063 sumpserat
2215 1990 2504 2051 oblivionis
2528 1990 2729 2058 caries,
2762 1996 2823 2043 ut
2858 1988 3066 2060 lignum
3099 2003 3336 2056 vermes,
3382 1987 3468 2043 vel

1883 2084 2026 2141 sicut
2051 2084 2195 2140 tinea
2221 2092 2420 2140 vestes.
2451 2082 2629 2151 Quam
2655 2081 3077 2138 sollicitudinem
3106 2097 3137 2136 a
3164 2080 3471 2151 majoribus

1883 2175 2129 2232 relictam
2170 2174 2352 2244 nobis,
2401 2166 2797 2231 transmittere
2826 2173 3063 2244 posteris
3111 2173 3325 2231 nostris.
3362 2185 3473 2226 non

1882 2268 2174 2334 debemus;
2228 2277 2310 2324 set
2352 2282 2416 2323 ea
2456 2266 2691 2323 curiosis
2723 2266 2900 2322 oculis
2937 2266 3297 2335 inquirentes,
3332 2279 3475 2334 prat-

173 2358 256 2413 sit
285 2375 417 2414 cum
444 2359 724 2429 laudibus,
752 2359 1017 2432 profecto,
1038 2361 1178 2417 sicut
1208 2361 1368 2417 bonis
1389 2360 1648 2431 operibus
1678 2375 1778 2431 pa-
1808 2352 1857 2412 B
1885 2364 2063 2412 stante
2111 2354 2224 2422 illo,
2275 2354 2371 2425 qui
2417 2353 2636 2424 linguas
2682 2350 2975 2408 infantium
3032 2350 3163 2408 facit
3216 2351 3473 2418 disertae,

174 2459 347 2507 ratur
377 2452 577 2509 anima:
591 2454 726 2524 justi
755 2454 916 2510 beata
950 2454 1356 2523 immortalitas,
1380 2453 1457 2509 ita
1487 2452 1652 2510 etiam
1683 2466 1782 2522 per

176 2544 466 2600 bonorum
518 2561 744 2616 operum
786 2547 1110 2603 memoriam
1157 2546 1400 2618 paranda
1448 2554 1534 2602 est
1569 2543 1782 2600 nomini

174 2636 313 2708 ejus
338 2637 525 2708 gloria:
560 2639 899 2711 longaevitas.
944 2637 1004 2697 Si
1038 2655 1169 2711 ergo
1202 2639 1291 2695 bis
1317 2639 1410 2707 κ’,
1439 2637 1535 2710 qui
1572 2635 1784 2693 dederit

182 2730 428 2786 calicem
454 2745 613 2802 aqua:
644 2730 856 2804 frigidae
877 2741 1089 2790 tantum
1117 2731 1173 2787 in
1206 2730 1605 2802 nominejusti,
1636 2743 1774 2784 mer-

184 2820 387 2876 cedem
429 2813 587 2876 suam
621 2837 731 2877 non
766 2822 956 2892 perdet
980 2831 1065 2879 :et
1095 2822 1205 2889 ille,
1250 2822 1436 2889 credo,
1472 2820 1781 2877 mercedem

182 2910 330 2982 justi
357 2911 607 2981 accipiet,
624 2911 717 2979 qui
738 2911 929 2968 laudes
949 2912 1086 2983 justi
1103 2920 1372 2968 vetustate
1393 2925 1676 2967 senescere
1696 2909 1782 2966 vel

188 3005 477 3064 oblivione
513 3005 731 3076 sepeliri
764 3005 1045 3077 prohibet;
1096 3006 1225 3076 quia
1272 3004 1463 3077 procul
1506 3003 1673 3060 dubio
1715 3001 1783 3057 ad

1889 2447 2015 2503 stilo
2047 2444 2390 2503 eertitudinis
2418 2444 2709 2501 enucleare
2734 2443 3141 2514 temptabimus.
3172 2440 3477 2499 Probemus

1888 2555 2018 2611 ergo
2042 2538 2385 2594 devotionem
2405 2552 2532 2608 erga
2555 2544 2845 2607 patronum
2873 2543 3154 2603 nostrum;
3182 2533 3478 2590 offeramus

1888 2631 2223 2686 oblationem
2260 2636 2509 2685 nostram
2535 2628 2609 2696 ei,
2640 2626 2736 2698 qui
2766 2642 2892 2683 vere
2917 2635 3038 2682 erat
3060 2625 3156 2682 Dei
3177 2624 3475 2694 templum;

1888 2740 1945 2789 et
1973 2731 2019 2788 si
2050 2744 2166 2786 non
2199 2729 2469 2786 habemus
2504 2729 2766 2801 puritatis
2799 2743 3018 2795 aurum,
3051 2727 3254 2797 eloquii
3284 2739 3481 2797 argeno

1888 2831 2026 2891 tum,
2057 2821 2341 2878 munditiae
2365 2821 2875 2894 byssum,.gemin:e
2894 2820 2967 2855 ⁶⁰⁸
3011 2817 3321 2875 dilectionis
3346 2832 3475 2873 coe~

1887 2928 2013 2968 eum
2038 2913 2124 2969 bis
2150 2912 2382 2971 tinctum
2406 2909 2608 2983 (Exod.
2636 2926 2803 2976 xxxv,
2832 2908 2910 2979 6),
2935 2907 3129 2964 saltem
3151 2908 3218 2962 de
3241 2906 3366 2976 pilis
3390 2920 3483 2961 ea—

1890 3018 2114 3073 prarum
2163 3011 2415 3059 texamus
2450 3017 2643 3073 sagum
2688 3000 2990 3067 cilicinum,
3013 3000 3099 3054 vel
3129 2998 3199 3054 ad
3225 2997 3481 3068 operien-

189 3098 420 3154 laudem
454 3097 551 3154 Dei
582 3106 810 3169 spectat,
860 3106 915 3155 et
954 3098 1260 3156 mercedem
1291 3097 1429 3170 justi
1476 3094 1789 3152 accumulat
1891 3095 2023 3151 dum
2053 3094 2302 3161 corporis
2347 3092 2468 3164 ejus
2504 3093 2921 3149 tabernaculum
2944 3092 3037 3159 π’,
3072 3091 3156 3146 vel
3184 3090 3376 3147 saltem
3409 3088 3479 3146 ad

183 3188 342 3263 quod
366 3187 653 3261 integritas
674 3188 800 3247 vita:
821 3203 1014 3245 eorum
1038 3189 1178 3246 alios
1199 3203 1301 3244 suo
1321 3186 1569 3262 exemplo
1590 3185 1657 3241 ad
1683 3185 1785 3240 bo-

1892 3183 2091 3240 tumuli
2120 3182 2239 3253 ejus
2267 3181 2547 3253 pulverem
2580 3180 2990 3253 extergendum.

1500 3354 2164 3455 INVOCATIO
2210 3340 2215 3347 ’

262 3554 578 3628 lngressuri
600 3571 731 3629 ergo
757 3556 927 3626 viam,
957 3564 1020 3612 ut
1046 3556 1332 3613 veniamus
1358 3553 1424 3609 ad
1456 3549 1788 3609 narrandam
1816 3552 1862 3617 ο

189 3651 468 3707 veraciter
491 3650 626 3722 justi
669 3650 773 3707 viri
813 3651 1006 3719 vitam,
1045 3651 1186 3722 ejus,
1235 3649 1331 3721 qui
1374 3648 1485 3716 via,
1512 3645 1717 3703 veritas
1739 3651 1795 3702 et
1895 3616 1972 3673 La

1998 3544 2203 3600 Pendet
2227 3559 2383 3600 mens
2405 3560 2435 3599 a
2472 3552 2554 3610 te;
2588 3543 2714 3613 quis
2736 3540 2870 3613 quid
2889 3541 2997 3613 erit
3013 3541 3132 3613 sine
3153 3551 3231 3600 te.

1976 3615 2156 3673 udatis
2191 3614 2422 3683 sanctis,
2451 3612 2707 3669 laudatus
2733 3612 3124 3680 sanctiﬁcaris;

2005 3686 2072 3759 Et
2094 3684 2233 3756 justi
2259 3684 2390 3755 quid
2426 3685 2636 3759 honor?
2659 3682 3014 3754 justiﬁcantis
3040 3696 3212 3759 amor.

188 3743 308 3797 “ita
368 3751 473 3806 θείς
525 3742 846 3799 invocemus
881 3743 1136 3814 gratiam.
1165 3749 1227 3797 ιιι
1279 3741 1375 3811 συί
1419 3741 1564 3795 lacte
1615 3735 1794 3808 Ρθεείί
1894 3735 3479 3823 prmiaagsisiaiuaasaassuaMicasanctum;

190 3836 510 3901 edentulos,
548 3850 652 3893 nos
673 3836 939 3893 doctrina:
987 3852 1101 3893 suae
1145 3843 1338 3908 pascat
1375 3831 1579 3900 edulio,
1616 3838 1670 3887 et
1705 3845 1794 3886 sa-

192 3929 421 4001 pienlize
456 3944 571 3986 suae
592 3929 817 3986 erudiat»
837 3929 1097 4001 alloquio.

2004 3826 2188 3882 Pulcri
2215 3826 2339 3883 laus
2366 3826 2570 3896 operis,
2609 3825 2731 3880 laus
2752 3822 3126 3896 eritartiﬁeis.

1895 3897 2038 3980 Ecce
2062 3912 2270 3980 repono
2295 3892 2451 3980 tuum
2477 3895 2576 3951 tibi
2597 3895 2808 3980 justum
2829 3892 3235 3980 .Deodericum;

1965 3979 1969 3983 '
2009 3965 2172 4023 Adsis
2206 3983 2317 4023 una
2342 3965 2525 4034 Trias,
2554 3965 2752 4022 animat
2768 3965 2918 4020 trina
2953 3978 3167 4019 monas.

192 4040 416 4094 domine
524 4038 735 4098 Christe
805 4041 934 4098 deus
1021 4041 1348 4112 omnipotens
1406 4040 1648 4112 princeps
1683 4037 1797 4112 sine
1899 4036 2247 4112 Vix_muttire
2271 4033 2674 4112 queo,mutum
2704 4050 2899 4112 precor
2933 4049 3010 4112 es
3031 4033 3270 4112 aperitO'

197 4178 371 4253 Kyrie
389 4180 482 4248 “',
509 4179 747 4251 Christe,
778 4183 960 4251 tbeos,
989 4189 1371 4255 pantocraton,
1391 4107 1799 4321 strugggégg

319 4319 409 4395 Sis
439 4320 576 4377 mihi
606 4322 961 4395 principium,
991 4323 1126 4393 dux,
1152 4324 1261 4392 via,
1285 4319 1623 4395 praesidium;

201 4389 282 4449 Ut
306 4393 521 4448 Valeam
546 4389 642 4465 per
664 4402 737 4461 te,
764 4389 1032 4467 condigne
1056 4389 1304 4451 scribere
1318 4393 1385 4448 de
1412 4401 1482 4447 te.

2000 4106 2125 4179 ipse
2149 4104 2313 4179 doces
2339 4108 2572 4179 asinam,
2600 4104 2945 4179 qua§_doceat
2971 4104 3214 4179 Balaam.

1897 4175 2120 4248 Natum
2144 4178 2240 4233 tibi
2267 4178 2353 4234 lex
2380 4193 2491 4233 non
2517 4175 2699 4233 obstat
2736 4175 3141 4248 legifer_ex_lex;

2008 4247 2212 4319 Nempe
2233 4263 2469 4319 sequens
2491 4256 2706 4315 nutum,
2734 4246 2913 4302 nescit
2932 4246 3136 4319 habere
3156 4251 3374 4301 statum.

1903 4318 1985 4373 Tu
2012 4316 2267 4391 tinguens
2305 4316 2511 4384 mutos,
2536 4319 2824 4391 elinguans
2845 4326 3009 4391 atque
3033 4316 3289 4391 disertos,
3356 4358 3363 4374 ε

2009 4383 2206 4445 Cordis
2228 4398 2389 4467 tange
2416 4383 2831 4459 petramfpetra
2854 4383 3109 4444 refundet
3135 4399 3350 4460 aquam.
3372 4383 3379 4399 ‘

552 4680 929 4807 INCIPIT
965 4707 1201 4808 VITA
1254 4709 1569 4808 DDMNI
1628 4707 2154 4807 proauum
2213 4701 2640 4801 suscepi
2695 4697 3110 4798 manus

259 4915 651 4972 CAPIT-ntuli.
668 4916 1241 4992 Denobilitategeneris
1253 4920 1621 4993 ipsius.lgitur
1632 4922 1810 4976 virum
1843 4923 1889 4982 υ
1914 4917 2398 4976 eomiteEverardo
2409 4904 2562 4990 patre
2573 4906 3498 4979 etAmalrada’"matreaccepimus
3554 4960 3565 4969 ,

212 5006 286 5040 ⁸⁸⁸
316 5008 443 5064 vita:
460 5010 846 5067 memorabilis
873 5020 928 5069 et
950 5013 1232 5069 memoria:
1252 5013 1580 5069 venerabilis
1602 5013 1804 5070 Deode-

214 5099 421 5170 ticum,
449 5116 515 5157 ex
546 5117 686 5176 pago
716 5101 972 5161 Saxonia:
1010 5102 1303 5165 Hamalant
1329 5104 1478 5178 (927)
1501 5106 1815 5172 oriundum,

1912 5012 2279 5084 progenitum,
2306 5011 2457 5068 orbis
2507 5009 2574 5067 ad
2592 5017 2860 5071 ornatum
2885 5019 3049 5078 quem
3074 5018 3202 5073 vere
3223 4999 3500 5058 credimus

1913 5113 2095 5160 ortum
2114 5103 2286 5175 (928i.
2315 5102 2469 5160 Alius
2492 5103 2666 5159 fretus
2692 5100 2913 5168 ingenio
2942 5097 3013 5153 ab
3054 5096 3191 5168 ipsis
3229 5091 3503 5149 ordiretur

1513 5234 1741 5292 vanus
1786 5212 2191 5293 caenosas.

291 5354 428 5409 mi.
455 5369 503 5410 e.
537 5353 798 5411 oleribus.
873 5354 946 5387 ‘“
1063 5362 1119 5409 et
1146 5355 1201 5409 in
1227 5356 1280 5409 l.
1357 5355 1428 5387 ὀδ
1454 5355 1491 5408 i.
1519 5370 1565 5408 e.
1599 5353 1666 5409 is.
1742 5353 1813 5384 ⁹⁰⁶
1839 5360 2202 5423 praeterquam
2254 5351 2305 5405 l.

291 5425 346 5479 e?
390 5425 729 5479 ita‘uemina
790 5425 933 5479 apud
1028 5426 1347 5479 hietmarum
1375 5425 1570 5479 sanius
1624 5424 1893 5479 occurrit:
1946 5423 2018 5479 cf.
2082 5420 2185 5478 SS.
2241 5420 2305 5475 lll

1028 5426 1347 5480 hietmarum
1375 5425 1570 5495 saepius
1624 5420 1893 5495 occurrit;
1946 5420 2185 5495 cfs—SS.
2241 5420 2860 5495 lll.’859.—-gemm:e

228 5425 346 5480 me?
390 5425 729 5495 ita‘gemina
790 5425 933 5495 apud

231 5495 355 5566 ejus
376 5492 542 5550 manu
571 5496 628 5550 2.
702 5495 774 5528 ἰθ
800 5492 993 5568 Kyrrie
1017 5511 1067 5552 c.
1142 5496 1209 5527 9“
1234 5511 1423 5552 verum
1451 5492 1505 5549 'l.
1581 5496 1651 5529 ³η
1686 5497 1777 5549 ita.
1810 5492 1995 5550 Leilm.
2035 5493 2157 5547 bene
2215 5492 2482 5557 correxit,

2351 5359 2548 5421 praeter
2575 5348 2633 5405 2.
2710 5346 2780 5380 ’θ’
2814 5358 3030 5463 εειπῖει·
3090 5342 3137 5393 l.
3213 5336 3286 5369 ⁹⁰⁸
3306 5331 3500 5406 genui—

2378 5422 2501 5463 sse.
2532 5450 2601 5460 ...
2632 5432 2860 5463 nemmm
2965 5454 2976 5463 .
3051 5412 3121 5446 ου’
3167 5409 3254 5463 vel
3278 5423 3325 5461 s.
3362 5403 3431 5459 ad
3455 5410 3498 5458 ι.

2567 5475 2933 5559 rf.ucap.21.
2996 5475 3385 5535 Iunctum
3450 5489 3503 5530 c.

1728 5604 1958 5662 ΝΟΤᾹΞ.

304 5697 542 5771 (927)1n
572 5708 803 5763 utraque
832 5699 949 5756 riua
978 5697 1161 5756 lsalrc.

1997 5700 2146 5771 (928)
2183 5697 2381 5755 Versus
2411 5697 2739 5755 bexameter.
