3966 6472
431 313 539 373 695

1573 311 1934 372 SIGEBERTI
1971 311 2499 374 GEMBLACENSIS

3597 311 3715 371 σω

432 426 722 483 cinnalzulis
744 426 1074 484 narrationis
1107 428 1301 494 telam;
1339 428 1589 483 laudaret
1616 425 1853 485 docilem
1881 445 2018 500 pne-
2049 431 2094 493 Α
2120 437 2178 488 et
2212 430 2356 489 sicut
2376 430 2582 488 Ferrum
2600 430 2746 488 ferro
2779 427 3117 496 aruitur,‘sie
3139 427 3280 484 alter
3311 425 3539 484 alterius
3561 427 3716 484 bona

433 522 646 586 riciam,
673 520 1049 592 inagnificaret
1085 530 1280 577 mactae
1328 521 1531 577 indolis
1559 521 2017 591 adolescentiam;

434 615 528 671 ubi
568 623 792 671 ventum
841 625 988 671 esset
1045 614 1115 671 ad
1160 615 1498 689 Pytagorica:
1555 618 1750 675 littera:
1791 619 2030 689 bivium,

433 707 700 764 mundum
731 723 855 763 cum
881 707 1170 764 blandiciis
1195 709 1317 765 suis
1340 709 1581 781 abigeret
1606 694 2021 778 sinistrorsum;

432 799 680 855 animum
711 815 842 856 vero
883 801 1047 871 justi,
1080 802 1388 858 tendentem
1432 803 1501 857 ad
1543 804 1886 874 propositum
1923 803 2025 858 im-

432 889 786 945 mortalitatis
819 890 1070 946 bravium
1099 932 1117 959 ,
1139 900 1325 963 ageret
1354 901 1590 963 angusto
1617 893 1755 948 calle
1775 893 2027 949 dextror-

433 996 577 1036 sum.
601 979 744 1048 Quid
769 982 959 1051 plura?
982 997 1079 1052 per
1108 982 1354 1054 singulos
1374 983 1819 1055 gradusaetatum
1845 985 2028 1056 dispo-

435 1079 589 1125 neret
610 1070 665 1125 in
686 1071 848 1126 corde
870 1071 1044 1142 ipsius
1063 1072 1415 1128 ascensiones
1432 1073 1717 1129 virtutum.
1735 1072 1871 1141 Nos,
1890 1091 2029 1146 quo-

436 1161 583 1217 niam
610 1162 821 1220 viribus
839 1162 1154 1231 difﬁdimus,
1179 1165 1442 1236 quoniam
1463 1165 1531 1221 ad
1556 1167 1777 1238 propria
1800 1167 2028 1225 dicenda

435 1253 528 1309 vix
572 1253 891 1321 sufﬁcimus,
936 1257 1251 1312 communia
1282 1259 1861 1328 praetermittimus,'et
1887 1277 2029 1332 quo-

435 1344 585 1399 niam
610 1345 860 1400 brevitati
892 1348 1198 1415 studemus,
1231 1349 1406 1417 solam
1436 1365 1654 1406 morum
1683 1352 2027 1409 honestatem

435 1445 492 1490 et
538 1436 805 1493 natalium
851 1438 1189 1495 nobilitatem
1236 1441 1291 1496 in
1339 1456 1406 1498 eo
1452 1444 1753 1514 praedicare
1789 1446 2030 1501 contenti

378 1560 390 1570 ι
436 1543 650 1585 sumus.
666 1528 735 1585 Et
754 1529 902 1585 illam
933 1532 1156 1603 quidem
1179 1533 1417 1590 nobilem
1442 1537 1820 1592 morositatem
1847 1537 2033 1593 multi-

436 1622 759 1690 plicabat’“
784 1622 842 1677 in
878 1623 1002 1680 dies
1035 1624 1239 1681 divinae
1270 1629 1672 1698 covperationis
1702 1630 2026 1700 praesentia;

437 1714 757 1785 religiosam
771 1731 904 1771 vero
929 1718 1357 1788 generositatem
1372 1721 1651 1777 attollebat
1671 1730 2029 1794 cognatorum

437 1814 494 1862 et
526 1806 770 1887 afﬁnium
789 1787 1256 1880 ejus,primatum
1279 1813 1489 1869 scilicet
1510 1787 2029 1872 Galliaretﬁerma-
2065 1787 2107 1845 Β

437 1894 565 1965 nise,
600 1899 919 1967 eminentia,
949 1910 1007 1957 et
1053 1902 1281 1975 insuper
1316 1904 1617 1977 imperiaiis
1640 1909 2032 1981 consanguini-

435 1990 570 2047 tatis
599 1992 920 2049 cumulabat
964 1995 1388 2067 magniﬁcentia.
1421 1998 1647 2063 Matrem
1685 2017 1881 2075 nempe
1913 2003 2034 2075 ejus
2134 1998 2137 2007 ’

440 2083 650 2140 scimus
693 2083 970 2142 Mathildis
1023 2088 1227 2159 reginae
1271 2088 1443 2147 fuisse
1493 2106 1772 2160 sororem,
1808 2110 1933 2165 quae
1965 2109 2032 2150 ex

441 2173 701 2231 Heinrico
717 2192 842 2248 rege
862 2178 1053 2249 genuit
1069 2177 1335 2236 Ottonem
1350 2180 1616 2253 majorem
1639 2193 1694 2241 et
1717 2183 2033 2242 ileinricum

438 2266 656 2335 ducem,
695 2282 996 2339 eorumque
1028 2268 1249 2326 fratrem
1271 2272 1444 2329 multa
1464 2274 1624 2331 laude
1650 2275 1874 2355 dignum
1899 2276 2036 2332 Bru-

386 2411 397 2419 ,
441 2373 673 2428 nonem,
702 2360 797 2431 qui
836 2361 909 2416 ita
939 2361 1084 2417 inter
1120 2378 1315 2420 omnes
1349 2366 1614 2437 temporis
1652 2366 1809 2423 illius
1833 2367 2038 2423 emica-

440 2451 538 2505 bat
565 2450 1023 2518 mortales,velud
1048 2452 1192 2508 inter
1217 2452 1370 2525 ignes
1387 2455 1517 2510 luna
1544 2455 1788 2512 minores
1800 2455 2035 2527 (Hann.

442 2537 548 2595 0d.
584 2538 765 2610 1,12).
792 2537 888 2594 Har
915 2554 1046 2595 vero
1073 2550 1233 2595 erant
1279 2540 1428 2613 (9‘29)
1477 2541 1600 2597 filia:
1631 2540 1909 2598 Thiadrici
1937 2543 2043 2599 (lu—-

442 2634 549 2703 cis,
572 2650 810 2706 quarum
834 2632 1034 2691 fratres
1056 2645 1214 2690 erant
1224 2633 1548 2702 Windukin,
1570 2633 1777 2691 lmmed
1798 2645 1853 2691 et
1874 2633 2042 2691 Rein-

445 2728 603 2786 bern.
629 2729 904 2787 Reinbern
935 2740 1120 2787 autem
1144 2731 1260 2802 ipse
1288 2718 1548 2802 erat,qui'
1560 2732 1820 2805 pugnavit
1848 2740 2041 2790 contra

446 2822 655 2891 Danos,
682 2825 855 2879 multo
883 2833 1131 2895 tempore
1160 2822 1458 2879 Saxoniam
1481 2833 1788 2890 vastantes,
1802 2824 2050 2895 vicitque

449 2931 554 2972 eos
575 2915 819 2972 liberans
860 2915 1095 2986 patriam
1143 2914 1214 2971 ab
1244 2914 1467 2998 illorum
1525 2915 1962 2984 incursionibus;
1989 2926 2045 2972 et

450 3004 506 3059 hi
537 3017 695 3061 erant
714 3005 903 3078 stirpis
929 3005 1113 3077 magni
1132 3005 1291 3063 ducis
1313 3004 1695 3075 Windukindi,
1718 3008 1812 3078 qui
1838 3008 2043 3064 bellum

444 3106 639 3168 potens
654 3098 832 3168 gessit
858 3094 1047 3153 contra
1063 3112 1324 3170 magnum
1343 3098 1604 3154 Karolum
1627 3100 1858 3172 triginta
1872 3100 2043 3157 ferme

447 3174 644 3243 annos.
667 3186 851 3271 Porro
863 3186 1205 3255 Brunonem,
1226 3204 1387 3260 quem
1417 3206 1581 3260 supra
1611 3191 2042 3261 nominavimus,

448 3287 601 3335 tanta
631 3280 951 3336 meritorum
973 3282 1333 3352 praerogativa
1358 3282 1663 3339 divinitatis
1683 3286 2042 3341 commenda-

452 3369 547 3425 bat
570 3372 769 3441 pictas,
801 3377 890 3437 ’ut,
933 3387 1097 3442 quem
1141 3371 1500 3430 Coloniensis
1540 3374 2046 3447 archiepiscopatus

452 3463 768 3519 illustrabat
788 3463 1049 3535 dignitas,
1079 3464 1246 3519 etiam
1274 3465 1591 3523 dominatus
1633 3468 1812 3524 tocius
1841 3467 2047 3525 Letha-

452 3555 647 3626 ringia:
674 3555 964 3627 insigniret
989 3557 1300 3613 sublimitas
1325 3557 1503 3630 (9'50).

522 3650 581 3704 2.
599 3650 670 3684 ’⁸⁸⁵
697 3649 943 3716 Qualiter
969 3653 1065 3707 sub
1091 3652 1381 3724 disciplina
1411 3653 1596 3709 domui
1622 3655 1898 3713 Brunonis
1920 3672 2049 3728 pros

455 3740 660 3812 fecerit.
689 3740 866 3813 Hujus
892 3759 1024 3814 ergo
1055 3745 1445 3812 consobrinus,
1469 3747 1560 3802 cui
1594 3748 1701 3805 hoc
1728 3763 1869 3819 opus
1891 3748 2050 3823 cudi:-

453 3844 566 3901 tur,
590 3834 1003 3892 Deodericus'"
1049 3837 1110 3891 in
1136 3846 1348 3894 sancta:
1373 3837 1846 3898 Halberstedensis
1870 3841 2049 3898 eccle-

455 3926 553 3984 sia:
585 3928 793 3999 gremio
828 3942 861 3983 a
898 3928 1093 3999 primis
1137 3929 1297 3984 annis
1337 3938 1599 3987 maternae
1629 3931 1851 4003 pietatis
1881 3931 2050 3989 ubere

456 4020 790 4087 ablactatus,
832 4029 887 4076 et
934 4019 1240 4075 sublimiter
1284 4027 1348 4076 ut
1389 4024 1733 4094 competebat
1764 4024 2050 4093 educatus,

462 4121 678 4168 naturae
704 4121 760 4167 et
807 4126 1028 4166 morum
1073 4111 1261 4169 dulces
1311 4123 1369 4170 et
1415 4114 1612 4171 uberes
1640 4116 2055 4190 repromittebat

458 4203 696 4259 fructus.
763 4201 963 4259 Verum
1014 4203 1109 4259 ubi
1166 4220 1382 4276 gemma
1437 4207 1821 4277 episcoporum
1867 4205 2053 4265 Bruno

457 4296 775 4375 pontificale
804 4296 1051 4352 ascendit
1078 4297 1277 4355 solium
1320 4297 1433 4369 (an.
1460 4298 1611 4371 955),
1648 4299 1741 4355 hic
1769 4309 2055 4373 assumpta

460 4391 643 4447 forma
670 4392 927 4464 discipuli
954 4409 1013 4450 se
1057 4394 1179 4465 ejus
1215 4394 1561 4451 individuum
1591 4395 1787 4468 agebat
1816 4396 2058 4454 socium.

2120 526 2474 589 aemulatione
2522 524 2913 582 aedificabatur.
2965 522 3153 579 Primo
3181 520 3403 593 quidem
3441 522 3585 577 inter
3612 537 3719 579 eos

2124 617 2548 689 propinquitatis
2575 617 2841 674 naturalis
2868 614 3216 672 necessitudo
3251 621 3541 685 pepererat
3570 614 3720 669 alni.

2124 709 2339 778 citiam;
2395 709 2591 766 deinde
2645 707 3037 765 familiaritatis
3086 706 3435 764 consuetudo
3503 706 3723 762 aluerat

2125 800 2579 868 benivolentiam;
2618 816 2743 872 quae
2771 801 2878 858 etsi
2919 816 2990 856 ex
3019 799 3428 871 propinquitate
3463 798 3581 853 tolli
3618 812 3724 868 po-

2127 898 2259 959 test,
2283 906 2351 947 ex
2376 890 2619 947 amicitia
2645 898 2829 945 tamen
2857 904 2967 945 non
2997 896 3201 960 potest,
3234 888 3364 959 quia
3392 887 3726 959 propinqui-

2127 991 2214 1041 tas
2238 983 2358 1041 sine
2382 982 2752 1040 benivolentia
2786 981 2954 1038 inane
2982 996 3184 1038 nomen
3211 980 3436 1044 retinet,
3473 978 3725 1035 amicitia

2130 1076 2512 1133 benivolentiae
2539 1075 2832 1133 indiscissa
2860 1073 3117 1131 cohaeret.
3151 1072 3246 1130 Sic
3274 1073 3332 1127 in
3354 1071 3728 1128 consobrinis

2123 1162 2248 1227 istis
2289 1166 2691 1241 propinquitati
2725 1165 3090 1238 respondebat
3117 1164 3390 1232 amicitia;
3419 1162 3728 1219 amicitiam

2128 1273 2320 1321 multata
2348 1263 2622 1323 solidabat
2638 1261 3028 1319 benivolentia.
3053 1256 3170 1317 Nec
3198 1259 3255 1315 in
3282 1272 3490 1314 vanum
3524 1256 3726 1312 cedere

2130 1366 2362 1428 poterat,
2394 1355 2540 1429 quod
2562 1355 2675 1424 vir,
2701 1353 2795 1426 qui
2820 1354 2875 1408 in
2902 1352 3124 1409 Christo
3150 1361 3205 1408 et
3228 1351 3284 1406 in
3318 1348 3571 1407 :ecclesia
3594 1347 3728 1405 talis

2132 1459 2428 1521 tantusque
2467 1448 2688 1504 futurus
2737 1454 2879 1514 erat,
2928 1460 3091 1517 quem
3142 1452 3319 1498 mater
3363 1440 3619 1498 aecclesia
3661 1439 3734 1495 ad

2132 1551 2518 1600 ornamentum
2553 1551 2607 1598 et
2636 1541 3042 1596 firmamentum
3087 1536 3172 1593 sui
3215 1534 3507 1601 nutrierat,
3561 1546 3736 1605 quem

2133 1648 2351 1702 natura,
2380 1635 2549 1690 immo
2584 1632 2757 1704 ipsius
2786 1639 2980 1689 auctor
3030 1637 3269 1696 naturae,
3298 1626 3485 1682 nativo
3519 1624 3736 1697 ingenii

2133 1730 2285 1786 bono
2307 1728 2537 1793 ditabat,
2574 1726 2699 1783 talis
2725 1725 2974 1795 tantique
3017 1721 3264 1794 magistri
3306 1717 3497 1775 studio
3542 1726 3600 1772 et
3641 1716 3738 1772 do-

2133 1822 2308 1880 ctrina
2336 1820 2550 1877 institui
2581 1828 2631 1876 et
2657 1817 2886 1888 expoliri
2915 1810 3306 1882 merueratJlt
3323 1811 3472 1869 enim
3505 1810 3584 1865 ait
3611 1810 3737 1880 qui-

2133 1914 2259 1969 dem
2289 1910 2522 1984 (Honu.
2564 1910 2667 1968 0d.
2702 1925 2777 1976 1v,
2800 1909 2883 1980 4).

2276 2001 2533 2057 Doctrina
2560 2002 2665 2056 vim
2686 2009 2949 2071 promovet
2978 1997 3220 2063 insitam,

2279 2096 2524 2168 ﬂectique
2552 2094 2730 2150 cultus
2750 2102 2973 2165 pectora.
2994 2090 3245 2145 roborant

2356 2186 2648 2259 Utcumque
2674 2186 2909 2257 defecere
2941 2198 3134 2248 mores,

2426 2278 2757 2335 Dedecorant
2790 2278 2915 2332 bene
2953 2284 3082 2331 nata
3113 2273 3285 2344 culpa:

2208 2375 2262 2429 5.
2308 2372 2382 2427 De
2419 2369 2745 2442 promotione
2781 2367 2896 2438 ejus
2936 2366 3006 2421 ad
3040 2366 3424 2436 episcopatum.
3483 2359 3564 2415 Ne
3610 2377 3745 2433 ergo

2137 2466 2257 2519 viro
2295 2462 2364 2519 ad
2394 2461 2685 2516 utilitatem
2719 2459 3017 2513 multorum
3064 2463 3194 2511 nato
3243 2453 3462 2509 deesset
3509 2452 3741 2506 materia

2139 2558 2426 2624 virtutum,
2452 2571 2522 2611 ne
2547 2554 2761 2610 deesset
2789 2551 2883 2606 tali
2928 2549 3111 2621 opifici
3155 2546 3370 2603 officina
3398 2543 3741 2600 exercendo-

2138 2665 2262 2706 run
2294 2662 2523 2719 operum
2572 2646 2883 2711 bonorum,
2934 2640 3174 2713 providit
3226 2638 3392 2694 etiam
3438 2651 3607 2707 super
3639 2635 3743 2691 hoc

2141 2755 2379 2811 superna
2428 2735 2767 2809 dispensatio
2806 2750 2915 2790 non
2966 2731 3145 2789 solum
3176 2728 3250 2796 ei,
3279 2736 3363 2783 set
3388 2735 3445 2783 et
3471 2724 3743 2796 profectui

2142 2829 2532 2903 plurimorum,
2560 2834 2623 2882 ut
2651 2824 2831 2881 cultor
2867 2821 3106 2895 justiciae
3135 2819 3421 2891 plantatus
3462 2816 3520 2873 in
3572 2815 3743 2870 domo

2143 2920 2384 2988 Domini,
2416 2919 2472 2974 in
2504 2917 2662 2974 atriis
2685 2915 2779 2971 Dei
2806 2913 2980 2970 nostri
3012 2920 3073 2968 ut
3097 2911 3278 2982 palma
3307 2906 3598 2964 altitudine
3632 2922 3743 2962 me-

2143 3014 2377 3070 ritorum
2409 3011 2644 3076 floreret,
2680 3017 2742 3064 ut
2768 3006 2965 3065 cedrus
2994 3003 3204 3078 Lybani
3231 3001 3633 3074 multiplicatus
3659 2999 3746 3055 in-

2146 3104 2486 3176 corruptibili
2515 3098 2889 3173 exemplorum
2919 3098 3087 3155 odore
3112 3096 3402 3162 redoleret,
3431 3094 3578 3151 sicut
3604 3092 3744 3148 oliva

2146 3196 2531 3270 pinguedinem
2580 3193 2793 3250 lzetiriae
2819 3201 2871 3248 ct
2922 3189 3318 3246 benedictionis
3365 3186 3747 3244 fructificaret.

2147 3289 2306 3344 Anno
2337 3287 2607 3358 siquidem
2636 3284 3055 3357 nongentesimo
3081 3281 3423 3353 sexagesimo
3449 3276 3698 3335 secundo
3716 3294 3748 3332 a

2147 3380 2411 3437 dominici
2461 3378 2702 3435 hominis
2732 3375 3129 3442 incarnatione,
3155 3374 3303 3429 viam
3332 3371 3609 3428 universa:
3636 3385 3752 3426 car-

2157 3472 2247 3527 nis
2294 3471 2544 3543 ingresso
2586 3475 2900 3539 reparatore
2948 3472 3153 3521 sancta:
3215 3462 3500 3534 religionis
3571 3460 3753 3532 primo

2149 3563 2513 3628 Adelberone,
2538 3560 2768 3617 vacabat
2809 3557 3070 3615 cathedra
3100 3563 3305 3613 sanctae
3328 3553 3615 3610 Mettensis
3641 3569 3747 3610 tec-

2150 3656 2330 3712 clesiae
2358 3653 2581 3726 proprio
2611 3651 2851 3708 viduata:
2890 3657 3129 3721 pastore.
3168 3646 3291 3704 Non
3320 3645 3495 3702 defuit
3521 3645 3627 3702 sibi
3659 3661 3749 3702 sa-

2144 3742 2390 3805 crarium
2424 3744 2664 3817 Spiritus
2692 3742 2868 3801 sancti
2894 3742 3110 3809 Bruno;
3139 3755 3249 3796 non
3279 3737 3472 3805 defuit,
3497 3738 3751 3808 inquam,

2152 3839 2255 3895 sibi
2283 3838 2368 3893 vel
2398 3836 2577 3893 tocius
2609 3836 2764 3908 regni
2794 3831 3119 3899 commodo;
3141 3839 3245 3899 set,
3276 3829 3422 3886 sicut
3450 3828 3506 3883 in
3538 3827 3754 3884 caneris

2153 3931 2331 3988 faccre
2359 3936 2737 3995 consueverat,
2788 3928 2869 3983 sic
2916 3934 2971 3981 ct
3018 3925 3074 3980 in
3105 3924 3209 3979 hac
3253 3937 3313 3978 re
3360 3936 3470 3977 non
3498 3935 3625 3992 quae
3653 3934 3747 3973 sua

2153 4031 2330 4091 erant,
2360 4030 2445 4079 set
2469 4037 2593 4092 quae
2623 4019 2754 4076 Jesu
2783 4018 3014 4085 Christi,
3041 4015 3337 4089 quaerebat.
3369 4012 3507 4068 Nam
3541 4012 3750 4070 caeteris

2154 4117 2356 4188 quibus
2382 4113 2619 4186 pollebat
2647 4112 2861 4169 artibus
2906 4110 3071 4166 etiam
3124 4109 3231 4165 hoc
3274 4106 3577 4171 addiderat,
3607 4103 3749 4176 quod

2155 4206 2493 4281 principibus
2538 4205 2807 4276 cujusque
2855 4201 3087 4269 ordinis,
3134 4200 3191 4256 in
3237 4199 3440 4271 quibus
3484 4196 3752 4253 columbo

2153 4300 2554 4366 innocentiam,
2589 4297 2858 4369 serpentis
2906 4295 3195 4362 astuciam,
3223 4300 3279 4350 et
3302 4291 3597 4364 praecipua:
3624 4297 3751 4345 tuta:

2156 4396 2285 4453 fidei
2307 4393 2711 4466 simplicitatem
2739 4390 2921 4463 vigere
2948 4388 3184 4456 videbat,
3207 4388 3296 4444 his
3341 4386 3591 4456 adprime
3619 4382 3751 4441 ami—

460 4483 531 4540 Et
579 4485 708 4556 quia
738 4495 857 4542 erat
900 4487 1181 4559 quondam
1214 4486 1267 4542 in
1303 4489 1502 4545 castris
1554 4488 1795 4545 caelestis
1846 4489 2055 4546 militiae
2085 4486 2132 4545 D
2159 4487 2345 4543 citiam
2381 4501 2538 4543 suam
2584 4482 3053 4548 accommodabat,
3087 4481 3172 4537 his
3220 4478 3451 4552 gratiam
3485 4477 3633 4549 regis
3659 4491 3753 4529 cu-

465 4578 701 4635 civiliter
730 4580 1095 4648 militaturus,
1122 4581 1226 4637 sub
1264 4596 1331 4636 eo
1376 4581 1430 4636 in
1475 4589 1681 4638 sanctis
1708 4580 2057 4653 Coloniensis

460 4670 712 4726 ecclesiae
739 4671 1082 4743 gimnasio’“
1114 4687 1209 4742 per
1250 4672 1459 4726 diutina
1488 4671 1700 4728 diludia
1730 4673 1940 4728 liberali
1971 4682 2056 4746 ty-

463 4764 682 4821 rocinio
700 4773 785 4821 est
806 4766 1162 4833 exercitatus,
1183 4774 1238 4821 et
1270 4782 1366 4837 per
1385 4765 1641 4822 diuturna
1664 4766 1915 4836 proludia
1941 4767 2058 4822 lau-

465 4856 719 4912 dabiliter
739 4858 1019 4928 probatus.
1036 4858 1293 4915 Discebat
1312 4859 1384 4913 ibi
1406 4858 1685 4913 humiliter
1701 4859 1947 4925 subesse,
1962 4861 2058 4931 qui

470 4947 711 5006 debebat
722 4951 911 5008 multis
932 4952 1226 5024 aliquando
1239 4952 1441 5009 utiliter
1452 4966 1713 5021 praeesse,
1728 4959 1783 5005 et
1800 4951 2061 5021 subjectis

478 5042 677 5098 humili
700 5053 755 5100 et
776 5044 1012 5102 discreta
1036 5046 1349 5116 praelatione
1370 5041 1602 5098 utillime
1624 5043 1905 5114 prodesse.
1929 5043 2057 5107 Erat

469 5131 527 5189 in
560 5142 818 5208 utroque,
840 5136 985 5208 quod
998 5143 1229 5206 uterque
1249 5134 1306 5189 in
1319 5134 1583 5188 alterutro
1608 5134 2065 5204 amplecteretur;

2165 4579 2427 4634 mulatius
2451 4575 2799 4633 conciliabat.
2853 4573 2912 4629 Si
2942 4589 3085 4646 quos
3115 4572 3303 4628 talium
3333 4569 3549 4642 privata
3580 4568 3749 4623 adhuc

2161 4673 2273 4728 vita
2300 4671 2590 4728 oscurabat
2613 4712 2628 4736 ,
2680 4669 2784 4724 hos
2831 4675 3102 4738 oportune
3139 4666 3193 4720 in
3222 4665 3345 4719 loco
3372 4661 3748 4719 defunctorum

2164 4765 2458 4821 illustrium
2509 4763 2752 4818 virorum
2801 4776 2900 4816 sua
2948 4774 3111 4830 opera
3159 4755 3455 4834 suffectos,
3508 4753 3578 4809 ad
3625 4751 3755 4807 bene

2165 4857 2434 4929 agendum
2465 4852 2896 4911 accendebat”.
2928 4850 3125 4907 Omnia
3157 4849 3358 4921 quippe
3385 4845 3647 4903 omnibus
3671 4840 3751 4896 fa-

2166 4959 2291 5005 ctus
2319 4956 2458 5015 erat,
2488 4947 2618 5021 quia
2647 4960 2838 5001 omnes
2869 4941 3193 5000 lucrifacere
3239 4940 3474 4996 volebat.
3513 4935 3567 4993 ls
3606 4932 3751 4993 deni.

2167 5057 2275 5113 que
2320 5040 2513 5096 videns
2561 5046 2894 5109 oportunum
2947 5036 3128 5093 locum
3176 5041 3232 5089 et
3301 5041 3521 5101 tempus
3569 5039 3753 5083 oecup-

2167 5133 2397 5190 risse’“
2431 5133 2563 5189 sibi.
2585 5139 2646 5186 ut
2671 5129 2741 5187 ad
2773 5130 3180 5195 firmamentum
3208 5122 3513 5195 spiritualis
3544 5117 3758 5176 fabrica

1787 5288 1871 5344 VA
1883 5287 2020 5343 ΙῊᾸΞ
2067 5287 2475 5345 LECTIONES.

456 5356 476 5454 δ.
512 5405 617 5486 ’⁸⁸⁸
644 5404 1008 5486 multiplicata.
1030 5405 1081 5461 Ι.
1156 5404 1312 5486 iu
1545 5422 1644 5461 vos:
1664 5403 1980 5486 Capitulum
2011 5410 2321 5486 cnstanter
2350 5402 2573 5474 repetita
2591 5409 2694 5459 est.
2761 5401 2831 5435 ’"’
2854 5390 3343 5479 DEODERIHCUS
3368 5409 3420 5448 ε.
3486 5388 3753 5462 Μαίδω-

479 5477 567 5536 ιὶο
591 5491 731 5532 corr.
762 5476 1019 5548 ginnasio
1048 5493 1096 5530 ο.
1173 5476 1242 5509 ⁹¹⁷
1274 5477 1355 5531 ita
1381 5476 1564 5532 Leibu.
1599 5492 1630 5532 a

1766 5475 1894 5533 ebat
1922 5490 1969 5528 c.
2040 5473 2114 5506 ’³⁸
2135 5473 2419 5530 occurisse
2439 5490 2488 5529 ε.

1999 5586 2233 5645 NOTAE.

728 5708 855 5765 ilice
883 5722 1063 5790 usque
1106 5704 1327 5787 triginta
1368 5705 1530 5776 ferme
1571 5721 1737 5760 annos
1762 5720 1829 5760 ex
1866 5698 2205 5758 Widukindo
2233 5698 2275 5755 Ι.
2302 5701 2393 5759 31.

574 5778 680 5836 930
730 5779 817 5835 Cf.
856 5778 1035 5835 Vitam
1057 5772 1351 5843 Brunoms,
1380 5792 1427 5832 c.
1462 5774 1557 5829 22.

730 5779 817 5835 Cf.
856 5772 1035 5835 Vitam
1053 5772 1351 5862 ‘Brunonis,
1368 5772 1427 5832 ἐ.
1462 5774 1557 5829 22.
