3908 6316
148 288 275 351 om
434 307 438 311 <
1146 282 1311 339 vna
1345 281 1711 342 DEODERiCi
1744 281 2065 342 EI‘lSCOPi
2090 250 2498 350 uehemens.
3357 286 3448 345 ωε

149 414 479 471 columnam
506 406 737 464 solidam
783 413 839 461 et
885 421 987 462 sua
1032 418 1199 461 manu
1227 406 1455 478 politam
1484 402 1750 461 stabiliret
1780 407 1821 465 Α
1851 406 2112 477 penderet
2145 425 2159 462 :
2191 408 2333 463 inter
2359 406 2497 463 alias
2520 405 2609 462 sui
2655 404 2896 479 nominis
2923 404 3159 462 litteram
3183 403 3445 477 argentm

150 504 222 560 in
249 501 497 559 mcclesia
549 498 668 566 Dei,
716 498 850 554 utile
896 497 1092 565 duxit,
1147 498 1544 555 consobrinum
1590 513 1753 554 suum
1855 498 2039 555 colore
2082 499 2355 555 albentem
2406 494 2572 553 videt.
2625 495 2731 564 Qui
2780 511 3079 553 conversus
3124 495 3196 552 ad
3244 493 3444 554 semet'd

150 593 545 660 Deodericum,
574 590 921 662 spectabilem
973 605 1172 663 genere
1219 598 1276 645 et
1316 590 1601 662 religione,
1641 590 1755 646 illic
1856 590 2035 662 ipsum
2057 633 2072 660 ,
2119 599 2175 647 et
2221 591 2353 647 hinc
2399 588 2729 661 profundum
2770 603 2827 645 et
2877 587 3217 645 immutabile
3242 588 3444 647 divinae

144 687 513 747 incardinari.
566 684 748 757 Eque
775 698 1011 755 namque
1044 683 1251 739 trutina
1280 683 1517 751 consilii,
1545 681 1750 751 locum,
1854 682 2213 754 praescientia:
2228 684 2300 719 ⁹¹⁹
2329 683 2611 740 demirans
2655 680 2969 748 consilium,
2999 680 3124 737 inde
3154 681 3311 737 bona:
3340 697 3441 738 vo—

140 789 398 851 tempus,
424 792 720 851 personam
746 775 1153 842 moderabatur,
1174 775 1400 847 dignum
1431 774 1643 831 scilicet
1655 774 1752 845 ju-
1853 776 2083 832 luntatis
2125 792 2241 833 suae
2277 775 2637 833 considerans
2684 773 3027 846 propositum
3066 791 3084 843 Δε
3124 772 3209 839 Si,
3241 773 3441 845 inquit,

138 871 377 929 dicam‘
398 874 585 935 eum,’
612 868 709 940 qui
750 868 880 924 urbi
922 865 1281 923 nobilissimae
1329 865 1749 937 principaretur,
1853 878 2163 941 cooperator
2184 869 2424 924 omnium
2452 867 2707 923 bonorum
2729 864 2872 921 Deus
2916 865 3304 935 bonoaﬁ'ectui
3327 882 3442 921 meo

141 978 258 1020 nec
284 963 575 1035 indignum
625 960 742 1018 fore
789 960 910 1015 urbi
940 968 1107 1016 tanta:
1151 958 1429 1030 potentia,
1454 958 1603 1029 quod
1629 958 1752 1014 viro
1851 970 2092 1032 optatum
2121 960 2502 1015 ministraverit
2521 958 2785 1029 electum,
2810 965 2963 1013 tanta
2989 955 3127 1010 bona
3150 956 3209 1010 in
3234 956 3440 1026 episco-

142 1063 326 1111 tantaa
348 1054 654 1110 nobilitatis
681 1052 1052 1119 ancillaretur,
1083 1050 1387 1122 praesertim
1434 1065 1559 1107 cum
1608 1057 1750 1106 tem~
1849 1062 1981 1123 pata
2027 1067 2109 1107 me
2148 1050 2356 1120 conﬁdo
2394 1049 2695 1121 facturum,
2737 1058 2798 1104 ut
2835 1055 3086 1120 argentea
3124 1048 3232 1103 ista
3260 1048 3443 1103 littera

137 1161 257 1218 pus
308 1147 444 1203 illud
495 1152 717 1218 egeret,
765 1152 829 1201 ut
868 1144 1158 1215 prudentis
1207 1142 1476 1214 fortisque
1519 1141 1750 1199 rectoris
1849 1144 2162 1215 quandoque
2187 1143 2600 1213 transferantur
2620 1142 2677 1199 in
2704 1157 2917 1196 aurum.
2944 1134 3078 1197 Htec
3105 1139 3328 1209 quidem
3356 1141 3457 1198 vir

135 1242 363 1298 auxilio
387 1233 784 1301 defensaretnr.
839 1238 1017 1297 Nimis
1045 1239 1194 1296 enim
1241 1239 1621 1311 superioribus
1647 1252 1749 1294 an-
1848 1234 2028 1292 bonus
2054 1235 2124 1291 de
2169 1235 2319 1311 bono
2363 1235 2625 1291 thesauro
2670 1231 2977 1305 proferens,
3007 1232 3216 1288 bonum
3244 1247 3311 1288 ex
3340 1232 3442 1289 ha-

134 1334 237 1390 nis
288 1334 346 1389 in
379 1342 504 1389 eam
552 1333 916 1390 incubueraut
964 1332 1045 1389 rei
1093 1333 1324 1404 publica:
1374 1333 1746 1399 incommoda,
1847 1326 2155 1386 bundantia
2184 1326 2369 1404 cordis
2415 1326 2636 1383 locutus
2678 1332 2784 1391 est,
2828 1338 2934 1381 nec
2981 1324 3203 1395 segnior
3247 1323 3355 1379 fuit
3382 1323 3440 1381 in

133 1440 277 1480 eum
312 1425 383 1481 ab
411 1425 693 1481 incentore
722 1425 972 1481 omnium
999 1426 1274 1481 malorum
1298 1426 1525 1482 Conone
1554 1426 1745 1483 invasa
1846 1418 2182 1493 exequendis
2209 1414 2372 1475 bonis
2401 1416 2662 1491 operibus
2679 1430 2848 1493 quam
2876 1414 3157 1488 pollicitus
3178 1424 3283 1472 est.
3306 1414 3442 1483 Quae

134 1517 304 1588 (93l)
336 1518 447 1589 (an.
473 1517 635 1587 95L),
683 1533 825 1589 pene
873 1518 1088 1589 direpta
1129 1527 1215 1574 est
1252 1526 1315 1573 et
1361 1518 1740 1573 exterminata.
1846 1514 1975 1571 licet
1999 1511 2160 1569 nobis
2188 1527 2253 1568 ex
2290 1518 2447 1583 parte
2490 1508 2748 1566 inviderit
2794 1507 3067 1579 majorum
3118 1515 3439 1565 nostrorum

130 1609 536 1667 Coneordante
562 1609 751 1681 itaque
775 1609 906 1667 cieri
953 1611 1242 1682 tociusque
1284 1610 1458 1681 plebis
1492 1611 1743 1667 unanimi
1846 1607 2084 1675 incuria,
2116 1614 2172 1662 et
2202 1618 2400 1662 somno
2426 1603 2696 1661 socordiae
2736 1617 2852 1659 sua:
2875 1599 3147 1672 consopiti
3176 1615 3303 1657 eum
3350 1615 3440 1657 se-

132 1717 452 1770 eonscnsu,
480 1702 762 1759 annitente
782 1703 949 1759 etiam
988 1711 1191 1760 cuncto
1237 1703 1604 1775 palatinorum
1651 1719 1742 1759 se-
1774 1750 1823 1807 Β
1846 1716 1971 1756 cum
2000 1695 2317 1771 putaverint
2340 1693 2842 1765 consepeliendum,
2869 1691 3052 1748 adhuc
3086 1696 3272 1807 ωιιξῗέι
3314 1690 3439 1761 ejus

139 1800 313 1859 natu,
347 1792 673 1848 intronizari
713 1809 839 1850 eum
887 1792 1017 1850 fecit
1056 1794 1112 1849 in
1140 1802 1372 1866 augusta
1398 1793 1740 1851 Mettensium
1774 1779 2012 1847 Dmulta
2042 1796 2100 1846 et
2123 1786 2357 1843 miriﬁca
2394 1796 2562 1855 opera
2580 1790 2779 1846 extant
2801 1823 2817 1847 ,
2862 1795 2989 1851 qua:
3033 1795 3159 1835 eum
3178 1779 3249 1812 "°
3296 1794 3439 1851 quo-

130 1884 299 1950 sede,
330 1884 457 1939 leto
486 1884 734 1941 omnium
762 1895 1055 1953 concentu,
1087 1902 1198 1942 non
1248 1887 1370 1944 sine
1401 1902 1601 1959 magno
1627 1902 1741 1944 coe-

133 1973 373 2030 lestium
399 1974 664 2031 virtutum
693 1977 983 2048 applausu.
1014 1976 1321 2034 Pontilicaii
1346 1979 1532 2049 itaque
1559 1980 1742 2050 petaio

127 2065 458 2133 decoratus,
482 2074 538 2123 et
558 2066 829 2123 oiliciante
855 2068 1041 2141 magni
1070 2069 1249 2125 meriti
1294 2069 1551 2126 Heinrico
1583 2072 1740 2143 (932)

128 2153 504 2213 Trevirorum
535 2160 901 2231 metropolita,
929 2161 1326 2219 benedictionis
1348 2164 1471 2218 oleo
1492 2164 1530 2219 5
1554 2162 1741 2220 Nonas

127 2246 329 2304 Martii
341 2260 693 2308 consecratus
705 2252 817 2323 (an.
830 2251 981 2323 965),
994 2252 1273 2325 satagebat
1283 2268 1481 2311 nomen
1500 2257 1740 2327 suscepti

128 2342 309 2398 ofﬁcii
339 2343 501 2399 bonis
518 2344 745 2414 implere
774 2345 1064 2416 operibus;
1088 2347 1302 2417 malens
1320 2347 1531 2404 scilicet
1548 2347 1739 2405 haberi

127 2449 312 2505 quam
342 2434 515 2489 videri
564 2436 876 2507 episcOpus.
925 2435 993 2491 Et
1038 2437 1217 2508 primo
1244 2455 1276 2494 a
1319 2439 1739 2511 prredecessoris

128 2525 227 2581 sui
257 2526 511 2595 vestigiis
541 2540 652 2582 non
697 2527 1060 2594 exorbitabat,
1107 2537 1191 2585 set
1213 2545 1378 2600 quem
1403 2531 1507 2586 sibi
1539 2530 1740 2587 nobili-

128 2618 270 2675 tatis
297 2618 621 2675 excellentia
648 2620 1041 2691 atquiperabat,
1071 2623 1239 2679 etiam
1283 2639 1501 2680 morum
1550 2626 1739 2695 probi-

128 2717 253 2767 tate
297 2721 356 2766 et
395 2710 680 2782 religionis
727 2709 941 2769 fervore
989 2713 1196 2770 imitari
1234 2714 1291 2770 in
1320 2724 1451 2771 voto
1477 2716 1731 2775 habebat.

127 2802 561 2859 Accendebatur
584 2804 730 2860 enim
760 2805 834 2861 ad
855 2805 1064 2862 bonum
1112 2808 1259 2864 bono
1287 2809 1458 2865 animi
1488 2811 1575 2867 sui
1602 2828 1735 2883 pro-

129 2898 345 2968 posito,
374 2897 794 2969 inlormabatur,
821 2908 884 2957 ut
910 2900 1171 2971 diximus,
1199 2898 1621 2975 prazdecessoris
1648 2907 1751 2964 sui‘

130 2993 350 3049 recenti
378 2996 651 3066 exemplo,
681 3012 784 3053 nec
807 2998 1084 3054 exciderat
1109 2998 1297 3053 animo
1326 2988 1465 3055 sana
1490 2999 1619 3054 boni
1646 2999 1735 3055 in-

132 3087 415 3144 stitutoris
424 3088 681 3157 eruditio,
692 3097 748 3144 et
764 3090 915 3161 quod
930 3091 1080 3145 omni
1102 3090 1732 3162 prmminetmagisterio,

130 3177 353 3234 caelesti
390 3178 619 3250 insuper
646 3180 923 3237 animatus
952 3189 1038 3237 est
1064 3181 1309 3237 oraculo.

154 3291 159 3295 '
206 3272 265 3327 ι.
308 3270 388 3327 De
419 3272 608 3343 primis
638 3273 832 3328 litteris
863 3276 1135 3330 nominum
1167 3290 1260 3345 per
1289 3274 1537 3346 angelum
1568 3276 1733 3334 datis.

131 3361 404 3419 Dicamus
423 3378 556 3436 ergo
586 3380 703 3421 rem
746 3366 923 3423 relatu
952 3375 1008 3423 et
1042 3368 1248 3438 scripto
1275 3368 1551 3438 majorum
1582 3383 1751 3425 com-r

131 3465 375 3528 pertam,
409 3473 511 3528 pm
540 3459 628 3515 sui
658 3459 898 3515 novitate
922 3460 1122 3517 merito
1150 3461 1205 3515 in
1232 3461 1495 3517 thesauro
1522 3462 1753 3519 memo-'

130 3549 234 3605 riae
262 3551 692 3607 recondendam.
738 3550 976 3609 Sanctus
1000 3551 1280 3620 Clemens,
1310 3554 1576 3626 principis
1604 3570 1737 3626 apo-

130 3642 409 3697 stolorum
458 3641 604 3699 Petri
652 3643 870 3701 auditor
891 3688 907 3711 ,
956 3638 1491 3703 Mediomatricorum
1549 3656 1734 3704 autem

131 3732 352 3800 primus
382 3734 666 3803 apostolus
690 3743 746 3790 et
771 3736 1116 3806 praedicator,
1149 3736 1291 3791 inter
1317 3745 1512 3793 caetera
1539 3754 1663 3809 quae
1681 3737 1746 3794 ei'

130 3824 204 3877 a.l
232 3822 548 3880 roboranda
578 3827 858 3883 nascentis
884 3827 1146 3884 aecclesiae
1166 3828 1478 3886 rudimenta
1503 3832 1736 3887 contulit

131 3915 262 3986 pius
300 3916 498 3972 salutis
545 3926 750 3975 nostra:
794 3928 1030 3988 amator,
1051 3938 1055 3945 τ
1078 3921 1185 3977 hoc
1233 3922 1470 3993 speciale
1516 3924 1734 3982 ets-litus

129 4008 377 4063 emeruit
400 4009 631 4077 donum,
661 4018 722 4067 ut
767 4013 992 4069 nomina
1040 4011 1352 4070 futurorum
1399 4015 1454 4071 in
1485 4017 1730 4074 ecclesia

129 4098 394 4156 Mettensi
419 4101 741 4171 pontiﬁcum
771 4105 1065 4176 acciperet,
1097 4106 1266 4163 missa
1316 4106 1420 4163 sibi
1448 4122 1545 4179 per
1567 4126 1734 4183 ange-

129 4191 276 4261 lum,
303 4194 581 4252 annotatis
609 4200 825 4252 tantum
855 4198 1051 4269 primis
1076 4199 1275 4257 litteris
1300 4201 1563 4258 nominis.
1591 4202 1733 4261 Ade-

129 4294 264 4357 ptus
295 4287 381 4342 vir
402 4287 594 4346 beatus
622 4290 690 4346 de
714 4305 826 4362 quo
857 4292 1072 4365 agimus
1097 4292 1362 4351 aecclesia:
1389 4304 1745 4367 suggestum,

131 4392 262 4432 cum
293 4377 535 4449 quadam
565 4379 656 4435 die
681 4381 1046 4437 delectaretur
1069 4383 1311 4454 jocunda
1337 4392 1392 4440 et
1420 4385 1564 4441 seria
1593 4384 1732 4441 aﬂ‘a-

1841 1881 2136 1942 dammodo
2152 1878 2393 1937 nobis’“
2407 1877 2679 1935 viventem
2700 1880 3093 1946 repraesentant
3109 1891 3123 1942 ;
3150 1880 3211 1928 ut
3226 1872 3440 1944 liquido

1842 1973 2124 2034 testiﬁcari
2149 1971 2449 2045 possimus,
2477 1969 2628 2042 quod
2670 1967 2728 2024 in
2772 1966 3055 2039 evangelio
3088 1964 3224 2022 dicit
3249 1963 3439 2019 Domi-

1841 2083 1949 2125 nus
1993 2086 2006 2124 :
2065 2065 2128 2123 Si
2160 2065 2218 2121 lii
2261 2064 2562 2130 tacuerint,
2623 2060 2829 2132 lapides
2890 2057 3200 2115 clamabunt
3262 2055 3433 2124 (an.

1841 2172 1959 2226 aut,
1985 2157 2100 2230 40).
2134 2156 2271 2225 Quis
2314 2155 2462 2215 enim
2491 2153 2725 2219 nesciat,
2753 2151 3046 2208 vivacitate
3073 2146 3280 2222 ingenii
3312 2147 3436 2218 ejus

1840 2259 1897 2308 et
1940 2248 2241 2322 sagacitate
2277 2245 2495 2304 consilii
2544 2244 2629 2300 vel
2676 2241 2981 2314 prudentia:
3028 2237 3432 2310 singularitate,

1841 2356 1949 2414 qua
1976 2334 2122 2413 apud
2150 2336 2305 2409 regni
2330 2336 2601 2408 primores
2630 2331 2815 2405 magni
2843 2329 3202 2403 pendebatur,
3241 2328 3435 2384 melio-

1842 2443 2026 2490 ratum
2074 2430 2155 2488 rei
2183 2429 2417 2501 pubiicte
2462 2434 2690 2491 statum,
2719 2431 2775 2480 et
2805 2423 2860 2478 in
2889 2423 3436 2491 meliusaugmenta-

1841 2536 1959 2583 tum
1989 2536 2192 2585 sanetae
2234 2520 2519 2585 Mottensis
2562 2516 2852 2584 ecclesiae,
2902 2514 2993 2571 cui
3043 2521 3269 2570 auctore
3320 2510 3436 2566 Deo

1839 2617 2189 2691 presidebat,
2213 2611 2624 2685 pontiﬁcatum?

1868 2751 1872 2755 θ
1913 2732 1966 2787 5.
2003 2728 2081 2784 De
2108 2710 2296 2783 veteris
2326 2723 2580 2781 wcclesiar
2619 2719 2909 2792 dejectione
2936 2726 2986 2773 et
3020 2732 3168 2772 nova:
3192 2714 3437 2786 redi/ica-

1843 2825 2001 2880 tione.
2050 2821 2124 2878 Ut
2166 2819 2386 2877 interim
2435 2817 2504 2873 de
2553 2812 2890 2871 monasterio
2920 2809 3144 2884 gloriosi
3172 2807 3435 2882 martyris

1840 2915 2047 2973 Christi
2074 2904 2369 2970 Vincentii‘
2394 2910 2675 2974 sileamus,
2708 2906 2769 2961 in‘
2805 2920 2918 2976 quo
2944 2901 3316 2960 construendo
3342 2908 3434 2957 to-

1840 2998 1926 3064 tos
1975 3006 2143 3062 animi
2186 3003 2274 3060 sui
2321 2999 2580 3073 expendit
2623 2997 2889 3061 allectus,
2941 2994 3124 3066 primo
3146 3008 3215 3048 ex
3244 2991 3433 3049 subci-

1844 3100 1979 3156 sivis
1992 3099 2062 3132 ⁹²²
2078 3097 2199 3168 ejus
2218 3094 2476 3166 operibus
2496 3089 2824 3147 industriam
2845 3087 2967 3158 ejus
2986 3084 3430 3155 comprobemus.

1840 3194 1901 3249 in
1948 3191 2143 3264 primis
2182 3188 2360 3258 major
2398 3184 2646 3241 aecclcsia
2708 3178 2934 3253 pretiosi
2977 3174 3435 3249 prothomartyris

1841 3273 2104 3354 Stephani
2150 3274 2573 3350 magniﬁcentiae
2619 3273 2742 3344 ejus
2792 3269 2947 3327 testis
2974 3266 3239 3334 occurrit,
3265 3282 3432 3337 quam

1837 3380 2112 3432 vetustate
2156 3370 2242 3427 sui
2288 3368 2506 3424 ruinam
2568 3364 2936 3438 periculusam
2980 3359 3328 3417 minitantem
3359 3357 3433 3393 ⁸³³

1834 3456 2151 3526 ὰθθρηιειυά
2178 3462 2534 3520 fundamento
2560 3456 2858 3529 reparavit.
2908 3453 3102 3509 Stabat
3127 3452 3223 3507 ilio
3251 3450 3434 3506 adhuc

1835 3566 2080 3631 tempore
2101 3556 2234 3613 illud
2257 3554 2499 3624 antiquas
2521 3548 2838 3611 reverentia:
2852 3545 3177 3611 oratorium,
3202 3557 3434 3599 servans

1833 3654 2155 3708 thesaurum
2182 3646 2329 3719 quod
2370 3641 2617 3714 gemmas
2659 3638 2832 3694 vincit
2874 3642 2931 3693 et
2976 3650 3195 3700 aurum,
3225 3632 3435 3689 scilicet

1834 3741 2121 3816 sanguinis
2161 3735 2623 3810 protbomartyris
2672 3732 2872 3805 pignus
2917 3728 3242 3802 pretiosum.
3291 3724 3430 3793 Quia

1834 3853 1945 3894 non
1971 3835 2157 3893 omnia
2185 3841 2313 3890 nota
2338 3838 2466 3887 sunt
2494 3827 2773 3893 omnibus,
2801 3826 2868 3881 de
2892 3824 3001 3880 hoc
3023 3819 3270 3878 oratorio
3298 3834 3435 3890 pau-

1837 3929 1920 3987 cis
1944 3927 2289 3985 docebimus.
2318 3920 2460 3980 Oiim
2484 3922 2735 3977 clamore
2764 3916 3066 3973 Galliarum
3103 3925 3229 3968 ante
3256 3910 3432 3966 Deum

1833 4016 2221 4092 multipliCato,
2251 4024 2307 4073 et
2332 4021 2557 4088 peccato
2582 4009 2807 4067 malitia!
2833 4020 3024 4063 earum
3049 4001 3216 4059 nimis
3242 4016 3435 4073 aggra-

1832 4122 1982 4180 vato,
2035 4117 2354 4183 purpuratae
2396 4103 2705 4162 meretricis
2748 4097 3071 4157 civitatibus
3117 4092 3432 4166 propinavit

1832 4204 2061 4262 calicem
2087 4203 2184 4259 irae
2208 4210 2263 4257 et
2291 4195 2686 4271 indignationis
2708 4193 2845 4263 justi
2873 4190 3076 4262 judicis
3103 4186 3425 4252 commotio,

1832 4296 1903 4352 ad
1922 4292 2183 4349 ultimum
2212 4304 2406 4347 earnm
2436 4285 2822 4344 eiterminium
2862 4281 3039 4338 iiunis
3073 4279 3291 4346 laxatis,
3319 4278 3432 4333 vei-

1832 4396 1891 4444 ut
1936 4385 2146 4443 rabidis
2172 4382 2405 4440 canibus
2430 4381 2499 4437 ad
2525 4369 2937 4437 devorationem
2986 4373 3226 4429 ferarum
3253 4380 3309 4427 et
3334 4370 3432 4427 be-

130 4467 728 4528 biiitate'famiiiarium
769 4489 834 4531 ac
862 4475 1193 4546 sapientium
1219 4506 1293 4517 —
1316 4492 1445 4532 nam
1473 4478 1639 4534 etiam
1672 4479 1727 4535 in
1758 4484 1808 4545 Ι)
1833 4482 2064 4538 stiarum
2093 4476 2208 4549 agri
2257 4471 2550 4546 instigatis.
2598 4470 2870 4537 Pastores.
2899 4465 3106 4537 quique
3156 4478 3258 4533 pro
3302 4477 3430 4518 ere-

132 4558 241 4616 hoc
270 4559 419 4617 ﬁdeli
449 4576 553 4618 suo
580 4561 677 4619 Dei
707 4565 1059 4621 consuluerat
1099 4562 1426 4637 dispositio,
1472 4576 1534 4624 ut
1559 4568 1609 4625 ei
1637 4584 1730 4626 sa-

131 4654 405 4726 pientium
454 4665 509 4712 et
535 4656 825 4714 bonorum
876 4660 1322 4717 consiliariorum
1376 4676 1488 4717 non
1516 4663 1732 4720 deesset

132 4744 381 4811 collatio,
409 4776 481 4786 —
508 4747 600 4803 illa
637 4749 896 4821 angelicae
925 4751 1213 4819 scriptura:
1241 4752 1577 4810 monimenta
1607 4755 1729 4826 jus-

132 4836 205 4892 sit
251 4836 459 4894 deferri
505 4840 560 4895 in
613 4853 910 4914 conspectu
958 4859 1081 4900 suo.
1114 4844 1265 4912 Quas
1290 4862 1415 4902 cum
1444 4846 1732 4921 diligenter

131 4925 489 4997 inspexisset,
534 4938 589 4985 et
637 4930 774 4988 alias
821 4933 1042 5004 quidem
1089 4935 1264 5002 aurei,
1296 4936 1434 4993 alias
1463 4938 1728 5011 argentei,

130 5018 273 5073 alias
298 5018 445 5074 alius
472 5021 764 5090 cujuslibet
802 5024 1004 5087 coloris
1028 5026 1291 5083 varietate
1320 5026 1587 5087 formatas
1617 5040 1733 5088 stu-

128 5117 311 5178 peret,
340 5118 398 5165 et
428 5110 606 5167 aitiori
660 5113 936 5172 intellectu
981 5132 1080 5186 per
1123 5117 1367 5174 colorum
1412 5119 1731 5177 varietatem

133 5202 345 5257 variam
377 5202 696 5262 meritorum
728 5206 998 5280 cujusque
1023 5211 1343 5282 qualitatem
1370 5213 1576 5285 signari
1606 5229 1730 5285 per-

1835 4574 2024 4647 ptione
2050 4570 2238 4628 ovium
2269 4581 2495 4625 suarum
2522 4564 2673 4635 justa
2701 4557 3070 4618 sollicitudine
3095 4554 3438 4647 omnimodis

1837 4645 2182 4727 ambiebant;
2215 4666 2302 4715 set
2343 4657 2481 4713 adeo
2510 4660 2736 4726 peccata
2785 4649 2972 4722 populi
3003 4645 3437 4715 invalescebant,

1837 4765 1899 4812 ut
1925 4751 2182 4826 quamvis
2208 4749 2522 4807 sacerdotes
2549 4744 2702 4819 digni
2730 4742 2959 4800 auribus
2986 4738 3206 4797 Domini
3225 4738 3439 4810 judice.

1837 4854 2048 4913 rcntur,
2076 4843 2156 4900 illi
2199 4850 2406 4907 tamen,
2431 4854 2532 4910 pro
2559 4836 2763 4908 quibus
2809 4832 3063 4899 orabant,
3095 4829 3305 4902 indigni
3337 4843 3434 4884 es-

1835 4945 1981 5005 sent,
2005 4943 2068 4992 ut
2093 4932 2504 4991 exaudirentur.
2549 4927 2627 4984 De
2654 4927 2760 4983 hoc
2792 4924 2943 4995 (955)
2986 4937 3151 4994 porro
3190 4920 3438 4977 oratorio

1836 5029 2114 5101 aliquibus
2163 5026 2503 5083 insinuatum
2535 5030 2619 5079 est
2663 5037 2731 5077 ex
2757 5017 2944 5075 divina
2992 5013 3347 5101 revelatione,
3374 5020 3432 5069 et

1836 5099 2077 5176 masime
2103 5124 2297 5175 sancto
2331 5113 2578 5172 Servatio
2628 5107 2938 5183 Tungrensi
2987 5104 3268 5177 episcopo,
3315 5099 3435 5156 Au-

1836 5212 2009 5269 ctoris
2056 5218 2189 5268 tunc
2221 5208 2482 5281 temporis
2523 5204 2874 5289 Mettensium
2910 5196 3165 5273 praesulis
3191 5192 3430 5251 familia-

1413 5370 1644 5430 VARIE
1682 5371 2083 5430 LECTIONES.
2136 5404 2139 5407 -

182 5480 262 5514 "’
291 5482 601 5552 praesentia:
628 5482 678 5539 ί.
760 5485 834 5519 ⁸η
857 5500 982 5541 cum
1014 5502 1073 5561 ε..
1146 5484 1215 5520 m
1246 5487 1389 5547 deest
1422 5480 1475 5542 l'.
1551 5488 1621 5521 '”
1646 5489 1727 5559 ita
1752 5486 1816 5543 L.
1840 5485 2082 5545 subcilu's
2121 5503 2136 5517 '

649 5596 653 5600 ’
856 5614 861 5618 ‘
1082 5602 1091 5607 ’
1628 5596 1856 5655 NOTAE.

206 5682 361 5825 ξθδι)
397 5680 482 5737 Cf.
515 5682 773 5755 Rnotgeri
804 5683 912 5741 Vit.
939 5685 1235 5755 Brunonis,
1262 5706 1313 5745 c.
1346 5691 1435 5745 2i.

228 5754 360 5825 952)
396 5752 541 5825 Lege
580 5753 930 5823 Theoderico;
975 5757 1263 5818 Heinricus
1286 5778 1336 5817 a.
1361 5764 1435 5817 illi

228 5754 360 5825 952)
396 5752 541 5826 Lege
580 5752 930 5823 Theoderico;
975 5752 1263 5818 Heinricus
1286 5778 1336 5817 a.
1361 5762 1467 5819 ‘Jb'l
1495 5761 1547 5817 in
1572 5760 1724 5821 italia

2231 5486 2302 5523 ⁹²³
2329 5484 2633 5540 minitatcm
2655 5488 2703 5536 c‘.

1828 5692 2070 5756 obicrat;
2107 5690 2179 5746 cf.
2210 5686 2368 5761 Com.
2402 5689 2555 5761 Reg,
2588 5705 2637 5742 a.
2664 5686 2801 5761 mili;
2895 5717 2899 5720 ~
2970 5688 2973 5691 ’

1904 5755 2065 5837 (955))
2090 5762 2175 5818 Ct.
2207 5760 2388 5818 Vitam
2420 5755 2740 5816 SfServatii
2760 5755 2960 5828 Tungr.
