3966 6406
509 313 617 373 699
806 310 807 313 ‘
1687 304 2050 368 SlGEBER’l‘l
2085 288 2612 364 CEMBLACENSIS
3676 304 3781 362 ἰω

508 426 755 493 rissimo,
786 436 1122 497 promissum
1158 429 1245 479 est
1271 438 1339 478 ex
1376 422 1677 493 apostolica
1708 421 2105 483 consolatione,
2139 419 2185 475 Α
2210 426 2263 472 et
2293 419 2465 488 ipsam
2497 417 2665 471 vitam
2684 431 2783 486 pro
2804 430 2992 473 amore
3012 414 3139 473 vitae
3160 423 3379 472 aeterna:
3397 414 3620 487 pacisci,
3640 414 3766 474 felici

508 516 616 573 ltoc
657 516 837 571 solum
881 514 1183 570 oratorium
1228 515 1283 570 in
1314 513 1489 570 Gallia
1536 508 1750 586 Belgica
1791 515 2102 570 interventu
2207 513 2532 569 commertio
2559 528 2662 569 sua
2682 512 2868 570 omnia
2890 511 3004 569 Deo
3025 511 3237 569 dedidit
3261 511 3489 584 ejusque
3518 512 3766 583 genitrici,

509 606 971 679 protbomartyris
1000 607 1265 663 immune
1287 606 1533 662 futurum
1557 621 1589 661 a
1616 606 1901 662 barbarica
1932 607 2102 677 depo-
2205 616 2263 662 ct
2305 607 2359 662 in
2401 607 2611 662 honore
2653 606 2776 677 ejus
2817 605 3219 662 monasterium
3253 604 3564 662 construxit
3584 606 3636 660 in
3660 608 3768 664 villa

510 699 814 771 pulatione.
841 696 962 753 Jam
995 698 1187 754 urbem
1218 698 1544 770 pupulosam
1584 705 1639 753 et
1689 696 2004 768 cpulentam
2048 696 2102 751 in
2206 698 2578 768 Walciodoro,
2603 715 2769 771 quam
2796 698 2948 756 Mosa
2979 701 3137 756 alluit
3160 701 3215 756 in
3234 700 3770 769 diocesiLeodicensi,

512 789 728 845 favillas
753 789 1029 855 redactam
1059 788 1300 857 doleres,
1333 799 1664 847 cumtamen
1688 789 1934 860 undique
1962 790 2104 844 lam—
2208 794 2392 865 ibique
2445 793 2549 849 sub
2593 794 2917 850 monasticae
2969 793 3254 865 religionis
3298 794 3489 849 habitu
3539 794 3773 850 adunavit

513 880 773 937 bentibus
813 880 1053 938 ﬂammis
1086 882 1158 937 ab
1191 883 1435 937 oratorio
1469 879 1619 936 faces
1658 879 1877 951 longius
1922 895 2106 935 rcmo-
2206 883 2394 939 divino
2424 883 2653 940 idoneos
2685 882 2992 952 famulatui,
3017 885 3115 956 qui
3137 884 3242 941 sibi
3274 884 3613 941 semiuarent
3634 886 3773 956 spiri-

510 975 627 1030 veri
668 975 958 1045 gauderes,
988 983 1044 1034 et
1085 975 1351 1031 barbaros
1402 988 1698 1045 percussos
1724 989 1790 1029 ea
1830 971 2103 1038 edacitate,
2209 976 2400 1042 tualia,
2425 984 2481 1031 et
2501 976 2576 1031 illi
2603 991 2702 1033 sua
2734 985 3000 1032 meterent
3020 976 3286 1033 carnalia.
3304 975 3585 1046 Qui,quia
3604 976 3775 1045 praedi-

511 1081 637 1137 qum
665 1081 838 1138 grzeoe
875 1066 1079 1124 dicitur
1120 1066 1439 1134 aorasia’”,
1471 1067 1541 1121 ab
1570 1066 1719 1121 aditu
1765 1065 1897 1121 aditi
1930 1064 2107 1120 arceri
2210 1067 2340 1122 dicti
2371 1065 2633 1123 antistitis
2651 1066 2829 1122 nostri
2851 1067 2921 1100 ἠ
2942 1065 3773 1139 gloriabaturcousanguinitate,

514 1168 786 1229 stuperes,
813 1167 873 1213 ut
900 1166 1223 1228 putesceret,
1250 1158 1383 1229 quid
1422 1166 1610 1228 posset
1645 1156 1926 1212 fructuosa
1963 1172 2112 1212 mar-
2209 1159 2519 1231 pra'sertim'
2542 1158 2671 1230 quia
2700 1174 2827 1214 eum
2856 1158 3001 1230 apud
3033 1159 3281 1214 animum
3300 1157 3450 1230 regis
3468 1172 3581 1213 non
3606 1172 3776 1227 parum

514 1250 653 1320 tyris
693 1249 845 1305 ﬁdes;
874 1247 1068 1305 Stabat
1092 1250 1291 1316 adhuc,
1332 1260 1393 1305 ut
1423 1249 1557 1316 dixi,
1585 1249 1838 1319 quamvis
1865 1249 2110 1318 longaeva
2209 1251 2636 1307 valere‘videbat
2664 1251 2864 1308 intima
2889 1250 3285 1317 familiaritate,
3308 1250 3574 1322 regisque
3608 1263 3777 1320 regum

513 1349 786 1398 vetustate
808 1343 1155 1410 cnnvulsum,
1177 1342 1358 1399 simile
1378 1343 1493 1413 jam
1517 1342 1755 1409 cadenti,
1782 1341 1953 1396 immo
1972 1356 2112 1411 pene
2211 1344 2444 1416 gratiam
2471 1343 2847 1414 promeruisse
2873 1359 3000 1400 eum
3034 1343 3377 1399 intellexerat
3404 1356 3477 1398 ex
3506 1340 3577 1379 ἰ’
3612 1342 3783 1399 mundi

514 1430 626 1503 jam
655 1433 958 1505 lapsuram.
1000 1433 1096 1490 Set
1117 1433 1372 1505 quamvis
1412 1434 1575 1489 ruina
1599 1432 1886 1489 videbatur
1928 1431 2110 1489 inten-
2211 1436 2393 1491 cordis
2429 1435 2769 1503 sinceritate,
2796 1435 3009 1490 nullum
3036 1444 3161 1505 post
3193 1433 3367 1489 Deum
3411 1432 3642 1503 ejusque
3681 1448 3779 1487 ma-

515 1534 637 1582 tare
670 1526 996 1596 periculum,
1021 1534 1207 1581 tamen
1229 1526 1520 1597 prasentia
1551 1524 1638 1581 sui
1667 1525 1954 1596 antiquum
1988 1540 2112 1581 cre-
2211 1536 2351 1584 trem
2398 1543 2566 1598 quam
2611 1543 2737 1583 eum
2789 1526 2897 1584 sibi
2943 1527 3205 1584 heredem
3258 1525 3566 1596 subrogare
3593 1523 3778 1591 maluit,

514 1618 749 1673 debatur
780 1625 1170 1688 repraesentare
1206 1618 1540 1688 praesidium.
1587 1616 1857 1673 Caeterum
1887 1617 2109 1689 praesul,
2212 1620 2470 1691 idemque
2493 1618 2891 1676 monasterium
2918 1634 3021 1689 pro
3066 1618 3188 1689 ejus
3232 1632 3423 1674 amore
3451 1616 3569 1687 juri
3607 1624 3783 1672 sancta

515 1711 612 1781 qui
640 1711 708 1766 ad
734 1710 1196 1771 restaurationem
1220 1710 1406 1780 templi
1428 1718 1483 1764 et
1521 1710 1589 1765 ad
1611 1710 1795 1766 'omnia
1819 1726 1946 1781 qua:
1972 1725 2111 1767 usus
2146 1773 2183 1781 _
2212 1711 2496 1769 Mettensis
2519 1711 2781 1769 acclesia:
2800 1718 3130 1768 testamento
3154 1710 3444 1781 delegavit,
3471 1718 3530 1764 et
3545 1708 3782 1778 imperiali

514 1773 600 1859 vel
633 1803 803 1860 decus
825 1803 1084 1863 aecclesize
1112 1773 1362 1874 exigebat
1391 1801 1680 1857 induxerat
1700 1773 1967 1868 animum,
1992 1816 2113 1858 cre-
2145 1773 2191 1829 Β
2216 1805 2440 1861 decreto
2460 1805 2517 1860 in
2566 1816 2892 1875 perpetuum
2928 1773 3478 1872 conﬁrmavit'(955).
3527 1773 3780 1867 Ille-vero,

514 1895 653 1953 dens
705 1896 851 1967 quod
907 1912 1013 1952 non
1074 1896 1254 1952 solum
1308 1896 1364 1951 in
1410 1894 1741 1951 manufactis
1781 1896 2113 1953 habitaculis
2214 1906 2404 1969 utpote
2449 1898 2537 1954 vir
2594 1912 2705 1954 non
2778 1895 3072 1952 mediocris
3139 1892 3490 1966 prudentiae,
3535 1889 3657 1962 quia
3684 1906 3791 1947 non

514 1994 731 2042 constet
770 1987 970 2043 divinae
1014 1987 1382 2045 venerationis
1427 1988 1631 2055 cultus,
1662 1987 1921 2059 quodque
1955 1988 2131 2045 locus
2215 1992 2462 2064 ingratus
2508 1997 2647 2056 erat,
2705 1996 2860 2045 tanto
2902 1987 3072 2060 gratis
3112 1984 3373 2043 aeccles'ue
3413 1998 3535 2040 suae
3575 1983 3793 2053 praestita

514 2079 728 2134 nullum
751 2077 1115 2147 commendat,
1140 2088 1224 2136 set
1249 2080 1429 2152 magis
1450 2095 1553 2137 nos
1573 2081 1732 2136 illum
1756 2081 2113 2137 commenda-
2215 2084 2502 2151 beneficio,
2556 2099 2627 2139 ne
2664 2082 2716 2138 ei
2758 2090 2957 2153 praeter
2997 2088 3259 2137 aeternam
3309 2076 3785 2134 remunerationem
3856 2078 3866 2087 '

516 2187 661 2236 mus,
676 2172 814 2226 bene
833 2172 1016 2227 vivere
1040 2172 1087 2228 si
1111 2179 1448 2244 satagamus,
1477 2187 1586 2227 non
1611 2173 1794 2228 timuit
1814 2172 1945 2229 illud
1966 2176 2133 2228 evér-r
2204 2178 2379 2233 ‘etiam
2411 2177 2468 2231 in
2501 2175 2734 2231 terrenis
2766 2175 2984 2231 deesset
3019 2174 3185 2246 digna
3218 2170 3584 2237 vicissitudo,
3630 2170 3785 2224 villam

515 2269 631 2319 tere
644 2261 912 2329 funditus,
929 2263 1180 2333 quamvis
1196 2263 1410 2318 animos
1421 2263 1977 2319 etoculosoﬁ‘enderit
2000 2264 2120 2335 plu-
2218 2287 2333 2328 sua;
2371 2271 2602 2327 ditionis
2630 2270 2807 2326 cidem
2835 2268 3153 2341 contiguam
3196 2268 3342 2332 loco,
3370 2262 3679 2320 Hasteriam
3705 2278 3788 2318 vo.

515 2353 1273 2424 rium,quasiquitulissetde
1301 2355 2118 2427 medioevidensdivinrepropi.
2218 2364 2435 2432 mbula,
2462 2378 2591 2420 cum
2640 2360 2935 2434 apendiliis
2983 2359 3101 2417 suis
3149 2356 3327 2415 eidem
3366 2355 3658 2427 conjunxit
3694 2369 3790 2410 cut-

514 2447 756 2502 tiationis
770 2446 1022 2503 inditium
1033 2490 1046 2514 ,
1059 2457 1113 2503 et
1126 2464 1369 2519 praasens
1382 2450 1704 2505 meritorum
1717 2450 2121 2525 prothomarty—
2219 2456 2406 2512 nobio.

515 2538 593 2595 ris
626 2539 1021 2595 testimonium.
1047 2540 1449 2598 Exadificatam
1476 2542 1643 2616 igitur
1663 2544 1963 2600 tecclesiam
1992 2543 2135 2600 libe-'
2292 2548 2344 2605 7.
2386 2546 2492 2613 Qui
2517 2547 2618 2602 viri
2644 2562 2708 2601 ea
2753 2551 3064 2615 tempestate
3090 2541 3422 2598 claruerunt.
3475 2537 3612 2594 Iure
3637 2535 3791 2593 felicia

515 2629 703 2684 raliter
735 2631 1138 2688 accclesiasticis
1168 2635 1506 2690 ornamentis
1531 2636 1839 2703 honoravit,
1873 2635 2119 2694 donariis
2220 2640 2449 2696 dixerim
2479 2638 2696 2695 Ottonis
2743 2646 3013 2707 tempora,
3052 2649 3181 2691 cum
3209 2633 3376 2688 claris
3404 2630 3727 2704 praesulibus
3746 2636 3793 2683 et

519 2719 748 2790 insuper
782 2718 1038 2791 pretiosis
1075 2724 1447 2795 locupletavit,
1476 2728 1678 2797 partim
1702 2741 1734 2782 a
1763 2741 1825 2783 se
1850 2726 1973 2798 ipso
2001 2728 2119 2784 col-
2220 2732 2560 2804 sapientibus
2587 2730 2723 2786 viris
2752 2744 2843 2785 res
2875 2727 3094 2799 publica
3124 2726 3198 2783 sit
3221 2725 3546 2790 τθΐοηηθῐδν
3581 2738 3680 2794 llax
3704 2735 3791 2776 α’

518 2812 670 2880 latis,
702 2811 911 2886 partim
939 2816 1025 2871 sui
1056 2818 1263 2874 amoris
1291 2818 1467 2889 gratia
1488 2819 1561 2874 ab
1584 2818 1943 2890 optimatibus
1964 2820 2121 2893 regni
2221 2824 2512 2881 clesiarum
2560 2827 2886 2887 restaurata,
2936 2819 3199 2874 honestas
3233 2814 3537 2887 religionis
3580 2812 3792 2868 redinte-

524 2906 788 2963 zecclesiae
808 2907 903 2963 Dei
926 2908 1145 2973 oblatis,
1171 2915 1228 2963 et
1249 2909 1522 2978 pmcipue
1543 2924 1575 2964 a
1602 2908 1980 2971 munificentia
2008 2911 2122 2983 glo-
2223 2926 2399 2989 grata.
2433 2915 2564 2971 Erat
2586 2914 2772 2970 videre
2808 2922 2864 2968 et
2892 2927 2953 2967 re
3001 2910 3121 2983 ipsa
3162 2908 3420 2980 probare,
3460 2920 3654 2961 verum
3692 2916 3795 2958 esse

524 2998 659 3053 riosi
698 3001 919 3057 caesaris
958 3000 1177 3056 Ottonis
1214 3000 1445 3071 ejusque
1499 3000 1751 3074 conjugis
1784 3001 2122 3073 Adbeleidis,
2223 3010 2355 3068 illud
2390 3008 2741 3081 philosophi:
2771 3006 3108 3062 fortunatam
3142 3019 3266 3060 esse
3292 3016 3411 3058 rem
3431 2999 3722 3071 publicam,
3753 2996 3794 3055 si

523 3090 686 3161 cujus
704 3092 816 3146 vita
858 3092 1028 3149 nichil
1069 3093 1216 3149 aliud
1252 3093 1356 3149 fuit
1384 3093 1492 3150 nisi
1513 3095 1795 3165 exemplar
1817 3095 2038 3164 pietatis
2066 3104 2123 3152 et
2153 3161 2187 3172 Α
2223 3102 2311 3157 vel
2358 3115 2514 3172 reges
2542 3104 2817 3169 saperent,
2858 3096 2945 3152 vel
2994 3100 3289 3166 regnarent
3334 3091 3636 3162 sapientes.
3668 3086 3793 3141 Prae-

523 3182 814 3240 castitatis.
861 3183 955 3241 Set
980 3193 1037 3242 et
1070 3185 1243 3258 gloria
1270 3185 1611 3258 posteritatis
1639 3161 1851 3253 eorum,
1878 3191 2006 3245 Otto
2025 3189 2118 3259 ju-
2147 3161 2189 3219 θ
2222 3206 2379 3251 erant
2404 3161 2549 3250 evnim
2576 3161 2780 3265 populo
2800 3161 2956 3260 regni
2978 3161 3090 3245 non
3112 3161 3510 3251 mercennarii,
3526 3191 3610 3240 set
3630 3188 3796 3253 pasto-

524 3274 668 3342 nior,
715 3276 770 3330 in
814 3276 919 3332 bac
946 3277 1197 3350 largitate
1236 3294 1348 3335 non
1372 3278 1478 3336 fuit
1499 3278 1748 3336 inferior.
1799 3279 1941 3348 Quia
1969 3281 2117 3337 enim
2221 3302 2310 3343 res
2335 3282 2650 3342 clarissimi.
2679 3281 2826 3338 Inter
2850 3295 2991 3353 quos
3024 3279 3225 3335 merito
3251 3277 3338 3335 sui
3365 3275 3570 3332 lucidis
3596 3285 3795 3344 compa-

522 3364 699 3423 tldelis
727 3367 1122 3439 paterfamilias
1145 3371 1556 3428 thesaurizabat
1592 3388 1703 3428 non
1745 3372 1875 3440 sibi,
1909 3382 1995 3429 set
2019 3374 2121 3430 (ιο-

525 3459 744 3516 minica:
777 3459 1001 3518 familia:
1022 3464 1335 3533 commodo,
1366 3472 1429 3519 ut
1447 3463 1604 3521 daret
1639 3463 1749 3521 illis
1769 3464 1938 3521 tritici
1964 3481 2122 3522 men-

522 3566 716 3607 suram
742 3552 800 3608 in
830 3560 1077 3626 tempore
1095 3563 1392 3625 oportuno,
1422 3555 1798 3615 collaborabat
1816 3556 1976 3614 bona:
1998 3557 2122 3629 ejus

524 3644 817 3701 intentioni
846 3647 1018 3703 multa
1041 3646 1283 3704 fidelium
1305 3647 1512 3705 Christi
1532 3650 1773 3706 devotio.

2222 3377 2426 3434 randos
2469 3376 2777 3449 syderibus,
2808 3373 3126 3430 nominatus
3173 3380 3229 3428 et
3268 3385 3413 3441 saepe
3450 3365 3796 3425 nominandus

2223 3468 2317 3524 ille
2353 3473 2671 3537 magnatum
2695 3464 2995 3531 maximus,
3023 3462 3211 3517 Bruno
3245 3459 3519 3518 archidux
3542 3458 3611 3491 ’⁸⁷
3638 3464 3691 3514 et
3717 3470 3794 3509 ar-

2222 3559 2628 3631 chiepiscopus,
2655 3558 2806 3616 velut
2837 3554 3035 3612 lucifer
3059 3553 3367 3610 matutinus
3402 3549 3645 3607 micabat
3672 3546 3793 3603 ruti-

2222 3652 2329 3708 lus.
2357 3649 2492 3707 Post
2514 3665 2642 3705 eum
2665 3647 3001 3705 Deodericus
3026 3653 3236 3712 noster,
3262 3642 3528 3699 mcclesim
3557 3639 3795 3712 regimen,

592 3739 647 3794 6.
689 3739 768 3793 De
791 3742 1183 3795 constructione
1207 3738 1653 3797 Waltiodoremis
1675 3742 1897 3798 canobii
1943 3743 2117 3815 (954).

527 3830 600 3886 Ut
647 3832 716 3887 de
765 3833 957 3890 multis
988 3849 1164 3890 unum
1196 3834 1532 3905 inseramus,
1567 3834 1672 3891 fuit
1697 3851 1762 3892 ea
1801 3844 2124 3907 tempestate

525 3939 715 3979 comes
748 3925 974 3995 quidam
1000 3923 1303 3981 nobilitatis
1330 3926 1504 3997 gloria
1525 3926 1889 3995 clarissimus,
1912 3928 2122 3985 sancti-

528 4016 658 4073 tatis
692 4018 1000 4074 reverentia
1028 4008 1526 4088 nominatissimus,
1551 4020 1729 4076 eidem
1758 4022 1901 4092 patri
1931 4030 2123 4079 nostro

526 4121 727 4177 genere
756 4108 1129 4179 propinquus;
1161 4124 1364 4165 nomen
1389 4119 1509 4167 erat
1539 4111 1592 4168 ei
1632 4110 1908 4170 Elbertus.
1937 4112 2012 4183 ls,
2034 4122 2121 4170 ta-

530 4205 654 4253 ctus
689 4196 956 4254 instinctu
991 4198 1233 4257 caelestis
1259 4201 1537 4272 desiderii,
1581 4203 1911 4274 posthabere
1956 4205 2126 4276 cepit

530 4288 716 4344 omnia
747 4304 873 4360 qua:
904 4291 954 4346 ei
984 4292 1367 4351 habundanter
1385 4295 1705 4352 arridebant
1729 4296 1955 4368 pellacis
1981 4313 2120 4370 gau-

527 4380 619 4436 dia
648 4382 862 4449 mundi,
885 4383 1171 4457 indignum
1207 4386 1437 4455 ducens,
1469 4402 1570 4459 pro
1591 4387 1714 4458 ejus
1740 4388 1901 4444 lucro
1925 4388 2125 4445 animae

530 4489 646 4530 sum
666 4474 1055 4533 detrimentum
1100 4470 1233 4548 pati.
1263 4477 1368 4547 Qui
1408 4480 1734 4553 legationem
1778 4481 1974 4537 salutis
2008 4496 2125 4538 suae

2226 3760 2377 3817 regni
2419 3743 2695 3809 columen,
2723 3739 2944 3798 virtutis
2986 3737 3286 3810 specimen,
3326 3734 3538 3806 passim
3584 3729 3796 3788 nominis

2223 3839 2312 3895 sui
2341 3835 2861 3911 spargebatlumen.
2889 3831 3135 3888 Treviris
3166 3828 3456 3898 aurigabat
3475 3840 3694 3883 currum
3716 3821 3794 3877 Dei

2223 3927 2514 3985 Ileinricus
2536 3927 2627 3995 ⁸⁸⁸,
2650 3934 2777 3998 post
2802 3940 2929 3981 eum
2960 3922 3260 3995 Egbertus;
3296 3920 3394 3992 qui
3424 3920 3589 3990 cujus
3617 3915 3794 3973 sancti-

2222 4023 2353 4079 tatis
2377 4020 2585 4077 fuerint
2624 4020 2674 4077 si
2706 4019 2833 4090 quis
2870 4018 3106 4090 iguorat,
3145 4015 3307 4072 facile
3341 4013 3586 4070 inveniet
3621 4027 3658 4067 aa
3686 4009 3786 4080 qui-

2223 4115 2329 4171 bus
2351 4114 2545 4171 discat.
2598 4112 2799 4169 Leucis
2833 4119 3067 4183 preerat
3088 4108 3386 4175 Gerardus,
3418 4105 3648 4162 Virduni
3675 4102 3796 4159 anti-

2224 4205 2404 4263 stabat
2420 4201 2767 4269 .Wicfridus;
2799 4200 2896 4273 qui
2933 4200 3122 4272 quales
3170 4197 3398 4264 fuerint,
3423 4196 3513 4252 vel
3547 4195 3666 4251 hiut
3696 4206 3785 4264 po-

2222 4302 2329 4351 test
2380 4293 2534 4361 sciri,
2575 4292 2706 4364 quia
2726 4291 2948 4369 collegae
2995 4289 3218 4346 fuerunt
3258 4287 3428 4359 hujus
3459 4285 3637 4344 nostri
3669 4282 3790 4338 Deo-

2223 4386 2420 4454 derici,
2452 4400 2520 4442 ex
2568 4384 2858 4455 disciplina
2900 4383 3110 4441 scilicet
3134 4380 3412 4438 Brunonis
3438 4377 3635 4447 incliti,
3658 4374 3801 4445 cujus

2224 4480 2392 4537 etiam
2444 4478 2656 4549 judicio
2703 4476 2772 4533 ad
2826 4475 3054 4548 gradum
3100 4474 3453 4546 pontificatus
3502 4474 3795 4527 meruerunt

530 4567 752 4623 mittens
780 4570 847 4625 ad
876 4582 1060 4643 regem
1104 4586 1232 4627 cum
1274 4572 1442 4643 duplo
1466 4548 1710 4630 exercitu
1762 4582 1954 4630 contra
1984 4574 2124 4629 sim-~
2154 4548 2201 4608 θ
2227 4548 2476 4642 provehi.
2541 4566 2719 4625 Porro
2762 4563 3067 4623 Wicfridus
3108 4579 3248 4621 usus
3305 4570 3393 4620 est
3453 4563 3514 4617 in
3565 4555 3795 4615 omnibus

528 4656 680 4727 plum
703 4667 954 4715 nostrum
986 4662 1319 4729 venientem,
1342 4661 1595 4719 idoneam
1622 4665 1767 4721 inter
1788 4681 1847 4722 se
1872 4673 1931 4721 et
1948 4664 2121 4721 Deum
2222 4668 2471 4731 prompta
2517 4673 2683 4729 opera
2726 4655 2978 4728 praesulis
3027 4653 3336 4719 Deoderici,
3387 4660 3446 4709 et
3474 4650 3704 4707 maxime
3742 4645 3793 4699 in

525 4750 690 4823 elegit
716 4752 1090 4810 mediatricem
1122 4755 1425 4826 piissimam
1454 4758 1704 4815 videlicet
1727 4758 1977 4826 Mariam,
2002 4758 2125 4829 ejus
2224 4748 2597 4806 construendo
2647 4746 2902 4803 οωηθῦίο
2948 4744 3125 4802 εαηαί
3168 4742 3328 4801 Pauli
3352 4738 3703 4798 confessoris
3744 4734 3793 4788 ίη

526 4838 799 4912 virginem
824 4843 1177 4914 genitricem;
1202 4855 1257 4901 et
1281 4845 1511 4917 cupiens
1532 4863 1640 4903 non
1665 4857 1880 4904 tantum
1916 4864 2014 4905 sua
2038 4857 2124 4904 set
2225 4841 2491 4899 suburbio
2516 4840 2869 4905 Virduncnsi,
2901 4853 2932 4894 a
2973 4853 3086 4909 quo
3122 4836 3290 4893 etiam
3315 4833 3639 4907 pretiosiora
3674 4841 3793 4886 auro

1854 4980 2087 5038 VARIAS
2127 4979 2534 5039 LECTIONES.

596 5094 672 5134 ἰδ
709 5094 999 5168 manus}.
1047 5096 1200 5151 addit
1250 5112 1268 5150 :
1312 5096 1380 5167 ‘Si
1429 5096 1553 5166 quis
1611 5096 1742 5168 quid
1795 5097 2143 5168 Asitraorasia
2172 5095 2394 5168 querit,
2458 5109 2525 5150 ex
2562 5076 2754 5168 verbis
2816 5091 2990 5168 sancti
3051 5088 3343 5168 Augustini
3404 5087 3611 5144 discere
3664 5091 3794 5154 pote-

529 5167 622 5234 rit,
675 5167 793 5248 qui.
821 5166 876 5221 in
922 5165 1064 5250 libro
1106 5159 1463 5250 questionuni
1512 5168 1568 5250 in
1624 5159 1807 5250 genesi
1864 5167 1962 5250 sie'
2005 5169 2083 5250 ait
2132 5159 2336 5250 :_Yiros
2366 5159 2652 5250 .ve‘ro.qui
2692 5159 3223 5250 erant‘adpstium
3281 5159 3481 5250 domus
3530 5168 3795 5250 per-citis:-

530 5226 661 5293 ruut
685 5226 930 5292 cecitate.
973 5226 1139 5292 Greci
1162 5239 1363 5292 habent
1391 5226 1797 5306 θοιοιιςίειξίμιοίι
1821 5253 1907 5292 ma
1950 5239 1997 5294 is
2032 5239 2306 5310 significat
2335 5237 2383 5294 si
2423 5236 2533 5290 alici
2560 5226 2741 5306 potest
2763 5232 3123 5296 avidenciam,
3148 5245 3257 5301 quc
3288 5228 3467 5312 faciat.
3487 5226 3593 5312 non
3617 5226 3794 5285 videri,

530 5321 641 5364 nan
665 5308 846 5362 omnia
876 5317 958 5363 set
979 5309 1125 5364 uuod
1149 5325 1291 5364 onus
1312 5318 1414 5363 est.
1442 5306 1552 5363 llac
1574 5308 1791 5362 aorasia
1813 5317 1869 5362 ct
1894 5256 1966 5364 iﬁi
1996 5310 2242 5364 percussi
2274 5317 2402 5364 sunt
2420 5307 2515 5364 aui
2536 5306 2841 5364 uuerebant
2866 5303 3175 5364 Helvseum.
3207 5299 3356 5357 Hanc
3376 5310 3432 5356 et
3453 5300 3531 5355 illi
3552 5299 3794 5354 abuerunt

1953 5311 1966 5363 i
1996 5299 2242 5380 percussi
2274 5317 2402 5365 sunt
2420 5307 2515 5378 qui
2536 5299 2841 5378 querebant
2866 5299 3191 5380 Helyseum;
3207 5299 3356 5357 Hanc
3372 5310 3432 5380 _ct
3453 5300 3531 5355 illi
3552 5299 3796 5380 algu-erunt

529 5321 641 5364 nan
665 5308 846 5362 omnia
876 5317 958 5363 set
979 5309 1125 5380 quod
1149 5325 1291 5379 opus
1312 5318 1414 5363 est.
1442 5306 1552 5363 llac
1574 5308 1791 5362 aorasia
1813 5317 1869 5362 ct
1894 5306 1966 5364 illi
1996 5306 2242 5380 percussi
2274 5317 2402 5365 sunt
2420 5307 2515 5378 qui
2536 5306 2841 5378 querebant
2866 5306 3175 5375 Helyseum.
3207 5306 3356 5357 Hanc
3376 5310 3432 5356 et
3453 5306 3531 5355 illi
3552 5306 3768 5354 abuerun

531 5378 625 5421 nili
659 5377 950 5421 Dominum
985 5388 1110 5421 met
1140 5378 1600 5421 mellrrpnninnnm
1628 5394 1753 5421 οιιιη
1791 5379 1884 5421 illn
1914 5382 2259 5421 smlnalnnlnu
2286 5381 2340 5421 in
2370 5380 2456 5421 vin
2488 5394 2596 5421 non
2625 5383 3018 5421 mannvm'ﬂnl.
3120 5373 3192 5408 ⁸⁸⁸
3214 5372 3420 5421 nostris
3442 5388 3490 5421 ι’.
3589 5368 3655 5402 θ’.
3676 5363 3768 5421 6”

1132 5377 1600 5481 lrisupraedonem
1628 5394 1753 5433 cum
1791 5379 1884 5434 illo
1913 5377 2260 5439 ambulantes
2286 5381 2341 5436 in
2370 5377 2459 5434 via
2488 5377 2597 5433 non
2625 5383 3018 5432 eoonovorﬂnt.

529 5446 604 5481 ⁸⁷⁸⁷
627 5449 888 5504 archidus
911 5466 956 5503 τ.
988 5446 1000 5450 ⁷
1036 5450 1106 5482 ’³⁸
1132 5450 1393 5505 henricus
1416 5467 1461 5502 c.
1734 5522 1739 5527 .
2052 5520 2261 5579 Νοτλε

3120 5373 3192 5408 ⁸³⁸
3214 5372 3420 5427 nostris
3442 5388 3490 5424 ι’.

604 5609 755 5686 (θξξ)
796 5609 1045 5686 Ὗεδδῗονν
1068 5612 1230 5686 βίων·
1258 5610 1712 5686 Νθῐηιξΐοθηεῖἢ-μ,
1846 5685 1853 5686 γ
2231 5609 2831 5686 (ἒὴύοιιηλνίιιοίοᾱριςε
2872 5608 3119 5686 pacliery
3299 5604 3465 5686 Elii,
3497 5620 3549 5675 p.
3593 5601 3707 5666 709,
3747 5606 3793 5652 et

607 5675 756 5753 (955)
797 5682 859 5735 A.
895 5675 1207 5753 illii,’Sept.
1259 5700 1381 5749 XIX,
1414 5682 1599 5739 lli-tuis
1638 5682 1857 5739 I'Ziliwrti
1898 5686 2120 5739 donatio
2234 5685 2408 5741 Vitam
2443 5682 2755 5739 Forannani
2786 5680 2987 5736 llabill.
3013 5675 3133 5734 Act.
3164 5675 3228 5743 ν,
3256 5692 3309 5747 p.
3338 5676 3462 5732 587-.

534 5752 607 5807 ab
630 5749 827 5809 Ottonc
864 5749 1181 5811 confirmata
1224 5764 1328 5822 est,
1359 5753 1525 5809 Mira-'1
1577 5754 1712 5824 Opp.
1768 5756 1805 5821 l,
1853 5756 1996 5821 255$);
2049 5756 2117 5811 cf.
