3908 6316
154 266 267 328 τω

1127 265 1286 322 VITA
1327 260 1696 321 DEODElthl
1735 259 2043 333 El’lSCOPl
2084 252 2499 318 METTENSIS.

147 394 216 440 et
250 381 454 454 topatio
500 397 624 438 ossa
678 379 853 437 sancti
902 381 1159 454 martyris
1202 380 1451 453 Gregorii
1487 376 1750 450 Spoletini
1782 383 1827 438 Α
1858 364 2157 449 ιῑιενΠεΙιμὲ
2178 394 2337 448 super
2369 376 2653 449 Helymum
2677 378 2748 434 ad
2770 379 3017 451 facienda
3047 397 3199 454 signa
3224 393 3276 440 et
3316 400 3440 458 pro-

147 474 498 547 impetravit,
526 490 650 544 quae
682 473 956 549 decenter,
988 482 1051 528 ut
1080 473 1243 528 hodie
1279 481 1364 528 est
1411 486 1655 537 cernere,
1693 469 1749 525 in

143 567 408 624 mcclesia
437 567 627 622 eadem
670 568 934 637 reposuit.
979 565 1203 622 Possem
1235 582 1522 623 recensere
1566 565 1750 635 plures

144 659 433 731 cujusque
466 653 679 714 ordinis
721 674 785 714 ea
836 666 1159 729 tempestate
1189 654 1451 730 insignes,
1490 665 1573 713 set
1620 656 1748 712 nolo

142 752 524 807 cxtzedientur
548 750 779 806 aliorum
810 759 1021 806 mentes
1055 748 1141 806 vel
1185 749 1366 805 aures.
1410 748 1503 804 Isti
1552 757 1749 820 praeter

141 860 252 899 eos
282 860 428 915 quos
456 844 600 898 fama
633 843 867 899 obscura
897 843 1163 911 recondit,
1188 842 1352 915 hujus
1378 842 1553 913 patris
1574 842 1746 898 nostri

139 936 615 1006 contemporales,
668 932 836 1005 aliqui
868 936 1030 991 etiam
1078 933 1526 1002 contubernales,
1576 934 1745 1004 aliqui

137 1026 529 1093 contribules;
561 1024 615 1081 hi
641 1025 862 1096 inquam
888 1022 1007 1097 ejus
1031 1026 1087 1080 in
1118 1027 1320 1082 bonum
1341 1033 1742 1097 cooperatores,

135 1115 199 1168 hi
233 1114 295 1169 in
344 1116 543 1171 castris
597 1114 805 1171 domini
862 1114 1101 1171 Sabaoth
1130 1115 1294 1187 hujus
1337 1114 1539 1188 egregii
1590 1122 1744 1169 ante-

133 1202 368 1277 signani
392 1206 545 1264 fuere
572 1207 997 1276 commilitones,
1026 1208 1081 1263 hi
1105 1224 1298 1263 omnes
1328 1205 1737 1273 succenturiati,

133 1296 195 1352 in
223 1299 347 1355 otio
380 1312 438 1355 et
463 1299 519 1355 in
567 1300 785 1373 negotio
833 1302 1018 1357 causis
1048 1301 1194 1373 regis
1234 1300 1480 1366 aderant,
1512 1297 1741 1369 ejusque

132 1399 404 1459 nepotem
429 1391 788 1449 Deodericum
828 1394 921 1448 alii
946 1393 1117 1464 patris
1146 1393 1372 1460 honore,
1415 1391 1506 1446 alii
1555 1389 1738 1446 fratris

132 1498 338 1538 amore
369 1485 601 1541 mirifice
634 1486 977 1541 excolebant.

207 1576 267 1631 8.
316 1576 395 1632 De
423 1587 587 1633 morte
614 1579 792 1633 domui
814 1579 1103 1634 Brunom’s.
1135 1578 1431 1650 Postquam
1461 1578 1608 1652 (956)
1635 1578 1736 1651 igi-

131 1676 231 1721 tur
259 1669 594 1727 venerabilis
615 1670 1062 1742 archiepiscopus
1095 1669 1280 1725 Bruno
1305 1679 1474 1725 totam
1512 1684 1734 1741 compo—

130 1766 339 1812 suerat
384 1757 841 1829 Lothtaringiam,
872 1759 1269 1830 Compendium
1312 1760 1554 1831 perrexit
1592 1776 1739 1816 com-

130 1850 436 1918 positurus
466 1852 627 1905 etiam
653 1851 965 1920 Franciam,
997 1852 1206 1907 habens
1234 1868 1421 1908 secum
1453 1852 1740 1909 consobri-

130 1957 278 1996 num
311 1959 476 1998 suum
503 1943 884 2011 Deodericum,
916 1945 972 1999 in
1014 1946 1233 2001 cunctis
1280 1945 1536 2016 operibus
1578 1945 1738 2001 benis

130 2034 534 2091 ﬁdelissimum
584 2037 910 2108 adjutorem.
965 2037 1103 2092 Eum
1149 2037 1351 2110 quippe
1403 2038 1472 2094 ab
1513 2038 1738 2093 exordio

129 2126 602 2184 incardinationis
650 2129 772 2200 ejus
811 2128 865 2183 in
914 2130 1174 2185 omnibus
1220 2118 1453 2201 negotiis
1487 2129 1740 2185 exibehat

130 2217 250 2271 sibi
279 2227 718 2288 cooperatorem,
747 2221 1080 2292 prtesagiens
1107 2237 1232 2275 eum
1255 2237 1481 2291 operum
1507 2236 1735 2277 suorum

130 2307 265 2365 fore
296 2308 653 2378 imitatorem,
685 2321 739 2367 et
772 2314 960 2384 gratiae
1004 2313 1333 2384 virtutisque
1376 2314 1480 2370 sibi
1527 2315 1737 2372 caelitus

127 2418 425 2477 concessa:
447 2420 557 2459 non
585 2405 748 2477 longe
787 2415 910 2477 post
951 2406 1229 2462 heredem.
1263 2405 1362 2461 Vir
1392 2423 1523 2479 ergo
1550 2409 1737 2479 pacifi-

129 2511 244 2550 cus
278 2496 472 2552 volens
495 2498 683 2551 vocari
710 2496 807 2555 Dei
838 2497 1007 2565 filius,
1063 2499 1193 2554 dum
1237 2514 1464 2570 operum
1507 2516 1735 2556 suorum

127 2586 304 2642 bona:
340 2590 807 2644 consummationi
844 2599 991 2646 esset
1035 2591 1295 2658 intentus,
1328 2591 1527 2647 decidit
1557 2592 1612 2647 in
1653 2593 1736 2649 le-

129 2688 293 2734 ctum
322 2681 571 2750 corporis
600 2682 896 2753 grav'edine
932 2682 1211 2751 detentus;
1258 2691 1312 2739 et
1346 2683 1533 2741 Remis
1560 2701 1737 2757 usque

68 2768 75 2773 ’
127 2786 452 2842 regressus,
495 2773 695 2829 ibidem
740 2773 1108 2831 invalescente
1150 2776 1472 2847 aegritudine
1518 2785 1602 2834 est
1643 2795 1734 2834 re-

136 2871 352 2918 tentus.
404 2862 659 2920 Sentiens
686 2865 871 2936 itaque
900 2867 1064 2922 finem
1094 2882 1254 2922 suum
1287 2883 1318 2922 a
1345 2867 1458 2923 Deo
1486 2868 1590 2924 sibi
1635 2885 1735 2925 no-

128 2952 364 3019 tilicari,
391 2969 794 3026 numerumque
823 2956 1036 3011 dierum
1071 2972 1297 3013 suorum
1340 2960 1731 3027 consummari,

1852 468 2002 538 digia
2046 467 2099 539 (Ι
2112 467 2154 545 γ
2176 468 2303 539 Reg.
2332 484 2393 535 ιι,
2422 471 2536 543 15),
2587 471 2668 527 sic
2713 487 2874 529 omne
2915 474 3219 546 spiritualis
3248 479 3439 550 gratia-

1848 560 2078 626 donum,
2104 574 2215 630 quo
2244 559 2555 616 Brunonem
2584 560 2680 616 Dei
2715 562 3074 635 insigniverat
3095 568 3289 637 gratia,
3333 568 3439 624 mi-

1849 653 2053 708 rareris
2088 650 2144 706 in
2187 651 2545 709 Deodericum
2591 653 2931 711 transfusum
2987 656 3053 711 ad
3099 657 3439 728 disponenda

1847 744 2000 817 regni
2022 745 2259 816 negotia.

1917 837 1972 891 9.
2013 836 2091 891 De
2126 837 2369 892 unanimi
2396 838 2735 909 fraternitate
2762 837 2891 893 deri
2914 839 3188 896 Mettensi;
3217 851 3267 896 et
3300 842 3440 897 Hal-

1847 924 2217 983 berstedensis.
2258 928 2390 984 Erat
2422 930 2553 986 huic
2576 930 2877 1001 imperialis
2907 931 3210 988 nobilitatis
3236 941 3291 988 et
3321 935 3439 1004 epi-

1845 1018 2080 1088 scopalis
2105 1019 2390 1091 dignitatis
2416 1022 2536 1077 viro
2569 1020 2717 1094 jugis
2753 1020 3036 1094 vigilantia
3067 1037 3233 1094 super
3270 1012 3439 1081 escu-

1843 1109 1962 1166 hias
1993 1112 2098 1167 sibi
2126 1113 2409 1169 commissi
2437 1115 2638 1186 gregis,
2685 1122 2805 1169 erat
2836 1105 3158 1185 propensior
3176 1132 3308 1171 cura
3337 1132 3438 1187 pro

1841 1202 2053 1258 honore
2082 1212 2135 1258 et
2165 1203 2413 1274 profectu
2447 1206 2717 1263 clericalis
2748 1207 2994 1275 ordinis;
3026 1208 3149 1263 ideo
3173 1209 3434 1280 quicquid
3452 1246 3494 1274 κ

1839 1310 2030 1350 eorum
2072 1297 2235 1353 saluti
2256 1288 2564 1356 conducere
2597 1294 2839 1367 videbat,
2863 1284 3153 1371 diligenter
3170 1316 3435 1371 procum—

1837 1387 1949 1443 bat.
2003 1386 2158 1445 Unde
2177 1390 2322 1446 inter
2370 1392 2567 1448 Caetera
2606 1392 2815 1448 clerum
2850 1391 3169 1448 Mettensem
3221 1403 3275 1449 et
3304 1394 3436 1449 Hal-

1836 1479 2266 1550 herstedensem,
2307 1483 2403 1554 qui
2446 1476 2669 1554 utrique
2709 1484 3026 1540 innituntur
3070 1493 3322 1555 patrono,
3352 1486 3435 1540 vi-

1836 1572 2078 1628 etorioso
2100 1573 2308 1630 scilicet
2329 1582 2734 1647 protomartyre
2768 1576 3069 1646 Stephano,
3108 1576 3182 1630 ita
3226 1585 3436 1633 mutuae

1836 1664 2084 1721 caritatis
2128 1666 2308 1721 univit
2339 1667 2571 1738 glutino,
2626 1676 2688 1722 ut
2729 1682 2824 1722 cor
2867 1683 3039 1722 unum
3087 1676 3142 1723 et
3189 1667 3431 1723 animam
3490 1673 3494 1676 ’

1839 1771 2005 1812 unam
2031 1757 2113 1813 eis
2140 1758 2453 1815 infunderet
2484 1758 2538 1813 in
2579 1758 2833 1826 Domino,
2866 1759 2917 1813 id
2942 1768 3028 1814 est
3052 1767 3112 1814 ut
3155 1760 3211 1813 in
3238 1774 3435 1829 corpo-

1839 1846 2048 1904 ralibus
2078 1859 2339 1919 perpetua
2386 1851 2468 1905 eis
2487 1858 2635 1931 esset
2663 1848 2969 1905 dilectionis
2997 1850 3332 1931 communio,
3375 1858 3432 1908 et

1839 1942 1903 1996 in
1952 1942 2337 2013 spiritualibus
2397 1929 2631 2000 indivisa
2678 1951 2824 1999 esset
2857 1942 3103 1999 caritatis
3133 1929 3454 1999 conneiio.‘

1838 2032 1994 2101 Quod
2023 2050 2123 2091 sua
2151 2035 2427 2092 initiatum
2458 2036 2762 2107 diligentia,
2795 2034 3132 2090 successoris
3161 2043 3217 2090 et
3260 2050 3430 2105 nepo-

1836 2126 1908 2182 tis
1938 2127 2024 2183 sui
2049 2128 2217 2184 bonae
2246 2128 2522 2184 memoriae
2550 2127 2910 2183 Adelheronis
2951 2126 3225 2197 supplevit
3264 2125 3430 2181 indu-

1836 2219 1991 2274 stria.
2021 2217 2158 2286 Quia
2183 2220 2328 2276 enim
2345 2219 2819 2277 llalberstedensis
2853 2219 3082 2276 antistes
3107 2219 3162 2273 in
3185 2218 3432 2275 celebra-

1835 2310 1985 2366 tione
2009 2312 2305 2368 missarum
2338 2314 2736 2385 sollempnibus
2763 2314 2954 2369 diebus
2981 2313 3238 2369 utebatur
3257 2314 3425 2385 logio,

1836 2401 1891 2456 id
1925 2410 2009 2457 est
2035 2403 2468 2477 rati0na1i(937)
2501 2405 2650 2476 quod
2683 2413 2769 2461 est
2790 2405 3052 2461 indicium
3083 2405 3347 2461 doctrina:
3373 2414 3430 2460 et

1835 2495 2102 2563 veritatis,
2132 2506 2493 2568 praerogatum
2516 2496 2777 2553 ascclesite
2798 2513 2913 2553 suae
2940 2513 3007 2553 ex
3028 2498 3247 2553 decreto
3274 2513 3429 2570 papa:

1834 2583 2070 2655 Agapiti,
2100 2587 2372 2659 suggessit
2393 2602 2492 2657 per
2510 2587 2795 2657 epistolam
2826 2587 3118 2657 praedictus
3157 2586 3426 2643 Adelbero
3455 2648 3461 2655 ε

1834 2673 2133 2733 Hilduardo
2158 2678 2417 2750 episcopo
2446 2677 2912 2746 Halberstedensi,
2942 2688 3006 2734 ut
3022 2679 3152 2750 quia
3183 2688 3340 2735 erant
3362 2680 3420 2735 in

1834 2768 2090 2824 omnibus
2102 2785 2295 2838 unum,
2311 2771 2747 2827 communicaret
2765 2771 2931 2827 etiam
2955 2771 3057 2827 sibi
3075 2772 3206 2828 illud
3231 2787 3425 2840 unum,

1833 2862 1978 2932 quod
2008 2872 2125 2918 erat
2150 2864 2254 2920 sibi
2276 2865 2474 2921 solum.
2506 2864 2812 2936 Respondit
2834 2866 2911 2920 illi
2931 2865 3180 2939 ille(9'58)
3207 2883 3221 2920 :
3246 2864 3425 2922 Unum

1835 2953 2179 3011 individuum
2210 2972 2352 3024 esse,
2386 2966 2469 3013 set
2507 2959 2636 3028 quia
2660 2958 2889 3013 unitatis
2930 2959 3135 3015 caritas
3157 2958 3295 3013 nihil
3333 2975 3426 3029 pa-

3337 271 3440 326 703
3530 242 3533 245 ’

130 3043 440 3116 sciensque
464 3047 595 3117 quid
622 3048 839 3104 deesset
872 3048 999 3115 sibi,
1048 3050 1367 3104 deliberavit
1395 3067 1579 3107 secum
1625 3052 1734 3107 ele-
1761 3082 1804 3140 ϐ
1837 3047 2074 3104 tiebatur
2099 3065 2321 3121 negare,
2356 3052 2529 3106 misso
2567 3051 2733 3107 simili
2781 3052 2911 3107 illud
2954 3067 3014 3108 se
3042 3053 3094 3107 ei
3126 3052 3430 3107 communi-

128 3133 378 3190 mosinis
400 3144 620 3205 peccata
654 3152 755 3192 sua
778 3138 1047 3194 redimere
1078 3148 1134 3194 et
1175 3139 1461 3196 thesauros
1504 3155 1634 3196 suos
1675 3142 1745 3197 in-
1769 3133 1804 3140 “
1835 3155 1982 3208 care,
2016 3158 2079 3196 ea
2111 3144 2391 3212 proposita
2417 3144 2750 3210 conditione,
2779 3152 2837 3200 ut
2864 3145 3041 3199 neutri
3071 3144 3260 3200 liceret
3287 3142 3427 3198 ulte-

128 3226 513 3298 gazophilatio
555 3229 681 3285 caeli
731 3231 1048 3298 recondere,
1084 3232 1294 3288 scilicet
1324 3234 1379 3287 in
1423 3249 1558 3289 usus
1590 3249 1730 3304 pau-
1834 3235 1952 3288 rius
1998 3233 2113 3303 jam
2163 3234 2261 3288 ulli
2296 3235 2556 3291 :ecclesiae
2597 3236 2732 3290 illud
2780 3235 3183 3304 transfundere,
3210 3245 3294 3292 set
3343 3236 3428 3291 Ine

127 3331 332 3386 perum
357 3325 414 3372 et
440 3319 813 3374 zecclesiarum
837 3319 1044 3377 Christi
1077 3323 1411 3393 expendere;
1442 3332 1497 3378 et
1526 3339 1733 3380 vocans

130 3408 203 3463 ad
236 3425 300 3463 se
330 3408 676 3481 refrigerium
707 3412 915 3469 doloris
947 3414 1032 3468 sui
1060 3422 1114 3469 et
1141 3415 1267 3470 vita:
1293 3415 1596 3486 mortisque
1636 3431 1730 3472 so-

127 3502 332 3556 latium
372 3501 750 3571 Deodericum,
800 3513 855 3561 et
899 3504 1543 3563 Virdunensem—nam
1588 3516 1643 3563 et
1682 3508 1730 3564 is

126 3603 340 3664 praesto
369 3602 572 3649 erat—
595 3595 944 3664 Wicfridum,
972 3613 1160 3653 coram
1200 3598 1282 3656 eis
1303 3598 1530 3654 dictavit
1559 3606 1613 3655 et
1656 3598 1730 3653 si—

127 3687 326 3759 gnavit
354 3695 743 3743 testamentum
790 3706 975 3755 suum,
1020 3706 1227 3761 eosque
1273 3690 1574 3748 sanctionis
1615 3706 1730 3747 suae

128 3787 307 3833 testes
327 3786 384 3832 et
411 3780 729 3834 testamenti
762 3780 850 3836 sui
895 3781 1087 3835 statuit
1122 3780 1538 3854 dissignatores.
1578 3782 1729 3839 Jam-

128 3884 244 3940 que
271 3869 605 3939 inpendente
625 3859 983 3928 tremebunda
1011 3872 1390 3945 dissolutionis
1424 3891 1539 3932 suae
1568 3876 1725 3945 hora,

127 3960 264 4017 nisu
294 3977 408 4032 quo
432 3971 645 4043 poterat
663 3964 731 4019 ad
771 3964 1023 4036 nepotem
1068 3983 1229 4022 suum
1277 3966 1640 4025 Deodericum
1667 3985 1728 4026 se

128 4064 486 4123 convertens,
525 4057 686 4128 eique
728 4073 799 4113 ex
847 4058 1188 4130 praecordiali
1233 4058 1428 4115 affectu
1471 4062 1728 4117 ultimum

126 4147 258 4202 vale
295 4147 530 4203 dicens:
569 4147 814 4216 Domine,
857 4150 1055 4221 inquit,
1102 4166 1217 4205 ora.
1261 4150 1388 4207 Mox
1438 4150 1632 4207 devote
1672 4160 1729 4208 et

130 4238 370 4294 confuse
402 4249 566 4317 cantu
590 4250 644 4296 et
676 4242 897 4312 planetu
924 4251 1255 4312 personante
1277 4241 1546 4310 omnium,
1579 4258 1725 4300 anno

127 4330 358 4387 Domini
389 4334 809 4404 nongentesimo
849 4333 1192 4406 sexagesimo
1219 4333 1432 4405 quinto,
1467 4336 1502 4391 5
1528 4334 1723 4391 Iduum

1833 3328 1955 3384 duae
1984 3328 2115 3384 solae
2142 3344 2367 3386 sorores
2411 3346 2524 3387 uno
2568 3340 2746 3403 patre,
2781 3346 2891 3386 una
2925 3338 3120 3399 matre,
3151 3347 3259 3386 una
3300 3347 3426 3402 ger-

1831 3421 2117 3490 manitate,
2151 3438 2264 3478 uno
2309 3425 2608 3494 gaudentes
2635 3432 2962 3496 protectore.
3006 3425 3184 3480 oculis
3233 3424 3426 3495 sponsi

1832 3528 1891 3568 se
1919 3522 2170 3584 aptarent
2192 3515 2389 3586 pudice
2429 3525 2483 3571 et
2504 3502 2824 3583 honorifice,
2846 3526 2903 3573 et
2931 3516 2979 3571 si
3008 3531 3118 3586 qua
3149 3516 3304 3569 alteri
3341 3516 3424 3569 in-

1832 3614 1977 3661 esset
2003 3609 2216 3663 macula
2243 3618 2338 3665 aut
2361 3624 2518 3681 ruga,
2544 3609 2770 3665 alterius
2798 3617 3103 3681 tergeretur
3132 3609 3216 3663 vel
3245 3609 3423 3665 corri-

1831 3708 2051 3769 geretur
2077 3701 2321 3757 dextera.
2354 3701 2748 3774 Expostulabat
2767 3712 2950 3757 tamen
2978 3717 3081 3773 pro
3112 3702 3219 3756 hoc
3250 3700 3421 3756 vicem

1829 3790 2116 3849 laudandae
2147 3795 2626 3864 remunerationis,
2649 3795 2770 3850 dari
2799 3795 3008 3851 scilicet
3023 3794 3287 3851 arcelesize
3309 3807 3427 3849 sua:

1830 3893 2038 3954 partem
2064 3887 2151 3941 vel
2174 3886 2457 3943 minimam
2486 3887 2771 3960 sanguinis
2798 3886 3279 3959 prothomartyris,
3325 3885 3423 3956 qui

1831 3977 2054 4048 sanguis
2078 3993 2206 4034 vera
2228 3980 2333 4036 ﬁde
2354 3981 2595 4036 creditur
2618 3980 2868 4051 pululare
2900 3979 2956 4034 in
2993 3979 3241 4036 :ecclesia
3265 3978 3420 4035 urbis

1828 4068 2124 4139 Mettensis,
2154 4080 2209 4127 et
2234 4073 2494 4144 reliquias
2514 4073 2765 4145 gloriosae
2789 4072 2995 4129 Christi
3035 4070 3264 4144 virginis
3286 4069 3422 4126 Glo-

1828 4160 2094 4219 desindis.
2164 4163 2341 4228 Unde,
2415 4166 2560 4224 sicut
2611 4181 2708 4236 per
2759 4165 3109 4221 Salomonem
3174 4163 3446 4226 dicitur:

1830 4251 2133 4311 Funiculus
2176 4257 2372 4327 triplex
2416 4257 2633 4329 diﬁicile
2656 4242 2927 4329 rumpitur
2956 4256 3155 4329 (Eccle.
3178 4250 3274 4324 'lv,
3306 4255 3419 4326 12),

1829 4344 1946 4401 haec
1984 4346 2102 4417 ipsa
2148 4347 2507 4406 fraternitatis
2550 4351 2888 4406 unanimitas
2930 4364 3106 4420 usque
3166 4349 3222 4402 in
3270 4363 3418 4419 pra:—

128 4422 409 4489 Octobris,
447 4425 611 4479 solvit
639 4434 848 4481 naturae
876 4427 1118 4481 debitum
1136 4469 1157 4494 ,
1176 4427 1318 4482 ocelo
1346 4426 1569 4484 mittens
1592 4431 1732 4500 gau-‘

1837 4452 1958 4494 sens
1984 4438 2311 4497 inconvulsa
2340 4442 2620 4513 utrimque
2653 4442 2970 4515 ﬁrmissime
2997 4448 3267 4497 servatur.

126 4514 311 4581 dium,
340 4515 546 4569 mundo
570 4516 886 4587 relinquens
902 4517 1206 4588 justicium.
1239 4518 1569 4576 Deodericus
1593 4536 1719 4577 cum

127 4605 462 4677 coepiscopo
513 4622 714 4678 corpus
744 4609 909 4664 amici
957 4607 1245 4666 Coloniam
1292 4613 1608 4682 reportavit,
1644 4621 1721 4668 te-

126 4706 467 4754 stamentum
497 4699 639 4754 clero
668 4707 716 4756 et
748 4700 959 4757 civibus
988 4704 1309 4775 resignavit,
1344 4704 1504 4761 ﬁdem
1546 4705 1716 4762 devo-

124 4790 469 4862 tionemque,
504 4809 669 4864 quam
716 4795 840 4850 vivo
883 4799 1227 4867 monstravit,
1255 4783 1418 4855 etiam
1462 4800 1718 4857 defuncto

126 4897 239 4935 non
274 4883 511 4953 negavit.
563 4885 765 4942 Dolens
808 4886 1105 4958 imperator
1129 4906 1188 4946 se
1214 4882 1383 4949 unico
1419 4895 1616 4950 solatio
1638 4895 1724 4950 vi-

123 4972 381 5041 duatum,
406 4974 659 5032 affectum
682 4994 844 5049 quem
880 4981 1117 5037 habebat
1139 4983 1193 5038 in
1224 4983 1448 5041 fratrem
1478 4986 1722 5043 transfu-

125 5064 207 5119 dit
234 5065 289 5119 in
315 5068 733 5125 consobrinum.
780 5070 980 5128 Dolens
1006 5075 1236 5131 antistes
1279 5091 1338 5132 se
1370 5077 1717 5147 superstitem

122 5175 249 5241 esse
274 5161 472 5217 anima:
495 5177 610 5218 sua:
643 5163 892 5225 dimidio.
923 5181 990 5221 ne
1017 5166 1194 5237 impar
1232 5177 1329 5223 aut
1350 5168 1606 5241 indignus
1631 5185 1722 5227 es-

1901 4528 1986 4585 10.
2049 4529 2128 4586 De
2180 4534 2389 4603 privato
2447 4534 2639 4587 honore
2696 4531 3032 4587 Memmium
3083 4531 3421 4601 pontiﬁcum.
3526 4587 3530 4590 .

1826 4619 2059 4679 Felicem
2079 4633 2308 4681 matrem
2324 4626 2623 4683 ecclesiam
2639 4634 2747 4680 tam
2763 4624 2907 4679 dulci
2929 4622 3124 4678 affectu
3145 4604 3381 4677 filiorum
3401 4624 3417 4678 !

1826 4714 2060 4785 felicem,
2112 4719 2358 4791 inquam,
2410 4718 2727 4775 Mettensem
2769 4717 2957 4773 urbem
2995 4714 3110 4771 tam
3143 4716 3260 4788 jugi
3291 4732 3421 4787 pro-

1822 4816 1987 4864 vectu
2040 4809 2461 4883 episcoporum!
2521 4809 2620 4866 Vix
2662 4810 2808 4867 enim
2869 4810 2997 4865 huic
3050 4824 3110 4864 se
3161 4807 3422 4880 praeferre

1823 4899 2100 4957 audebunt
2126 4901 2326 4974 aliqua:
2346 4902 2644 4959 Galliarum
2668 4903 2937 4970 civitates,
2984 4903 3131 4974 quod
3174 4903 3419 4974 potiores

1822 5005 1853 5044 a
1884 4990 1995 5046 Deo
2018 4995 2329 5065 acceperint
2350 4996 2680 5065 sacerdotes,
2704 4996 2793 5051 vel
2820 4994 3099 5051 nobilitate
3128 4995 3415 5059 clariores,
3478 5042 3482 5053 .

1820 5083 1906 5138 vel
1944 5087 2234 5143 sanctitate
2267 5088 2629 5154 illustriores;
2666 5090 2808 5146 unde
2836 5097 2890 5144 et
2930 5089 3152 5159 quidam
3184 5085 3414 5166 Metten—

1822 5174 1966 5229 sium
1997 5178 2339 5247 pontiﬁcum,
2365 5180 2614 5235 honorati
2641 5180 2782 5235 ultra
2810 5179 3083 5251 privatum
3114 5175 3412 5246 praesulnm

123 5257 207 5303 set
234 5238 382 5322 regis
411 5251 616 5317 animo,
651 5252 883 5311 fratrem.
914 5255 963 5308 ei
1002 5258 1428 5325 repraesentabat
1457 5238 1715 5315 fidelitate
1815 5238 2063 5336 modum,
2091 5238 2413 5343 plerumque
2441 5288 2471 5327 a
2509 5272 2637 5327 sede
2665 5238 2965 5343 apostolica
2994 5270 3101 5325 tale
3115 5238 3411 5324 consecuti

123 5348 178 5397 et
201 5343 493 5414 obsequio,
523 5354 577 5400 et
609 5344 752 5401 sicut
785 5346 1054 5417 scriptum
1079 5356 1165 5404 est
1192 5368 1207 5403 :
1233 5349 1509 5421 Requievit
1550 5352 1714 5422 spiri-
1808 5362 1944 5415 'sunt
1968 5360 2332 5433 privilegium,
2361 5363 2475 5420 sive
2496 5362 2566 5419 ob
2587 5362 2893 5419 sanctitatis
2916 5361 3169 5433 gratiam,
3197 5359 3315 5416 sive
3337 5358 3411 5416 οδ

1658 5488 1888 5549 ΝΟΤΕ.

196 5576 352 5719 ἕ956)
389 5576 467 5632 Ex
497 5576 755 5650 Ruotgeri
791 5576 915 5634 Vita
949 5578 1225 5636 Brunonis
1259 5596 1309 5635 c.
1342 5582 1530 5637 45-46.

219 5647 351 5719 937)
389 5646 568 5705 Vestis
608 5651 691 5705 vel
726 5658 1134 5713 ornamentum,
1166 5652 1231 5705 ad
1260 5651 1435 5707 instar
1468 5671 1528 5710 ra

219 5647 351 5718 937)
389 5646 568 5705 Vestis
608 5646 691 5705 vél
726 5658 1134 5713 ornamentum,
1166 5652 1231 5705 ad
1260 5651 1435 5707 instar
1468 5656 1573 5712 rati
1613 5671 1704 5710 1a-

124 5715 339 5777 lil'sive'
372 5720 525 5776 stolae
550 5720 749 5778 sunimi
772 5721 1071 5780 sacerdotis
1098 5720 1435 5778 Iudaeorum.

1896 5588 2047 5659 (958)
2086 5591 2150 5647 v.
2198 5590 2511 5649 llil’diwardi
2562 5589 2845 5661 epistolam
2897 5603 2985 5659 ap.
3022 5574 3298 5643 Labbeum
3352 5585 3404 5656 ι,

1812 5673 1867 5728 p.
1901 5663 2028 5717 682.
