3908 6316
576 238 682 296 705

1755 214 2122 295 εισεηεῐῐτι

2250 231 2682 290 MDLACENSIS
3666 245 3735 302 70l

565 348 871 407 nobilitatis
883 347 1369 419 gloriam,utsalva
1387 347 1784 418 metropolitani
1802 348 2163 419 subjectione,
2194 351 2240 410 Α
2270 346 2431 412 mari,
2475 346 2679 416 scripto
2707 344 2932 417 insuper
2963 352 3018 400 et
3048 343 3210 418 sigilli
3244 347 3424 420 regalis
3470 348 3738 424 impressiono

563 441 961 513 archiepiscbpi
979 440 1335 512 fungerentur
1349 439 1524 495 officio
1543 448 1598 495 et
1617 441 1842 496 honore.
1863 440 1940 495 Ex
1955 441 2157 513 quibus

561 530 775 601 primus
821 527 924 582 fuit
961 528 1220 597 antiquus
1256 527 1346 582 ille
1387 525 1662 594 Urbicius,
1713 535 1769 583 et
1815 528 1988 582 multo
2035 537 2158 598 post

560 632 807 693 tempore
831 619 1047 692 Pippini
1068 620 1214 691 regis
1237 635 1306 676 ex
1333 634 1526 675 sorore
1547 634 1715 690 nepos
1743 619 2154 692 Crodegandus,

559 721 616 769 et
661 722 786 783 post
807 728 932 767 eum
963 710 1385 782 Angelramnus,
1441 719 1497 766 et
1549 711 1686 766 alter
1731 711 1800 766 ab
1845 711 1938 765 illo
1968 709 2161 783 .Drogo

565 803 747 858 Karoli
800 803 982 873 Magni
1031 803 1376 873 imperatoris
1419 802 1606 870 ﬁlius;
1656 801 1818 886 Wa‘lo
1859 802 2025 858 etiam
2072 801 2158 858 vir

557 909 774 966 magna
818 894 874 948 in
926 893 1148 950 Christo
1195 893 1512 949 reverentia
1551 893 1701 965 pallii
1748 909 1912 950 usum
1958 893 2160 950 meruit

557 989 779 1044 decreto
801 986 1072 1042 Johannis
1110 1002 1294 1058 papa;
1338 995 1424 1043 set
1459 996 1515 1042 et
1555 986 1848 1043 Rotbertus
1876 995 2000 1058 post
2029 1002 2155 1042 eum

559 1078 957 1149 archiepiscopi
982 1079 1192 1148 accepit
1215 1078 1450 1149 insigne.
1481 1078 1577 1133 Set
1601 1093 1792 1134 omnes
1815 1078 1868 1132 hi
1894 1077 2157 1149 singulari

556 1185 675 1227 sua
699 1169 970 1240 dignitati,
997 1169 1184 1224 nonin
1208 1184 1501 1224 commune
1529 1168 1721 1224 matris
1756 1184 1869 1224 sua
1898 1168 2160 1224 acclesia

555 1259 907 1316 consulentes
929 1259 1145 1326 honori,
1188 1259 1243 1314 in
1278 1259 1473 1314 diebus
1501 1267 1714 1314 tantum
1734 1258 1860 1314 vita
1883 1273 1996 1314 sua
2037 1259 2155 1314 sin-

560 1350 672 1420 guli
725 1350 831 1404 hoc
887 1348 1174 1420 privilegio
1231 1357 1529 1419 potuerunt
1579 1349 1848 1404 decorari.
1909 1349 1974 1403 lli
2024 1365 2158 1406 vero

557 1445 754 1510 nostri,
797 1444 852 1499 id
884 1451 970 1499 est
999 1442 1332 1499 Deodericus
1359 1452 1416 1499 et
1440 1443 1729 1510 Adelbero,
1761 1443 1903 1498 hanc
1931 1443 2156 1500 honoris

556 1543 974 1616 praerogativam
1011 1542 1523 1598 thesaurizaverunt
1567 1557 1678 1597 non
1723 1542 1826 1598 sibi
1871 1542 2158 1598 dumtaxat

556 1636 1080 1706 inpraesentiarum,
1113 1643 1196 1690 set
1217 1635 1451 1705 posteris
1474 1642 1530 1690 et
1560 1634 1686 1690 filiis
1719 1636 1912 1690 matris
1945 1650 2059 1690 sua
2096 1633 2151 1689 in

2258 438 2387 494 fecit
2418 437 2782 494 corroborari.

2329 529 2416 584 12.
2460 529 2539 583 De
2570 528 2760 600 Spinal
2814 528 2965 601 (959)
3013 527 3218 583 castelli
3261 528 3334 583 re!
3379 536 3632 590 monasterii
3657 555 3740 592 cor-

2256 623 2566 675 structione.
2615 619 2714 677 Hic
2755 619 3070 676 dominicus
3119 619 3348 691 agricola
3388 637 3482 676 non
3509 625 3644 681 otiose
3663 631 3738 683 sol-

2255 710 2438 766 licitus
2466 726 2565 782 pro
2596 711 2776 777 vinea,
2803 723 2975 782 quam
3003 709 3384 782 paterfamilias
3411 713 3501 768 sibi
3524 714 3738 788 locarent,

2257 802 2446 858 sedulo
2468 817 2588 858 eam
2610 803 2859 873 putabat,
2885 800 3067 869 ligone
3085 803 3379 870 excolebat,
3395 804 3621 862 latamine
3639 811 3755 884 verbi,

2255 892 2650 964 impinguebat,
2699 902 2980 965 postremo
3010 893 3272 964 quicquid
3300 910 3426 950 usus
3451 896 3636 953 cultura
3666 902 3742 956 exi-

2256 984 2441 1056 gebat,
2475 985 2530 1039 in
2578 994 2822 1056 tempore
2869 985 3162 1052 exibebat;
3211 995 3486 1056 expectans
3517 988 3740 1060 denarium,

2253 1091 2319 1132 ex
2353 1091 2463 1147 quo
2496 1093 2620 1132 cum
2659 1076 2890 1133 Domino
2915 1087 3266 1134 convenerat.
3297 1076 3362 1133 Et
3392 1079 3506 1150 quia
3523 1083 3743 1140 secundum

2254 1167 2578 1238 Apostolum
2608 1166 2698 1240 (11
2727 1167 2866 1223 Tim.
2897 1185 2962 1236 tt,
2986 1168 3067 1240 6),
3099 1170 3428 1226 laborantem
3455 1173 3743 1243 agricolamde

2254 1257 2524 1314 fructibus
2567 1260 2804 1329 primum
2830 1259 3110 1332 percipere
3138 1261 3435 1331 oportebat,
3465 1271 3512 1317 et
3540 1265 3639 1333 quia
3659 1281 3744 1336 sup-

2254 1360 2447 1421 petunt
2488 1353 2660 1406 multa
2707 1352 3014 1407 sedulitatis
3055 1352 3177 1422 ejus
3220 1352 3434 1421 indicia,
3473 1371 3565 1409 non
3599 1357 3745 1412 videtur

2255 1443 2415 1499 nobis
2466 1443 2867 1498 numerandum
2917 1458 3041 1499 esse
3095 1444 3236 1499 inter
3281 1453 3549 1515 postrema,
3579 1448 3744 1516 quodin

2252 1549 2393 1607 pago
2417 1535 2896 1602 Calvomontense,
2921 1535 3129 1592 diocesi
3161 1535 3420 1604 'I‘ullensi,
3455 1538 3505 1592 in
3539 1537 3640 1592 villa
3667 1555 3746 1608 qua

2252 1642 2318 1682 ex
2374 1628 2642 1684 accidenti
2699 1628 3032 1684 rusticorum
3097 1628 3284 1701 lingua
3343 1627 3514 1698 Spinal
3557 1641 3744 1698 vocatur,

553 1734 878 1797 perpetuum
907 1744 921 1792 ;
970 1725 1178 1781 scilicet
1211 1741 1320 1780 non
1365 1726 1736 1796 temporaliter
1778 1727 1860 1780 vel
1900 1724 2157 1781 f‘astuosa
2188 1716 2231 1771 Β
2256 1720 2538 1775 castellum
2559 1720 2830 1776 exstruxit
2851 1721 2941 1786 9”,
2965 1722 3112 1792 quod
3133 1722 3376 1778 adificiis
3393 1731 3443 1778 et
3464 1723 3601 1779 rebus
3618 1741 3746 1782 neces-

551 1816 865 1872 eminentia
890 1816 1036 1872 illius
1063 1815 1328 1872 ambitum
1355 1816 1706 1887 accipientes,
1737 1825 1821 1872 set
1838 1831 1936 1887 per
1964 1817 2066 1872 hoc
2096 1831 2157 1872 se

555 1891 799 1982 suosque
843 1922 1192 1964 successores
1221 1907 1525 1962 ammoneri
1564 1907 1828 1974 volentes,
1863 1916 1922 1962 ut
1949 1917 2158 1978 quanto

553 2005 770 2053 caterts
823 2006 1150 2067 apparerent
1204 1997 1619 2066 eminentiores,
1667 2007 1820 2054 tanto
1871 1993 2157 2056 ardentius

555 2089 827 2145 instantes
868 2090 1132 2146 doctrina
1174 2099 1228 2146 et
1268 2090 1505 2157 veritati,
1556 2091 1900 2148 attendereut
1943 2093 2048 2148 sibi
2099 2104 2156 2149 et

555 2181 730 2253 gregi.
784 2179 978 2237 Nullus
1025 2182 1414 2250 interpretetur
1463 2181 1704 2248 sinistre,
1753 2182 1900 2253 quod
1949 2183 2154 2238 conﬁr-

553 2283 763 2330 matum
799 2282 884 2332 est
903 2275 973 2329 ab
994 2273 1352 2342 Adelberone,
1378 2275 1484 2330 hoc
1512 2288 1612 2330 nos
1635 2283 1824 2331 nostro
1854 2274 2154 2332 Deoderico

552 2368 864 2434 ascribere;
903 2366 987 2424 set
1014 2351 1274 2422 adtendat
1302 2366 1357 2420 in
1400 2367 1506 2422 isto
1546 2367 1832 2422 exordium
1861 2383 2062 2435 causa,
2097 2368 2152 2423 in

550 2458 647 2514 illo
677 2459 929 2515 effectum
963 2475 1166 2515 causa.
1196 2457 1294 2515 His
1315 2475 1383 2518 ex
1422 2469 1576 2530 parte
1613 2474 1711 2530 per
1733 2459 2051 2532 prolemsim
2080 2459 2152 2492 ⁹²⁹

548 2551 731 2616 dictis,
763 2559 942 2620 capto
967 2549 1320 2621 accingamur
1345 2550 1519 2620 operi.

623 2644 709 2696 11.
747 2642 826 2696 De
874 2643 1211 2696 immunitate
1249 2641 1751 2697 (ecclesiasticarum
1794 2644 2148 2714 familiarum.

547 2725 746 2783 Pastor
777 2739 964 2786 noster
1009 2733 1379 2802 nuncupative
1416 2731 1615 2800 bonus,
1651 2733 1896 2790 imitatus
1923 2735 2153 2808 vestigia

547 2820 698 2880 ﬁlius
754 2823 992 2893 pastoris
1045 2825 1138 2894 qui
1188 2825 1554 2881 essentialiter
1615 2834 1701 2882 est
1759 2827 1976 2893 bonus,
2040 2844 2150 2884 non

547 2915 845 2991 incubabat
893 2900 1022 2971 ovili
1073 2925 1133 2971 ut
1187 2917 1622 2984 mercennarius,
1673 2918 1769 2988 qui
1815 2917 2030 2990 fugiens
2059 2918 2154 2975 dat

545 3011 728 3068 locum
772 3008 1064 3065 invadendi
1109 3025 1239 3066 oves
1279 3010 1713 3078 insidiatoribus,
1752 3020 1836 3068 set
1860 3011 2151 3082 utrobique

2255 1812 2418 1868 sariis
2441 1811 2623 1884 Opime
2641 1813 2972 1880 honestavit,
2997 1815 3419 1887 propugnaculis
3437 1816 3553 1872 satis
3569 1819 3745 1886 munivit,

2255 1904 2424 1960 armis
2471 1914 2526 1960 et
2568 1904 2795 1960 armatis
2841 1904 3173 1962 sufﬁcienter
3225 1908 3460 1977 replevit.
3500 1906 3613 1975 Quia
3652 1911 3747 1964 enim

2253 1996 2440 2051 eadem
2501 1997 2651 2067 regio
2708 1995 3070 2054 infestabatur
3127 1999 3419 2070 inprovisis
3460 2009 3509 2055 et
3554 2001 3747 2055 continuis

2255 2086 2669 2144 incursionibus
2711 2089 3030 2159 pradonum
3071 2099 3124 2146 et
3156 2091 3568 2148 intolerabilibus
3604 2092 3748 2146 insidiis

2253 2180 2551 2247 latronum,
2581 2189 2636 2238 et
2666 2181 2939 2252 pracipue
2977 2183 3304 2239 calamitosa
3335 2192 3446 2238 erat
3472 2183 3542 2239 eis
3571 2183 3747 2237 vicinitas
3850 2180 3851 2252 1

2253 2271 2726 2344 Burgundionum,
2772 2275 2876 2330 hoc
2903 2274 2984 2330 eis
3005 2276 3263 2345 opposuit
3296 2276 3444 2346 quasi
3467 2274 3747 2330 firmissimum

2251 2363 2572 2434 repagulum
2620 2373 2676 2420 et
2720 2366 2911 2435 patria
2960 2365 3381 2436 inexpugnabile
3419 2365 3745 2420 firmamentum.

2255 2449 2350 2505 Sét
2379 2467 2568 2506 curam
2600 2452 2912 2507 animarum
2947 2468 3057 2507 non
3089 2452 3143 2506 in
3185 2453 3438 2509 secundis
3464 2452 3636 2507 habuit.
3660 2448 3748 2504 Nam

2250 2542 2445 2600 videns
2492 2545 2675 2600 locum
2734 2545 2928 2602 usibus
2987 2543 3160 2600 divini
3214 2545 3449 2601 satellitii
3493 2554 3670 2614 aptum,
3706 2539 3749 2594 ad

2254 2635 2518 2692 honorem
2547 2637 2748 2693 summi
2781 2635 2878 2691 Dei
2905 2637 3217 2692 construxit
3239 2638 3401 2692 etiam
3425 2633 3747 2695 monasterium,

2252 2727 2513 2800 delegatis
2552 2728 2621 2783 ad
2668 2728 3048 2785 sufficientiam
3093 2731 3316 2801 pradiis
3341 2739 3393 2786 et
3421 2743 3530 2806 qua
3549 2725 3750 2798 expetebat

2253 2820 2555 2876 necessitas
2585 2820 2720 2876 inibi
2751 2821 2862 2877 Deo
2890 2820 3300 2877 famulantium.
3340 2820 3608 2892 Inspirantc
3642 2816 3750 2872 etiam

2251 2901 2436 2984 magni
2477 2913 2694 2969 consilii
2728 2914 2942 2986 angelo,
2986 2929 3189 2986 corpus
3247 2912 3558 2972 sanctissimi
3586 2908 3749 2970 Goerici,

2252 3003 2585 3061 confessoris
2634 3005 2840 3062 Christi
2887 3016 2942 3064 et
2982 3007 3268 3065 Mettensis
3318 3004 3557 3079 episcopi.
3589 3004 3751 3058 levatum

546 3102 814 3158 assistens
856 3102 973 3158 suis
1021 3113 1393 3175 propugnator
1434 3102 1762 3172 indefessus,
1808 3105 1878 3160 ab
1904 3078 2146 3160 hostium
2177 3078 2218 3136 Ο
2251 3093 2318 3151 de
2364 3097 2608 3151 3300165“!
2663 3099 2839 3154 sane“
2888 3097 3302 3172 Symphoriani.
3352 3114 3467 3170 qua?
3508 3097 3594 3152 δίιθ
3629 3102 3689 3148 θεῖ
3719 3091 3751 3143 in

545 3196 844 3252 visibilium
877 3207 931 3253 et
962 3197 1316 3254 invisibilium
1345 3214 1442 3254 eos
1477 3207 1759 3254 tutabatur
1789 3198 2103 3255 incursibus
2130 3217 2145 3265 ;

547 3294 608 3341 ut
641 3303 769 3342 cum
819 3289 1074 3358 princeps
1119 3298 1403 3358 pastorum
1456 3299 1763 3360 appareret,
1795 3290 2149 3346 inmarcessi-

546 3382 711 3439 bilem
739 3383 925 3453 gloria
957 3399 1218 3439 coronam
1245 3385 1534 3454 acciperet.
1569 3385 1819 3441 Timebat
1846 3386 1992 3440 enim
2035 3399 2146 3439 non

545 3476 747 3532 surdus
789 3479 1007 3533 auditor
1045 3494 1236 3534 vocem
1283 3480 1486 3535 summi
1527 3481 1784 3552 pastoris,
1834 3481 1975 3536 iram
1997 3479 2148 3551 judi-

443 3606 452 3616 .
542 3566 802 3638 ciumque
824 3583 922 3638 per
954 3566 1353 3625 Hiezechielem
1381 3569 1453 3642 (c.
1483 3587 1670 3640 xxxrv,
1693 3571 1813 3643 4-6)
1833 3572 2146 3643 pastoribus

544 3657 866 3715 iutentantis
918 3659 1025 3727 his,
1068 3661 1164 3731 qui
1211 3662 1560 3733 semctipsos,
1625 3679 1736 3720 non
1779 3663 1998 3720 Domini
2025 3678 2146 3736 gre-

542 3767 685 3824 gem,
721 3763 975 3823 pascunt,
1014 3754 1109 3825 qui
1142 3771 1270 3811 cum
1306 3757 1627 3812 austeritate
1670 3765 1725 3812 et
1765 3758 2016 3830 potentia
2065 3759 2146 3814 eis

540 3841 917 3909 dominantur,
939 3844 1032 3912 qui
1061 3842 1294 3899 fortuna
1320 3845 1603 3917 pinguium
1625 3846 1951 3913 abutuntur,
1973 3847 2146 3904 imbe-

541 3931 824 3988 cillitatem
871 3933 1100 3989 exilium
1137 3945 1529 4006 aspernantur,
1575 3937 1669 4008 qui
1717 3954 1934 4012 gregem
1977 3940 2031 3995 in
2059 3940 2146 3996 di-

544 4024 890 4094 spersionem
918 4025 999 4080 vel
1031 4025 1442 4082 devorationem
1471 4029 1774 4084 bestiarum
1813 4030 1928 4102 agri
1957 4032 2142 4103 negle-

540 4114 725 4185 gentia
775 4103 876 4171 sua
927 4115 1081 4171 abire
1121 4118 1426 4188 patiuntur.
1479 4117 1747 4188 Quocirca
1800 4121 2144 4180 incessabilis

539 4219 668 4272 eum
691 4220 825 4260 cura
856 4207 1225 4276 remordcbat,
1250 4209 1417 4265 etiam
1460 4227 1561 4282 pro
1601 4211 1886 4292 laicalibus
1918 4211 2142 4273 familiis

540 4299 734 4356 uatris
778 4316 892 4357 sua
931 4310 1136 4358 sancta
1179 4304 1440 4361 acclcsia
1473 4314 1526 4362 et
1565 4316 1752 4363 contra
1777 4309 2140 4378 superborum

541 4390 890 4447 insolentiam
955 4394 1040 4448 vel
1109 4405 1402 4465 pravorum
1472 4397 1807 4468 injusticiam
1877 4401 2026 4482 juste
2087 4410 2141 4474 et
2171 4432 2219 4492 υ

538 4481 785 4552 potenter
826 4484 1109 4556 satagebat
1146 4501 1242 4542 eas
1282 4486 1486 4560 jugiter
1509 4488 1822 4558 defensare,
1865 4507 1932 4547 ne
1977 4501 2138 4548 nota-

538 4580 692 4628 retur
735 4575 1052 4646 prophetica
1093 4594 1269 4635 voce:
1312 4578 1482 4635 Canes
1540 4583 1696 4649 muti,
1751 4599 1855 4641 non
1910 4583 2138 4642 ualentes

537 4659 745 4719 latrare
775 4665 914 4738 (Isa.
947 4684 1059 4735 LVI,
1091 4669 1200 4742 10).
1233 4668 1344 4726 Nec
1365 4672 1669 4729 sufficiebat
1689 4674 1847 4730 bonae
1875 4677 2139 4733 voluntati

535 4757 661 4829 ejus
694 4759 982 4832 suffragari
1027 4764 1109 4820 eis
1159 4773 1374 4823 tantum
1410 4769 1487 4843 in
1533 4772 1980 4840 praesentiarum,
2031 4773 2138 4830 nisi

534 4849 702 4906 etiam
729 4851 863 4922 ipsis
882 4861 937 4908 et
957 4855 1192 4924 posteris
1215 4872 1408 4914 eorum
1426 4860 1737 4918 consuleret
1757 4863 1812 4917 in
1832 4873 2136 4934 posterum.

535 4939 822 5015 Siquidem
851 4961 921 5002 ne
949 4945 1166 5004 deesset
1199 4950 1281 5005 eis
1303 4959 1495 5008 contra
1518 4953 1859 5025 iniquitatem
1885 4956 2135 5027 judicum

532 5037 818 5093 auctorale
862 5039 1266 5099 acelesiastica
1303 5043 1570 5102 libertatis
1614 5047 1958 5120 suffragium,
1995 5049 2141 5121 leges

531 5128 865 5187 constitutas
906 5132 1014 5188 illis
1052 5148 1084 5188 a
1119 5134 1395 5206 prioribus
1434 5137 1654 5209 regibus
1681 5139 1764 5195 vel
1791 5141 2140 5212 pontificibus

531 5219 825 5292 diligenter
853 5225 1169 5296 exquisivit,
1198 5227 1505 5298 exquisitas
1553 5230 1609 5284 in
1652 5233 1939 5301 prasentia
1967 5233 2140 5303 impe‘

535 5315 741 5372 ratoris
772 5319 1040 5386 recitavit,
1087 5320 1347 5378 recitatas
1390 5322 1570 5378 edicto
1620 5323 1887 5394 imperiali
1940 5325 2141 5380 confir-

2249 3185 2517 3244 Suburbio
2570 3188 2820 3246 Mettensi
2847 3181 2868 3258 ,’
2921 3191 3206 3247 transtulit
3258 3192 3385 3247 illuc
3430 3205 3541 3246 cum
3584 3185 3752 3242 maximo

2247 3278 2560 3348 psallentio,
2606 3296 2732 3335 cum
2768 3280 2933 3352 digno
2979 3282 3110 3337 cleri
3158 3281 3442 3353 plebisque
3486 3277 3690 3349 tripudio,
3717 3280 3753 3324 ut
3850 3277 3851 3353 ξ

2249 3367 2471 3424 advena
2498 3377 2552 3424 et
2578 3369 2849 3442 indigena
2881 3371 3094 3427 ﬁdelem
3146 3381 3503 3444 protectorem
3547 3366 3750 3424 haberent,
3850 3366 3851 3444 ξ

2248 3460 2408 3530 cujus
2429 3461 2737 3517 interventu
2765 3471 2892 3518 vota
2919 3479 3220 3538 precesque
3248 3481 3378 3521 suas
3406 3461 3604 3518 auribus
3623 3455 3752 3511 Omni-
3850 3509 3851 3538 ξ

2248 3551 2483 3620 potentis
2514 3561 2908 3624 suggererent',
2956 3562 3011 3610 et
3053 3563 3115 3610 ut
3140 3555 3302 3612 locus
3322 3553 3568 3611 celebrior
3590 3548 3752 3605 babere-

2249 3650 2360 3711 tur,
2398 3653 2452 3700 et
2493 3651 2554 3700 ut
2579 3643 2869 3717 Oppidanis
2891 3648 2976 3702 vel
2999 3637 3275 3720 indigenis
3307 3659 3613 3705 commeatus
3634 3639 3750 3697 unde-

2248 3750 2484 3806 cumque
2526 3738 3028 3807 suppeditarentur,
3077 3755 3464 3811 percussuram
3508 3743 3689 3793 moneta
3705 3729 3751 3783 ibi

2248 3824 2365 3880 fieri
2415 3835 2470 3882 et
2517 3841 2820 3885 mercatum
2878 3831 3159 3901 publicum
3219 3831 3497 3888 constituit
3538 3822 3750 3883 calebrari.

2249 3915 2426 3972 Etiam
2456 3917 2563 3975 hoc
2589 3920 2809 3976 decreto
2854 3930 2908 3978 et
2953 3923 3133 3994 sigillo
3158 3923 3427 3995 imperiali
3470 3919 3648 3977 sancire
3679 3927 3750 3968 non

2245 4011 2614 4082 pratermisit.
2665 4011 2756 4068 Sic
2780 4013 2962 4069 locum
3006 4015 3181 4083 illum,
3211 4025 3273 4072 ut
3305 4015 3460 4071 hodie
3487 4021 3560 4070 est
3581 4020 3750 4068 rerum.

2246 4098 2530 4172 insignivit
2586 4103 2946 4160 sollemniter.
3017 4103 3174 4162 Unde
3240 4121 3416 4176 usque
3481 4106 3530 4159 in
3583 4107 3751 4172 [1W5
3850 4109 3851 4168 ἓ

2244 4191 2492 4262 patr-iota
2533 4193 2631 4261 illi,
2677 4195 2966 4266 prasentia
3010 4196 3186 4252 sancti
3220 4195 3543 4253 confessoris
3572 4186 3752 4256 suffragii

2243 4280 2452 4351 experti
2476 4281 2529 4335 in
2555 4284 3040 4354 oportunitatibus,
3065 4301 3268 4341 nomen
3291 4285 3384 4342 Dei
3408 4301 3498 4356 per
3513 4298 3615 4338 eum
3638 4280 3749 4333 bene-

2244 4371 2435 4428 dicunt
2461 4376 2833 4444 venerantius,
2859 4387 2913 4433 et
2939 4377 3087 4448 piam
3116 4378 3418 4448 provisoris
3442 4375 3518 4432 sui
3551 4365 3750 4428 Deoderici

2245 4460 2570 4519 industriam
2595 4465 2851 4522 laudibus
2871 4468 3126 4523 attollunt
3153 4467 3464 4523 instantius.

2316 4588 2403 4643 15.
2438 4587 2512 4644 De
2530 4589 2697 4659 jactis
2720 4591 3080 4662 fundamentis
3097 4592 3338 4647 basilica:
3356 4589 3518 4645 sancti
3551 4576 3747 4638 l'iucrulii.

2245 4681 2678 4739 Sucoedentibus
2702 4698 2834 4756 ergo
2871 4683 3032 4741 bonis
3078 4693 3135 4741 et
3176 4685 3354 4756 gratia
3395 4681 3484 4737 Dei
3520 4672 3750 4735 cumulante

2241 4775 2440 4846 gaudia
2495 4775 2729 4847 gaudiis,
2783 4774 2910 4832 Otto
2964 4775 3260 4846 imperator
3313 4774 3541 4829 ltalicam
3581 4757 3751 4823 secundo

2247 4875 2496 4936 νερθιθῐιε
2542 4869 2844 4940 regionem,
2873 4867 3046 4923 filium
3081 4883 3245 4924 suum
3291 4866 3392 4923 sibi
3434 4857 3747 4934 cognominem.

2248 4957 2391 5014 bona
2431 4959 2612 5016 indole
2656 4960 3039 5017 adolescentia
3067 4959 3261 5030 patriis
3289 4956 3568 5013 virtutibus
3589 4957 3749 5014 resp0||'

2248 5049 2487 5116 dentem,
2525 5051 2641 5122 jam
2687 5051 2896 5107 dudum
2939 5050 3272 5123 Aquisgrani
3302 5056 3516 5105 unctum
3539 5043 3584 5097 in
3606 5045 3747 5127 κςεωτ

2246 5141 2376 5199 fecit
2423 5144 2526 5200 sibi
2575 5147 2856 5202 concreari
2908 5147 3317 5218 imperatorem,
3368 5151 3446 5208 ιιι,
3479 5127 3749 5217 delegatur!

2245 5236 2501 5292 secundis
2536 5235 2750 5308 imperii
2772 5239 3041 5309 partibus,
3085 5237 3203 5308 ipse
3243 5234 3520 5304 indulgens
3555 5223 3746 5280 sentem"

2245 5327 2392 5397 quod
2427 5338 2712 5400 supererat
2731 5330 2827 5386 avi
2853 5339 3036 5401 ageret
3056 5326 3419 5401 tranquillius.
3443 5315 3577 5390 Quod
3599 5312 3748 5383 μω

1837 5436 2068 5492 VARle
2108 5437 2514 5496 LECTIONES.

614 5524 684 5556 ’³⁸
725 5527 765 5580 i.
791 5543 837 5582 ε.
869 5529 1164 5601 prolepsin.
1243 5531 1310 5563 ³³⁸
1352 5531 1585 5587 cstruxit
1616 5547 1662 5584 ι’.

2087 5593 2312 5649 ΝΟΤᾸἿ.

610 5680 763 5754 (959)
800 5681 1007 5759 Epinal.
