3908 6316
219 360 328 420 7οὸ

1180 353 1342 411 “TA
1375 351 1743 410 DEODERICI
1780 350 2090 408 EPISCOPl
2123 348 2541 408 METTENSIS.

3408 324 3513 409 706

211 505 371 548 anno
404 456 621 545 Domini
654 487 760 544 968
803 486 1134 559 conjicimus
1176 486 1325 558 (967,
1357 485 1484 542 Dec.
1536 485 1653 556 25),
1700 500 1811 556 quo
1839 486 1886 544 Α
1913 493 2224 539 nostrarum
2282 483 2706 552 munimentum,
2757 483 2830 540 ita
2884 484 2955 542 sit
2999 466 3185 542 etiam.
3213 488 3505 546 verborum

213 584 387 639 etiam
423 597 569 636 anno
588 580 734 652 jacta
789 578 1143 635 fundamenta
1171 579 1435 634 (ecclesia:
1469 578 1644 634 sancti
1675 577 1812 633 Vin-
1914 586 2228 634 nostrorum
2250 576 2692 648 probamentum.

209 671 408 738 centii,
445 687 513 727 ex
543 670 813 741 majorum
850 670 1056 741 scripto
1089 669 1480 740 comperimus.
1506 668 1573 725 Et
1600 684 1667 725 ne
1687 669 1814 740 quis

211 762 404 819 verbis
434 762 572 818 meis
595 761 842 834 deroget,
898 761 1017 832 ipsa
1071 760 1343 831 majorum
1391 760 1644 831 quamvis
1673 776 1812 831 pau-

205 854 447 911 cissima
467 854 627 910 verba
658 854 748 910 hic
769 854 1009 909 inserere
1033 853 1166 909 libet
1196 871 1210 908 :
1248 852 1401 907 Anno
1430 846 1813 909 incarnationis

207 945 502 1000 dominici:
545 930 671 1000 968‘
703 945 896 999 domno
952 944 1241 1000 Deoderico
1270 945 1520 1016 pontifice
1571 957 1814 1001 sanctam

206 1033 353 1090 hanc
397 1035 593 1102 sedem,
634 1052 738 1107 qua
783 1035 1083 1107 augustalis
1134 1035 1488 1107 amplitudine
1516 1040 1811 1109 sanguinis,

206 1142 319 1197 qua
360 1127 531 1180 animi
566 1128 760 1183 virtute
791 1136 947 1199 atque
972 1127 1241 1183 industria
1268 1127 1531 1200 singulari
1570 1130 1629 1183 in
1670 1132 1813 1185 omni

203 1236 398 1290 genere
456 1221 758 1276 studiorum
801 1222 1103 1294 egregieque
1137 1220 1401 1295 factorum
1444 1211 1620 1278 divine
1658 1233 1815 1294 atque

203 1309 464 1379 humane,
500 1311 708 1383 publice
743 1329 807 1367 ac
854 1314 1124 1383 privatim,
1150 1330 1357 1368 summa
1382 1330 1477 1384 ope
1506 1330 1569 1368 ac
1608 1314 1814 1386 magni-

202 1400 432 1470 ficentia
459 1402 688 1473 feliciter
713 1414 1020 1472 exornante,
1050 1421 1110 1459 eo
1131 1405 1343 1459 interim
1369 1403 1564 1459 Italico
1589 1405 1813 1460 delectui

193 1494 675 1550 sanctissimorum
703 1495 980 1551 individuo
1011 1497 1270 1552 comitatu
1299 1506 1667 1570 augustorum,
1712 1497 1811 1555 0t-

202 1586 354 1639 tonis
414 1585 630 1658 ejusque
671 1586 1048 1660 gloriosissimi
1094 1590 1368 1661 tequivoci,
1416 1591 1611 1661 patriis
1658 1591 1815 1663 digne

199 1677 502 1732 virtutibus
549 1680 931 1750 respondentis,
985 1681 1056 1736 ad
1102 1682 1200 1736 hoc
1229 1681 1586 1753 pulcherrimo
1630 1683 1814 1739 decore

198 1766 425 1837 imperii
449 1769 657 1826 domate
693 1770 964 1827 Adeleidw
993 1763 1251 1844 a'ugustw,
1281 1774 1389 1845 fere
1406 1791 1500 1845 per
1528 1776 1813 1830 triennium

1984 668 2254 724 Iohannes
2273 671 2570 741 episcopus,
2593 685 2771 725 servus
2814 684 3083 725 servorum
3117 670 3237 739 Dei,
3270 672 3511 729 dilectis-

1913 763 2048 817 simo
2067 761 2356 818 Deoderico
2374 761 2489 833 filio
2525 770 2704 816 nostro
2732 771 2931 818 sancta:
2961 761 3235 820 Mettensis
3257 766 3511 822 (ecclesia:

1913 855 2154 929 prcesuli.
2194 853 2326 910 Cum
2354 855 2411 909 in
2458 855 2748 909 exarandis
2781 854 2884 910 Dei
2915 854 3165 910 laudibus
3200 856 3379 912 debita
3414 874 3513 930 pa-

1913 949 2129 1007 storalis
2152 947 2405 1020 compulit
2426 948 2810 1003 sollicitudinis
2835 962 2985 1015 cura,
3008 964 3225 1020 qumque
3243 949 3314 1003 ad
3339 951 3511 1005 stabi-

1915 1043 2125 1099 litatem
2150 1042 2362 1114 piorum
2387 1041 2775 1113 dignoscantur
2795 1039 3058 1110 pertinere
3094 1038 3333 1095 locorum
3353 1041 3510 1096 uber—
3540 1080 3557 1089 -

1916 1136 2013 1189 tim
2042 1132 2397 1206 promulgare,
2429 1141 2480 1187 et
2503 1132 2811 1203 apostolicae
2860 1130 3217 1185 institutionis
3254 1132 3310 1186 in
3344 1133 3510 1202 privi-

1913 1227 2065 1298 legiis
2114 1235 2272 1297 atque
2332 1224 2555 1279 decretis
2604 1240 2828 1278 censura
2891 1222 3246 1293 confirmare:
3271 1223 3509 1279 convenit

1914 1333 2093 1388 nempe
2127 1333 2219 1371 nos
2258 1314 2548 1400 apostolico
2579 1316 2935 1371 moderamine
2962 1324 3151 1369 sancta
3188 1314 3509 1371 venerabilia

1912 1407 2049 1476 loca,
2086 1425 2205 1480 qua:
2239 1407 2442 1462 dudum
2472 1409 2684 1479 fuerant
2707 1407 2763 1461 in
2801 1407 2975 1462 ruinis
3007 1423 3299 1479 magnaque
3327 1406 3508 1487 inopia

1914 1516 1978 1554 ac
2016 1510 2326 1575 paupertate
2363 1498 2625 1571 degentia,
2657 1507 2947 1570 opportune
2976 1498 3244 1568 ordinare,
3302 1515 3392 1553 seu
3438 1499 3507 1552 ad

1914 1589 2184 1644 meliorem
2208 1590 2320 1644 sine
2350 1589 2511 1643 dubio
2530 1596 2729 1642 statum
2756 1587 3061 1659 perducere,
3085 1586 3381 1657 prcesertim
3416 1585 3507 1639 ubi

1912 1681 2012 1736 illa
2045 1690 2316 1753 petuntur,
2339 1696 2455 1751 qua:
2487 1696 2591 1733 non
2619 1679 2689 1733 ad
2716 1678 3049 1733 commodum
3086 1676 3392 1748 temporale,
3416 1677 3506 1731 sed

1913 1775 1983 1827 ad
2010 1783 2311 1844 perpetuam
2348 1772 2736 1843 providentiam
2768 1772 3031 1843 pertinent
3066 1768 3234 1824 Deum
3276 1770 3507 1827 servien-

199 1860 502 1929 snilitante,
542 1866 839 1935 sumptibus
868 1883 923 1920 se
949 1840 1125 1938 dignis
1166 1877 1215 1922 et
1246 1840 1417 1939 copiis
1450 1871 1618 1923 tocius
1652 1870 1811 1941 hujus
1843 1840 1888 1902 Β
1916 1840 2049 1920 tium
2086 1840 2410 1931 animarum,
2452 1863 2657 1918 scilicet
2694 1872 2751 1917 ut
2769 1840 3095 1917 venerabilis
3124 1844 3307 1929 locus,
3352 1863 3443 1933 qui
3472 1880 3506 1917 a

197 1959 413 2005 sancta:
436 1951 657 2022 fabricte
684 1970 749 2008 ea:
772 1956 1068 2026 novojacta
1089 1966 1211 2011 sunt
1233 1958 1603 2029 fundamenta.

280 2040 373 2095 14.
414 2040 493 2097 De
530 2044 869 2101 immunitate
915 2046 1019 2101 loci
1059 2048 1126 2102 ab
1174 2048 1462 2119 apostolico
1505 2049 1807 2119 iinfetrata.

199 2129 515 2191 Providens
540 2136 706 2192 etiam
732 2150 1001 2211 angustus
1024 2142 1388 2214 propaganda:
1411 2142 1695 2214 sanguinis
1723 2144 1809 2199 sui

202 2227 570 2295 successioni,
615 2229 966 2301 desponsavit
998 2232 1112 2288 lilio
1146 2249 1247 2289 suo
1276 2230 1611 2304 Tlicopbanu
1641 2235 1809 2290 tiliam

204 2314 561 2387 imperatoris
594 2319 1206 2395 Constantinopolitani,
1257 2325 1418 2397 eique
1467 2323 1656 2383 Roma:
1702 2343 1809 2382 nu-

204 2409 354 2478 ptias
402 2410 699 2467 celebravit
749 2415 1154 2486 magniﬁcentia
1196 2417 1471 2487 imperiali
1524 2419 1637 2489 (an.
1680 2418 1808 2486 972,

200 2499 383 2570 April.
424 2500 535 2572 Η).
577 2501 716 2560 Huic
746 2505 977 2563 delectui
1015 2518 1069 2564 et
1117 2509 1204 2566 liis
1242 2509 1596 2581 disponendis
1624 2528 1808 2567 rerum

203 2592 570 2663 gerendarum
600 2598 833 2669 negotiis
858 2601 1188 2657 venerabilis
1228 2602 1427 2673 praesul
1457 2601 1807 2681 Deodericus,

202 2692 266 2737 ut
295 2686 755 2758 praeseripsimus,
791 2690 933 2748 inter
954 2693 1163 2762 primos
1187 2694 1495 2766 pracipuos
1528 2695 1807 2766 intererat,

202 2776 301 2846 qui
352 2776 496 2833 sicut
524 2795 744 2852 genere,
779 2781 1044 2856 dignitate
1082 2794 1137 2841 et
1164 2786 1336 2857 gratia
1381 2788 1513 2843 nulli
1561 2788 1805 2859 cedebat,

200 2863 432 2935 perinde
478 2868 609 2938 quia
650 2870 896 2928 consiliis
942 2890 1053 2929 non
1102 2872 1275 2931 futilis
1320 2886 1512 2931 auctor
1547 2886 1685 2944 erat,
1731 2877 1806 2933 ita

198 2954 352 3023 apud
402 2956 762 3029 imperatores
818 2970 873 3018 et
926 2963 1190 3020 domnum
1244 2969 1603 3037 apostolicum
1669 2970 1804 3023 nulli

200 3044 520 3105 inferiorem
555 3052 785 3122 gradum
813 3056 1046 3112 tenebat.
1096 3056 1224 3125 Qui,
1271 3059 1524 3130 quamvis
1572 3060 1804 3132 negotiis

201 3137 582 3209 imperialibus
602 3151 658 3198 et
677 3144 1086 3203 tecclesiasticis
1105 3163 1207 3219 pro
1226 3149 1483 3205 omnibus
1502 3159 1802 3221 occupatus

199 3239 341 3297 erat,
388 3239 569 3288 tamen
601 3244 761 3293 nocte
804 3238 1005 3310 dieque
1036 3240 1105 3295 ad
1132 3238 1408 3311 singulare
1452 3257 1611 3297 suum
1658 3243 1804 3299 desi-

198 3321 442 3392 derium,
495 3324 547 3381 id
564 3318 675 3383 'est
715 3329 785 3385 ad
831 3331 1298 3388 constructionem
1328 3333 1589 3389 aecclcsiae
1627 3336 1803 3391 sancti

199 3412 510 3486 Vincentii,
561 3420 749 3477 animo
795 3424 1132 3480 recurrebat.
1194 3423 1367 3496 Cujus
1422 3428 1804 3484 construenda:

199 3522 397 3562 curam
427 3511 782 3568 commiserat
803 3513 983 3569 abbati
1012 3514 1295 3572 Gorziensi
1322 3513 1601 3572 Odilberto
1625 3517 1799 3590 (940),

197 3597 324 3653 viro
344 3599 448 3655 sibi
477 3601 818 3659 amicissimo
845 3612 899 3660 et
918 3605 1101 3661 divina
1125 3615 1289 3679 atque
1310 3607 1546 3664 humana
1576 3610 1803 3677 scientia

201 3685 261 3741 in
291 3689 549 3747 omnibus
576 3694 1039 3752 nominatissimo.
1071 3695 1191 3768 Ipse
1233 3696 1451 3753 interim
1483 3708 1542 3755 ut
1580 3699 1698 3770 apis
1732 3700 1800 3733 ’"

199 3779 655 3852 prudentissima,
687 3784 780 3856 pio
804 3788 1078 3844 exercitus
1105 3788 1295 3846 labore
1341 3790 1633 3847 undeunde
1663 3808 1801 3848 con-

200 3871 451 3943 gerebat,
480 3868 625 3931 unde
656 3877 893 3935 alvearia
934 3896 1033 3936 sua
1079 3881 1332 3952 repleret,
1368 3884 1513 3939 unde
1541 3883 1801 3955 liquentia

198 3962 367 4018 mella
418 3965 666 4037 stiparet,
712 3970 858 4027 unde
905 3972 1071 4029 cellas
1111 3972 1321 4045 liquido
1348 3983 1568 4031 nectare
1592 3976 1802 4032 disten-

197 4052 377 4123 deret,
420 4055 477 4111 in
513 4057 715 4129 quibus
755 4075 909 4132 spem
952 4072 1156 4120 sancta:
1190 4064 1367 4136 gentis
1390 4065 1606 4121 adultos
1634 4065 1800 4125 fictus

196 4143 490 4215 educaret;
519 4158 574 4206 et
598 4158 659 4206 ut
679 4151 938 4224 ignavum
965 4170 1129 4226 pecus
1150 4172 1181 4211 a
1203 4157 1543 4226 praesepibus
1565 4166 1798 4226 arceret,

196 4236 383 4308 primo
421 4239 822 4300 immunitatem
851 4244 1027 4317 ipsius
1068 4247 1174 4303 loci
1217 4262 1249 4302 a
1293 4247 1439 4303 sedis
1487 4250 1800 4319 apostolica:

195 4328 435 4399 praesule
454 4328 704 4389 Iohanne
719 4334 1029 4407 impetravit
1047 4338 1159 4410 (an.
1186 4337 1337 4410 970),
1359 4347 1414 4395 et
1438 4339 1616 4394 locum
1647 4341 1702 4396 ill
1727 4358 1798 4397 :m

195 4429 256 4476 et
285 4422 470 4478 omnia
498 4439 621 4495 quae
654 4425 706 4481 ei
733 4429 1042 4486 contulerat
1073 4431 1176 4487 sub
1202 4431 1516 4501 apostolicae
1544 4432 1800 4490 tuicionis

195 4517 324 4568 seta
359 4516 783 4588 commendavit,
825 4528 881 4576 et
909 4521 1046 4578 clavi
1085 4522 1395 4579 insolubilis
1434 4525 1799 4582 anathematis

195 4604 277 4661 ita
306 4606 561 4678 signavit,
601 4617 663 4665 ut
705 4611 754 4667 si
802 4613 962 4685 cujus
989 4615 1254 4672 callosum
1300 4624 1490 4688 pectus
1523 4618 1800 4674 obtutaret

194 4696 275 4729 ὐ
314 4697 700 4758 obstinationis
744 4702 1081 4775 immanitas,
1115 4716 1176 4762 ut
1202 4723 1328 4763 eum
1361 4723 1392 4763 a
1422 4707 1677 4765 violentia
1710 4710 1796 4765 vel

197 4787 481 4858 injusticia
508 4802 711 4850 sanctae
737 4796 1001 4854 acclesia:
1029 4814 1131 4855 nec
1162 4799 1265 4855 ista
1301 4800 1598 4871 apostolica
1628 4800 1797 4859 retre-

194 4888 359 4937 naret
379 4881 723 4955 immunitas,
770 4889 952 4946 omnis
993 4889 1046 4946 ei
1098 4890 1153 4945 in
1202 4892 1475 4963 reliquum
1506 4902 1797 4966 negaretur

195 4973 517 5045 impunitas.
549 4976 627 5034 Ita
658 4980 744 5036 vir
781 4979 894 5038 Deo
931 4983 1185 5039 amabilis
1214 4984 1344 5041 dum
1394 4985 1510 5041 vult
1556 5002 1681 5042 esse
1729 4986 1796 5042 de

194 5066 319 5122 suis
343 5069 619 5138 securior,
666 5071 798 5129 dum
827 5074 947 5130 vult
984 5075 1153 5130 videri
1181 5076 1445 5147 propositi
1487 5076 1575 5133 sui
1600 5077 1794 5144 victor,

1829 4569 1877 4624 Ι)

194 5156 623 5229 aliquantulum,
669 5162 819 5233 quod
861 5178 998 5235 pace
1040 5164 1161 5235 ejus
1205 5164 1469 5234 dixerim,
1516 5165 1671 5221 visus
1713 5174 1798 5221 est
1834 5202 1837 5207 ς

194 5263 321 5304 esse
351 5252 611 5308 severior.
648 5252 930 5312 Ponamus
971 5270 1106 5329 ergo
1132 5273 1244 5328 prae
1272 5257 1448 5314 oculis
1491 5257 1622 5313 illud
1660 5272 1795 5328 apo-

1913 1956 2203 2012 Deoderico
2228 1955 2576 2011 dilectissimo
2613 1955 2730 2026 ﬁlio
2778 1964 2959 2009 nostro
2989 1954 3044 2008 in
3078 1970 3185 2009 uno
3223 1954 3507 2025 congloba-

1914 2058 1998 2103 tus
2023 2058 2180 2120 atque
2207 2063 2446 2102 annexus
2468 2057 2568 2115 est,
2595 2063 2713 2101 cum
2734 2047 2965 2118 propriis
2988 2043 3503 2117 congregationibus,

1910 2157 2030 2213 qua:
2056 2140 2373 2212 regulariter
2400 2140 2456 2193 in
2479 2138 2702 2211 psalmis
2724 2138 2933 2210 hymnis
2960 2149 3010 2193 et
3037 2132 3369 2192 orationibus
3395 2136 3505 2192 Deo

1913 2232 2183 2289 Salvatori
2238 2240 2420 2286 nostro
2472 2229 2604 2287 Iesu
2660 2230 2873 2288 Christo
2931 2216 3207 2302 pervigiles
3253 2229 3504 2285 excubias

1910 2325 2149 2393 scribent,
2199 2324 2263 2378 ab
2325 2322 2625 2378 insolentiis
2669 2322 3021 2379 exterioribus
3080 2322 3506 2376 circummuniti:

1902 2417 2106 2489 jugiter
2150 2415 2362 2472 valeant
2406 2416 2485 2488 pii
2535 2415 2831 2486 famulatus
2866 2414 3144 2486 oﬂicia'in
3182 2411 3505 2467 monasterio

1910 2509 2084 2562 sancti
2123 2505 2383 2562 Vincentii
2425 2505 2702 2571 exhibere;
2738 2514 2788 2560 et
2817 2504 3066 2577 quoniam
3111 2509 3322 2558 constat
3356 2511 3504 2556 tuam

1911 2599 2315 2671 religiositatem
2356 2597 2515 2668 hujus
2537 2596 2803 2668 privilegii
2840 2593 3190 2667 apostolicam
3218 2594 3506 2664 conﬁrma.

1910 2694 2105 2748 tionem
2146 2690 2417 2764 postulare
2453 2708 2485 2745 a
2510 2690 2681 2756 nobis,
2704 2698 2918 2760 propter
2939 2689 3339 2743 immutationes
3372 2695 3505 2741 tem-

1907 2783 2176 2856 poralium
2216 2798 2391 2837 rerum
2451 2782 2730 2852 variosque
2782 2780 3054 2834 hominum
3090 2795 3285 2847 casus,
3327 2778 3505 2832 muni-

1908 2877 2104 2931 tionem
2119 2875 2293 2929 sancti
2325 2873 2587 2929 Vincentii
2609 2871 2811 2929 Christi
2835 2871 3088 2942 martyris
3119 2887 3239 2926 cum
3261 2871 3504 2926 omnibus

1906 2967 1978 3021 ad
2015 2966 2157 3021 idem
2183 2965 2567 3019 monasterium
2589 2962 2992 3035 pertinentibus,
3013 2972 3170 3034 atque
3190 2962 3505 3017 corrobora-

1906 3059 2102 3112 tionem
2160 3057 2241 3111 tui
2290 3065 2495 3126 tuceque
2551 3055 2971 3135 congregationis
3036 3064 3088 3109 et
3138 3072 3502 3117 successorum

1907 3159 2127 3204 tuorum
2143 3149 2199 3202 in
2220 3157 2529 3220 perpetuum
2561 3146 2633 3179 ⁸³³
2673 3147 2792 3217 fieri
2840 3146 3175 3211 censuimus;
3218 3138 3501 3219 quatenus,

1906 3257 2043 3295 nunc
2068 3241 2206 3294 sicut
2233 3257 2265 3293 a
2317 3248 2368 3296 te
2411 3238 2788 3309 disponuntur,
2821 3238 2899 3291 ita
2934 3238 2992 3291 in
3028 3246 3297 3303 posterum
3338 3254 3505 3309 usque

1903 3330 1961 3385 in
1998 3332 2157 3402 finem
2196 3338 2587 3397 conserventur,
2622 3337 2672 3384 et
2711 3336 2768 3382 ut
2812 3327 2910 3383 illa
2948 3328 3284 3400 congregatio
3312 3329 3498 3382 incon-

1903 3440 2059 3479 cussa
2116 3422 2174 3477 in
2234 3438 2399 3479 unum
2460 3437 2827 3493 perseverans,
2883 3419 3097 3475 sedulos
3141 3404 3327 3475 laudes
3388 3418 3499 3473 Deo

1900 3514 2192 3587 persolvere
2250 3514 2448 3578 valeat,
2500 3520 2551 3568 et
2608 3512 2769 3567 sicuti
2822 3529 2856 3566 a
2914 3511 3024 3566 Deo
3074 3529 3255 3567 eorum
3316 3511 3499 3567 studia

1901 3606 2107 3660 imbuta
2145 3613 2292 3672 sunt,
2347 3604 2554 3675 jugiter
2586 3619 2918 3674 perseverare
2953 3602 3133 3671 liceat,
3187 3611 3345 3675 atque
3400 3602 3497 3658 sub

1902 3710 2007 3748 uno
2072 3694 2261 3748 abbate
2308 3694 2430 3765 jam
2484 3694 2775 3765 praedictus
2823 3693 2969 3748 locus
3027 3694 3389 3761 constitutus,
3440 3695 3498 3748 in

1900 3785 2096 3840 honore
2132 3787 2307 3841 sancti
2341 3784 2606 3841 Vincentii
2643 3788 2903 3842 indiuisus
2932 3788 3007 3842 sit
3033 3796 3081 3841 et
3112 3786 3343 3841 indivisa
3366 3788 3496 3841 cori-

1901 3879 2160 3950 gregatio.
2194 3877 2308 3937 Nec
2347 3879 2595 3951 cuiquam
2630 3879 2847 3934 licentia
2882 3878 3204 3951 prccbeatur,
3248 3887 3306 3932 ut
3348 3877 3495 3949 refu-

1900 3972 2046 4045 giens
2100 3972 2327 4045 rigorem
2373 3972 2629 4028 studiosa:
2682 3973 2786 4040 sibi
2844 3963 3068 4044 regulas,
3107 3972 3211 4025 huc
3262 3970 3499 4043 illucque

1898 4071 2136 4134 vagetur,
2176 4061 2257 4117 vel
2278 4062 2403 4118 aliis
2426 4078 2480 4118 se
2517 4064 2756 4134 conferre
2783 4062 2853 4095 ⁸³⁸
2872 4056 3460 4127 εοηειιιηκοηαδῑενὸἱε
3474 4080 3496 4129 ,-

1899 4153 2039 4226 quod
2060 4170 2093 4209 a
2117 4153 2266 4209 nobis
2289 4166 2476 4210 contra
2503 4155 2745 4226 regulam
2782 4155 2876 4211 sub
2899 4157 3258 4212 anathematis
3287 4154 3499 4217 vinculo

1898 4244 2224 4317 prohibetur.
2252 4245 2604 4318 Quapropter,
2619 4256 2908 4302 statuentes
2924 4257 3083 4320 atque
3103 4247 3499 4319 promulgantes

1900 4351 2079 4391 coram
2105 4334 2214 4390 Deo
2239 4344 2290 4390 et
2322 4335 2551 4391 terribili
2581 4337 2697 4407 ejus
2734 4337 2918 4408 future
2942 4338 3185 4392 examine
3200 4354 3301 4408 per
3334 4336 3497 4407 hujus

1900 4427 2070 4482 nostri
2109 4426 2373 4499 privilegii
2408 4428 2870 4503 apostolicivatque
2907 4430 3184 4484 constituti
3219 4431 3497 4500 paginam,

1899 4519 2189 4587 sancimus,
2217 4528 2270 4574 et
2307 4521 2446 4575 beati
2468 4520 2619 4575 Petri
2640 4520 3002 4591 apostolorum
3034 4522 3294 4593 principis
3312 4531 3499 4575 aucto-

1901 4612 2059 4666 ritate
2093 4612 2445 4679 decernimus,
2486 4622 2643 4684 atque
2683 4613 3009 4667 obtestamur
3054 4619 3165 4667 tam
3191 4615 3500 4684 apostolicae

1900 4703 2040 4760 sedis
2095 4703 2308 4776 futuros
2357 4705 2633 4776 pontifices
2690 4720 2952 4777 quamque
3004 4706 3097 4776 qui
3145 4705 3497 4778 episcopalem

1899 4795 2394 4852 administraverint
2450 4797 2739 4867 actionem,
2806 4782 2887 4852 vel
2924 4798 3087 4852 etiam
3127 4813 3321 4871 magna
3367 4815 3500 4869 per-

1902 4904 2064 4959 vaque
2084 4904 2308 4959 persona
2341 4897 2435 4942 aut
2488 4888 2756 4960 quispiam
2793 4887 3155 4961 cujuscunque
3189 4890 3261 4944 sit
3312 4890 3495 4962 digni-

1902 4981 2029 5034 tatis
2049 4979 2310 5051 prceditus
2348 4989 2627 5052 potestate,
2665 4999 2726 5037 ea
2761 4998 2881 5053 qua:
2912 4998 2945 5035 a
2987 4983 3243 5053 prcedicto
3284 4979 3497 5039 Deode-

1898 5072 2010 5126 rico
2046 5071 2240 5127 dilectu
2292 5073 2409 5144 filio
2436 5082 2616 5128 nostro
2642 5076 2753 5151 .pie
2790 5073 3078 5129 venerabili
3128 5073 3243 5127 loco
3290 5071 3434 5125 tradi
3459 5090 3503 5126 a.

1896 5172 2054 5234 atque
2104 5178 2349 5219 concessa
2409 5163 2635 5235 fuerint,
2686 5180 2905 5238 quoquo
2933 5164 3088 5218 modo
3141 5180 3174 5217 a
3228 5178 3492 5234 quoquam

1896 5253 2169 5310 licentiam
2205 5255 2455 5325 habeant,
2495 5258 2688 5329 scepius
2725 5259 3057 5312 nominatum
3104 5254 3278 5307 locum
3318 5254 3496 5307 sancti

194 5343 405 5399 stolicze
424 5348 764 5409 auctoritatis
778 5349 1140 5422 privilegium,
1164 5351 1331 5422 quod,
1348 5351 1491 5406 sicut
1508 5358 1593 5407 est
1615 5365 1795 5405 rerum
1910 5347 2174 5404 Vincentii
2204 5350 2258 5404 in
2290 5367 2452 5410 unum
2480 5350 2773 5406 adunatum
2815 5362 2971 5422 atque
3010 5347 3332 5420 spiritaliter
3360 5364 3491 5419 apo-

1550 5491 1783 5549 VARIJE
1813 5484 2218 5547 LECTIGNES.

263 5600 336 5636 ⁹³¹
376 5616 506 5672 apes
527 5619 661 5658 corr.
693 5604 813 5675 apis
841 5623 886 5667 c.
965 5607 1035 5639 η’
1073 5608 1152 5661 ita
1177 5624 1223 5661 c.
1254 5606 1533 5663 obturaret
1560 5605 1622 5662 L.
1699 5606 1770 5640 ’⁸⁸
1800 5622 1854 5677 p.
1887 5604 1926 5660 l'.
1954 5623 2114 5662 manu
2138 5608 2191 5663 2.
2222 5609 2435 5679 adjecta
2514 5610 2586 5643 ""
2610 5611 2687 5664 ita
2709 5611 2948 5681 corrigo;
2968 5609 3092 5666 aliis
3105 5608 3415 5667 reconl‘erre
3435 5622 3485 5667 c.

268 5804 423 5878 (950)
460 5804 776 5865 Odilbertus
810 5808 1028 5865 nonnisi
1073 5825 1125 5863 a.
1174 5809 1280 5864 974
1322 5808 1557 5866 Jobanni
1589 5719 2062 5867 abbagggeﬁrss}
