3908 6316
448 260 551 316 707

1648 256 2013 312 SIGEBERTI
2052 256 2579 313 GEMBLACENSIS

3614 265 3711 319 τω

450 378 656 432 stolica:
689 383 1023 429 exarationts
1071 372 1210 444 style
1262 373 1545 443 conjuncta
1595 372 1900 442 disjungere
1954 369 2032 424 vel
2063 387 2105 441 Α
2133 372 2377 441 piumque
2423 370 2677 425 bonorum
2720 370 3094 441 temporalium
3141 372 3448 443 adepturos,
3479 375 3714 432 sitam

412 460 421 469 ’
441 467 648 540 aliquid
664 465 857 531 exinde
877 465 1133 520 alienare.
1168 463 1237 518 Et
1262 463 1399 518 illud
1440 463 1820 517 mbuasterium
1842 461 2029 516 Sancti

451 558 717 614 Vincentii
741 556 1022 627 respiciens
1038 556 1109 609 sit
1134 554 1204 608 ad
1230 554 1404 609 sedem
1429 552 1779 624 episcopalem
1814 552 2036 623 prothe-

441 653 696 722 martyris
738 648 940 706 Christi
981 646 1238 719 Stephani
1272 647 1542 718 jubemus,
1586 655 1743 716 atque
1790 644 1955 699 abbas
1976 644 2033 697 in

437 753 696 816 potestate
725 742 956 812 episcopi
981 740 1051 773 ⁸³⁸
1074 740 1240 810 ipsius
1258 738 1363 794 loci
1387 737 1656 808 eligendus
1693 738 1784 792 sit.
1824 735 1885 792 Si
1912 753 2032 816 uero

437 806 713 909 episcopus
743 806 999 905 defuerit,
1037 806 1192 887 liceat
1224 830 1403 886 abbati
1430 806 1485 884 in
1507 831 1712 901 festivis
1742 806 1931 883 diebug
1961 828 2032 882 ad

438 929 615 984 sedem
635 925 986 998 episcopalem
1012 924 1280 989 accedere,
1318 922 1493 993 ibique
1514 937 1633 974 cum
1664 919 1958 989 dalmatica
1981 927 2032 975 et

439 1018 726 1084 sandaliis,
760 1033 891 1088 quas
941 1014 1026 1069 illi
1069 1015 1352 1079 mittimus,
1397 1012 1603 1066 missas.
1631 1010 1915 1065 celebrare.
1971 1008 2044 1084 Si.

440 1113 560 1183 quis
607 1111 827 1175 interea,
884 1107 1023 1179 quod
1075 1123 1177 1161 non
1229 1105 1525 1171 credimus,
1580 1102 1857 1157 temerario
1897 1119 2030 1155 ausu

440 1214 626 1258 contra
649 1221 731 1271 ea,
762 1219 879 1274 qua:
905 1203 970 1255 ab
1004 1201 1105 1255 hac
1129 1209 1310 1254 nostra
1334 1198 1657 1253 auctoritate
1680 1198 1764 1267 pie
1784 1205 1834 1250 et
1857 1195 2032 1267 firmi-

440 1305 519 1351 ter
574 1290 666 1367 'per
713 1296 810 1349 hoc
860 1305 1099 1348 nostrum
1151 1290 1487 1363 privilegium
1553 1290 1817 1360 disposita
1882 1296 2029 1356 sunt,
2102 1331 2104 1334 μ

439 1386 702 1440 contraire
746 1385 1044 1452 tentaverit,
1073 1382 1151 1437 vel
1199 1382 1330 1449 lucc,
1356 1398 1473 1453 qua:
1515 1398 1548 1434 a
1584 1380 1837 1451 prcedicto
1871 1378 2033 1433 Theo-

438 1479 616 1533 derico
653 1475 849 1531 dilecto
879 1476 994 1546 ﬁlio
1039 1482 1242 1541 nostro,
1294 1472 1649 1527 Mettensium,
1673 1469 1918 1541 prtcsule,
1956 1471 2026 1523 ad

439 1568 775 1623 laudemDei
797 1584 892 1636 pro
920 1565 1214 1621 stabilitate
1236 1564 1354 1635 jam
1381 1564 1513 1618 dicti
1542 1562 1849 1626 monasterii
1881 1551 2028 1631 vide-

438 1659 562 1712 licet
587 1654 775 1712 Sancti
810 1654 1070 1709 Vincentii
1099 1662 1302 1708 statuta
1330 1663 1473 1721 sunt,
1498 1653 1788 1723 refragare,
1818 1651 2029 1720 auferre

439 1749 518 1805 vel
556 1749 793 1804 alienare
820 1747 1238 1819 prwsumpserit,
1282 1747 1418 1799 sciat
1444 1762 1498 1799 se
1545 1745 1866 1798 auctoritate
1892 1742 2030 1816 beati
2063 1732 2106 1790 Β

442 1837 593 1892 Petri
635 1836 996 1908 apostolorum
1031 1836 1287 1907 principis
1319 1834 1675 1889 anathematis
1705 1832 1913 1888 vinculo
1948 1834 2032 1886 in-

441 1931 699 1985 nodatum
750 1940 914 2002 atque.
946 1946 1065 1983 cum
1104 1927 1272 1995 Iuda,
1306 1928 1564 1982 traditore
1602 1926 1817 1980 Domini
1861 1925 2030 1979 nostri

434 2023 567 2078 Jesu
610 2022 842 2089 Christi,
875 2023 1060 2077 aeterni
1105 2020 1337 2075 incendii
1384 2019 1643 2091 supplicio
1692 2035 2033 2073 concreman-

436 2116 595 2169 dum.
622 2112 717 2168 Sic
751 2114 1059 2185 deputatus,
1089 2130 1180 2167 nec
1212 2128 1447 2183 unquam
1489 2128 1520 2163 a
1554 2110 1770 2181 prtefati
1811 2110 2032 2164 anathe—

439 2203 849 2261 ntatis‘neatibus
883 2207 953 2265 sit
990 2205 1284 2259 absolutus.
1311 2204 1381 2259 At
1432 2218 1549 2257 vero
1577 2202 1668 2274 qui
1698 2202 1786 2271 pio
1833 2202 2031 2254 intuitu

436 2299 741 2352 observator
763 2296 819 2351 in
838 2298 1083 2381 pmnibus
1120 2295 1417 2360 exstiterit,
1450 2293 1680 2364 gratiam
1716 2291 2034 2346 benedictio-

437 2390 521 2443 nis
572 2405 604 2443 a
645 2389 1140 2443 misericordissima
1169 2385 1524 2447 domino‘Deo
1568 2395 1746 2439 nostro
1774 2383 2034 2454 multipli-

437 2483 571 2536 citer
597 2491 969 2554 consequatur,
991 2492 1040 2536 et
1072 2482 1195 2535 vita:
1214 2490 1427 2535 acterna:
1448 2479 1713 2550 particeps
1738 2477 2029 2547 efﬁciatur,

436 2585 487 2630 et
506 2576 616 2630 lucc
640 2586 833 2630 catena
855 2575 993 2629 beati
1016 2574 1165 2629 Petri
1201 2574 1405 2643 aperiat
1434 2573 1482 2626 ei
1515 2570 1743 2640 januam
1766 2570 2030 2637 paradisi.

439 2667 501 2722 Si
525 2685 644 2723 vero
664 2669 860 2740 aliquis
889 2668 1161 2738 episcopus
1192 2666 1315 2720 inde
1343 2663 1548 2736 aliquid
1594 2664 1828 2717 minuere
1853 2663 2033 2717 volue-

437 2760 533 2829 rit,
583 2760 831 2827 hasc,’ut
869 2759 1128 2825 diximus,
1184 2767 1373 2812 catena
1431 2756 1649 2812 claudat
1702 2758 1752 2810 ei
1792 2756 2034 2827 polorunt

439 2869 621 2923 regna.
676 2850 947 2921 Scriptum
1001 2866 1095 2920 per
1150 2866 1367 2903 manum
1420 2835 1675 2919 Stephani
1737 2848 1934 2902 notarii
1982 2856 2032 2901 et

439 2943 729 3014 regionarii
757 2950 957 2997 sanctae
992 2940 1246 3014 Romana;
1294 2938 1548 2995 Ecclesia:
1589 2939 1647 2992 in
1681 2954 1855 2993 mense
1906 2936 2051 3009 Sep:

441 3036 653 3103 tembri,
678 3045 727 3090 et
750 3034 1041 3089 indictione
1068 3042 1261 3105 quarta
1291 3032 1517 3087 decima.
1542 3031 1681 3086 Bene
1711 3030 1897 3086 valete.
1980 3098 1983 3099 ν

513 3127 664 3199 (9η)
689 3125 835 3180 Data
890 3142 953 3181 Ill
981 3126 1067 3180 die
1101 3122 1334 3179 Kalend.
1383 3121 1648 3189 Octobris,
1684 3138 1776 3192 per
1818 3137 2034 3175 manum

441 3218 686 3281 Widonis
733 3217 965 3289 episcopi
1014 3224 1066 3271 et
1112 3214 1500 3271 bibliothecarii
1535 3213 1606 3253 9“
1648 3222 1846 3267 sancta:
1895 3211 2035 3266 sedis

439 3312 769 3384 apostolicae,
799 3326 938 3365 anno
968 3309 1323 3381 pontificatus
1376 3306 1557 3361 damni
1584 3303 1811 3367 Joannis
1840 3302 2036 3375 summi

438 3407 708 3477 pontificis
743 3414 793 3460 et
823 3403 1137 3460 universalis
1170 3402 1313 3457 tertii
1360 3401 1574 3467 decimi,
1603 3397 1937 3470 praesidentis
1965 3395 2032 3427 ’³⁷

439 3501 499 3556 in
542 3499 916 3554 sacratissima
979 3496 1100 3551 sede
1146 3495 1286 3551 beati
1325 3493 1476 3548 Petri
1526 3490 1783 3562 apostoli,
1828 3491 2033 3561 quinto,

441 3590 652 3661 imperii
689 3589 871 3645 damni
929 3587 1142 3644 Ottonis
1172 3586 1394 3656 majoris
1448 3599 1606 3649 nono,
1662 3582 1883 3637 minoris
1918 3596 2035 3634 vero

424 3684 618 3749 tertio,
658 3697 798 3736 anno
839 3680 1064 3751 denique
1095 3680 1161 3733 ab
1217 3676 1596 3751 Incarnatione
1628 3673 1841 3727 Domini
1868 3669 2036 3725 nostri

440 3771 573 3830 Iesu
594 3773 797 3831 Christi
818 3772 943 3829 970.

514 3860 759 3939 Epistola
811 3863 1057 3935 ejusdem
1108 3860 1373 3918 antistitis
1416 3860 1700 3917 Deoderici
1749 3859 1818 3915 de
1843 3859 2037 3915 dandis

441 3957 673 4016 decimis
696 3957 766 4012 ad
794 3954 1100 4011 atcclesiam
1123 3953 1369 4023 ejusdem
1394 3951 1569 4008 sancti
1591 3949 1866 4021 martyris.
1912 3948 2037 4005 Ser-

441 4066 626 4106 vorum
664 4047 868 4104 Christi
905 4045 1140 4116 famulus
1181 4043 1501 4098 Deodericus
1537 4042 1809 4115 episcopus
1857 4042 2035 4112 officio

445 4140 508 4197 ac
531 4142 761 4206 nomine,
788 4138 1032 4211 quamvis
1073 4137 1345 4209 indiguus,
1379 4153 1500 4190 cum
1546 4135 1789 4189 universa
1827 4133 2035 4204 familia

443 4233 619 4288 sancti
668 4229 950 4296 Vincentii,
980 4226 1300 4282 christicolis
1328 4225 1692 4281 azcclesiarum
1733 4232 2037 4277 nostrarum

444 4322 643 4395 gaudia
672 4322 794 4376 vita
818 4319 1093 4391 praesentis
1115 4328 1164 4373 et
1181 4334 1433 4387 mansura
1454 4316 1677 4387 praemia
1696 4315 2033 4370 aeternitatis.

445 4510 591 4556 tutas
617 4502 721 4556 Deo
746 4519 919 4557 rerum
944 4516 1165 4555 suarum
1190 4499 1423 4554 decimas
1446 4499 1560 4553 sine
1581 4496 1766 4569 aliqua
1788 4505 2042 4552 retraeta-

444 4598 587 4651 tione
603 4596 814 4651 reddere
838 4594 1124 4650 secundum
1145 4610 1300 4647 suum
1320 4592 1571 4663 cujusque
1591 4607 1742 4662 posse
1761 4598 2036 4662 satagunt,

421 4686 645 4740 scilicet
673 4684 736 4738 de
768 4685 1023 4756 primitiis
1066 4684 1263 4751 ovium,
1304 4683 1369 4738 de
1403 4682 1512 4736 lino
1533 4693 1583 4736 et
1612 4681 1760 4748 lana,
1780 4738 1784 4745 ,
1804 4681 1869 4736 de
1919 4682 2038 4736 vino

441 4787 601 4849 atque
647 4792 879 4843 annona,
909 4777 1016 4831 sive
1069 4777 1133 4830 de
1159 4762 1570 4848 quibuscumque
1611 4774 1763 4831 rebus
1806 4773 1891 4828 hic
1935 4792 2038 4829 non

442 4869 738 4941 praetextis,
791 4867 873 4921 his
907 4865 1293 4922 'innotescimus
1327 4885 1440 4924 esse
1489 4867 1844 4940 gaudendum,
1884 4874 2038 4938 atque

443 4961 582 5019 illud
635 4978 690 5016 se
738 4959 933 5015 divina:
988 4961 1176 5031 gratim
1245 4962 1475 5015 muneris
1529 4960 1842 5030 adepturos,
1899 4958 2038 5030 quod

446 5051 655 5108 Paulus
697 5050 968 5124 apostolus
1020 5059 1333 5120 spontaneos
1372 5049 1629 5105 bonorum
1666 5064 1903 5119 bsuorum
1952 5047 2039 5101 di-

444 5155 773 5216 spensatores
807 5143 1102 5216 diligendos
1133 5142 1410 5213 pradicat,
1471 5143 1688 5197 dicens:
1724 5162 1742 5193 ι
1789 5139 2038 5194 Hilarem

444 5237 583 5292 enim
593 5237 833 5292 datorem
845 5236 1024 5307 diligit
1040 5234 1179 5289 Deus
1202 5232 1254 5305 (1
1264 5233 1290 5286 1
1303 5233 1516 5300 Cor.1x,
1535 5233 1611 5306 7.)
1640 5253 1657 5284 ι
1687 5232 2041 5304 Noverintque

446 5343 501 5382 se
547 5329 606 5383 in
649 5329 895 5400 praesenti
927 5329 1035 5383 vita
1071 5343 1167 5398 pro
1194 5326 1289 5380 hoc
1340 5327 1453 5396 ipso
1506 5325 1914 5381 benedictionem
1945 5342 2037 5379 com

2136 466 2193 533 in
2226 465 2326 518 hac
2369 463 2593 535 benigna
2624 464 2955 535 perstiterint
2984 463 3281 531 voluntate,
3320 469 3567 537 pacisque
3592 469 3717 525 bono

2136 557 2496 627 replebantur,
2547 574 2706 628 quam
2742 557 2939 628 angeli,
2974 568 3161 611 natum
3201 557 3488 612 Dominum
3516 577 3717 632 gregum

2128 648 2437 719 pastoribus
2459 648 2785 715 nuntiantes,
2820 649 2949 703 solis
2993 649 3143 703 bona:
3184 647 3477 702 voluntatis
3501 649 3715 705 homini-

2135 737 2230 791 bus
2253 722 2617 807 assignarunt.
2644 734 2743 790 Illi
2766 746 2964 804 autem,
2994 737 3087 808 qui
3114 737 3351 791 decimas
3378 738 3584 792 debitas
3621 739 3717 793 Deo

2133 829 2396 885 exsolvere
2425 830 2777 892 retardantes,
2811 829 3047 899 maligna
3102 830 3483 884 obstinationis
3510 830 3718 901 perfidia

2133 921 2456 986 defraudare
2500 920 2815 981 moliuntur.
2863 920 3239 974 pertimescant
3272 920 3552 985 judicium
3599 920 3716 974 hor-

2135 1028 2312 1068 renaa:
2336 1012 2757 1083 dampnationis,
2787 1029 2925 1084 quoa
2948 1012 3087 1067 idem
3111 1016 3386 1083 apostolus
3418 1012 3721 1066 terribiliter

2133 1105 2537 1177 hiseorumque
2586 1105 2897 1177 sequacibus
2937 1105 3315 1172 comminatur,
3373 1121 3540 1176 neque
3587 1104 3716 1174 fures

2133 1213 2297 1269 neque
2323 1213 2540 1267 rapaces
2570 1213 2787 1269 regnum
2810 1196 2910 1250 Dei
2929 1213 3263 1268 possessuros
3294 1179 3586 1267 affirmans.

2208 1289 2292 1343 15.
2317 1287 2395 1343 De
2424 1289 2576 1342 nonis
2610 1296 2660 1342 et
2690 1289 2909 1343 decimis
2951 1289 3208 1344 meclesia:
3235 1289 3412 1343 sancti
3470 1287 3719 1342 Vincentii

2131 1379 2305 1448 levita:
2331 1390 2379 1434 et
2410 1382 2684 1452 martyris.
2715 1378 2964 1453 lnspecta
2988 1383 3093 1438 hac
3116 1398 3302 1437 rerum
3332 1384 3720 1453 consequentia

2131 1481 2186 1527 et
2223 1473 2553 1543 scriptorum
2584 1474 2986 1545 convenientia,
3017 1475 3295 1531 intueatur
3346 1474 3719 1546 quilibet

2133 1555 2350 1636 gentius
2374 1573 2430 1620 et
2449 1566 2711 1633 attendat,
2743 1566 2979 1637 qualiter
3005 1566 3091 1621 vir
3117 1567 3219 1621 iste
3242 1567 3298 1621 in
3327 1581 3389 1622 se
3417 1575 3567 1622 totus
3587 1574 3721 1622 tetes

2132 1665 2296 1726 atque
2317 1658 2587 1714 rotundus
2605 1657 3124 1730 (Hon.n,Serm.vu,
3148 1657 3263 1731 86),
3285 1674 3719 1730 quaquaversum

2135 1749 2440 1805 sedulitatis
2487 1765 2603 1806 suae
2649 1750 2931 1821 reliquerit
2980 1751 3318 1806 monimenta
3369 1751 3642 1805 laudanda
3671 1751 3720 1805 in

2134 1842 2412 1909 omnibus,
2458 1851 2512 1898 et
2537 1858 2606 1897 ex
2633 1843 2804 1898 veteri
2828 1852 2883 1898 et
2904 1859 2971 1899 ex
3001 1843 3215 1898 novella
3240 1844 3360 1915 lege
3390 1841 3502 1898 Deo
3529 1841 3721 1912 Deique

2135 1932 2402 1988 ministris
2429 1933 2617 1989 deberi
2666 1934 2908 1991 decimas
2956 1950 3165 2002 rerum,
3220 1950 3429 2006 easque
3483 1933 3722 2006 synodali

2135 2024 2419 2080 sanctione
2460 2021 2769 2096 nuncupari
2798 2025 2895 2081 Dei
2946 2042 3195 2093 censum,
3232 2042 3336 2081 nec
3390 2025 3723 2095 simplicibus

2134 2117 2220 2171 vel
2250 2117 2433 2185 idiotis
2465 2126 2615 2173 extat
2670 2118 3031 2190 incognitum.
3083 2118 3185 2176 llic
3219 2135 3371 2191 ergo,
3408 2121 3498 2174 cui
3527 2120 3722 2174 eratin

2134 2208 2297 2276 votis,
2329 2216 2391 2263 ut
2428 2207 2589 2264 funes
2639 2208 3062 2266 interminabilis
3106 2210 3433 2266 hereditatis
3476 2212 3724 2267 caderent

2135 2299 2239 2354 sibi
2276 2299 2332 2354 in
2361 2300 2658 2370 praeclaris,
2692 2301 2748 2356 in
2772 2302 2923 2356 nullo
2954 2302 3170 2357 volebat
3197 2301 3515 2357 defraudari
3550 2312 3723 2372 partes

2135 2391 2425 2447 dominicae
2440 2391 2777 2448 hereditatis.
2804 2392 3074 2460 Quocirca
3090 2394 3335 2449 decimas
3355 2394 3721 2449 aecclesiarum

2136 2497 2250 2537 suae
2274 2482 2579 2549 dioceseos,
2617 2498 2648 2537 a
2679 2484 3176 2552 praedecessoribus
3204 2486 3324 2541 suis
3362 2484 3624 2556 stipendii
3650 2491 3721 2545 vel

2135 2579 2383 2634 beneﬁcii
2407 2579 2528 2634 loco
2550 2579 2839 2650 deputatas
2868 2578 3121 2649 personis
3140 2578 3452 2645 laiealibus,
3484 2577 3719 2650 synodali

2113 2672 2462 2728 auctoritate
2526 2681 2582 2727 et
2632 2670 2931 2742 episcopali
2993 2686 3227 2726 censura
3275 2671 3558 2726 subtraxit
3606 2671 3719 2736 illis,

2135 2763 2388 2833 quamvis
2414 2762 2599 2818 invitis
2620 2769 2675 2817 et
2700 2760 3147 2826 reclamantibus,
3174 2769 3232 2816 et
3255 2761 3567 2816 secundum
3592 2760 3720 2832 quod

2136 2852 2399 2922 scriptum
2425 2859 2511 2907 est
2535 2869 2549 2905 :
2582 2850 2686 2917 Qui
2706 2851 2904 2904 altario
2929 2850 3184 2916 serviunt,
3207 2850 3273 2904 de
3300 2849 3508 2903 altario
3537 2852 3717 2917 vivant,

2128 2944 2508 2999 nascclesiarum
2539 2958 2628 2998 res
2663 2942 3036 2998 :ecclesiarum
3070 2942 3340 3013 delegavit
3387 2942 3717 3006 oﬂicialihus,

2061 3073 2107 3134 Ο
2137 3050 2263 3105 qua:
2290 3033 2385 3089 Dei
2412 3034 2545 3100 Deo,
2584 3040 2639 3089 et
2683 3048 2806 3105 qua:
2831 3034 3056 3089 caesaris
3097 3043 3255 3088 erant
3289 3034 3486 3089 Caesari
3513 3032 3720 3090 reddere

2138 3130 2316 3179 catus.
2346 3121 2485 3179 Hinc
2511 3123 2674 3178 hodie
2696 3131 2899 3178 sancta:
2921 3121 3019 3178 Dei
3048 3122 3289 3193 gaudent
3321 3124 3609 3190 Ecclesiae,
3632 3123 3720 3178 ilhc

2138 3214 2376 3277 maxime
2426 3214 2629 3284 quibus
2682 3214 3056 3271 instaurandis
3108 3215 3354 3270 animum
3422 3216 3716 3279 induxerat,

2137 3308 2345 3362 scilicet
2381 3308 2555 3364 sancti
2587 3307 2859 3363 Vincentii
2908 3307 3165 3380 martyris
3192 3309 3484 3379 sanctique
3523 3309 3717 3365 Caeriti

2136 3394 2489 3456 confessoris.
2515 3399 2581 3455 Et
2602 3400 2732 3471 quia
2760 3400 2867 3455 hoc
2885 3399 2961 3454 illi
2987 3400 3272 3455 videbatur
3289 3416 3591 3457 commune
3608 3418 3715 3457 cum

2137 3490 2372 3556 caeteris,
2395 3489 2649 3559 cupiebat
2667 3490 2834 3545 etiam
2865 3490 3071 3561 aliquid
3088 3506 3509 3562 supererogare,
3533 3504 3590 3548 ut
3608 3508 3714 3548 cum

2135 3598 2299 3637 verus
2329 3582 2418 3637 ille
2450 3580 2830 3637 Samaritanus
2857 3583 3092 3650 veniret,
3124 3600 3289 3654 super
3334 3585 3478 3640 duos
3507 3587 3716 3657 geminae

2136 3673 2443 3730 dilectionis
2468 3674 2724 3730 denarios
2746 3675 3251 3731 immarcessibilem
3270 3676 3461 3746 gloriae
3472 3692 3713 3733 coronam

2136 3767 2457 3839 perciperet.
2490 3766 2676 3824 Nonas
2701 3769 2947 3824 omnium
2980 3769 3257 3824 redituum
3291 3770 3584 3840 episcopii,
3610 3786 3713 3840 qua:

2137 3860 2204 3914 ad
2245 3860 2631 3931 proprietatem
2675 3860 2938 3916 dominici
2981 3860 3127 3931 juris
3155 3860 3526 3931 pertinebant,
3575 3872 3625 3916 et
3667 3862 3711 3913 in

2138 3952 2370 4024 singulis
2405 3952 2650 4008 cortibus
2696 3968 2952 4008 mansum
2981 3969 3155 4007 unum
3191 3953 3387 4008 usibus
3426 3953 3548 4008 suis
3597 3952 3709 4007 sub-

2138 4044 2324 4110 traxit,
2358 4052 2522 4115 atquc
2548 4046 2808 4101 azcclesia:
2831 4044 2906 4116 pii
2936 4045 3151 4115 patroni
3197 4045 3282 4099 sui
3315 4043 3590 4101 Vincentii
3632 4059 3711 4098 su-

2137 4136 2473 4208 peraddidit;
2520 4144 2576 4191 et
2612 4136 2819 4192 callens
2861 4152 2892 4191 a
2940 4136 3358 4192 successoribus
3411 4136 3710 4206 plerumque

2137 4227 2375 4281 alienum
2405 4224 2821 4281 fundamentum
2875 4234 2971 4280 aut
3016 4226 3209 4280 subrui
3257 4234 3351 4279 aut
3377 4224 3606 4296 neglegi,
3654 4235 3709 4276 re

2137 4319 2262 4389 quis
2284 4332 2666 4390 successorum
2684 4334 2911 4374 suorum
2930 4318 3037 4373 hoc
3056 4318 3399 4373 liberalitatis
3415 4332 3530 4373 suae
3546 4315 3710 4370 deem-

355 4446 359 4451 ο
444 4410 779 4480 Pauperibus
799 4426 863 4464 ac
883 4408 1167 4463 ditioribus
1202 4407 1280 4463 vel
1314 4407 1684 4474 mediocribus,
1710 4406 1801 4477 qui
1839 4406 2038 4460 consti-
2069 4419 2113 4474 ι)
2140 4420 2254 4466 tum
2313 4410 2530 4466 irritum
2582 4409 2805 4479 faceret,
2864 4411 3146 4467 interdixit
3196 4410 3476 4467 insolubili
3506 4409 3709 4465 anathe-

2139 4512 2302 4571 mate,
2351 4504 2532 4559 addita
2564 4503 2832 4574 imperiali
2864 4505 3147 4561 sanctione
3187 4514 3244 4559 et
3293 4505 3603 4576 apostolica:
3634 4502 3705 4555 in-

2139 4608 2306 4664 super
2325 4593 2912 4667 excommunicationis
2945 4595 3352 4651 maledictione.

2212 4683 2299 4739 16.
2342 4684 2420 4740 De
2473 4686 2731 4740 aviditate
2783 4686 2898 4756 ejus
2957 4687 3015 4740 in
3075 4688 3443 4759 perquirendis
3495 4684 3705 4755 reliquiis

2142 4773 2480 4832 Sanctorum.
2512 4775 2621 4833 Iste
2642 4777 2823 4834 scriba
2852 4777 3049 4834 doctus
3072 4778 3126 4832 in
3156 4794 3328 4851 regno
3361 4778 3634 4839 ccelorum,
3659 4774 3704 4827 in

2143 4878 2333 4926 sancta
2386 4869 2641 4927 videlicet
2683 4871 2959 4938 mec’lesia,
3012 4870 3209 4928 similis
3253 4871 3464 4926 homini
3510 4866 3704 4941 patriis-

2143 4960 2324 5015 milias
2360 4960 2655 5032 proierenti
2692 4961 2760 5017 de
2809 4962 3070 5017 thesauro
3120 4978 3224 5018 suo
3254 4977 3395 5017 nova
3449 4970 3502 5015 et
3526 4967 3703 5021 vetera,

2143 5052 2485 5122 perpendens
2514 5050 2685 5107 Deum
2708 5056 2816 5108 no’n
2842 5054 3071 5108 multum
3100 5052 3357 5107 delectari
3384 5066 3541 5106 manu
3568 5046 3703 5104 iactis

2144 5144 2489 5212 habitaculis,
2513 5157 2597 5202 set
2615 5146 2797 5216 potius
2823 5146 2909 5203 his
2938 5162 3061 5218 qua).
3091 5147 3445 5217 spiritualiter
3469 5151 3700 5218 geruntur

2145 5237 2201 5291 in
2255 5237 2395 5306 illis;
2446 5237 2589 5294 sicut
2635 5239 2712 5294 ait
2771 5240 3023 5311 egregius
3083 5240 3407 5309 praedicator
3454 5232 3697 5291 veritatis:

2148 5328 2329 5397 Scitis,
2354 5332 2568 5402 fratres,
2627 5334 2753 5403 quia
2784 5334 3045 5404 [templum
3086 5332 3182 5387 Dei
3231 5335 3381 5399 estis,
3404 5341 3451 5385 et
3496 5328 3697 5399 Spiritus

1699 5463 1706 5471 ·
1741 5442 1971 5499 ΥΑΒΙᾹΣ
2011 5443 2301 5504 LECTION
2309 5449 2409 5504 ES.

434 5579 439 5587 .
519 5537 588 5571 ⁵³⁸
613 5553 773 5591 manu
792 5537 846 5591 2.
918 5536 988 5570 ’³⁸
1016 5534 1413 5591 bibliotecbarii
1439 5551 1484 5588 c.
1560 5534 1627 5566 “7
1653 5532 1765 5591 PR.
1796 5550 1840 5586 ε.

1981 5626 2213 5683 NOTAE.

521 5718 669 5788 (hil)
708 5716 858 5774 Notae
886 5720 1146 5791 temporis
1178 5735 1368 5776 omnes
1398 5729 1725 5791 congruunt.
