3966 6422
201 373 288 430 709

1105 367 1258 423 VITA
1298 362 1660 430 DEODERICI
1700 359 2010 415 EPISCUPI
2048 358 2461 440 bll'I'l'TENSlS.

3354 359 3458 415 7l0

197 503 393 546 sanctus
420 495 624 542 habitat
666 487 722 542 in
773 487 948 554 vobis;
999 488 1046 541 si
1093 487 1211 558 quis
1267 494 1444 546 autem
1486 481 1834 545 oiolaveritA
1863 477 2023 548 digno
2044 492 2097 531 se
2124 476 2271 545 cultu
2303 486 2461 556 atque
2511 492 2705 532 conare
2752 477 2886 533 alibi
2930 485 3274 548 prastanttus
3303 493 3457 532 aeneo

197 579 432 652 templum
479 579 597 647 hoc,
647 579 914 651 disperdet
966 578 1121 634 illum
1170 578 1459 642 Dominus;
1490 575 1762 646 templum

192 672 319 727 enim
338 667 438 722 Dei
460 676 703 723 sanctum
723 678 820 737 est,
864 669 1156 740 quodestis
1190 684 1278 723 vos
1321 666 1376 740 (I
1413 666 1538 723 Cor.
1568 682 1652 733 tu,
1676 664 1767 720 i6-

194 762 293 831 l8).
315 759 456 827 Quid
498 759 646 816 enim
670 760 834 817 decor
858 750 1162 832 parietum,
1194 758 1761 830 fulgor-metallorum,

191 850 436 923 splendor
481 866 851 920 gemmarum,
898 852 1045 908 nitor
1087 850 1450 922 pretiosarum
1492 850 1765 927 signiﬁcat

190 943 409 1006 vestium
439 942 548 999 nisi
590 944 933 1001 diversarum
982 944 1274 1016 allegorica
1302 950 1625 998 ornamenta
1652 943 1764 996 virv

190 1038 373 1089 tutum.
413 1031 756 1106 Intellegens,
808 1034 1056 1104 inquam,
1101 1033 1186 1088 vir
1230 1031 1347 1100 Dei,
1387 1033 1565 1104 magis
1600 1046 1765 1102 expe-

189 1126 394 1182 tendam
456 1125 735 1182 interioris
781 1126 1022 1181 hominis
1067 1125 1381 1196 puritatem,
1417 1139 1584 1194 quam
1635 1138 1763 1194 per-

187 1217 507 1273 functoriam
569 1218 863 1274 exterioris
916 1217 1339 1289 pulchritudinis
1396 1224 1760 1281 venustatem,

186 1310 337 1366 etiam
380 1309 439 1363 in
478 1310 586 1366 hoc
613 1311 809 1382 sategit
833 1325 972 1380 opus
1006 1326 1170 1366 suum
1213 1309 1512 1380 perducere
1553 1308 1623 1364 ad
1661 1324 1764 1364 un-

179 1417 354 1475 gnem.
384 1399 543 1468 Quod
587 1401 746 1459 facile
773 1403 953 1473 quivis
998 1403 1084 1458 vel
1125 1402 1182 1461 in
1225 1403 1331 1458 hoc
1357 1403 1475 1458 solo
1515 1401 1763 1457 animad-

184 1502 388 1549 vertere
417 1494 635 1564 poterit,
667 1495 715 1550 si
743 1494 1072 1563 consideret,
1100 1502 1367 1566 quantum
1390 1495 1441 1554 ei
1465 1494 1534 1550 de
1559 1494 1763 1551 coadu-

185 1583 369 1639 nandis
398 1593 715 1640 sanctorum
743 1585 1064 1657 pignoribus
1107 1586 1166 1642 in
1199 1586 1307 1644 isto
1350 1586 1471 1641 loco
1518 1586 1763 1641 studium

184 1674 355 1742 fuerit,
390 1692 626 1746 quorum
651 1677 787 1733 inibi
816 1678 1126 1734 habitantes
1149 1687 1205 1734 et
1233 1678 1305 1734 ad
1322 1678 1461 1734 bene
1490 1679 1762 1750 agendum

184 1767 604 1824 accenderentur
629 1770 915 1841 exemplis,
943 1778 998 1825 et
1018 1770 1089 1802 ⁸⁸⁸
1119 1770 1168 1825 si
1204 1770 1407 1841 quibus
1457 1778 1762 1826 attereren-

1866 571 2058 645 rando,
2098 570 2270 625 eidem
2309 566 2422 625 sua:
2458 569 2570 624 sedi
2605 579 2805 624 sancta
2833 569 2903 603 “7
2933 569 3179 625 Mettensi
3216 568 3458 624 invehere

1862 662 2090 717 studuit.
2209 713 2212 716 .
2511 714 2517 720 .
2603 737 2605 739 ι
3253 725 3257 728 ,

1936 754 2013 809 De
2037 754 2108 789 ⁸⁸⁸
2156 763 2347 810 sancto
2371 752 2611 826 Elpidio.
2660 752 2870 809 Horum
2912 755 3166 829 primum,
3210 762 3457 809 sanctum

1861 854 1915 900 et
1941 844 2288 900 venerabilem
2310 843 2512 916 Christi
2533 843 2886 914 confessorem
2912 841 3189 914 Elpidium
3215 859 3281 900 ea:
3307 840 3460 896 Mar-

1863 954 2044 993 sorum
2087 937 2354 1008 provintia
2400 937 2648 1007 sumpsit,
2707 935 3018 990 concedente
3046 934 3261 1011 Albrico
3289 932 3458 1006 ipsius

1865 1028 2087 1084 Marsica
2106 1029 2371 1099 episcopo,
2399 1043 2463 1082 ea:
2493 1028 2724 1099 quadam
2752 1027 2995 1083 acclesia
3027 1028 3141 1082 sedi
3167 1028 3459 1098 episcopali

1862 1122 2151 1192 proxima;
2189 1136 2307 1192 qua
2353 1120 2499 1175 sedes
2539 1137 2687 1190 super
2728 1120 2908 1174 lacum
2957 1118 3228 1176 Fucinum
3252 1118 3324 1153 ’δ’
3351 1119 3462 1173 sita

1862 1211 1992 1283 quid
2036 1212 2166 1287 olim
2199 1213 2381 1283 fuerit,
2423 1216 2596 1270 ruina
2635 1216 2782 1275 urbis
2826 1223 2878 1290 et
2915 1214 3271 1286 plurimarum
3316 1214 3464 1269 circa

1864 1302 2227 1358 acclesiarum
2249 1308 2787 1360 acmonasteriorum
2817 1306 3117 1377 frequentia
3150 1314 3460 1363 attestatur.

1866 1393 2024 1449 Hunc
2054 1394 2203 1449 nobis
2231 1396 2342 1466 ipse
2354 1398 2934 1467 episcopuscaterique
2945 1397 3137 1451 incola
3164 1395 3465 1453 retulerunt

1829 1524 1832 1527 η
1864 1486 2117 1556 fuisse'ez
2143 1496 2278 1542 catu
2306 1488 2380 1521 "°
2413 1487 2747 1559 quorundam
2774 1504 3044 1542 servorum
3073 1488 3192 1555 Dei,
3215 1490 3306 1560 qui
3332 1499 3465 1543 tem-

1863 1591 1988 1646 pore
2016 1577 2315 1647 antiquiore
2343 1594 2408 1632 ex
2430 1578 2674 1648 partibus
2721 1576 2964 1645 Gracia,
3006 1593 3222 1632 numero
3243 1587 3463 1648 septua-

1864 1667 2035 1738 ginta,
2066 1668 2121 1721 in
2143 1669 2366 1723 eandem
2401 1668 2706 1724 Marsorum
2749 1670 3073 1739 provintiam
3096 1668 3463 1735 adventantes,

1865 1776 1929 1814 ac
1950 1760 2172 1816 dirersis
2194 1762 2605 1834 circumquaque
2633 1762 2766 1817 locis
2812 1762 2891 1817 vel
2930 1763 3238 1817 civitatibus
3273 1764 3339 1798 ⁹⁸¹
3371 1780 3461 1818 ve-

184 1866 263 1913 ιω·
293 1858 457 1914 malis
489 1861 576 1915 vel
597 1860 872 1930 periculis,
914 1876 1102 1916 eorum
1127 1862 1487 1931 praesentibus
1508 1860 1763 1945 defensa-
1796 1849 1837 1908 Β
1865 1853 2184 1908 nerabilinm
2211 1856 2485 1927 signorum
2504 1855 2705 1911 lumine
2742 1856 3056 1930 refulgentes
3092 1858 3183 1924 ⁸⁸⁸,
3216 1857 3462 1912 ubicum-
3514 1882 3519 1887 -

183 1958 365 2005 rentur
412 1951 751 2020 patrociniis.
801 1950 992 2008 Inrhac
1015 1954 1277 2011 etiamre
1324 1954 1415 2007 vix
1468 1954 1763 2024 quisquam

184 2041 332 2111 digne
350 2041 532 2110 possit
550 2041 812 2098 demirari
837 2043 957 2114 ejus
987 2043 1384 2114 praedicabilem
1406 2044 1571 2099 vitam
1593 2061 1607 2111 ;
1633 2044 1764 2114 quia

184 2146 296 2186 cum
329 2140 545 2187 tantam
574 2133 791 2190 caelitus
820 2135 1080 2190 meruerit
1115 2135 1306 2207 gratiae
1326 2137 1761 2206 praerogativam,
1807 2157 1815 2163 ·

183 2230 237 2277 ut
258 2223 301 2279 si
332 2224 429 2294 qui
453 2224 639 2296 aliquo
668 2226 833 2282 modo
855 2226 1196 2282 oﬂenderant
1224 2228 1564 2298 majestatem
1588 2228 1764 2299 impe-

182 2318 459 2385 ratoriam,
512 2333 639 2375 eum
700 2320 878 2376 solum
939 2328 1254 2390 expeterent
1309 2321 1763 2388 interventorem,

184 2424 301 2464 eum
358 2411 538 2466 solum
590 2420 898 2482 quaererent
941 2412 1296 2467 mediatorem
1344 2412 1413 2468 ad
1443 2413 1765 2483 placandam

185 2499 343 2570 regia:
371 2515 620 2556 censura:
644 2499 1082 2572 indignacionem
1111 2501 1179 2533 ’³³⁸
1207 2501 1323 2571 ipse
1349 2510 1530 2556 tamen
1560 2502 1766 2556 nullam

186 2592 247 2646 ab
285 2592 373 2648 eis
418 2608 520 2662 pro
556 2592 664 2648 hoc
704 2594 1018 2663 temporalis
1068 2594 1421 2649 emolumenti
1459 2603 1772 2665 expectaret

187 2682 614 2740 vicissitudinem
627 2684 797 2757 (942).
826 2684 932 2743 Eas
957 2686 1105 2742 solas
1133 2686 1422 2742 undeunde
1450 2686 1770 2744 avidissime

186 2776 466 2846 expetebat
500 2776 744 2844 divitias,
798 2778 1178 2849 undecumque
1223 2786 1409 2849 posset
1451 2778 1770 2835 sanctarum

191 2868 537 2924 contraheret
560 2884 791 2940 corpora
822 2870 906 2925 vel
928 2871 1221 2941 reliquias;
1243 2887 1308 2927 ea
1333 2872 1449 2927 sola
1478 2887 1589 2927 non
1627 2872 1772 2928 vitu-

186 2959 439 3030 perabilis
466 2961 714 3017 animum
753 2962 875 3034 ejus
913 2963 1175 3020 credebat
1214 2965 1506 3035 cupiditas.
1536 2963 1769 3036 Jamjam

191 3063 316 3120 ergo
341 3051 542 3121 pagina
572 3051 662 3106 illa
707 3050 1016 3122 proferatur
1048 3051 1104 3107 in
1133 3054 1398 3122 medium,
1448 3054 1519 3110 ab
1557 3054 1644 3111 his
1675 3055 1771 3126 qui

192 3138 549 3196 interfuerunt
618 3141 933 3212 plenissime
1001 3143 1210 3216 digesta
1269 3144 1339 3201 de
1414 3146 1772 3203 translatione

194 3240 502 3288 sancton
531 3232 602 3266 ⁸⁸³
622 3253 638 3289 :

258 3322 411 3379 Anno
442 3325 725 3391 dominica
772 3329 1158 3383 incarnationis
1199 3328 1324 3397 970,
1348 3347 1539 3402 magno
1576 3340 1627 3385 et
1653 3331 1772 3403 glo-

196 3418 480 3479 riosissimo
502 3436 698 3477 casare
739 3432 964 3495 augusto
994 3422 1184 3480 Ottone
1226 3439 1347 3479 cum
1386 3426 1648 3497 aquivoco
1676 3441 1773 3480 suo

198 3511 527 3569 admirabilis
573 3514 770 3570 indolis
812 3517 1142 3573 adolescente
1188 3518 1304 3588 filio
1350 3536 1495 3590 aque
1527 3529 1771 3591 augusto,

198 3601 450 3675 simulque
494 3622 809 3677 magnarum
850 3609 1109 3663 virtutum
1147 3610 1367 3681 conjuge
1422 3610 1669 3667 Addeide
1704 3612 1772 3645 9“

198 3706 298 3760 qua
328 3691 462 3747 nihil
483 3709 733 3766 umquam
771 3695 995 3767 justius,
1046 3701 1396 3767 mansuetius,
1441 3702 1773 3771 prudentius,

201 3797 288 3836 nec
328 3785 495 3855 magis
522 3787 608 3855 pie
647 3788 931 3858 quicquam
969 3791 1142 3860 potuit
1185 3807 1317 3858 esse,
1361 3790 1546 3848 Italia
1569 3803 1776 3864 sceptra

201 3873 283 3941 pio
310 3873 558 3946 justoque
588 3878 947 3933 moderamine
991 3881 1210 3951 pacifice
1249 3898 1311 3936 ac
1337 3882 1504 3937 solide
1528 3900 1690 3954 usque
1722 3885 1775 3938 in

201 3963 323 4031 fines
346 3964 614 4022 Calabria
658 3969 1088 4039 gubernantibus,
1131 3972 1354 4028 domnus
1398 3982 1447 4027 et
1469 3974 1778 4030 venerabilis

202 4063 395 4111 sancta
428 4055 705 4123 Mettensis
733 4059 804 4092 “‘
851 4062 1124 4131 episcopus
1170 4062 1492 4118 Deodericus
1535 4066 1637 4135 ipsi
1666 4083 1777 4121 ma-

204 4147 387 4218 gniﬁco
413 4149 732 4221 imperatori‘
748 4153 1005 4223 sanguine
1038 4170 1100 4207 ac
1148 4155 1286 4209 mira
1314 4156 1596 4212 dilectione
1626 4168 1782 4229 atque

207 4242 656 4312 consanguinitate
682 4242 754 4275 ⁸⁸³
782 4244 1115 4319 conjunctae,
1141 4245 1392 4318 cujusque
1416 4247 1661 4302 consultu
1686 4266 1781 4319 pro

208 4329 337 4383 min
367 4331 645 4401 sapientia
679 4335 1034 4405 prarogativa
1062 4344 1255 4390 cuncta
1273 4325 1523 4407 palatina
1549 4338 1781 4408 ageban-

213 4426 292 4474 tur
310 4424 533 4493 negotia,
564 4425 619 4478 in
641 4426 822 4480 eadem
860 4424 1074 4493 Italica
1090 4428 1419 4498 expeditione
1443 4431 1781 4497 constitutus,

1867 1963 1966 2018 que
2001 1947 2059 2001 in
2083 1957 2269 2002 sancta
2288 1949 2680 2003 conversatione
2725 1948 2848 2018 ﬁnis
2870 1949 2992 2022 vita
3034 1948 3341 2014 advenerat,
3375 1965 3463 2002 ve—

1869 2039 2095 2094 nerabili
2131 2039 2406 2112 sepultura
2456 2041 2734 2107 reconditi,
2774 2040 2944 2094 multa
2986 2040 3281 2095 vicinorum
3314 2040 3466 2111 longe

1868 2132 2077 2203 lateque
2105 2134 2399 2188 reverentia
2416 2150 2512 2203 pro
2537 2116 2758 2201 assidua
2802 2132 3186 2188 miraculorum
3203 2133 3454 2203 jocundi-

1871 2231 1979 2277 tate
1998 2223 2266 2278 coluntur.
2317 2222 2526 2278 Horum
2575 2233 2701 2291 tres,
2727 2241 2953 2295 quorum
2986 2225 3072 2279 hic
3113 2226 3308 2279 tercius
3336 2225 3463 2294 fuit,

1870 2316 1927 2369 in
1949 2315 2129 2369 eodem
2164 2316 2428 2370 cimiterio
2459 2316 2816 2388 quiescebant,
2842 2315 3187 2384 Calistratus,
3215 2316 3462 2379 Euticius

1869 2416 1919 2462 et
1946 2407 2032 2461 hic
2062 2406 2331 2477 Elpidius.
2364 2407 2536 2461 Porro
2581 2406 2858 2463 Euticium
2898 2408 3191 2479 imperator
3235 2408 3363 2464 Otto
3390 2407 3464 2443 ⁸⁸³

1869 2497 2181 2553 sustulerat.
2216 2497 2286 2551 Et
2309 2515 2371 2553 ne
2396 2515 2501 2571 qua
2528 2500 2852 2570 accipiendo.
2884 2506 3057 2570 posset
3087 2498 3329 2553 adhiberi
3354 2486 3464 2569 fal-

1870 2588 2028 2657 latia,
2069 2589 2343 2660 sepulchro
2375 2592 2578 2644 intacto
2622 2592 2856 2663 satisque
2891 2592 3118 2659 munito,
3171 2607 3264 2645 nec
3315 2608 3347 2644 a
3377 2592 3466 2646 die

1872 2683 2209 2752 repositionis
2237 2682 2351 2736 ulla
2380 2682 2686 2737 riolationis
2728 2686 2881 2754 signa
2908 2692 3256 2754 monstrante,
3286 2685 3466 2755 prius-

1871 2790 2035 2846 quam
2079 2773 2145 2829 ab
2208 2774 2389 2847 aliqua
2422 2775 2770 2829 incolentium
2824 2778 3182 2847 praseiretur,
3226 2779 3470 2847 episcopo
3504 2835 3511 2848 ἱ

1874 2874 2084 2925 tantum
2121 2865 2339 2920 Albrico
2377 2875 2428 2922 et
2479 2868 2668 2937 paucis
2696 2867 2812 2938 ejus
2847 2870 3056 2923 clericis
3077 2870 3470 2939 assistentibus,

1871 2958 2141 3029 presbyter
2159 2967 2338 3013 noster
2362 2958 2540 3013 Teudo
2564 2959 2637 2992 ’⁵⁵
2664 2975 2784 3013 cum
2805 2961 3106 3031 presbytero
3128 2962 3464 3032 imperatoris

1876 3049 2190 3119 Heriwardo
2217 3051 2436 3105 archam
2470 3052 2669 3118 sancti,
2721 3036 2859 3123 quod
2889 3054 2995 3108 nisi
3048 3053 3214 3108 altari
3238 3054 3462 3124 desuper

1873 3143 2094 3213 effracto
2121 3144 2481 3215 nequiuerant,
2520 3145 2786 3215 aperiunt,
2821 3146 3025 3216 ipsique
3065 3163 3159 3217 per
3195 3163 3250 3200 se
3281 3147 3353 3178 "'
3373 3163 3468 3200 sa-

1874 3250 1968 3291 cra
1996 3252 2117 3290 ossa
2145 3237 2270 3291 miri
2297 3238 2547 3291 candoris
2594 3253 2686 3291 nec
2718 3239 2893 3292 minus
2915 3239 3208 3310 fragrantis
3240 3240 3314 3272 ³⁸⁸
3338 3240 3469 3294 odo-

1873 3328 1973 3395 ris,
2022 3328 2202 3382 omnia
2246 3343 2463 3382 numero
2505 3345 2571 3381 ac
2608 3330 2907 3400 quantitate
2946 3330 3173 3400 integra,
3202 3331 3475 3401 excipiunt

1874 3416 2174 3490 scrinioque
2203 3420 2511 3474 recondunt.
2560 3419 2736 3491 Hujus
2777 3420 2920 3475 diem
2970 3420 3038 3475 i6
3066 3419 3200 3476 Kal.
3228 3420 3472 3479 Octobris

1877 3507 2130 3564 celebrem
2154 3508 2433 3566 habemus.
2904 3542 2905 3545 η

1884 3648 1891 3653 .
1946 3603 2026 3660 De
2046 3603 2253 3661 sanctis
2274 3602 2465 3660 Eutice
2481 3645 2498 3673 ,
2530 3602 2808 3662 Victorino
2830 3614 2896 3663 et.
2914 3604 3155 3661 Marone.
3198 3604 3471 3661 Venientes

1876 3698 2116 3769 proxime
2133 3696 2323 3774 abhinc
2337 3698 2394 3751 in
2414 3699 2744 3754 territorium
2766 3698 3115 3755 Amiterninae
3134 3698 3285 3770 (945)
3301 3699 3472 3764 urbis,

1876 3806 1995 3861 qua
2018 3797 2067 3845 et
2094 3790 2215 3861 ipsa
2242 3790 2429 3844 ruinas
2453 3799 2661 3845 tantum
2682 3791 3026 3859 ostendit,ab
3051 3791 3233 3846 eodem
3255 3790 3473 3867 Albrica

1877 3882 2120 3952 episcopo
2165 3881 2230 3936 de
2260 3884 2584 3936 monasterio
2634 3898 2747 3936 sua
2799 3882 3204 3949 ditionisBeate
3237 3881 3473 3951 subjecto

1866 3974 2169 4042 pretiosum
2193 3971 2264 4006 "'
2292 3982 2581 4044 martyrem
2620 3970 2852 4028 Euticen
2876 3976 3097 4044 accepit.
3128 3973 3294 4044 Cujus
3335 3973 3474 4027 beati

1880 4066 2012 4120 socii
2046 4064 2305 4120 Victorini
2325 4064 2445 4135 jam
2486 4082 2626 4119 anno
2662 4068 2931 4137 superiore
2965 4066 3216 4138 reliquias
3251 4082 3478 4121 emerue-

1882 4166 1988 4225 rat,
2016 4156 2186 4211 simul
2199 4158 2271 4197 ⁸⁸⁸
2292 4166 2345 4212 et
2363 4166 2569 4227 partem
2592 4159 2771 4212 sancti
2805 4157 3045 4215 Maronis
3071 4158 3276 4227 pariter
3303 4158 3447 4226 passi
3463 4197 3476 4210 .

1884 4246 2125 4312 Quorum
2143 4260 2196 4302 et
2224 4247 2343 4301 loca
2364 4248 2630 4318 passionis
2660 4248 2983 4319 aspeximus,
3013 4257 3064 4302 et
3092 4247 3165 4280 ”’
3186 4262 3351 4321 aquas
3374 4246 3481 4301 Co-

1885 4340 2015 4394 tilas
2037 4340 2177 4411 fado
2208 4343 2369 4398 odore
2394 4342 2682 4414 spirantes,
2710 4343 2767 4395 in
2787 4342 2977 4415 quibus
3004 4357 3152 4396 verso
3189 4341 3361 4411 capite
3386 4356 3477 4392 su-

1885 4451 2104 4506 spensus
2156 4436 2335 4508 fuerat
2387 4445 2615 4507 martyr.
2665 4435 2984 4491 Passionem
3034 4435 3257 4506 denique
3300 4450 3479 4488 eorum

211 4512 378 4585 inqua
402 4517 689 4573 triennium
711 4518 820 4589 fere
852 4517 1127 4588 militavit,
1154 4520 1282 4574 dum
1308 4521 1487 4576 divino
1520 4524 1784 4594 pracipuc
1817 4540 1861 4594 ι)
1885 4529 2086 4599 scripta
2129 4529 2352 4584 retinent
2393 4537 2700 4583 sanctorum
2753 4527 2911 4582 Nerei
2943 4535 2995 4582 et
3031 4526 3280 4597 Achillei.
3325 4523 3483 4578 Hanc

213 4605 368 4674 cultui
410 4606 482 4643 ⁸⁴⁸
521 4608 731 4664 deditus
778 4625 994 4687 quaque
1036 4612 1107 4665 ad
1152 4612 1421 4681 honorem,
1444 4614 1684 4670 decorem
1712 4616 1782 4648 ⁸⁸⁵

214 4710 294 4750 seu
312 4700 694 4754 munimentum
712 4717 824 4755 sua:
850 4710 1049 4756 sancta:
1075 4703 1214 4759 sedis
1243 4707 1488 4761 certatim
1530 4710 1779 4780 exquire-

218 4794 303 4854 ret,
327 4797 484 4860 atque
510 4789 582 4823 m
611 4792 892 4862 efﬁcaciter
918 4795 1051 4848 uotis
1080 4795 1196 4865 ejus
1216 4806 1409 4853 cuncta
1429 4811 1778 4871 suppeterent,

219 4890 478 4947 corporum
512 4891 818 4935 sanctorum
858 4884 1152 4940 mimum
1203 4888 1412 4957 copiam
1444 4904 1512 4944 ea:
1558 4893 1781 4949 diversis

224 4966 386 5024 Italia:
414 4969 567 5039 locis,
598 4972 779 5028 divina
824 4991 879 5031 se
925 4977 1104 5048 gratia
1151 4977 1455 5045 adiuvante,
1488 4980 1785 5042 collectam.

1891 4620 2001 4690 ipse
2043 4619 2269 4675 domnus
2316 4617 2631 4675 venerabilis
2674 4618 2745 4651 "°
2776 4617 3096 4673 Deodericus
3122 4616 3316 4671 ibidem
3343 4619 3484 4670 αεὶ-

1884 4720 2047 4779 stens,
2072 4727 2139 4766 ea:
2170 4714 2288 4783 ipsa
2322 4710 2490 4766 archa
2534 4726 2795 4766 marmore
2835 4711 3047 4781 fortiter
3082 4711 3312 4776 munita,
3344 4711 3484 4764 mira

1887 4820 2008 4858 cum
2044 4804 2373 4859 exultatione
2417 4818 2482 4857 ac
2522 4805 2853 4860 veneratione
2879 4805 3104 4877 excepit,
3145 4812 3329 4860 octavo
3350 4803 3482 4857 Kal-

1895 4895 2114 4952 Octobr.
2171 4896 2280 4951 ﬂos
2320 4896 2459 4955 duos
2554 4895 2806 4953 delardus
2845 4898 2916 4933 ⁹⁸¹
2965 4896 3110 4968 ﬁlius
3151 4896 3378 4953 Gerardi
3430 4897 3486 4950 in

1894 4989 2127 5043 oatriam
2146 4993 2459 5060 asportavit.

1509 5143 1733 5203 VARUS
1774 5149 2176 5209 LECTIONES.

283 5247 354 5341 1’:
366 5266 548 5341 μυρσίνῃ
552 5252 871 5341 ξξρηιζςξζ
1024 5255 1091 5309 ad
1122 5271 1199 5341 ρ.-
1227 5273 1274 5312 r.
1315 5273 1366 5313 c.
1418 5260 1473 5341 i._
1494 5276 1652 5314 manu
1821 5264 1994 5341 fi°_ln
2019 5267 2070 5321 5.
2106 5268 2330 5341 ubinam
2359 5268 2585 5323 historia
2622 5271 2663 5341 f.
2695 5271 2882 5341 56-4].
2916 5280 3109 5337 exstat,
3136 5271 3271 5324 hanc
3295 5271 3487 5323 inscrt-

226 5316 459 5415 ςξξοηςηξι
474 5316 691 5415 prafér't
716 5339 735 5377 :
760 5323 1026 5415 l-nycntio'
1050 5316 1364 5415 sanctor-pm
1389 5329 1648 5415 adomno
1692 5316 1989 5391 Deoderico

325 5390 603 5448 adelheide
639 5394 693 5447 5.
769 5394 840 5427 ’θ’
880 5396 1064 5451 mettis
1087 5397 1140 5451 5.
1216 5397 1288 5430 ’⁵³
1312 5397 1685 5456 familiaritate
1715 5406 1767 5459 5.

231 5456 332 5511 sedi
383 5462 612 5518 metensi
660 5464 715 5521 5.

808 5464 879 5498 “'
947 5465 1048 5543 {lae
1090 5468 1473 5543 inscriptiones
1493 5487 1696 5543 semper
1714 5475 1901 5531 desunt
1925 5476 1977 5531 5.

2032 5338 2679 5411 pontificeirepertorum.
2716 5340 2915 5410 Incipit
2944 5358 2960 5394 :
2987 5342 3146 5395 Anno
3192 5341 3301 5396 inc.
3334 5341 3483 5396 dom.

1881 5407 1952 5441 9“
1981 5408 2129 5462 cultu
2154 5409 2208 5463 5.
2287 5409 2356 5441 ³⁸⁸
2377 5407 2746 5481 decoremque
2777 5407 2845 5465 5(
2905 5413 2974 5443 ⁸³³
3008 5421 3061 5466 et
3083 5412 3135 5467 5.
3210 5412 3277 5444 ⁵³⁷
3301 5417 3488 5466 samtc
3540 5460 3544 5467 .

1884 5476 1977 5531 t5.
2090 5478 2159 5511 m
2194 5481 2271 5533 ita
2296 5481 2381 5542 5.;
2409 5482 2664 5536 sticinum
2699 5499 2744 5535 c.
2843 5483 2912 5515 ”°
2941 5483 3169 5542 collegio
3190 5481 3243 5538 5.
3325 5481 3394 5517 ⁹⁸¹
3429 5495 3482 5534 c.

231 5527 925 5622 ξαίνεδξδ-ῐιξξΐξὲηιίυωιδ-
957 5538 1011 5622 5;
1088 5527 1444 5622 ’fjfutigentes
1463 5542 1518 5597 5.
1593 5527 1902 5622 magis.
1931 5527 2051 5622 ίόυι
2085 5527 2381 5622 nume}:
2410 5527 3411 5622 ξῖἱῖἐὶίῗἸεῖάεεειδ’.””εῖτῖ’ἷιη”ένεηειίε
3436 5527 3485 5603 ἓξ

231 5594 278 5649 5-
345 5599 907 5672 ’"preciosissimum
980 5608 1031 5663 5.
1109 5609 1176 5643 ’⁵³
1208 5594 1570 5682 siinulqucct
1599 5615 1650 5669 5.

1755 5617 1825 5649 ⁹⁸⁹
1853 5628 1906 5673 et
1938 5619 2082 5689 ipsas
2111 5637 2161 5674 ει.
2196 5621 2248 5674 5.

2341 5622 2412 5655 ⁹⁶⁰
2443 5640 2492 5677 v.
2524 5623 2576 5676 d.
2603 5624 2653 5677 5.
2742 5623 2804 5653 ⁹⁶¹
2840 5623 3164 5677 adlttlnrdtts
3187 5623 3239 5677 ’5.

1732 5728 1957 5785 ΝΟΤιΕ.

296 5805 437 5882 (9η)
465 5809 596 5869 Vide
627 5819 819 5868 contra
850 5811 1223 5871 Thietmarum
1255 5814 1341 5885 ΙΙΙ,
1375 5819 1422 5874 9.

1976 5823 2028 5892 (9
2042 5824 2123 5896 ιδ)
2163 5825 2462 5881 Amiterno.
