3908 6316
154 320 259 393 7ιεί

1110 313 1272 369 VlTA
1312 311 1677 370 DEODERICI
1710 264 2024 370 El’lSCOPi
2061 264 2499 370 METTEIVSISX

3313 316 3421 375 7H-

150 413 243 468 Sct
272 419 463 479 postea
489 409 660 465 misso
692 406 970 464 Rothardo
995 406 1251 471 diacono,
1287 422 1409 477 eam
1456 406 1525 461 ab
1552 405 1741 461 :eccle-
1768 415 1816 476 Α
1907 403 1983 459 De
2007 406 2212 461 sanctis
2232 404 2394 461 Proto
2414 412 2470 459 et
2494 401 2724 461 Jacinto.
2746 401 2811 457 In
2842 403 3057 461 Sabinis
3087 408 3297 478 regione
3318 424 3424 462 nou
3470 437 3475 443 -

148 505 231 559 sia
264 518 391 575 quae
415 502 618 558 dicitur
642 500 709 557 ad
746 498 995 567 Vincula,
1030 499 1120 555 ubi
1170 499 1275 554 hoc
1305 498 1509 555 factum
1538 500 1735 566 fuerat,

143 596 353 649 domno
374 609 515 664 papa
541 592 888 659 concedente,
916 592 1236 664 asportavit.
1273 590 1543 646 Praeterea
1580 589 1737 647 inﬁr-

145 686 429 742 mantibus
476 685 711 743 salubris
760 684 1031 758 provenit,
1079 683 1126 740 si
1163 683 1287 753 quis
1311 698 1438 738 cum
1465 682 1569 737 ﬁde
1594 680 1739 752 apud

145 773 419 831 Sanctum
465 773 836 843 Vincentium,
871 774 964 830 ubi
987 774 1225 845 reposita
1265 782 1557 830 veneratur
1579 788 1612 827 a
1635 787 1738 844 po-

139 866 313 938 pulis,
339 882 463 922 eam
492 874 716 939 tangere
738 865 1021 922 meruerit.

214 957 297 1013 De
323 968 516 1016 sancto
544 957 833 1015 Vincentio
862 958 1045 1015 levita.
1094 962 1324 1013 ﬂeatum
1352 964 1644 1026 martyrem
1667 953 1739 987 ³⁷⁸

135 1063 186 1105 et
198 1050 422 1105 levitam
440 1051 769 1106 Vincentium
786 1051 1066 1105 incivitate
1077 1049 1312 1121 quadam
1333 1048 1735 1119 antiquissima,

134 1158 263 1213 quc
292 1144 362 1198 ad
388 1143 560 1198 solum
588 1160 752 1215 usque
753 1143 872 1213 jam
893 1141 1047 1214 longe
1064 1151 1293 1212 tempore
1320 1141 1503 1194 diruta
1539 1140 1737 1209 fuerat,

137 1234 401 1290 Corduno
432 1238 641 1289 nomine
668 1234 839 1306 (947),
871 1251 989 1305 que
1024 1233 1089 1288 ab
1111 1233 1331 1287 Aret/tio
1358 1231 1429 1265 ⁸³⁸
1461 1230 1741 1285 duodecim

137 1324 365 1378 milibus
391 1324 581 1391 distat,
607 1340 672 1379 ex
704 1324 1024 1378 monasterio
1059 1323 1302 1394 proximo
1338 1322 1472 1375 satis
1518 1319 1739 1390 pulchro

136 1425 364 1482 ornatu,
397 1416 537 1487 quod
585 1414 757 1469 multa
790 1415 976 1469 itidem
1024 1415 1323 1485 frequentia
1370 1412 1736 1476 venerabatur,

138 1504 407 1559 Rertraus
431 1506 706 1571 diaconus,
733 1506 1022 1559 comitante
1048 1520 1224 1558 secum
1274 1503 1505 1574 quodam
1548 1500 1739 1555 clerico

132 1598 385 1668 episcopi
405 1598 655 1664 Arietini,
682 1599 769 1652 cui
798 1598 864 1632 "'
893 1614 1081 1652 nomen
1103 1595 1395 1666 Crisulfus,
1418 1592 1592 1648 indice
1609 1592 1736 1660 loci,

132 1706 268 1742 cum
298 1706 487 1760 magna
501 1689 626 1743 licet
655 1690 1000 1761 difﬁcultate,
1025 1690 1147 1744 vita:
1166 1704 1368 1760 quoque
1389 1704 1493 1741 non
1520 1686 1738 1740 minimo

1837 496 2026 566 procul
2044 497 2108 551 ab
2142 496 2269 551 urbe
2297 486 2727 573 miliario
2762 496 2871 567 fere
2902 499 3310 571 quadragesimo
3351 500 3421 532 ⁵⁸⁷

1840 587 2015 642 sancti
2040 595 2298 657 martyres
2337 584 2536 661 _Protus
2572 594 2624 639 et
2665 583 2914 640 Jacintus
2965 596 3118 643 erant
3164 589 3425 644 reconditi

1840 676 2117 750 aliquanto
2145 676 2516 749 neglegentiori
2546 676 2809 731 custodia.
2846 676 2958 732 Hos
2989 679 3152 734 abbas
3203 681 3426 754 quidam

1840 769 1903 824 de
1942 769 2262 823 monasterio
2318 778 2518 824 sancta:
2563 768 2756 825 Maria:
2818 770 2958 841 quod
3010 771 3211 827 dicitur
3275 770 3425 827 Far-

1841 863 1964 934 fara
1986 862 2156 935 (950),
2204 862 2488 917 venerabili
2508 862 2749 933 pontiﬁci
2773 871 2972 929 nostro,
3000 862 3129 917 dum
3172 862 3239 918 de
3259 880 3427 919 causa

1839 970 1940 1009 sua
1959 971 2080 1010 eum
2111 954 2252 1026 apud
2299 955 2670 1025 imperatorem
2716 954 2818 1009 sibi
2864 954 2982 1025 ﬁeri
3028 955 3426 1011 intercessorem

1840 1057 2070 1120 rogaret,
2094 1049 2220 1121 quia
2262 1047 2410 1102 nullo
2457 1056 2666 1102 tantum
2719 1063 2933 1102 munere
2955 1065 3077 1103 eum
3114 1056 3428 1116 cognoverat

1840 1140 2116 1207 delectari,
2142 1149 2348 1212 partem
2372 1141 2547 1211 primo
2571 1139 2800 1195 obtulit:
2830 1150 2908 1196 set
2938 1150 3120 1211 postea
3155 1142 3293 1196 mira
3337 1142 3428 1197 in-

1840 1233 2044 1286 stantia
2063 1231 2244 1285 damni
2264 1231 2530 1301 praesulis,
2553 1231 2804 1302 quicquid
2829 1232 2950 1288 inde
2981 1233 3208 1303 reperire
3231 1234 3426 1303 potuit,

1841 1321 2203 1393 adjecit;ipse
2233 1322 2486 1375 cum‘suis
2538 1321 2809 1376 monachis
2850 1323 2985 1377 dans
3020 1317 3191 1394 super
3237 1333 3429 1378 sancta

1837 1412 2109 1485 evangelia
2129 1421 2542 1481 sacramentum,
2567 1429 2682 1469 vere
2708 1431 2771 1469 ea
2800 1431 2925 1469 ossa
2946 1425 3250 1473 sanctorum
3271 1416 3428 1471 Preti

1838 1514 1889 1562 et
1916 1504 2121 1560 Jacinti
2164 1507 2409 1562 existere.
2459 1504 2577 1560 Hoc
2608 1515 2726 1578 post
2777 1506 2959 1563 natale
3008 1507 3245 1576 Domini,
3298 1509 3429 1563 dum

1840 1598 2009 1654 Roma
2032 1608 2425 1667 reverteremur,
2453 1601 2512 1654 in
2539 1601 2735 1654 vicinia
2782 1599 2971 1657 Home
2994 1602 3230 1658 civitatis
3273 1603 3427 1675 (95l)

1838 1701 1917 1747 est
1944 1700 2144 1747 actum.
2863 1723 2885 1749 ο

131 1782 405 1853 periculo,
434 1781 710 1837 transtulit
739 1783 830 1838 9“.
880 1781 1038 1836 Hunc
1077 1766 1177 1836 ex?
1196 1779 1463 1851 Hispania
1494 1780 1550 1833 in
1613 1777 1736 1833 Ita—
1775 1764 1814 1819 Β
1911 1784 1988 1840 De
2025 1784 2231 1840 sanctis
2253 1782 2424 1856 Digna
2449 1793 2504 1839 et
2525 1782 2766 1841 Emerita
2793 1786 2883 1840 ⁸⁸⁸.
2912 1784 3001 1841 Set
3040 1785 3225 1843 Roma:
3273 1787 3425 1843 nobis

131 1875 281 1930 Imm
307 1875 381 1939 ’9
409 1874 744 1944 deportatum
771 1875 1000 1946 ﬁrmiter
1030 1882 1390 1929 asseruerunt.
1425 1871 1591 1943 Cujus
1618 1886 1735 1925 mo-

130 1968 273 2023 dum
307 1968 676 2024 translationis
696 1979 900 2040 postea,
922 1968 1117 2023 domno
1137 1967 1363 2040 prwsule
1385 1967 1738 2022 Beneventum

133 2061 409 2128 veniente,
450 2061 577 2115 dum
603 2061 762 2116 nurui
791 2061 1152 2131 imperatoria:
1192 2076 1227 2113 a
1268 2058 1479 2114 Gratcia
1511 2056 1738 2112 venienti

131 2154 357 2208 obvium
386 2155 577 2208 missus
609 2162 764 2221 esset,
784 2153 993 2223 plenius
1031 2152 1389 2225 cognovimus.
1410 2148 1586 2205 Juxta
1633 2147 1739 2205 Ca-

130 2264 310 2317 puam
338 2248 596 2327 siquidem
621 2249 1003 2303 monasterium
1023 2248 1143 2318 jam
1196 2264 1324 2319 pene
1365 2247 1607 2301 dirutum
1641 2262 1739 2299 no-

134 2339 292 2392 mine
318 2340 492 2393 sancti
548 2338 809 2394 Vincentii
850 2339 999 2413 (948)
1027 2339 1334 2409 reperimus,
1377 2337 1516 2409 quod
1547 2336 1740 2409 grandi

131 2440 197 2484 et
220 2432 358 2484 miro
384 2448 535 2502 opere
560 2432 829 2503 quondam
855 2449 889 2487 a
939 2425 1197 2504 fratribus
1255 2432 1424 2486 tribus
1477 2430 1740 2485 nobilibus

134 2533 531 2597 constructum,
567 2525 798 2580 veterani
827 2524 899 2558 “'°
919 2526 1012 2597 qui
1041 2525 1115 2579 ibi
1163 2535 1286 2579 tunc
1311 2524 1470 2595 pauci
1503 2523 1742 2578 viseban-

135 2626 239 2668 tur
278 2596 523 2669 monachi
567 2616 839 2684 dixerunt,
881 2625 935 2671 et
977 2633 1167 2688 corpus
1230 2616 1405 2671 sancti
1478 2614 1740 2669 Vincentii

131 2717 333 2778 postea
355 2724 389 2761 a
414 2701 617 2763 duobus
643 2709 914 2763 monachis
934 2724 1001 2765 ea:
1053 2708 1323 2781 Hispania
1367 2708 1444 2762 ibi
1482 2707 1623 2762 clam
1645 2707 1740 2762 deo

135 2807 443 2870 portatum,
471 2810 628 2872 atque
656 2801 898 2872 deinceps
921 2800 1105 2855 multis
1135 2801 1453 2872 temporibus
1502 2800 1742 2855 maxima

137 2893 485 2948 veneratione
506 2893 767 2959 habitum,
800 2894 962 2949 donec
1009 2911 1043 2949 a
1086 2890 1313 2965 paganis
1341 2893 1524 2948 eodem
1549 2909 1740 2947 mona-

135 2985 314 3040 sterio
337 2995 564 3053 vastato,
590 3002 782 3057 corpus
805 2996 1050 3041 sanctum
1079 2987 1203 3042 inde
1235 2985 1506 3041 sublatum
1556 2993 1613 3040 et
1666 2984 1738 3038 ad

134 3079 464 3151 pratdictam
499 3077 891 3134 Cordunensem
933 3079 1205 3134 civitatem
1237 3094 1348 3133 esse
1389 3077 1732 3132 translatum.

1764 3124 1812 3187 C

1840 1887 1965 1933 tunc
2008 1879 2353 1947 constitutis,
2415 1895 2627 1934 munere
2661 1877 2873 1935 "damni
2941 1898 3093 1954 papae
3159 1881 3428 1939 Johannis

1837 1973 2056 2043 pignera
2084 1980 2393 2026 sanctarum
2419 1970 2609 2043 Digna:
2628 1981 2678 2027 et
2721 1972 2994 2042 Emeritaa,
3028 1991 3256 2046 quarum
3305 1993 3429 2031 cor-

1836 2081 1968 2137 pora
1992 2067 2047 2120 in
2067 2067 2275 2136 porticu
2304 2064 2559 2120 (ecclesia:
2580 2066 2725 2141 beati
2751 2065 2995 2122 Marcelli
3026 2071 3278 2139 martyris
3303 2078 3430 2124 sunt

1840 2158 2131 2225 recondita,
2158 2175 2276 2229 qua:
2297 2167 2375 2214 est
2426 2167 2550 2213 ante
2578 2168 2790 2214 sanctos
2833 2160 3120 2230 apostolos,
3165 2162 3328 2217 simul
3374 2170 3433 2218 et

1839 2250 1980 2304 alias
2004 2248 2289 2321 sigillatim
2308 2250 2381 2283 ⁸⁸⁸
2411 2252 2696 2322 repositas,
2718 2267 2839 2306 cum
2858 2254 3091 2324 propriis
3117 2257 3427 2310 annotatioo

1841 2341 2016 2410 nibus,
2062 2342 2390 2397 diversorum
2434 2352 2741 2398 sanctorum
2783 2343 3038 2416 reliquias
3087 2347 3332 2418 accepit;
3371 2349 3427 2403 in

1840 2433 2027 2506 quibus
2048 2442 2099 2488 et
2125 2433 2433 2488 sandalium
2461 2434 2530 2468 ”°
2560 2435 2735 2489 sancti
2775 2433 3052 2505 Stephani.
3081 2435 3212 2491 Hec
3246 2439 3427 2492 omnia

1838 2540 1932 2595 per
1987 2523 2313 2579 Willardum
2334 2524 2649 2580 monachum
2686 2523 2866 2581 Mauri
2922 2529 3234 2582 monasterii
3267 2528 3429 2601 (952)

1841 2619 2005 2672 missa
2027 2626 2171 2672 sunt.

1912 2710 1990 2768 De
2011 2718 2203 2767 sancto
2228 2709 2517 2767 Vincentio
2565 2711 2845 2783 episeopo.
2879 2711 3124 2767 Alterum
3177 2721 3419 2769 sanctum

1815 2819 1824 2826 ’
1851 2800 2184 2857 Vincentium
2207 2803 2512 2875 episcopum
2537 2818 2604 2857 es:
2633 2803 2955 2857 monasterio
2983 2803 3216 2875 quodam
3252 2805 3310 2859 in
3339 2820 3421 2859 co-

1840 2894 2033 2948 mitatu
2062 2891 2251 2948 Urbini
2272 2892 2566 2948 aRavenna
2590 2891 2826 2947 miliario
2849 2892 2958 2963 fere
2972 2894 3433 2965 quinquagesimo,

1832 2983 1994 3053 juxta
2015 2984 2236 3039 Petram
2254 2994 2529 3055 pertusum
2564 2985 2739 3057 (955),
2769 2985 2836 3040 ab
2884 2985 3076 3041 abbate
3125 2989 3278 3041 rebus
3330 3001 3422 3042 nev

1841 3075 2089 3129 cessariis
2142 3076 2300 3129 nimis
2333 3077 2543 3143 attrito,
2583 3077 2710 3147 quia
2744 3075 2898 3130 aliud
2942 3078 3083 3148 quod
3127 3078 3281 3133 daret
3328 3092 3427 3149 pro

142 3171 300 3228 Tunc
346 3172 513 3226 etiam
577 3172 850 3243 episcopus
911 3171 1224 3226 Ariethinus
1270 3171 1342 3203 ’⁸⁸
1392 3187 1497 3225 non
1565 3170 1739 3225 modi-
1766 3166 1812 3187 ν
1843 3166 2157 3222 relevatione
2180 3168 2250 3202 ³⁸⁸
2284 3166 2391 3221 loci
2420 3184 2525 3222 non
2546 3168 2823 3236 habuerat,
2851 3178 3056 3239 partem
3085 3172 3261 3241 primo
3291 3171 3428 3240 o/l'e-
3480 3182 3483 3183 '

135 3278 266 3321 cam
319 3262 614 3331 portionem
666 3263 940 3333 sanguinis
971 3260 1263 3316 beatissimi
1292 3260 1739 3332 prothomartgris

138 3354 408 3426 Stephani
453 3355 511 3408 in
532 3371 653 3409 vase
691 3354 989 3409 cristallino
1026 3355 1221 3426 optime
1248 3370 1380 3408 auro
1419 3353 1741 3425 gemmisque

137 3447 462 3518 composito,
497 3455 546 3500 et
572 3446 636 3500 de
658 3447 913 3517 sanguine
935 3445 1283 3501 Innocentum
1309 3445 1500 3525 in'alia
1534 3444 1736 3515 pixide,

138 3550 197 3596 et
218 3540 285 3594 de
308 3539 525 3611 capillis
550 3541 721 3594 sancti
755 3539 927 3606 Petri,
956 3538 1234 3594 breviculis
1276 3555 1368 3609 per
1389 3536 1604 3610 singula
1638 3553 1739 3608 ap-

137 3634 360 3705 positis,
388 3634 629 3705 quamvis
658 3633 854 3687 invitus
872 3640 922 3686 et
947 3648 1152 3686 summo
1182 3632 1239 3685 in
1263 3631 1573 3686 discrimine
1596 3629 1740 3701 apud

98 3750 107 3756 ν
142 3728 525 3795 imperatorem
557 3725 637 3779 sui
661 3739 980 3794 suarumque
1014 3739 1191 3778 rerum
1210 3723 1435 3794 positus,
1467 3722 1647 3788 dedit;
1689 3731 1743 3777 et

142 3820 277 3890 quia
315 3819 689 3889 redemptionis
719 3834 830 3872 sua:
853 3816 1085 3887 facultas
1116 3832 1235 3870 eum
1256 3814 1598 3887 angustabat,
1621 3830 1740 3886 pre-

144 3919 390 3963 catorem
410 3924 566 3963 suum
591 3908 663 3941 ⁸⁸⁸
689 3917 930 3962 nostrum
963 3906 1313 3962 venerabilem
1336 3906 1617 3977 prtesulem
1647 3922 1742 3977 per

143 4019 247 4057 noc
271 4014 323 4056 et
350 4017 446 4071 per
469 4017 656 4073 corpus
678 4001 851 4055 sancti
892 3999 1154 4055 Vincentii
1176 4000 1408 4071 paravit,
1456 4010 1613 4070 atque
1663 4000 1741 4055 sic

143 4096 205 4149 in
226 4103 468 4166 gratiam
491 4094 851 4164 imperatoris,
875 4109 936 4148 eo
982 4092 1375 4160 interveniente,
1419 4093 1508 4146 vix
1559 4092 1737 4148 rediit.

150 4184 230 4239 De
261 4184 362 4238 hoc
395 4184 509 4255 ipso
530 4183 682 4237 beato
718 4192 951 4253 martyre
976 4180 1156 4254 plures
1194 4181 1462 4237 Italorum
1510 4182 1742 4253 episwpi

134 4278 261 4349 jam
284 4285 412 4330 ante
438 4291 576 4346 saepe
602 4283 982 4346 temptaverant
1005 4282 1061 4329 ut
1089 4274 1144 4329 id
1188 4274 1467 4345 adquirere
1496 4282 1706 4342 possent
1726 4288 1740 4301 ·

144 4372 205 4425 in
238 4370 438 4440 quibus
473 4368 785 4423 Ambrosius
812 4367 1206 4439 Bergamensis,
1233 4383 1328 4438 pro
1353 4382 1415 4421 eo
1443 4365 1584 4437 quod
1594 4367 1740 4420 sedes

1842 3252 2017 3326 rente,
2054 3268 2131 3313 set
2171 3258 2401 3314 Bertrao
2456 3258 2589 3313 illuc
2630 3259 2814 3327 misso,
2861 3257 3134 3331 multaque
3177 3270 3295 3315 arte
3354 3260 3428 3303 tn

1840 3359 2053 3405 strenue
2080 3358 2263 3422 agente
2301 3351 2554 3421 percepit.
2584 3349 2764 3420 Hujus
2811 3350 3113 3422 passionem
3142 3350 3403 3423 descripsi
3411 3380 3433 3394 -

1842 3460 1981 3498 mus.
2008 3440 2112 3497 IIic
2132 3459 2226 3513 per
2240 3441 2536 3498 Immonem
2556 3443 2801 3498 comitem
2826 3444 3020 3498 missus
3040 3452 3140 3502 est.

1913 3534 1989 3591 De
2015 3536 2221 3592 sanctis
2248 3534 2477 3592 Leontio
2509 3544 2564 3592 et
2591 3533 2916 3606 Carpot‘oro.
2950 3535 3154 3593 Civitas
3205 3536 3437 3594 Vincen-

1843 3630 1923 3684 tia
1940 3639 2020 3685 est
2047 3647 2153 3685 non
2180 3631 2254 3672 ’⁸³
2277 3629 2429 3703 longe
2455 3649 2489 3686 a
2526 3630 2765 3700 Venetia,
2801 3632 2872 3687 ad
2911 3649 3072 3704 quam
3099 3633 3231 3688 olim
3277 3633 3430 3689 Lan-

1842 3721 2084 3793 gobardi,
2120 3722 2249 3777 dum
2276 3720 2504 3778 Italiam
2550 3723 2896 3792 invaderent,
2944 3725 3178 3796 primam
3213 3726 3430 3781 urbium

1842 3815 2043 3869 venisse
2063 3814 2335 3869 dicuntur.
2371 3813 2439 3868 In
2457 3831 2521 3869 ea
2568 3824 2776 3887 martyr
2809 3814 3064 3871 Leontius
3106 3819 3434 3872 monasterio

1841 3905 2037 3975 celebri.
2056 3907 2421 3962 venerabatur.
2477 3907 2657 3979 Hujus
2708 3909 2981 3981 episcopus
3027 3909 3129 3965 loci
3177 3909 3432 3983 reliquias

1841 4009 2021 4054 nostra
2049 4000 2472 4066 reverentissimo
2503 4000 2742 4071 prwsuli,
2767 4003 2816 4056 si
2851 4017 2950 4073 pro
2995 4018 3163 4057 causa
3198 4020 3299 4058 sua
3335 4004 3435 4058 into

1839 4092 2168 4164 peratoriam
2233 4091 2623 4163 interpellasset
2677 4094 3012 4164 majestatem
3036 4136 3052 4163 ,
3102 4095 3428 4166 repromisit.

1844 4184 1972 4240 Mox
1994 4186 2155 4240 misso
2199 4185 2331 4241 illuc
2369 4185 2643 4241 Rothardo
2686 4187 2933 4253 diacono,
2988 4203 3111 4242 cum
3155 4188 3431 4259 episcopus

1843 4278 2067 4332 nimium
2090 4294 2145 4331 se
2176 4278 2387 4347 fecisset
2416 4277 2696 4348 difﬁcilem
2723 4280 2780 4333 in
2824 4279 3023 4347 dando,
3070 4289 3265 4349 printer
3290 4280 3431 4352 quod

1842 4366 2127 4421 dumtaxat
2166 4367 2506 4436 promiserat,
2540 4368 2754 4422 tandem
2781 4371 3033 4423 continua
3073 4370 3144 4405 m
3171 4372 3431 4442 exigentis

141 4462 487 4533 episcopatus
511 4462 595 4514 sui
623 4461 681 4514 in
707 4460 901 4515 honore
939 4461 1113 4515 sancti
1174 4457 1439 4515 Vincentii
1490 4466 1644 4524 esset,
1690 4465 1743 4511 et
1769 4470 1818 4530 ι)
1844 4457 2510 4528 victusinstantia,prwter
2522 4475 2696 4529 pauca
2714 4458 2819 4512 sibi
2831 4460 3285 4530 pigneraretenta,
3306 4461 3437 4516 reli-

144 4562 272 4608 ante
300 4553 700 4623 breve‘tempus,
747 4567 868 4606 eum
907 4552 1096 4623 quibus
1121 4558 1387 4621 potuerat,
1417 4548 1557 4603 diem
1600 4546 1741 4618 quod

142 4660 267 4700 eum
294 4652 612 4715 excepturus
665 4653 796 4698 esset
851 4651 1137 4698 statuerat.
1168 4641 1258 4698 Set
1307 4641 1537 4695 Domino
1588 4639 1742 4694 ordi-

142 4746 329 4805 nante,
357 4745 418 4791 ut
446 4737 504 4790 in
547 4727 962 4792 crastinumlille
982 4736 1312 4802 candixerat,
1357 4743 1505 4789 nocte
1542 4737 1756 4805 prwce-'

142 4835 352 4890 dentia
403 4833 595 4887 nostris
650 4840 1074 4904 prwoccupatun.
1141 4839 1239 4886 est.
1286 4829 1402 4884 Hoc
1448 4830 1630 4884 clerici
1675 4829 1740 4885 de

141 4934 325 4981 monte
345 4923 619 4979 Romarici
646 4924 795 4995 (949)
826 4923 1078 4980 tulerunt.

1839 4567 2000 4623 quum
2029 4552 2264 4622 corporis
2297 4560 2466 4631 totum
2490 4550 2720 4621 largitus
2745 4560 2846 4606 est.
2872 4550 3032 4605 Hunc
3051 4561 3102 4606 et
3121 4552 3193 4585 ⁸⁸⁸
3216 4552 3430 4609 beatum

1839 4641 2194 4715 Carpoforum
2213 4642 2396 4698 Roma:
2410 4658 2615 4712 passos,
2640 4642 2705 4697 ab
2720 4643 2903 4698 eadem
2924 4644 3137 4699 civitate
3153 4661 3257 4700 non
3272 4645 3433 4718 longa

1839 4746 1963 4791 ante
2009 4745 2247 4807 tempora
2298 4733 2619 4801 translatos,
2657 4734 2848 4791 incolte
2888 4737 3294 4805 asseverabant;
3339 4739 3432 4794 ubi

1799 4841 1806 4847 ‘
1840 4839 1893 4885 et
1915 4827 2087 4883 nobile
2109 4827 2377 4900 quondam
2401 4827 2782 4881 monasterium
2802 4829 2978 4883 sancti
3005 4826 3204 4884 Felicis
3223 4830 3433 4893 viseba-

1844 4930 1951 4989 tur,
1999 4920 2088 4976 ubi
2128 4930 2178 4975 et
2217 4919 2390 4990 primo
2440 4918 2697 4974 reconditi
2744 4920 3065 4977 ferebantur.
3111 4920 3203 4979 Set
3247 4939 3308 4978 eo
3364 4922 3433 4976 ab

1460 5038 1693 5097 unum
1733 5008 2134 5097 moriones.

227 5159 312 5198 ’τ’
340 5176 418 5232 in.
452 5175 713 5232 magnum
739 5168 796 5232 et
817 5160 855 5232 l.
885 5161 941 5232 5.
970 5231 978 5232 ί
1019 5160 1090 5194 ⁸⁸⁸
1121 5159 1304 5232 ναζβζίο
1333 5159 1386 5215 5.
1449 5157 1713 5232 _"‘ei__5_._
1773 5156 1844 5190 ⁹⁸²
1871 5154 2173 5232 sustulitﬁ.
2215 5224 2227 5232 _
2251 5151 2499 5232 “iitulia
2531 5168 2582 5232 ε.
2658 5151 2731 5232 ﬁt
2758 5150 3045 5232 veter_at_i_ni
3068 5150 3157 5232 5._
3200 5147 3431 5232 "Lare-

139 5232 302 5287 tinus
341 5230 398 5286 5.
435 5217 680 5301 etsu'pra.
757 5231 829 5263 ⁸⁸⁸
842 5231 928 5286 sui
957 5231 1010 5285 5.
1086 5231 1155 5263 ’⁸⁷
1176 5229 1345 5285 XLV“
1375 5246 1422 5286 c.
1448 5230 1501 5285 5.
1526 5228 1651 5301 Mm
1672 5225 2024 5301 Emerentia?
2062 5296 2074 5301 _
2094 5224 2165 5258 ⁹⁸⁹
2184 5223 2499 5301 singillatim
2531 5223 2586 5301 5_.
2659 5222 2732 5301 3"
2755 5221 3098 5301 scandalium
3125 5219 3180 5274 5.
3256 5217 3324 5253 ”‘
3352 5219 3432 5273 ita
3472 5294 3477 5298 ἑ

137 5302 357 5366 scribo;
389 5298 720 5359 revelatione
749 5316 796 5356 c.
830 5301 884 5357 5.
958 5301 1027 5335 π’
1048 5300 1128 5354 ita
1150 5301 1203 5357 5.
1238 5315 1366 5357 arce
1393 5316 1440 5355 e.
1517 5298 1588 5331 ⁹⁹²
1617 5312 1685 5354 ne
1712 5314 1764 5352 c.

1836 5296 1908 5331 m
1929 5296 2186 5367 contigua
2213 5293 2299 5348 cf
2340 5294 2410 5329 ’⁸⁸
2434 5295 2514 5348 ita
2548 5295 2603 5349 5.
2635 5293 2781 5348 deest
2807 5309 2854 5347 c.

1675 5429 1905 5489 ΝΟΤΕ.

219 5553 378 5624 (947)
406 5550 670 5624 Cortona.

218 5618 377 5694 (948)
410 5621 491 5694 ῥά
528 5618 878 5694 Vulturnum.

221 5690 378 5767 (949)
406 5690 811 5767 Bemiremont.

219 5760 376 5838 (950)
406 5760 589 5818 Farfa.

472 5855 747 5916 ΡΑτιιοι.
776 5852 851 5913 CI
862 5850 959 5913 .X.

1922 5540 2074 5610 (951)
2099 5537 2249 5595 Orta.
2391 5576 2403 5587 .

1928 5610 2081 5680 (952)
2108 5610 2513 5680 Maurmunster
2534 5609 2593 5664 in
2613 5607 2842 5664 Alsatia.

1923 5674 2074 5753 (955)
2101 5680 2182 5737 Ad
2205 5679 2512 5738 Metaurum
2536 5680 2761 5746 ﬂumen,
2787 5693 2820 5733 a
2851 5676 3082 5734 meridie
3109 5674 3324 5734 Urbini.

3038 5845 3119 5911 23
