3908 6316
477 279 580 337 7ιὲ

1560 308 1563 309 ν
1640 271 2001 355 SIGEBEBTI
2037 270 2449 329 GEMBLACEN
2458 271 2561 328 SlS

3625 272 3719 328 ἠΰ

470 401 694 475 Πιιςτίε,
720 399 811 472 qui
840 412 968 469 pene
990 394 1227 450 locorum
1250 394 1484 465 ipsorum
1507 391 1665 446 vicini
1688 398 1831 457 sunt,
1851 395 2055 454 exusto,
2088 393 2134 450 Α
2161 397 2215 443 et
2238 388 2477 444 Terentii
2506 388 2767 458 reliquias
2786 403 2911 444 cum
2932 385 3218 443 Vincentio
3240 388 3723 458 martyreetlevita,

471 503 627 566 atque
649 491 872 547 assidua
898 487 1200 543 incursione
1224 500 1404 538 eorum
1439 483 1841 553 reparationem»
1871 478 2054 550 prohi—

470 587 637 650 bente,
670 568 739 637 ad
769 582 943 636 sedem
969 576 1319 649 episcopalem
1348 575 1493 645 infra
1522 573 1701 626 urbem
1738 572 1832 625 sub
1881 570 2055 623 altare

468 674 827 747 depositisunt
852 673 943 727 m.
962 670 1110 726 Unde
1133 679 1183 724 et
1209 668 1466 739 praefatus
1482 664 2054 720 Rothardusdiaconus

469 776 713 822 sanctum
734 749 947 838 quidem
967 762 1248 817 Leontium
1289 768 1477 826 totum,
1508 757 1681 812 sancti
1709 772 1826 809 vero
1851 754 2055 824 Carpo-

469 863 575 932 [οι-ἱ
602 836 856 932 reliquias
889 874 991 911 non
1019 855 1254 910 modicas
1278 854 1342 907 ab
1372 854 1487 923 ipso
1533 867 1636 922 quo
1660 848 2053 903 claudebantur

467 942 717 1022 sumpsit,
754 949 918 1004 altari
946 948 1189 1017 eﬂ'raeto,
1211 944 1509 1016 sepulchro.
1541 942 1853 996 Passionem
1874 954 2055 994 eorum

468 1043 716 1099 incendio
741 1041 1002 1112 deperisse
1031 1038 1299 1091 dixerunt.
1334 1034 1553 1089 Natalis
1598 1049 1782 1087 eorum
1811 1033 1880 1087 15
1920 1029 2050 1085 Kal.

468 1137 696 1208 Augusti
728 1132 1047 1188 celebratur.
1070 1128 1245 1184 Teado
1271 1127 1463 1182 detulit
1483 1142 1595 1181 eos.

480 1280 483 1289 ,
541 1226 618 1281 De
665 1231 854 1283 sancta
902 1220 1068 1276 Lucia
1118 1218 1328 1291 virgine
1352 1225 1407 1271 et
1458 1223 1717 1287 martyre.
1750 1212 1949 1283 Magna
2003 1219 2052 1265 et

469 1315 783 1373 universalis
809 1312 1060 1368 wcclesiaz
1101 1309 1406 1364 celebritate
1428 1305 1789 1361 memorabilis
1830 1304 1973 1374 virgo
2003 1312 2054 1357 et

468 1418 676 1479 martyr
685 1406 854 1460 Lucio
867 1404 1231 1475 Syracusana,
1245 1417 1347 1472 quo
1374 1399 1558 1454 ordine
1567 1398 1637 1452 ad
1660 1396 1828 1451 nostri
1844 1393 2056 1465 religio-

466 1495 751 1557 sissimi’"
765 1497 1010 1570 prwsulis
1027 1495 1392 1550 avidissimum
1408 1492 1733 1546 devotionem
1740 1487 2004 1560 perveneri
2010 1494 2050 1554 t,

466 1593 768 1665 Wigericus
794 1589 1064 1663 presbyter
1085 1596 1279 1654 noster,
1310 1596 1434 1639 tunc
1455 1584 1688 1638 cantoris
1715 1598 1851 1636 nunc
1876 1587 2054 1634 custo-

468 1672 551 1740 dis
575 1686 712 1740 beati
736 1683 989 1754 Stephani
1019 1681 1263 1751 ofﬁcium
1293 1694 1496 1749 gerens,
1527 1677 1617 1748 qui
1655 1692 1718 1729 ea
1751 1690 1905 1729 sacra
1930 1689 2050 1725 ossa

468 1772 712 1832 manibus
738 1774 804 1829 ab
830 1776 1096 1845 ipsa,qua
1145 1788 1248 1825 non
1273 1770 1372 1824 levi
1418 1770 1707 1823 munimine
1747 1767 2048 1831 artabatur,
2082 1745 2127 1801 Β

466 1869 659 1924 extulit
686 1884 843 1934 urna,
872 1881 1023 1937 quem
1063 1865 1196 1920 satis
1238 1871 1366 1918 tutae
1421 1862 1546 1932 fidei
1599 1868 1829 1926 constat,
1881 1858 2051 1929 quibit

467 1977 748 2033 exponere.
780 1958 862 2012 Ea
894 1958 949 2011 in
977 1956 1214 2027 Corﬁnio
1236 1956 1330 2023 9”,
1352 1971 1468 2026 qua:
1489 1961 1635 2008 vetus
1690 1952 1818 2006 aliut
1864 1951 2051 2005 civitas

471 2055 667 2125 fuerat,
707 2069 842 2106 nunc
872 2058 983 2104 tota
1005 2050 1210 2116 diruta,
1232 2047 1550 2120 quiescebat.
1575 2045 1658 2099 Ad
1683 2060 1834 2116 quem
1878 2042 2051 2096 locum

469 2162 588 2200 eam
621 2145 685 2199 de
732 2141 924 2199 Sicilia
961 2142 1124 2211 fuisse
1161 2141 1479 2195 translatam
1520 2157 1553 2192 a
1605 2136 1880 2211 Faroaldo
1931 2151 2055 2206 quo-

469 2236 618 2303 dam,
642 2234 773 2287 duce
810 2209 1101 2302 Spoletina,
1123 2247 1237 2286 vere
1272 2228 1423 2284 nobis
1455 2238 1716 2283 assertum
1744 2209 1851 2282 est:
1896 2225 2051 2280 Hanc

491 2342 644 2395 psam
665 2310 1061 2394 Syracusanam
1079 2339 1210 2390 esse,
1236 2322 1301 2376 de
1344 2339 1450 2393 qua
1480 2321 1812 2391 responsoria
1835 2326 1885 2372 et
1909 2319 2061 2382 αηιί-Δ

468 2417 656 2487 phonw
689 2406 1021 2487 generaliter
1091 2430 1209 2468 cum
1283 2414 1447 2467 missa
1497 2411 1687 2482 ubique
1764 2417 2050 2476 canuntur,

471 2511 580 2581 ipse
609 2510 682 2550 “9
705 2510 980 2580 episcopus
1011 2507 1115 2561 loci
1144 2523 1305 2561 manu
1339 2523 1437 2560 sua
1464 2517 1647 2560 sancto
1666 2502 1933 2575 evangelio
1957 2489 2054 2573 ap-~

467 2605 645 2673 posita
673 2602 1026 2671 conﬁrmavit.
1740 2652 1743 2657 λ

538 2694 615 2749 De
656 2694 917 2748 craticula
961 2693 1136 2748 sancti
1187 2692 1489 2747 Laurentii.
1516 2691 1651 2747 Cum
1690 2690 1810 2760 jam
1859 2689 2049 2757 Roma,

472 2787 632 2856 regiis
662 2784 868 2839 nubciis
892 2785 983 2816 ‘°°°
1005 2784 1077 2837 ibi
1111 2784 1309 2855 ingenti
1336 2784 1508 2854 gloria
1549 2783 1778 2853 peractis
1827 2782 2052 2837 reditum

468 2881 528 2933 in
547 2878 782 2948 patriam
802 2877 1220 2946 disponeremus,
1240 2874 1430 2929 ultimo
1453 2874 1699 2945 beneﬁcio
1738 2890 1898 2945 eoque
1933 2877 2063 2943 plu-.

468 2970 618 3025 ribus
644 2969 937 3039 copiosiore
962 2967 1310 3022 venerabilem
1330 2966 1611 3038 praesulem
1643 2966 1866 3020 domnus
1911 2982 2052 3036 papa

467 3063 533 3117 de
551 3069 781 3133 quatuor
800 3058 1129 3130 portionibus
1153 3057 1429 3135 craticula:
1471 3059 1644 3112 sancti
1669 3057 1943 3112 Laurentii
1971 3057 2053 3112 lo-

470 3150 827 3223 cupletissime
843 3134 1153 3203 cumulavit.
1186 3147 1297 3202 Eas
1323 3147 1619 3218 Wigericus
1648 3163 1769 3201 cum
1791 3207 1793 3209 1
1812 3145 2055 3200 Iohanne

474 3241 732 3298 monacho
757 3240 821 3295 ab
853 3242 973 3312 ipsa
1019 3224 1175 3295 sacra
1224 3249 1370 3295 crate
1390 3240 1730 3295 extuderunt.
1787 3238 1918 3294 ch
1942 3256 2058 3293 vero

470 3320 681 3405 fuerunt
702 3333 881 3403 capita
905 3334 1196 3404 virgarum,
1218 3348 1336 3404 quae
1355 3348 1448 3403 per
1498 3328 1853 3386 transversum
1870 3330 2059 3401 jacue-

470 3410 593 3481 rant
636 3426 796 3480 costis
820 3425 1170 3480 exterioribus
1218 3425 1411 3495 inﬁxa.
1448 3422 1594 3477 Nam
1640 3424 1800 3493 virga:
1853 3438 2057 3488 omnes,

408 3533 421 3543 ‘
470 3535 590 3590 qua:
622 3533 714 3585 sea:
735 3518 790 3572 in
812 3534 873 3572 ea
904 3518 1137 3588 fuerant,
1168 3515 1429 3587 jaminde
1451 3532 1483 3569 a
1509 3515 1729 3570 diversis
1751 3512 2057 3585 apostolicis

474 3628 508 3665 a
531 3619 742 3665 vetusto.
769 3618 996 3680 tempore
1030 3596 1318 3680 quibusque
1340 3607 1547 3678 regibus
1577 3615 1728 3662 erant
1778 3607 1915 3660 dono
1949 3604 2061 3659 col-

470 3702 619 3769 latw,
646 3718 673 3756 e
704 3701 795 3733 ¹⁰⁰¹
826 3702 1016 3772 quibus
1047 3717 1173 3767 uua,
1204 3716 1323 3770 quae
1347 3699 1519 3753 adhuc
1540 3708 1867 3769 antepaucos
1891 3713 2057 3751 annos

469 3804 772 3864 supererat,
801 3809 992 3863 magno
1039 3792 1350 3862 imperatori
1402 3791 1583 3845 Ottoni
1638 3790 1703 3846 ab
1763 3776 2065 3843 Octaviano-

469 3903 716 3941 concessa
780 3894 879 3940 est.
931 3884 1033 3939 Ηω
1079 3884 1207 3937 dum
1256 3884 1671 3938 extundereutur
1721 3884 1838 3951 ¹⁰⁰¹,
1884 3891 2101 3938 costas»

469 3981 737 4051 proprius,
776 3966 1094 4032 intrinsecus
1124 3977 1324 4046 capita,
1349 3993 1467 4047 qute
1512 3977 1657 4047 infra
1682 3977 1892 4047 fortiter
1913 3985 2069 4042 tene:

471 4074 700 4140 bantur,
743 4078 1127 4126 remanserant.
1172 4070 1307 4135 Quae
1367 4078 1564 4136 tamen,
1621 4070 1763 4140 ferro
1818 4071 2063 4140 apposito

469 4180 633 4217 manu
677 4177 945 4232 percusso,
994 4160 1113 4214 licet
1163 4159 1429 4213 laborioso
1455 4159 1753 4226 conamine,
1790 4166 1913 4213 sunt
1971 4146 2069 4211 di?

472 4270 675 4309 κραδία.

542 4345 696 4402 Hanc
715 4345 940 4416 quidem
962 4343 1030 4399 de
1074 4343 1431 4399 translatione
1460 4351 1776 4399 sanctorum
1813 4358 1843 4397 a
1877 4341 2056 4411 majo-

2158 479 2453 548 Feliciano,
2501 479 2716 547 Eutiee,
2756 479 2992 550 Elpidio,
3025 479 3391 550 Asclepiotatc
3412 488 3466 534 et
3510 480 3723 536 catbena

2158 575 2332 629 sancti
2388 573 2556 640 Petri,
2582 573 2649 628 l8
2686 573 2804 627 Kal.
2837 573 2963 627 Maii
2999 573 3160 628 nobis
3195 574 3265 628 ab
3292 588 3360 628 eo
3387 573 3601 638 missas,
3616 574 3725 643 ipsa

2157 666 2235 721 rei
2264 666 2470 721 indicat
2498 666 2720 741 veritas.
2751 664 2958 721 Horum
2986 676 3041 720 et
3073 666 3360 737 passiones
3385 664 3726 735 descripsitet

2156 757 2300 812 diem
2330 756 2605 828 passionis
2638 758 2723 812 vel
2756 757 3118 828 depositionis
3163 756 3488 821 annotavit;
3540 754 3726 810 Fortu-

2155 850 2271 904 nati
2293 849 2502 905 scilicet
2533 850 2567 903 5
2605 847 2724 904 Kal.
2756 847 2909 915 Julii,
2947 848 3209 914 Miniatis,
3255 848 3290 901 8
3337 844 3460 901 Kal.
3509 844 3731 902 Novem-

2156 942 2291 1007 bris,
2355 943 2574 996 illorum
2637 942 2822 997 νει-05
2871 940 3143 997 Kalendas
3188 937 3463 995 Octobris.
3512 936 3729 1009 Pignera

2155 1050 2377 1105 quoque
2421 1033 2703 1102 Quintiani
2751 1033 3053 1105 presbyteri
3116 1041 3172 1088 et
3228 1030 3493 1102 martyris
3530 1031 3596 1085 de
3641 1031 3732 1085 Al-

2158 1136 2242 1183 tro
2273 1126 2423 1199 (954)
2447 1125 2764 1197 Campaniae
2806 1125 3048 1191 civitate,
3077 1132 3131 1179 et
3183 1121 3449 1177 Florentii
3487 1123 3737 1192 martyris

2156 1221 2222 1276 de
2264 1218 2382 1274 Tite
2434 1227 2617 1273 castro
2667 1218 2817 1289 (955)
2888 1218 3114 1273 sedulus
3161 1225 3484 1292 sanctorum
3534 1226 3738 1272 amator

2154 1312 2457 1378 transtulit,
2488 1317 2643 1382 gesta
2668 1322 2851 1365 tamen
2881 1308 3158 1380 passionis
3204 1326 3313 1364 non
3347 1310 3554 1374 attulit,
3598 1308 3735 1364 diem

2154 1414 2366 1460 tantum
2426 1401 2701 1473 passionis
2754 1402 2967 1469 retulit;
2993 1401 3275 1469 Quintiani
3302 1403 3337 1456 '5
3368 1400 3557 1457 Nonas
3595 1400 3736 1469 Julii,

2155 1497 2381 1553 alterius
2410 1495 2444 1549 6
2494 1493 2614 1549 Kal.
2653 1493 2995 1550 Novembris.
3426 1492 3441 1499 ”

2227 1589 2315 1643 Π.
2368 1587 2447 1642 De
2487 1588 2648 1643 laude
2698 1587 2849 1641 urbis
2900 1587 2995 1619 ¹⁰⁰³
3044 1585 3341 1640 Nettensis.
3389 1580 3612 1643 Gratias
3645 1586 3743 1641 tibi

2154 1690 2342 1737 sancta
2364 1690 2418 1736 et
2441 1680 2722 1737 individua
2752 1679 3016 1747 Trinitas,
3041 1695 3165 1750 quae
3190 1678 3609 1733 inaestimabiles
3633 1678 3744 1747 pie-

2152 1775 2280 1829 tatis
2304 1783 2409 1829 tuze
2426 1774 2627 1844 ubique
2648 1782 2918 1828 tertarum
2941 1770 3252 1826 diﬁundens
3267 1770 3518 1835 divitias,
3539 1770 3743 1823 incomo

2151 1868 2422 1937 parabiles
2448 1868 2577 1923 huic
2606 1867 2727 1922 urbi
2756 1865 3130 1936 copiosissime
3156 1863 3485 1934 praeparasti
3507 1863 3739 1917 delitias.

2154 1958 2395 2032 Singulae
2419 1960 2668 2015 civitates
2680 1959 2917 2030 gaudent
2936 1956 3289 2028 singulariter
3314 1956 3385 2010 de
3405 1955 3625 2010 collatis
3640 1955 3743 2010 sibi

2151 2052 2415 2108 divinitus
2442 2036 2637 2108 salutis
2669 2066 2785 2106 suae
2833 2049 3232 2121 provisoribus,
3263 2056 3319 2102 et
3347 2063 3590 2118 quorum
3622 2047 3739 2117 glas

2151 2146 2316 2201 riosis
2387 2161 2447 2201 se
2496 2146 2868 2200 meminerunt
2922 2143 3223 2198 illustratos
3279 2138 3747 2203 confessionibus,

2151 2252 2344 2292 eorum
2369 2236 2476 2308 piis
2507 2251 2565 2291 se
2592 2236 2823 2292 credunt
2868 2234 3207 2305 adjuvandos
3237 2231 3747 2288 intercessionibus.

2151 2329 2380 2399 Aliquas
2402 2328 2566 2384 etiam
2597 2336 2900 2399 martyrum
2935 2325 3177 2397 gloriosa
3214 2323 3450 2379 victoria
3493 2332 3747 2384 exornat,

2154 2430 2237 2477 set
2265 2436 2367 2475 vox
2397 2419 2681 2491 sanguinis
2705 2431 2898 2473 eorum
2930 2417 3005 2471 ibi
3031 2431 3132 2487 pro
3153 2415 3478 2472 testimonio
3499 2415 3749 2469 veritatis

2152 2512 2310 2567 eﬁ'usi
2358 2511 2539 2566 adhuc
2584 2510 2653 2565 de
2704 2517 2847 2564 terra
2884 2509 2951 2564 ad
2983 2507 3152 2563 Deum
3190 2508 3417 2573 clamat,
3443 2506 3751 2561 vindictam

2054 2628 2057 2633 ·
2151 2607 2483 2678 expostulat,
2506 2604 2745 2660 etdivini
2780 2601 3030 2673 responsi
3049 2601 3425 2672 promissione
3467 2600 3752 2668 suspensi,

2153 2696 2384 2752 fratrum
2407 2707 2634 2752 Suorum
2660 2693 2874 2765 impleri
2903 2706 3193 2747 numerum
3216 2683 3489 2760 expectat.
3521 2687 3753 2761 Excepit

2153 2798 2209 2844 et
2242 2790 2360 2844 haec
2383 2788 2577 2844 civitas
2603 2786 2805 2841 missos
2847 2785 2916 2840 ad
2939 2799 2999 2840 se
3041 2782 3365 2853 pi-ophetas,
3391 2782 3681 2852 sapientes
3703 2791 3757 2835 et

2155 2881 2386 2947 scribas,
2421 2889 2476 2935 et
2508 2879 2618 2934 cito
2645 2891 2984 2949 cognoscens
3011 2883 3228 2945 tempus
3249 2889 3366 2930 sua:
3390 2872 3754 2935 visitationis,

2153 2982 2208 3029 et
2232 2973 2388 3028 avide
2430 2971 2679 3042 amplexa
2714 2971 2899 3024 lumen
2930 2969 3056 3023 novi
3099 2966 3432 3038 splendoris,
3468 2965 3692 3035 depulit
3722 2980 3755 3017 a

2158 3080 2216 3120 se
2238 3063 2492 3120 tenebras
2518 3060 2802 3117 inveterati
2823 3059 3058 3125 erroris;
3096 3068 3153 3113 et
3177 3073 3304 3112 eum
3346 3057 3530 3111 nullus
3559 3056 3759 3125 justus

2160 3144 2385 3228 sanguis
2416 3172 2582 3227 super
2608 3170 2729 3210 eam
2748 3162 3013 3209 venturus
3039 3151 3132 3216 sit,
3153 3151 3356 3221 quippe
3394 3164 3518 3220 quae
3538 3148 3759 3202 nullius

2161 3247 2411 3319 sanguini
2436 3246 2731 3317 aliquando
2758 3262 2817 3300 se
2837 3246 2923 3299 vel
2950 3244 3093 3299 ﬁlios
3121 3259 3252 3299 suos
3281 3241 3567 3297 devoverit
3603 3260 3619 3296 :
3653 3243 3765 3311 glo—

2159 3340 2342 3395 riosos
2366 3348 2547 3394 tamen
2589 3344 2860 3408 martyres
2899 3344 3196 3406 praesentes
3226 3334 3414 3399 habet,
3440 3332 3663 3403 quibus
3704 3347 3763 3386 se

2159 3431 2246 3486 vel
2282 3430 2424 3485 ﬁlios
2457 3444 2592 3485 suos
2637 3427 3007 3484 commendet.
3039 3425 3179 3481 Cum
3218 3425 3445 3490 nullius,
3498 3424 3761 3494 inquam,

2160 3522 2465 3601 sanguis}:
2512 3499 2862 3592 generatione
2913 3518 3019 3575 ista
3058 3518 3399 3588 requiratur,
3425 3527 3761 3573 sancton

2160 3623 2461 3687 martyrum
2492 3628 2724 3682 corpora
2772 3612 2856 3668 vel
2898 3611 3159 3681 reliquias
3194 3624 3253 3664 se
3290 3617 3614 3664 reverenter
3647 3609 3765 3664 'ser-

2159 3722 2289 3761 vare
2323 3706 2608 3777 gloriatur.
2651 3703 2861 3760 Idcirco
2891 3710 3136 3759 sanctam
3181 3700 3502 3755 Mettensem
3554 3701 3762 3756 mle.

2161 3798 2299 3852 siam
2328 3796 2562 3852 dixerim
2590 3812 2718 3851 vere
2760 3794 2996 3861 felicem,
3021 3810 3145 3865 qute
3179 3793 3376 3848 sortita
3402 3807 3433 3846 a
3466 3790 3586 3847 Deo
3637 3793 3763 3850 ﬁdei

2160 3891 2525 3957 arrabonem,
2566 3889 2766 3961 gaudet
2811 3889 2916 3943 sibi
2962 3904 3058 3959 per
3107 3888 3291 3943 ﬁdeles
3339 3888 3767 3957 dispensatores

2160 3979 2513 4049 eentuplicari
2583 3978 2887 4049 spiritualis
2961 3976 3108 4033 dotis
3188 3992 3310 4032 suae
3359 3978 3759 4047 quantitatem.

2158 4070 2394 4128 Proinde
2444 4072 2629 4126 laetare
2677 4071 2860 4127 fausta
2912 4068 3452 4126 Mediomatricorum
3511 4070 3765 4125 civitas!

2160 4164 2336 4222 Etiam
2360 4175 2525 4237 atque
2557 4165 2721 4220 etiam
2749 4164 3033 4231 meditare,
3072 4163 3204 4233 quid
3234 4163 3329 4217 tali
3370 4163 3517 4229 viro,
3545 4161 3763 4217 Decae-

2159 4260 2334 4315 ricum
2351 4259 2497 4324 dico,
2530 4257 2752 4331 debeas,
2781 4257 2940 4327 cujus
2961 4256 3053 4328 pio
3080 4256 3265 4311 studio
3290 4264 3370 4311 tot
3404 4264 3760 4320 sanctorum,

2158 4360 2357 4422 praeter
2385 4350 2770 4423 indigenarum
2800 4336 3124 4419 patrocinia,
3149 4347 3442 4417 suscepisti
3464 4346 3763 4418 reliquias,

471 4439 624 4495 ribus
653 4438 966 4510 accepimus
1007 4437 1348 4495 relationem.
1378 4433 1489 4491 Cur
1515 4451 1644 4491 vero
1693 4436 1869 4491 sancti
1919 4435 2054 4490 For-
2090 4441 2135 4495 D
2160 4453 2213 4500 et
2245 4453 2441 4515 praeter
2484 4441 2681 4497 nativae
2706 4440 2993 4506 ubertatis,
3028 4455 3137 4509 qua
3164 4438 3520 4510 singulariter
3546 4438 3758 4499 amnis.

476 4532 652 4586 tunati
689 4529 1002 4586 Tudertinae
1028 4523 1181 4586 urbis
1208 4529 1476 4601 episcopi,
1506 4530 1574 4584 de
1619 4544 1731 4601 quo
1760 4528 2057 4600 Gregorius

473 4622 529 4676 in
558 4622 774 4693 dialogo
824 4637 927 4677 suo
969 4621 1379 4676 memorabilem
1414 4619 1610 4674 indidit
1659 4619 2057 4685 narrationem,

474 4728 687 4769 necnon
712 4722 767 4768 et
792 4713 1031 4768 Miniatis
1054 4713 1336 4785 martyris,
1365 4712 1567 4767 nullam
1604 4711 1851 4767 fecerunt
1900 4727 2073 4773 mena

474 4806 703 4880 tionem,
740 4821 847 4859 non
875 4821 1098 4875 parvam
1144 4806 1344 4861 animis
1371 4805 1577 4860 nostris
1618 4805 1875 4875 ingerunt
1908 4819 2073 4867 come.

473 4898 801 4975 motionem,
816 4896 884 4952 Et
906 4899 1102 4953 borum
1119 4899 1320 4969 quippe
1343 4913 1576 4968 corpora
1596 4898 1666 4952 ab
1694 4896 1846 4952 ltaiia
1866 4898 1932 4953 ad
1956 4913 2061 4954 nos

474 4994 544 5048 ab
614 5007 681 5047 eo
729 4991 1014 5057 translata,
1072 4992 1175 5046 ﬁde
1232 5008 1360 5047 vera
1424 4992 1721 5047 credimus.
1775 4992 2053 5048 Miniatem

473 5101 605 5142 vero
629 5100 755 5140 cum
794 5082 958 5153 Proto
982 5092 1034 5135 et
1054 5080 1266 5139 Jacinto
1291 5091 1345 5136 et
1369 5081 1653 5138 Vincentio
1684 5084 1941 5153 episcopo
1989 5084 2083 5153 ad,

475 5195 575 5243 nos
612 5178 873 5244 delatum,
907 5174 940 5228 6
979 5173 1164 5230 Nonas
1192 5173 1321 5229 Julii
1350 5175 1605 5246 legimus.
1634 5174 1864 5232 Fidentii
1893 5178 2054 5232 etiam

2163 4535 2370 4605 copias;
2395 4534 2465 4588 ab
2490 4548 2556 4588 eo
2578 4540 2950 4604 augmentata,
2970 4540 3133 4600 caput
3153 4531 3396 4585 extulisti
3422 4531 3573 4585 inter
3591 4531 3763 4585 urbes

2161 4623 2317 4677 alias.
2350 4620 2473 4691 Ipsa
2501 4636 2723 4691 quoque
2744 4620 2986 4675 nominis
3024 4619 3105 4673 tui
3136 4660 3155 4686 ,
3177 4619 3230 4673 id
3260 4628 3347 4673 est
3374 4618 3758 4675 Mediomatri-

2160 4714 2261 4780 cis,
2289 4713 2642 4784 etbimologia
2676 4728 2786 4767 non
2808 4711 3038 4768 dissidet
3061 4727 3092 4767 a
3127 4720 3232 4767 tute
3254 4710 3531 4767 felicitatis
3549 4713 3759 4781 gratia.

2164 4806 2319 4862 Sicut
2355 4806 2503 4860 enim
2545 4806 2744 4860 matrix
2788 4820 3020 4875 puerum
3071 4802 3412 4874 amplectitur
3438 4813 3497 4857 et
3529 4802 3759 4858 fovetin

2164 4898 2358 4953 matris
2382 4906 2560 4964 utero,
2594 4897 2676 4951 sic
2704 4905 2758 4950 tu
2791 4896 2899 4951 sita
2940 4895 2995 4949 in
3035 4894 3363 4961 meditullio,
3388 4894 3761 4965 circumposio

2166 5000 2251 5047 tas
2284 4989 2534 5060 regiones
2583 4996 2924 5053 sustentans,
2948 4985 3310 5041 mercimonio
3337 4978 3522 5038 nativo
3540 4983 3637 5039 vel
3658 4984 3758 5038 ad-

2164 5091 2322 5137 vecto
2367 5081 2479 5148 ‘°°‘,
2507 5096 2601 5135 eas
2649 5076 3054 5149 quodammodo
3100 5075 3254 5131 foves
3299 5076 3416 5130 sinu
3474 5086 3756 5130 materno.

2164 5175 2335 5231 Porro
2353 5173 2499 5243 quod
2533 5170 2713 5227 Mettis
2745 5170 2984 5239 vocaris,
3025 5170 3189 5241 vulgo
3213 5166 3382 5223 fertur
3410 5176 3463 5222 te
3491 5166 3757 5222 domina-

1754 5307 1988 5366 VARUE
2017 5307 2420 5366 LECTIONES.

562 5453 636 5486 ’θ’
660 5452 871 5523 deest5.
948 5452 1019 5490 ⁸³⁷
1038 5450 1437 5523 reliogiossimi
1462 5467 1509 5523 c.
1560 5449 1650 5523 "9°
1675 5451 1911 5508 conﬁnio
1936 5453 1989 5507 '5.
2040 5426 2134 5488 v’”
2160 5451 2384 5523 ipseque
2406 5449 2457 5502 5.
2535 5447 2632 5479 ¹⁰⁰⁰
2663 5463 2824 5501 manu
2846 5448 2902 5501 ἓ.
2984 5445 3077 5479 ¹⁰⁰¹
3106 5445 3183 5499 ita
3214 5445 3269 5501 5.
3292 5455 3374 5501 est
3409 5462 3456 5499 c.
3534 5446 3639 5478 '“’
3655 5462 3756 5501 ex-

475 5519 795 5578 tudereutur
823 5524 877 5577 5.
957 5522 1051 5555 ²⁰⁰³
1080 5519 1237 5578 UBIS
1266 5538 1312 5576 c.
1394 5521 1484 5553 ‘°°"
1511 5519 1756 5577 advectio
1794 5540 1838 5578 ε.

1994 5635 2220 5693 NOT/E.

548 5731 696 5797 (93.1)
722 5730 913 5785 Alatri.
988 5728 989 5731 ‘
1040 5796 1055 5811 θ

2238 5727 2387 5798 (955)
2418 5723 2577 5779 Thiel
2596 5723 2666 5778 ad
2690 5721 2917 5780 Mosam.
