3908 6316
94 314 99 321 ’
143 324 228 383 717

1058 324 1222 381 VITA
1263 326 1630 384 DEODERICI
1669 325 1978 381 EPISCOPI
2014 321 2426 379 METTENSIS.

3214 301 3218 306 ’
3275 319 3381 379 πε

139 450 234 499 tam
255 456 281 494 a
310 437 672 493 Romanorum
694 439 1021 496 duceMetio
1087 441 1345 499 Suffecto.
1380 442 1537 499 Unde
1561 443 1683 514 qui—
1714 447 1762 505 Α
1790 414 1954 497 Jurta
1983 450 2237 497 naturam
2261 446 2464 494 metata
2495 452 2650 493 suam
2674 438 2999 507 posituram,

137 534 243 590 dam
266 530 407 601 (956)
430 530 502 585 ait
534 549 548 587 :

192 622 327 677 Alter
356 630 411 676 at
430 622 485 676 in
504 623 723 694 sceptris
748 633 989 679 austrum
1008 623 1303 697 Sigibertus
1333 636 1542 701 ageoat,

191 714 438 784 Suﬁ'ectus
462 713 679 771 dederat
708 730 897 772 nomen
924 721 1011 774 cui
1049 719 1241 774 Metius
1270 723 1413 779 urbe.

132 807 351 862 Tradunt
376 807 466 862 alii
486 808 592 865 hoc
628 809 866 866 disticon
888 819 1166 882 repertum
1200 812 1255 866 in
1287 812 1501 869 effossis
1539 820 1685 869 terra

130 898 371 969 lapidibus
401 899 481 955 sic
494 899 841 979 insculptum
866 920 880 954 :
1022 954 1027 959 .
1367 891 1373 897 ’

187 990 418 1061 Tempore
440 1008 540 1063 quo
566 990 751 1048 Cresar
777 1009 877 1047 sua
909 991 1079 1047 Gallis
1114 993 1296 1047 intulit
1330 1011 1504 1061 arma,

185 1081 314 1164 Tunc
342 1082 801 1161 Mediomatricam
824 1086 1088 1155 superavit
1121 1084 1314 1140 Metius
1344 1086 1546 1141 urbem.

124 1170 217 1230 Nec
260 1174 372 1230 sine
413 1176 653 1246 quodam
696 1178 966 1250 praesagio
1008 1179 1106 1233 tibi
1163 1179 1429 1235 accidisse
1466 1180 1687 1248 credas,

123 1266 245 1335 quod
260 1275 446 1335 praeter
457 1268 573 1324 haec
594 1269 796 1325 usitata
819 1269 1079 1338 voeabula
1096 1279 1150 1326 te
1168 1269 1683 1343 Dividunumﬁradit

120 1357 386 1412 vocitatam
417 1359 737 1430 antiquitas.
769 1357 974 1416 Gallica
1012 1361 1159 1416 enim
1205 1362 1391 1433 lingua
1438 1370 1680 1419 montem

120 1449 278 1520 vocari
305 1449 532 1519 dunum,
568 1451 832 1508 studiosis
874 1469 983 1508 non
1029 1463 1112 1508 est
1150 1453 1514 1526 incognitum.
1545 1453 1681 1522 Qui-

118 1542 226 1597 dam
274 1541 338 1596 de
392 1543 692 1599 neutericis
744 1544 1154 1616 interpretatus,
1187 1562 1287 1601 cur
1325 1542 1515 1601 Iledua
1546 1546 1678 1605 urbs

116 1642 311 1689 vocetur
333 1633 796 1705 Augustidunum,
822 1638 961 1692 inter
982 1647 1177 1693 caetera
1210 1638 1291 1694 sic
1321 1638 1395 1693 ait
1419 1657 1435 1694 :

182 1725 367 1780 Celtica
395 1725 567 1781 Roma
595 1728 784 1783 dehinc
806 1729 970 1784 voluit
989 1731 1225 1801 cepitque
1251 1732 1447 1797 vocari,

132 1878 137 1881 ν
165 1817 582 1888 Augustidunum
604 1819 815 1875 demum
844 1831 1093 1892 concepta
1118 1822 1317 1887 vocari,

169 1909 377 1983 Augusti
395 1920 626 1965 montem
647 1915 786 1982 quod
816 1915 1070 1984 transfert
1095 1914 1301 1969 Celtica
1327 1913 1533 1985 lingua.

116 1996 248 2054 Sicut
267 2016 392 2072 ergo
416 2001 865 2071 Augustidunum
890 2004 1333 2075 Augusti-mons,
1360 2004 1503 2060 sicut
1536 2002 1677 2059 Viri-

114 2092 292 2147 dunum
323 2092 826 2169 Virorum-dunum
874 2097 1219 2153 nominatum
1263 2105 1369 2161 est,
1403 2097 1477 2152 ita
1520 2096 1673 2151 Divi-

112 2183 293 2239 dunum
334 2187 496 2255 quasi
522 2186 1025 2244 Divorum-dunum
1055 2190 1381 2263 vocabulum
1404 2200 1673 2261 aucupata

112 2288 184 2340 cs;
216 2290 317 2329 non
364 2276 548 2331 solum
587 2287 811 2349 propter
856 2279 1143 2335 emeritam
1195 2281 1498 2336 incolarum
1544 2297 1673 2351 gra-

113 2364 240 2431 tiam,
270 2382 405 2437 quos
463 2368 574 2423 hoc
631 2370 854 2426 nomine
885 2371 1211 2443 dignabatur
1255 2373 1541 2444 gentilium
1573 2389 1673 2437 su-,

112 2457 358 2526 peraticio,
388 2466 474 2514 set
492 2460 660 2515 etiam
687 2462 839 2533 quia,
866 2472 926 2518 ut
945 2464 1208 2532 diximus,
1233 2475 1311 2522 tot
1354 2476 1669 2522 sanctorum

112 2548 280 2618 hospes
312 2549 500 2608 futura
540 2554 780 2624 quodam
827 2557 1242 2628 praasagiebaris
1270 2560 1516 2615 oraculo.
1560 2557 1672 2616 Nec

108 2639 333 2698 abhorret
355 2660 395 2707 a2
408 2646 738 2703 rectitudine
759 2647 905 2715 fidei,
929 2649 1181 2706 divorum
1205 2634 1429 2707 nomine
1446 2640 1669 2709 sanctos

110 2731 316 2802 Signari,
359 2752 489 2792 cum
537 2738 711 2794 multa
766 2741 1038 2813 scriptura
1096 2752 1150 2798 et
1201 2743 1474 2815 imprimis
1522 2743 1670 2801 Deus

108 2824 304 2884 deorum
334 2828 387 2883 in
409 2831 698 2903 cvangelio
718 2840 1071 2905 protestetur,
1098 2850 1193 2891 eos
1212 2835 1278 2891 ad
1319 2851 1461 2907 quos
1486 2851 1685 2893 sermo.

110 2915 189 2987 Dei
207 2917 372 2978 factus
391 2930 481 2979 est
506 2921 649 2979 Deos
676 2924 887 2981 vocari.
1596 2982 1602 2987 .

167 3006 265 3066 Nos
287 3014 725 3083 controversiam
746 3016 813 3072 de
845 3016 1066 3072 nomine
1095 3018 1217 3075 aliis
1247 3019 1624 3090 relinquamus
1648 3039 1664 3088 ;

106 3117 267 3163 rerum
288 3107 417 3177 quia
434 3123 586 3180 saepe
607 3109 855 3167 medium
878 3110 1035 3167 urbis
1057 3110 1160 3167 iter
1182 3111 1434 3178 terimus,
1462 3112 1662 3184 ingrati

103 3209 205 3251 esse
242 3200 568 3268 poterimus,
624 3201 671 3258 si
712 3217 839 3261 eam
888 3202 1242 3259 insalutatam
1279 3204 1671 3274 relinquimus,

107 3285 306 3359 ideoque
327 3307 628 3362 parumper
659 3297 713 3348 in
735 3293 855 3364 ejus
876 3295 1043 3350 libeat
1084 3295 1368 3352 immorari
1390 3296 1664 3353 laudibus.

108 3373 333 3437 Praecluis
360 3382 499 3437 urbs
534 3382 703 3449 salve,
726 3384 890 3438 tellus
911 3384 1225 3455 praenobilis
1250 3400 1381 3452 ave,

107 3465 228 3527 Urbs
247 3474 517 3543 populosa
542 3474 729 3542 nimis,
761 3475 923 3531 tellus
959 3474 1269 3549 praefertilis
1298 3477 1467 3549 agris.

107 3558 192 3629 Mcl
214 3572 263 3618 et
282 3565 363 3621 lae
389 3582 652 3634 manans,
679 3582 804 3622 eum
837 3568 965 3623 vino
994 3568 1152 3639 panis
1179 3569 1525 3635 habundans,

104 3648 342 3713 Mercibus
362 3659 677 3727 exundans,
695 3674 832 3713 auro
857 3660 1196 3731 gemmisque
1228 3661 1562 3723 redundans.

102 3742 236 3801 Cedit
255 3747 515 3807 Pactolus
552 3750 756 3828 fulvus,
793 3752 1084 3822 prmdulcis
1108 3752 1390 3826 l‘lymetus,

102 3835 157 3892 Et
174 3838 384 3925 Latialis
406 3844 638 3912 humus,
653 3843 965 3915 Triquetra,
983 3846 1068 3901 vel
1088 3845 1290 3902 All‘rica
1315 3846 1466 3918 (957)
1487 3846 1665 3903 tellus.

104 3927 153 3984 Si
170 3933 627 4008 circumspiciam,
668 3936 745 3991 nil
774 3952 885 3993 non
911 3937 1183 3995 laudabile
1209 3953 1453 3995 cernam.

104 4021 471 4099 Laudo'minas
495 4030 641 4109 muri
665 4030 892 4101 quadris
916 4030 1257 4109 exmditicati,

102 4113 201 4172 Non
222 4119 391 4178 facilis
422 4122 587 4190 solvi,
624 4139 734 4178 non
755 4124 1134 4195 expugnabilis
1164 4122 1331 4179 hosti.

101 4206 216 4266 Nam
238 4213 409 4287 clivus
437 4231 687 4282 murum,
714 4223 962 4271 tutantur
993 4215 1221 4270 ﬂumina
1247 4214 1470 4273 clivum.
1564 4272 1567 4277 ν

102 4300 279 4361 Tutum
308 4307 388 4364 sic
410 4302 593 4376 extra,
630 4310 810 4364 munit
838 4309 922 4365 vis
958 4309 1172 4381 aggeris
1196 4308 1377 4375 intra‘;

100 4393 203 4461 Qua
230 4410 421 4467 natura
444 4403 618 4469 labat,
646 4403 789 4457 vires
818 4418 1015 4458 manus
1037 4416 1238 4472 arsque
1267 4399 1561 4455 ministrat.

101 4487 399 4557 Mensurans
421 4497 619 4562 latum,
648 4484 870 4568 stupeas
890 4510 1239 4551 succrescere
1260 4495 1503 4565 longum.
1542 4528 1547 4533 ρ

101 4579 394 4654 Suspiciens
418 4598 622 4657 turres,
646 4588 939 4661 Babylonis
963 4587 1215 4658 suspicor
1236 4600 1410 4667 arces.

101 4673 196 4732 Has
215 4680 373 4747 aries,
404 4681 644 4748 testudo,
677 4681 900 4737 falarica
926 4680 1098 4749 (958),
1129 4679 1304 4745 vinea,
1338 4677 1504 4732 falces

98 4764 385 4842 Numquam
436 4773 523 4829 vel
586 4772 789 4847 frustra
861 4771 1142 4843 quatient,
1201 4784 1301 4826 nec
1353 4769 1476 4824 edet
1519 4764 1664 4820 mala

1324 4863 1588 4935 [ﬂammm

97 4953 324 5030 Cumque
352 4962 561 5022 domos
575 4932 761 5029 cerno,
787 4959 1032 5016 Romana
1059 4958 1258 5037 palatia
1288 4960 1472 5013 credo.

96 5042 324 5121 Cumque
343 5057 474 5122 peto
503 5062 764 5120 teatrum,
791 5061 924 5124 puto
954 5051 1247 5125 Dedaleum
1271 5047 1662 5105 laberinthum.

98 5134 247 5210 Sique
272 5143 414 5200 situs
436 5144 671 5201 formam
694 5153 929 5215 spectes,
956 5143 1088 5214 quid
1104 5140 1387 5213 pulchrius
1408 5137 1668 5217 usquam?

1790 531 1985 589 Pulcra
2008 533 2186 603 placet
2203 531 2347 597 visu,
2372 540 2581 586 natura:
2598 530 2878 601 pulchrior
2897 547 3019 586 usu.

1700 662 1711 669 .
1788 622 1937 679 Colle
1961 623 2157 679 sedens
2187 621 2423 690 modico,
2456 621 2673 693 gemino
2694 621 2901 676 munita
2927 619 3159 690 ﬂuento;

1787 714 2042 770 Flumina
2061 716 2194 771 dant
2219 731 2493 783 murmur,
2520 715 2653 769 dant
2673 714 3083 785 propugnacula
3110 714 3298 770 robur.

1791 805 2061 873 Quatuor,
2092 823 2237 874 ecce,
2269 808 2460 878 plagas
2480 821 2577 877 per
2613 815 2850 877 quatuor
2879 805 3061 877 aspice
3084 816 3299 877 portas;

1789 896 2011 954 Scilicet
2039 892 2334 965 anatolem,
2357 900 2524 966 disin,
2549 898 2917 969 mesenbrian,
2942 906 3133 954 arcton

1787 987 1891 1057 Qui
1916 991 2059 1046 videt
2084 991 2381 1058 ateclesias,
2409 991 2660 1047 caelestes
2680 991 2916 1046 mstimat
2945 990 3121 1048 aulas.

1784 1081 1922 1136 Cum
1956 1090 2083 1153 peto
2106 1083 2392 1153 primatem
2418 1082 2677 1154 Stephani
2698 1082 3155 1155 prothomartyris
3174 1081 3370 1150 aedem,

1784 1171 1851 1228 Et
1873 1172 2031 1229 video
2053 1174 2283 1241 elerum,
2309 1175 2506 1230 videor”
2528 1174 2662 1228 mihi
2684 1175 2946 1230 scandere
2969 1174 3191 1242 cmlum,

1783 1266 2159 1339 leestesque
2188 1269 2387 1325 choros
2412 1268 2685 1323 modulari
2707 1267 2939 1324 dulciter
2962 1283 3179 1340 ymnos.

1782 1362 1851 1419 Et
1879 1363 1996 1431 tibi,
2028 1362 2299 1429 Salvator,
2323 1378 2463 1418 nova
2486 1362 2687 1418 moenia
2720 1358 2944 1433 surgere
2968 1369 3155 1433 grator

1782 1455 1914 1524 Quae
1935 1457 2123 1527 patriar
2148 1456 2419 1522 columen,
2441 1455 2568 1511 vita:
2596 1455 2890 1526 spectabile
2920 1455 3154 1521 culmen,
3188 1476 3195 1477 ί

1783 1544 1995 1601 Struxit
2016 1545 2285 1601 Adclhero
2316 1546 2462 1616 pius,
2497 1560 2660 1600 omne
2684 1560 2788 1600 suo
2816 1545 2985 1625 decus
3015 1562 3156 1601 aevo.

1780 1636 2020 1708 Virginis
2045 1653 2240 1710 agnus,
2274 1637 2415 1706 ovis,
2445 1646 2500 1693 et
2520 1652 2756 1707 sponsus
2779 1637 3131 1709 virginitatis,

1678 1768 1681 1771 -
1782 1727 2070 1800 Virgineos
2092 1729 2365 1786 thalamos
2390 1729 2443 1784 in
2470 1729 2617 1784 trino
2648 1729 2869 1783 nomine
2897 1728 3074 1784 trinos

1702 1818 1755 1880 Β
1780 1820 2023 1876 Collocat
2049 1821 2103 1876 in
2130 1821 2327 1878 mediis
2349 1822 2514 1892 hujus
2542 1820 2648 1877 sibi
2672 1821 2948 1895 mmnibus
2979 1820 3157 1877 urbis.

1776 1911 1948 1968 Mater
1970 1912 2122 1984 virgo
2149 1910 2243 1969 Dei
2266 1913 2327 1968 lit
2356 1912 2542 1969 sedula
2565 1912 2814 1985 pronuba
2838 1911 2974 1978 nati,

1775 2004 2025 2077 Claviger
2046 1998 2323 2074 aethereus
2348 2004 2408 2059 ﬁt
2428 2013 2482 2060 et
2507 2004 2624 2075 ipse
2644 2003 2741 2059 Dei
2771 2002 3189 2075 paranimphus,

1780 2095 2037 2168 Virginea
2065 2097 2250 2167 sponsi
2280 2097 2523 2171 thalamo
2543 2096 2766 2168 dignata
2789 2097 3012 2167 superni

1779 2187 1941 2259 Virgo
1970 2188 2315 2244 Glodesindis
2341 2188 2487 2245 cauit
2510 2188 2866 2259 epithalamia
2892 2187 3064 2259 regis,

1772 2278 1929 2349 Agna
1965 2279 2181 2335 minans
2205 2278 2358 2352 (959)
2385 2294 2556 2351 agnas
2577 2279 2645 2334 ad
2680 2279 2825 2334 ovile
2850 2278 3047 2335 salutis
3096 2278 3361 2350 agendas.

1775 2368 1938 2443 Urbis
1960 2373 2221 2442 praeterea
2246 2387 2456 2444 magnae
2480 2371 2745 2442 pommria
2776 2372 2936 2444 longa

1773 2461 2006 2519 Tutatur
2029 2463 2196 2532 Felix,
2226 2454 2363 2519 actis
2384 2472 2440 2519 et
2467 2463 2691 2519 nomine
2719 2462 2869 2531 felix,

1771 2555 1908 2611 Cum
1936 2555 2215 2612 Clemente
2237 2556 2346 2627 pio,
2388 2554 2637 2610 Mettensi
2661 2555 2896 2626 praesule
2917 2554 3115 2626 primo.

1770 2647 1909 2704 Cum
1932 2648 2134 2720 quibus
2156 2648 2299 2703 alme
2331 2648 2474 2704 vices
2497 2647 2720 2718 partiris
2742 2646 3159 2720 Symphorianc.

1770 2740 2050 2797 Johanues
2071 2740 2173 2796 alis
2200 2740 2449 2797 sublatus
2474 2739 2827 2812 virginitatis,

1768 2839 2061 2896 Arnulfum
2091 2839 2299 2912 gremio
2324 2847 2577 2896 sanctum
2600 2840 2920 2910 complexus
2938 2839 3144 2906 amico,

1771 2930 1915 2987 Inter
1948 2947 2044 2988 eos
2072 2922 2287 2988 medius
2325 2941 2431 2987 stat
2462 2932 2645 2988 clarus
2676 2920 2745 2987 ab
2767 2933 2903 2988 urbe
2929 2932 3122 2998 videri,

1768 3021 1947 3093 Atque
1969 3022 2163 3078 volans
2185 3022 2295 3076 alto
2318 3034 2440 3091 post
2469 3037 2528 3078 se
2557 3021 2725 3076 trahit
2746 3037 2938 3094 agmen
2965 3022 3034 3076 ab
3057 3022 3189 3089 imo,

1772 3114 1975 3178 Insula,
2002 3113 2274 3179 Vincenti,
2301 3114 2395 3168 tibi
2428 3114 2594 3169 cessit
2624 3114 2853 3169 munere
2871 3113 3076 3170 Christi
3103 3132 3120 3178 ;

1774 3206 1989 3263 Eminet
2011 3207 2120 3262 alla
2152 3206 2247 3262 tibi
2279 3207 2478 3262 donms
2502 3206 2591 3262 hic
2629 3207 2812 3262 studio
2841 3205 3140 3262 Dcodcrici.

1775 3297 1870 3355 Set
1891 3314 1991 3355 nec
2020 3298 2243 3355 Martini
2265 3299 2518 3355 custodia
2540 3297 2716 3354 defuit
2741 3298 2859 3353 urbi

1774 3391 2013 3463 Longius
2041 3390 2294 3457 astantis,
2322 3399 2406 3447 set
2430 3390 2498 3445 de
2524 3405 2694 3460 prope
2715 3399 2910 3446 cuncta
2938 3388 3162 3443 tuentis.

1774 3484 2005 3540 Dedecet
2034 3484 2124 3539 hic
2144 3483 2385 3553 breviter
2414 3490 2466 3539 te
2489 3482 2690 3547 dicere,
2716 3481 2911 3537 Gorzia
2949 3490 3142 3535 mater.

1660 3628 1668 3633 .
1770 3577 1940 3633 Miror
1960 3592 2119 3648 aquae
2156 3576 2356 3633 ductus
2386 3591 2497 3632 .scx
2531 3575 2755 3630 milibus
2785 3574 2893 3630 isse
2918 3574 3010 3605 ¹⁸⁰⁸
3034 3588 3130 3644 per
3155 3587 3319 3628 arcus
3334 3590 3371 3639 at

1772 3666 1962 3722 lnvisit
1988 3675 2215 3722 matrem
2243 3681 2368 3721 cum
2404 3664 2513 3720 lilia
2543 3664 2741 3720 Gorzia
2771 3663 3012 3729 Mettim;

1769 3757 1889 3815 Non
1912 3759 2007 3816 alti
2030 3767 2270 3825 montes,
2295 3774 2403 3812 non
2433 3757 2557 3814 imae
2580 3755 2812 3827 denique
2846 3755 3035 3820 valles,

1770 3849 2186 3907 lntereurrentis
2208 3865 2317 3905 non
2349 3849 2585 3920 impetus
2617 3844 2732 3919 ipse
2761 3846 2997 3901 Mosellae

1770 3940 2108 4011 Pra-pcdicre
2135 3940 2278 3995 viam
2305 3957 2320 4005 ;
2365 3938 2497 4009 quid
2526 3937 2638 3993 vidi
2667 3935 2956 4008 Operosius
2982 3946 3244 4003 umquam
3261 3930 3287 3983 τ

1770 4035 1876 4088 Ars
1900 4032 2150 4087 mittebat
2188 4045 2381 4100 aquas,
2407 4045 2546 4100 quas
2572 4040 2626 4085 tu
2658 4037 2853 4083 natura
2884 4025 3143 4098 negabas,

1777 4124 1957 4178 Donec
1980 4123 2097 4178 sola
2126 4122 2245 4176 vias
2267 4122 2419 4192 rupit,
2443 4122 2684 4193 longaeva
2710 4127 2974 4175 vetustas.

1774 4215 2012 4271 Laudem
2040 4208 2332 4270 structurrc
2353 4214 2588 4270 retinent
2607 4212 2875 4282 hodieque
2903 4210 3096 4266 ruinae.

1774 4309 2015 4367 Plurima
2054 4320 2355 4381 prtetereo;
2400 4321 2522 4377 quae
2562 4313 2691 4361 sunt
2724 4303 3042 4375 longinqua,
3082 4300 3352 4371 relinquo.

1773 4402 1906 4468 Quis
1928 4402 2196 4457 describat
2228 4399 2445 4469 aquas?
2490 4398 2616 4467 quis
2657 4395 2856 4461 fontes,
2881 4395 3074 4465 quisve
3104 4392 3354 4449 salinas?

1704 4517 1749 4568 ι)
1776 4493 1913 4549 Num
1944 4494 2134 4549 sileam
2167 4490 2416 4546 Salium?
2458 4489 2684 4543 Moneor
2706 4502 3012 4542 memorare
3042 4484 3354 4541 Mosellam'

1775 4587 2037 4643 Fontibus
2066 4602 2097 4639 a
2125 4583 2301 4639 variis.
2323 4580 2638 4650 regionibus
2665 4588 2828 4648 atque
2853 4578 3079 4632 remotis

1771 4658 1989 4749 Longos
2013 4693 2108 4748 per
2132 4682 2338 4731 tractus
2369 4672 2463 4727 tibi
2500 4678 2729 4726 currunt
2751 4660 2912 4735 edere
2943 4666 3176 4732 fructus,

1771 4773 2153 4842 Ainplexa‘que
2182 4778 2305 4823 tuos
2339 4753 2550 4821 alterno
2592 4763 2772 4818 littore
2791 4777 3002 4828 muros,

1771 4860 1834 4915 Et
1867 4858 2083 4915 tandem
2108 4856 2308 4916 iunctis
2337 4855 2631 4909 miscentes
2650 4851 2839 4906 oscula
2865 4848 3055 4917 labris,

1775 4951 1919 5007 Dant
1945 4951 2115 5007 decus
2133 4959 2186 5005 et
2212 4946 2475 5012 fructum,
2495 4952 2755 5016 prmstant
2780 4943 3060 4998 munimen
3081 4948 3137 4995 et
3168 4953 3352 4995 usum.

1780 5040 1922 5099 Usus
1941 5043 2037 5097 alit
2057 5049 2328 5105 ventrem,
2359 5038 2569 5109 species
2592 5043 2851 5102 mentem,
2877 5022 3047 5090 sonus
3072 5024 3283 5087 aurem.

1775 5136 2038 5203 Quaenam
2063 5143 2172 5189 tam
2198 5146 2422 5188 suavem
2444 5129 2792 5185 modulentur
2819 5123 3102 5198 hydraulia
3132 5118 3362 5177 vocem?
3388 5160 3389 5163 η

1367 5290 1600 5380 Vanus
1643 5292 2041 5404 moriones.

124 5417 476 5504 .‘Wessel.

1586 5522 1828 5590 NOT/E.‘

136 5640 301 5718 .(956)
330 5641 587 5699 Fortasse
609 5644 725 5713 ipse
741 5642 1085 5716 Sigebertus.‘
1111 5645 1203 5718 (an
1225 5646 1276 5701 in
1301 5644 1422 5702 Vita
1441 5646 1668 5705 metrica

99 5703 353 5783 Sigeberti
374 5711 440 5765 lll
458 5712 499 5783 ἲ)
1192 5776 1197 5783 ,
1236 5736 1240 5741 ι

162 5779 308 5854 (957)
332 5779 507 5852 Italia,
536 5783 975 5856 Sicilia,‘Afric~a.

1806 5644 1813 5649 ’
1853 5645 2003 5720 (ῼξᾷξ)
2030 5643 2206 5720 Arcus
2234 5640 2474 5720 grandis.
2550 5708 2566 5714 _

1857 5698 1998 5772 ’939'
2029 5698 2347 5791 Minareuest
2368 5708 2567 5767 duceré
2617 5698 2819 5762 Gallice
2849 5717 3022 5762 morm
