3908 6316
494 356 597 418 719

488 478 795 532 (lircumwr
817 489 1016 540 visum,
1043 480 1310 544 quantum
1334 472 1582 527 concedit
1617 470 1838 538 orizon;

490 570 576 624 Nil
608 566 1069 647 nonljocundum,
1096 566 1174 621 nil
1195 565 1429 638 aspicies
1457 565 1561 621 nisi
1590 572 1828 637 gratum.

490 662 627 731 Quis
663 662 784 733 quit
818 659 1007 715 mirari
1033 668 1296 729 montem,
1333 658 1427 731 qui
1454 658 1701 730 pluribus
1723 658 1844 713 mln

490 753 779 810 Imminet?
799 752 896 809 Est
923 752 1098 809 oculis
1131 752 1498 825 gratissimus,
1532 752 1699 807 ubere
1724 749 1972 822 pinguis;

493 844 652 901 Hunc
682 854 878 901 natura
913 861 1013 900 suo
1042 844 1264 900 lactavit
1289 845 1358 899 ab
1385 845 1553 899 ubere
1576 844 1757 914 pleno.

490 938 769 994 Montibus
800 948 883 994 est
906 938 1047 994 raris
1077 946 1287 993 natura;
1315 937 1489 1009 gratia
1522 935 1668 991 talis.

491 1030 801 1103 Assurgunt
823 1045 1013 1087 omnes
1045 1030 1236 1086 acclivi
1263 1030 1464 1085 vertice
1489 1038 1725 1084 montes.

493 1119 617 1179 Vite
644 1124 799 1180 vides
819 1123 986 1179 colles
1017 1122 1322 1190 redimitos,
1350 1122 1577 1194 mergite
1609 1122 1793 1177 valles.

491 1215 655 1271 Prata
676 1216 873 1284 virent,
910 1216 1059 1272 silvm
1086 1215 1462 1282 frondescunt,
1500 1216 1728 1271 fluctuat
1755 1229 1884 1286 ager
1908 1212 2081 1285 (960).

494 1307 711 1364 Pascua'
729 1308 776 1364 si
807 1324 1039 1379 quaeres,
1080 1324 1302 1378 campos
1325 1307 1562 1378 spatiare
1588 1323 1684 1376 per
1708 1321 1920 1360 omnes.

493 1399 670 1467 Quam
692 1401 840 1456 varie
871 1400 1125 1456 recinunt
1154 1401 1426 1467 volucres,
1458 1399 1711 1455 examina
1742 1399 1972 1465 ludunt;

492 1492 629 1549 Caeli
654 1493 968 1564 temperiem
994 1510 1155 1549 rarus
1190 1494 1358 1550 sentit
1386 1493 1694 1548 meliorem.

494 1583 669 1651 Quem
691 1588 799 1639 non
832 1592 1109 1640 tantarum
1140 1585 1368 1641 delectet
1389 1585 1562 1656 gratia
1591 1585 1807 1639 rerum?

492 1671 649 1744 Ipsos
686 1675 953 1729 ruricolas
976 1675 1155 1745 pascit
1184 1685 1294 1730 tam
1317 1687 1469 1747 grata
1497 1676 1767 1747 voluptas,

494 1762 746 1835 Dumque
768 1763 903 1819 fides
926 1763 1072 1820 ruris
1101 1765 1242 1820 votis
1276 1765 1573 1836 respondet
1597 1765 1801 1832 avaris,

496 1853 664 1911 Εκοεί
689 1855 936 1927 requiem
970 1856 1216 1912 solantur
1243 1872 1431 1912 amore
1464 1856 1729 1912 laborem.

494 1943 648 2002 Vites
675 1946 780 2002 iste
800 1955 974 2018 putat,
1012 1948 1150 2003 alter
1183 1947 1337 2016 fodit,
1366 1949 1457 2003 ille
1488 1948 1728 2016 maritat,

496 2034 729 2093 Umbrat
755 2046 810 2093 et
836 2038 927 2094 hic
954 2038 1156 2106 fontes,
1180 2039 1272 2095 hic
1297 2041 1537 2096 conserit
1555 2041 1752 2096 arbore
1777 2052 2013 2100 montes.
2096 2099 2100 2103 .

498 2126 691 2184 Deviat
726 2129 818 2184 hic
843 2130 1012 2198 rivos,
1048 2131 1140 2186 hic
1169 2131 1305 2188 ditat
1328 2132 1537 2189 semine
1560 2148 1817 2205 campos:

499 2218 692 2279 llamis
718 2224 903 2294 piscor
932 2240 1052 2297 ego,
1079 2234 1136 2281 tu
1172 2226 1399 2294 vimine,
1427 2227 1638 2284 retibus
1664 2227 1773 2283 ille.

502 2311 768 2379 Quisnam
803 2323 1078 2371 tantarum
1108 2316 1332 2388 replicet
1352 2318 1665 2388 spectacula
1692 2317 1917 2375 rerum?

498 2405 658 2463 Esset
703 2409 771 2464 ad
819 2409 937 2466 haec
975 2420 1163 2467 mutus
1197 2420 1251 2467 et
1297 2408 1588 2481 Homerus,
1632 2419 1688 2468 et
1726 2413 1864 2467 alter
1889 2409 2093 2466 Home-

1765 2503 1885 2577 [rus
1916 2502 2089 2575 (961).

502 2590 685 2649 Multa:
714 2603 842 2649 sunt
864 2594 1028 2651 urbes
1058 2594 1292 2651 fortuna:
1321 2611 1549 2651 munere
1570 2596 1737 2663 dites,

502 2679 580 2735 Te
603 2683 765 2752 plen'o
790 2700 962 2739 cornu
990 2697 1199 2739 naturae
1227 2684 1383 2754 copia
1413 2686 1569 2740 ditat.

499 2773 707 2830 Praeter
735 2773 973 2830 fortuna:
996 2792 1229 2842 merces,
1261 2792 1401 2847 quas
1424 2784 1647 2847 priestat
1674 2776 1911 2845 abunde,

506 2863 685 2922 Urbes
715 2866 911 2921 vicina:
939 2866 1034 2921 tibi
1066 2867 1269 2922 cedunt
1291 2868 1485 2923 matris
1507 2868 1736 2935 honore,

504 2954 841 3027 Vangiones,
872 2955 1062 3024 Leuci,
1090 2954 1422 3025 Virdunum,
1457 2957 1654 3031 chgia
1685 2957 1856 3030 (962),
1878 2954 2057 3025 Remi,

492 3045 759 3104 zTreveris
780 3056 835 3103 et
863 3063 1040 3104 mater
1068 3065 1360 3122 assurgere
1381 3038 1580 3123 gaudet
1603 3059 1880 3120 amanter;

506 3138 583 3196 'l‘e
614 3140 785 3196 salvet
809 3156 1024 3212 semper
1044 3157 1280 3214 regnans
1315 3157 1481 3213 super
1503 3143 1689 3198 omnia
1713 3158 1947 3213 semper.

1664 351 2027 411 SIGEBERTI
2066 348 2593 409 GEMBLACENSIS
3659 342 3746 398 7'20

2105 470 2152 527 Α
2181 471 2340 537 tatis;
2371 467 2680 523 Everardus
2699 472 2816 520 erat
2836 478 3033 519 nomen
3068 463 3179 530 illi;
3208 476 3372 533 quem
3404 460 3522 531 ipso
3547 470 3750 531 paterno

2182 565 2377 621 affectu
2430 560 2774 618 educandum
2812 559 2882 614 ab
2915 558 3050 629 ipsis
3100 565 3423 626 susceperat
3467 554 3750 621 cunabulis,

2182 656 2252 713 ad
2290 654 2699 728 propagandam
2720 666 2871 722 spem
2900 666 3014 706 sua:
3048 647 3408 720 posteritatis,
3443 645 3512 700 ad
3546 645 3752 699 dilatan-

2182 748 2309 804 dam
2355 746 2586 818 gloriam
2619 758 2733 800 suae
2766 740 3088 797 nobilitatis.
3138 737 3253 818 lleu
3290 738 3501 792 incerta
3537 749 3656 804 spes
3680 733 3752 788 lu-

2187 841 2465 896 turorum!
2499 837 2617 893 lleu
2664 836 2807 891 male
2836 835 2943 889 tida
2979 848 3100 889 sors
3135 816 3322 887 rerum
3371 829 3750 884 humanarum!

2187 933 2291 990 Vix
2338 933 2405 989 de
2435 929 2666 986 infantia
2702 927 2756 983 in
2792 926 3084 998 pueritiam
3128 933 3393 994 repserat,
3445 919 3538 974 vix
3578 917 3755 973 avitam

2188 1027 2341 1081 bonae
2376 1021 2576 1078 indolis
2597 1020 2831 1092 gratiam
2855 1026 3132 1075 ostentare
3154 1013 3475 1085 incipiebat,
3490 1012 3584 1066 vix
3604 1026 3754 1081 quan-

2186 1126 2301 1172 tum
2338 1116 2514 1170 instar
2550 1114 2604 1167 in
2636 1112 2729 1168 illo
2771 1110 3018 1166 futurum
3046 1123 3170 1164 esse
3212 1105 3536 1178 apparebat,
3565 1112 3616 1159 et
3653 1118 3757 1158 ecce

2186 1225 2285 1266 ceu
2316 1207 2496 1278 primo
2520 1220 2648 1260 vere
2689 1203 2921 1260 tenellns
2966 1200 3231 1257 flosculus
3261 1197 3449 1254 subito
3473 1196 3622 1251 venti
3660 1211 3757 1250 mr-

2186 1302 2315 1357 hinc
2341 1301 2606 1370 dilapsus,
2645 1297 2727 1353 sic
2778 1296 2903 1362 iste,
2950 1309 2984 1350 ο
3023 1293 3211 1349 dolor!
3264 1291 3563 1346 immatura
3610 1297 3760 1343 morte

2188 1395 2394 1451 mundo
2439 1400 2762 1465 praereptus,
2800 1405 2909 1445 non
2957 1387 3290 1444 mediocrem
3330 1385 3543 1439 luctum
3588 1380 3758 1437 infudit

2188 1482 2467 1543 omnibus.
2507 1484 2610 1541 Cui
2640 1491 2889 1555 patruus,
2915 1480 2983 1536 ad
3003 1478 3191 1535 miseri
3213 1477 3409 1534 solatia
3431 1476 3633 1540 luctus,
3660 1489 3761 1529 exe-

2189 1577 2348 1647 quias
2401 1590 2512 1630 non
2555 1582 2663 1628 tam
2713 1570 2973 1627 funebres
3008 1583 3177 1639 quam
3220 1566 3468 1622 celebres
3518 1564 3701 1627 edidit,
3718 1571 3761 1617 et

2189 1682 2391 1737 corpus
2417 1678 2542 1721 cum
2575 1665 2787 1719 honore
2828 1660 3041 1717 decenti
3080 1658 3148 1714 ad
3185 1655 3586 1713 monasterium
3608 1654 3758 1709 sancti

2166 1759 2463 1819 .Vinecntii
2494 1755 2695 1813 deferri
2726 1754 2874 1822 fecit,
2902 1764 2955 1809 et
2981 1761 3112 1822 ante
3150 1751 3323 1805 altare
3346 1746 3573 1804 Christi
3618 1746 3761 1816 virgi-

2187 1851 2276 1907 nis
2297 1849 2481 1905 Lucize
2504 1846 2814 1904 tumulavit.
2853 1820 3035 1915 thue
3056 1820 3159 1914 pio
3187 1839 3501 1897 innocentis
3535 1837 3657 1891 vita:
3676 1852 3760 1906 pu-

2187 1944 2349 2000 ritate
2393 1942 2696 2014 perciperet
2737 1953 2901 1994 aurea
2932 1935 3155 2007 prtemia
3200 1930 3623 2006 perhennitatis,
3653 1944 3760 1983 con-

2187 2035 2314 2091 tulit
2372 2033 2551 2090 eidem
2588 2031 2709 2086 loco
2763 2045 2865 2101 pro
2906 2027 3081 2083 salute
3132 2024 3331 2079 animae
3375 2020 3498 2092 cjns
3563 2018 3760 2075 calicem

2188 2142 2418 2183 aureum
2465 2122 2693 2181 maximi
2735 2119 2994 2193 ponderis
3042 2126 3099 2173 et
3151 2114 3367 2171 mirifici
3396 2112 3600 2183 operis,
3625 2125 3759 2167 suam

2188 2219 2473 2292 ipsiusque
2505 2216 2827 2273 memoriam
2867 2213 2922 2267 in
2959 2210 3152 2268 eodem
3200 2223 3369 2279 opere
3411 2206 3500 2261 his
3533 2204 3760 2259 intexens

2189 2308 2444 2370 litterulis
2478 2329 2490 2364 :
2521 2307 2837 2363 Deodericus
2853 2303 3010 2372 huius
3037 2302 3175 2356 dira:
3197 2299 3330 2355 (edis
3354 2304 3688 2352 constructor
3707 2308 3756 2347 ac

2188 2411 2407 2458 curator
2429 2401 2545 2468 Μ’,
2569 2397 2849 2462 Ευενοτόἱ,
2883 2395 2991 2449 cita
3011 2393 3174 2464 juxta
3201 2389 3339 2455 cari,
3370 2404 3468 2459 pro
3492 2386 3690 2440 anima.
3710 2381 3761 2437 Et

2189 2493 2349 2565 cujus
2396 2506 2597 2547 nomen
2627 2490 2684 2544 in
2733 2488 2856 2543 albo
2907 2484 3034 2540 vita:
3062 2481 3320 2538 credebat
3374 2476 3562 2533 aureis
3606 2474 3759 2529 inser-

2192 2563 2308 2643 tum
2341 2584 2434 2618 ¹⁰⁰⁸
2463 2582 2658 2650 literis,
2683 2581 2848 2651 hujus
2886 2576 3099 2632 tumulo
3132 2571 3477 2644 epitaphium
3519 2563 3761 2639 superad-

2190 2676 2347 2744 didit,
2374 2674 2559 2731 aureis
2582 2672 2638 2728 in
2674 2672 2821 2726 hunc
2853 2667 3077 2723 modum
3109 2672 3396 2720 exaratum
3434 2658 3609 2716 titulis
3637 2674 3657 2710 :

2261 2769 2415 2824 Anno
2456 2765 2738 2821 dominicw
2769 2759 3155 2817 incarnationis
3198 2754 3305 2811 978
3330 2751 3655 2806 Deoderieus
3678 2746 3759 2799 Ιιιο

2194 2862 2339 2917 milis
2371 2858 2568 2933 praesul
2605 2858 2719 2924 “"9,
2766 2855 2831 2909 ab
2858 2853 2991 2924 ipsis
3028 2849 3310 2923 parietinis
3344 2845 3505 2916 hujus
3545 2842 3762 2897 locicon-

2193 2963 2446 3020 structor,
2471 2952 2560 3023 pio
2582 2949 2762 3004 studio
2782 2945 3111 3001 Everardum
3134 2939 3446 3013 fratruelem
3469 2937 3594 3003 sibi,
3617 2932 3769 3007 quoad

2194 3052 2363 3106 vivere
2403 3048 2591 3102 datum
2615 3061 2689 3099 es.
2720 3036 2937 3096 unicum
2966 3050 3228 3100 amorem,
3262 3030 3592 3087 orthodosis
3626 3026 3760 3097 regii.

2123 3166 2165 3224 ο
2196 3160 2296 3215 que
2343 3139 2618 3211 sanguinis
2672 3132 2980 3207 parentibus
3019 3129 3247 3194 clarum,
3293 3127 3541 3196 ipsosque
3584 3119 3762 3192 egregia

578 3230 667 3286 18.
693 3230 771 3286 De
804 3231 1138 3287 dedicatione
1166 3232 1397 3287 duarum
1422 3251 1663 3288 ararum.
1699 3232 1965 3295 Fervente
1996 3231 2099 3305 igi-
2129 3215 2165 3224 ‘—
2197 3234 2377 3290 indole
2404 3230 2626 3304 puerilis
2653 3228 2845 3300 gratia:
2870 3224 3344 3295 repromittentem,
3375 3234 3439 3271 ac
3464 3222 3625 3270 semet
3648 3215 3763 3283 genti

504 3333 597 3379 tur
630 3323 811 3380 studio
858 3333 1051 3394 empta:
1093 3323 1314 3381 fabrica:
1360 3333 1416 3381 et
1466 3341 1496 3380 a
1542 3326 1705 3397 longo
1755 3326 2097 3396 postliminio

507 3424 713 3472 sanctae
732 3420 1011 3472 memoriae
1047 3417 1299 3487 praesule,
1339 3417 1562 3473 Christo
1592 3418 1846 3489 propitio,
1872 3418 2095 3487 reduce,

498 3524 617 3563 ara:
634 3508 756 3564 duae
787 3507 1057 3564 incadem
1107 3509 1356 3565 ascelesia
1397 3510 1500 3565 sibi
1528 3511 1797 3581 contigua
1838 3510 2098 3565 dedicatae

507 3609 657 3667 sunt,
697 3601 1061 3671 praesentibus
1089 3612 1144 3657 et
1171 3602 1598 3672 cooperantibus
1636 3602 2099 3659 reverentissimis

508 3691 780 3765 Wigfrido
807 3691 1160 3761 Virdunensi,
1209 3693 1491 3750 Gerhardo
1538 3692 1782 3751 Tullensi
1826 3694 2100 3765 pontifici-

506 3785 613 3840 bus
661 3799 809 3839 anno
858 3785 1143 3851 972;]1aac
1191 3784 1411 3855 quidem
1453 3784 1509 3838 in
1537 3800 1749 3857 magna:
1779 3793 1835 3844 et
1878 3786 1978 3840 toti
2007 3785 2099 3818 ‘m

507 3876 625 3933 orbi
657 3877 892 3947 vulgata:
940 3875 1199 3948 martyris
1228 3883 1432 3932 sancta:
1483 3872 1666 3933 aniae
1718 3875 2096 3948 Syracusanae,

508 3967 601 4022 illa
629 3975 812 4022 autem
841 3966 896 4020 in
925 3974 1243 4022 sanctorum
1273 3981 1430 4037 teque
1452 3967 1661 4023 mundo
1680 3977 2099 4039 pervagatorum

508 4058 660 4113 Proti
684 4054 958 4113 et'Jacinti
978 4065 1281 4127 martyrum
1306 4059 1597 4128 praesentia
1623 4067 1677 4114 et
1698 4059 1929 4115 honore.
1955 4058 2102 4127 Quo-

510 4165 636 4205 rum
660 4164 892 4219 corpora
915 4157 1266 4205 sacrosancta
1286 4164 1435 4216 vera,
1458 4158 1584 4205 utut
1604 4150 1739 4207 fides
1762 4149 1967 4206 Christi
1997 4160 2103 4220 est,

2196 3301 2487 3400 patriaeque
2509 3338 2620 3378 sate
2647 3321 2703 3375 in
2726 3335 2871 3391 spem
2893 3315 3189 3371 maximam
3214 3313 3280 3366 ab
3310 3310 3443 3380 ipsis
3473 3308 3623 3363 cunis
3644 3301 3763 3358 dulci

2200 3393 2412 3489 affectu
2431 3414 2735 3478 educatum,
2765 3411 3038 3465 inmatura
3071 3404 3209 3476 falce
3231 3402 3420 3457 mortis
3466 3398 3676 3454 vixdum
3696 3393 3763 3446 de-

2200 3482 2425 3564 cennem'
2456 3505 2742 3568 abscisum,
2776 3499 2925 3554 luctu
2962 3495 3129 3568 plebis
3167 3500 3485 3564 patrumque
3530 3482 3762 3541 inmodico

2200 3615 2385 3655 carum
2427 3599 2617 3668 pignus
2657 3594 2799 3649 silici
2843 3590 2938 3646 sub
2981 3589 3214 3643 humana
3259 3592 3403 3638 sorte
3425 3581 3519 3615 ‘m
3567 3578 3602 3634 4
3644 3574 3761 3631 Non.

2204 3690 2526 3764 Septembris
2556 3685 2853 3741 mandavit.

2736 3792 2868 3831 l'l‘l-ZII
2912 3778 3261 3829 ενιτλιηιιυκς

2205 3874 2331 3931 Non
2351 3882 2427 3929 est
2459 3872 2752 3941 dampnosa
2788 3882 2928 3921 mors
2953 3864 3116 3935 justi,
3144 3870 3220 3916 set
3249 3858 3517 3930 preciosa,

2272 3966 2411 4021 Ante
2436 3964 2537 4019 Dei
2564 3963 2757 4034 faciem
2782 3975 2985 4029 semper
3012 3953 3252 4010 habendo
3283 3952 3446 4005 diem.

2203 4059 2327 4133 Ipse
2350 4058 2462 4114 dies
2484 4056 2689 4128 plenus,
2716 4052 2911 4108 lucenti
2939 4049 3049 4104 sole
3078 4061 3314 4111 serenus,

2275 4152 2375 4207 Est
2408 4150 2523 4206 sine
2554 4159 2706 4203 nocte
2734 4146 2848 4201 dies
2874 4153 2925 4199 et
2950 4144 3062 4198 sine
3097 4141 3202 4212 fine
3221 4138 3369 4210 quies

513 4249 569 4296 et
590 4256 701 4295 non
735 4240 864 4308 alia,
888 4255 991 4311 ope
1026 4239 1273 4312 ipsorum
1296 4246 1658 4313 augusto’rum
1685 4251 1740 4298 et
1762 4244 1950 4300 domni
1975 4253 2106 4301 tunc
2207 4243 2326 4299 llac
2362 4242 2540 4314 requie
2568 4240 2744 4304 Icelus,
2768 4236 3006 4307 lucisque
3030 4231 3287 4287 levamine
3307 4227 3502 4298 fretus,

511 4329 778 4398 temporis
806 4344 963 4400 papae
990 4328 1261 4387 Johannis
1310 4332 1639 4388 auctoritate
1670 4331 1724 4387 in
1755 4331 1893 4403 ipsis
1934 4334 2106 4405 parti-

2279 4333 2554 4389 Evrardus
2576 4337 2814 4395 maneat,
2835 4340 3044 4380 cemerc
3065 4338 3168 4394 quo
3188 4319 3363 4374 valeat

509 4420 617 4477 bus
651 4419 820 4478 Italiae
875 4423 1126 4494 adeptus,
1164 4438 1291 4479 cum
1337 4423 1461 4502 aliis
1500 4424 1749 4495 pluribus
1786 4434 2103 4482 sanctorum
2207 4428 2400 4500 Regem
2425 4432 2757 4497 regnantem,
2783 4427 3097 4492 regnantum
3119 4429 3281 4485 regna
3305 4416 3584 4481 regentem,

510 4522 814 4587 martyrum
838 4515 1285 4587 corporibushuc
1312 4497 1453 4573 felici
1470 4517 1655 4573 omine
1674 4516 1909 4574 Domino
1931 4526 2110 4575 trans-
2135 4510 2186 4571 D
2283 4497 2577 4585 Christum,
2614 4531 2767 4587 quem
2787 4512 2973 4578 coluit,
3008 4510 3176 4564 vicere
3200 4505 3331 4559 dum
3358 4497 3547 4573 potuit.

511 4606 637 4662 tulit
687 4608 1028 4695 auspicante.
1064 4608 1133 4665 Et
1181 4621 1312 4666 sunt
1362 4611 1494 4681 ips:e
1539 4611 1689 4683 (963)
1743 4610 2106 4671 dedicationis

513 4699 760 4756 kalendae
788 4700 822 4755 8
851 4701 1042 4758 Iduum
1089 4703 1357 4776 Augusti,
1395 4720 1544 4760 anno
1583 4704 1935 4775 pontiﬁcatus
1983 4707 2108 4780 ejus

514 4807 684 4847 nono.

593 4882 679 4938 19.
712 4882 967 4939 Demorte
982 4884 1241 4942 Everardi
1264 4889 1657 4961 fratruelissui.
1690 4890 1783 4947 Set
1803 4891 1930 4962 quia
1952 4908 2102 4949 varia

513 4979 698 5030 rerum
734 4975 968 5030 mutatio
1001 4993 1111 5031 non
1142 4979 1346 5048 patitur
1380 4996 1501 5036 esse
1546 4980 1815 5041 diutinam
1850 4982 2105 5039 lazticiam

514 5063 826 5155 umbratilis
848 5066 1249 5136 prosperitatis,
1272 5068 1322 5122 ei
1358 5077 1469 5124 tam
1492 5069 1766 5127 dedolenti
1798 5088 1908 5127 non
1932 5074 2105 5129 multo

514 5163 642 5226 post
691 5164 1014 5211 renovatum
1065 5166 1149 5213 est
1198 5159 1396 5216 vulnus
1456 5163 1636 5218 acerbi
1695 5163 1918 5219 doloris.
1977 5163 2108 5219 Erat

513 5259 710 5317 nempe
736 5247 786 5301 ei
810 5245 1111 5316 fratruelis,
1132 5249 1362 5306 dulcedo
1392 5253 1476 5307 sui
1504 5254 1674 5308 animi
1704 5263 1759 5310 et
1780 5255 1961 5327 imago
1986 5256 2105 5327 pie-

2213 4613 2272 4671 Is
2295 4628 2424 4685 puer
2452 4608 2676 4680 insignis
2712 4609 2967 4661 viventem
2995 4600 3126 4673 ﬂore
3145 4596 3412 4660 decennis,

2286 4704 2498 4761 Ornans
2530 4699 2803 4756 mundicia
2826 4711 3044 4769 qumque
3068 4691 3154 4747 sui
3176 4688 3382 4752 studia,

2215 4796 2453 4855 Transiit
2478 4810 2506 4847 e
2529 4793 2724 4848 mundo
2751 4780 3072 4861 Séptembris
3100 4782 3211 4839 sole
3234 4777 3480 4835 secunde.

2284 4892 2475 4947 Lector
2499 4892 2586 4944 dic
2616 4884 2825 4941 tandem
2852 4898 2870 4936 :
2901 4880 3045 4935 Pace
3073 4872 3346 4949 quiescat!
3374 4883 3539 4923 amen.

2335 4999 2468 5039 ΙΤΕΙΙ
2503 4991 2832 5038 ΕΡΙΤΑΡΗΙΙΝ
2869 4986 3101 5029 ειυεοειι
3134 4977 3355 5049 (ΣΟΙΙῚΊξ
3389 4963 3663 5018 ειτιιιξω.

2214 5073 2505 5130 Clauditur
2535 5072 2635 5125 hac
2676 5068 2857 5124 tumba
2885 5063 3090 5135 pridem
3111 5061 3225 5114 sine
3251 5046 3374 5127 felle
3394 5046 3642 5110 columba,

2291 5164 2479 5235 Infans
2504 5160 2799 5226 Esrardus,
2832 5155 3024 5211 nobilis
3052 5161 3208 5223 atque
3237 5149 3380 5219 pius,

2216 5256 2484 5328 Sanguine
2518 5253 2789 5327 magniﬁci
2819 5264 3097 5323 generosus
3121 5237 3397 5298 Deoderici

1810 5388 2037 5445 VARUE
2078 5388 2481 5446 LECTIONES.

592 5496 685 5530 “°°
707 5505 823 5553 toto
850 5515 896 5553 c;

520 5564 616 5600 ms
646 5584 700 5631 υ,
733 5569 826 5638 pio
846 5570 916 5623 ab
937 5583 984 5624 ο,
1065 5570 1156 5602 ιοίο
1188 5571 1267 5624 ita
1292 5567 1356 5623 L.
1390 5578 1542 5625 sorto
1566 5586 1593 5623 c

1051 5499 1151 5574 ’ξ’-⁷.
1176 5497 1339 5574 codeg:
1362 5515 1465 5552 non
1490 5498 1575 5552 hic
1610 5499 1701 5553 sed
1724 5511 1842 5569 post
1864 5509 2214 5558 constructor
2239 5499 2544 5574 distinguit.

2658 5493 2752 5527 ²⁰⁰⁸
2776 5493 2813 5548 i.
2854 5493 2891 5547 l.
2925 5491 2983 5546 b.
3008 5498 3048 5544 t.
3072 5502 3122 5543 e.
3164 5501 3212 5542 s.
3239 5499 3291 5538 a.
3318 5494 3469 5535 niam
3487 5474 3535 5528 2.
3567 5465 3751 5523 additi.

2040 5633 2273 5691 NOTAE.

590 5729 744 5871 ξε)ῳὲ
769 5728 960 5854 ξῖρίίεῖε)⁸
973 5741 1138 5789 vento
1169 5734 1407 5805 agitatis.
1443 5732 1594 5789 Lam.

614 5801 712 5855 901
822 5802 1055 5871 trgthus.

614 5801 740 5871 961)
773 5801 1055 5872 Virgilius.

2290 5728 2438 5800 (962)
2462 5725 2699 5800 Litttich.
2714 5796 2728 5800 _
2967 5793 3003 5800 __
3086 5781 3090 5784 .

2282 5789 2431 5872 (965)
2464 5798 2519 5854 1d
2543 5807 2628 5854 est
2651 5796 2924 5853 solemnes
2950 5793 3088 5848 dies.
3122 5789 3278 5846 LEIB.
