3908 6316
1186 301 1360 367 ΝἿΤᾹ
1398 296 1766 357 DEODERICI
1804 291 2113 351 EPISCOPI
2150 289 2560 350 METTENSIS.
3396 286 3514 344 '7‘29.

1857 411 1905 468 Α
1931 410 2116 465 moria:
2140 408 2391 483 genitoris
2420 408 2619 473 nostri,
2645 404 2854 461 Ottonis
2885 403 3121 460 videlicet
3150 397 3515 476 augustissimi

1929 502 2269 574 imperatoris
2293 545 2310 569 ,
2340 502 2573 572 primum
2595 499 2864 569 ludiﬁcare
2886 497 3039 569 ccepit
3060 543 3076 566 ,
3111 506 3161 552 et
3186 506 3512 566 mercatum,

1925 613 2078 668 quem
2105 602 2285 649 nostro
2314 594 2469 649 licitu
2497 594 2553 647 in
2583 593 2699 647 loco
2734 593 2824 663 qui
2856 589 3047 661 Spinal
3080 591 3280 645 dicitur
3308 592 3514 660 primus

290 692 697 749 9.0.Deiterata
721 692 1325 749 immunitatea’cclesice
1341 693 1515 749 sancti
1538 680 1818 746 Vincentii.
1922 690 2178 757 elevavit,
2208 686 2475 758 imperiali
2511 694 2705 740 nostra:
2741 683 3106 755 praeceptionis
3133 682 3420 746 donatione
3462 691 3513 738 et

184 777 358 838 Otto
394 782 693 855 imperator
716 783 919 840 sedatis
938 782 1151 839 cunctis
1180 782 1423 837 motibus
1446 797 1544 852 per
1567 781 1818 848 Galliam,
1921 784 2160 854 potentia
2186 782 2642 852 conﬁrmaremus,
2659 787 2708 834 et
2739 788 2799 833 ut
2835 777 3062 849 familiis
3084 777 3319 832 ecclesiae
3337 778 3511 833 sancti

184 871 443 929 Italiam
466 891 656 931 versus
712 876 944 946 arripuit
982 876 1127 931 viam
1169 875 1280 947 (an.
1312 875 1460 947 980).
1495 874 1606 931 Nec
1633 876 1822 931 aberat
1912 872 2179 946 Stephani
2206 872 2651 944 prothomartgris
2694 870 2932 935 Christi,
2960 871 3047 925 cui
3084 862 3469 942 ipse‘prwsidet
3492 914 3509 939 ,

182 979 231 1018 a
304 966 485 1022 latere
531 966 705 1037 ipsius
758 967 1014 1024 conscius
1064 967 1310 1022 omnium
1352 967 1712 1023 consiliorum
1767 975 1822 1023 et
1921 970 2084 1039 legem
2127 984 2160 1020 a
2188 964 2662 1037 prwdecessoribus
2691 965 2922 1032 nostris,
2966 963 3176 1036 regibus
3206 964 3407 1020 scilicet
3459 973 3509 1020 et

182 1059 504 1131 particeps
527 1060 774 1115 omnium
798 1061 1168 1132 negotiorum,
1195 1060 1581 1131 episcoporum
1620 1060 1816 1127 honor,
1918 1059 2332 1131 imperatoribus
2357 1103 2372 1129 ,
2409 1059 2523 1114 illis
2558 1075 2901 1126 concessam,
2951 1058 3272 1113 auctoritate
3312 1067 3509 1117 nostra

186 1146 563 1211 Dcodericus
583 1152 897 1223 episcopus,
927 1167 1089 1223 quem
1114 1140 1403 1223 utriusque
1423 1151 1705 1223 dignitatis
1730 1166 1819 1207 re-
1919 1153 2226 1209 donationis
2258 1154 2463 1208 nouiter
2500 1154 2577 1207 eis
2618 1151 3020 1208 concederemus
3050 1159 3205 1222 atque
3232 1151 3507 1222 conforta+

182 1242 472 1297 verentia
504 1242 766 1313 majorem
799 1251 895 1298 aut
931 1244 1197 1314 :equalem
1235 1243 1495 1299 reddebat
1537 1242 1814 1299 omnibus.
1919 1263 2114 1301 remus.
2163 1245 2329 1317 Cujus
2374 1245 2688 1316 peticioncm
2729 1260 2825 1315 pro
2860 1244 3039 1298 divino
3070 1260 3250 1298 amore
3280 1243 3508 1315 benigne

185 1330 317 1387 Set
356 1335 508 1390 nulla
537 1344 804 1390 terrarum
832 1336 1205 1408 longinquitas
1234 1352 1363 1393 eum
1395 1346 1508 1393 tam
1536 1338 1698 1410 longe
1728 1338 1814 1393 di—
1917 1339 2281 1409 suscipientes,
2313 1338 2600 1409 prccfatum
2627 1337 3010 1391 monasterium
3039 1337 3095 1390 in
3118 1336 3313 1391 honore
3333 1339 3506 1392 sancti

183 1424 504 1493 sparabat,
550 1424 698 1479 nulla
744 1425 955 1480 viarum
1005 1425 1293 1497 prolixitas
1340 1427 1479 1482 adeo
1535 1426 1813 1499 gravabat,
1928 1430 2192 1486 I’incentii
2220 1431 2474 1501 martyris
2505 1436 2870 1485 consecratum
2907 1430 3003 1482 sub
3036 1437 3232 1483 nostra
3261 1430 3506 1485 tuitionis

184 1510 373 1567 nulla
429 1515 855 1585 occupationum
912 1515 1290 1586 multiplicitas
1327 1532 1454 1572 eum
1507 1517 1563 1572 in
1601 1526 1813 1573 tantum
1915 1525 2261 1578 emunitatem
2286 1525 2651 1594 suscepimus,
2688 1532 2739 1577 et
2761 1522 2943 1576 omnia
2974 1520 3107 1575 illuc
3129 1523 3193 1575 ab
3222 1538 3281 1585 eo
3327 1522 3405 1577 rel
3438 1523 3505 1577 ab

182 1602 476 1673 angebat,
506 1604 640 1675 quin
661 1604 865 1676 jugiter
883 1605 1022 1660 bene
1046 1613 1101 1661 et
1128 1606 1357 1662 honeste
1377 1607 1814 1664 consummando
1914 1616 2027 1671 illis
2053 1617 2286 1683 tradita,
2320 1626 2369 1671 et
2412 1616 2586 1670 adhuc
2616 1614 2680 1668 ab
2727 1613 2995 1685 aliquibus
3028 1613 3291 1667 tradenda
3310 1655 3326 1677 ,
3363 1615 3503 1685 regia

185 1695 478 1779 cmnobio
528 1696 705 1752 sancti
737 1695 1006 1787 Vincentii
1042 1698 1290 1755 animum
1325 1714 1487 1754 suum
1516 1707 1813 1770 [η’ἒὲεθηῑὲὶ·
1844 1760 1886 1787 η
1913 1716 1962 1762 et
1992 1706 2258 1779 imperiali
2286 1706 2653 1777 muniﬁcentia
2693 1722 2756 1760 ac
2785 1704 3181 1776 magniﬁcentia
3214 1706 3503 1774 conﬁrma-

188 1795 323 1854 ret,
351 1795 409 1843 et
444 1796 505 1843 ut
530 1789 677 1844 nulla
708 1789 812 1844 alia
838 1804 970 1845 cura
999 1790 1177 1846 acrior
1212 1791 1316 1847 hac
1347 1791 1526 1862 ipsum
1552 1791 1813 1848 sollicita-
1845 1789 1888 1815 ”
1914 1815 2064 1864 mus;
2091 1807 2143 1854 et
2166 1806 2433 1853 mercatus
2455 1796 2796 1867 inprwdicto
2820 1795 2936 1849 loco
2976 1794 3209 1849 eleuatus
3254 1804 3312 1849 ut
3352 1795 3504 1850 deiu-

188 1888 325 1936 ret.
365 1877 712 1951 Quapropter
737 1881 787 1936 ei
830 1882 899 1937 ad
942 1882 1143 1938 bonum
1189 1898 1405 1954 semper
1447 1884 1652 1940 intenta
1699 1900 1809 1940 non
1911 1904 2029 1957 ceps
2077 1886 2270 1958 absque
2312 1887 2582 1940 hominum
2625 1886 2862 1941 omnium
2892 1886 3248 1940 controversia
3278 1887 3506 1955 ﬁrmiter

189 1969 542 2038 suﬂiciebat,
586 1972 733 2042 quod
762 1973 943 2028 locum
978 1974 1131 2028 illum
1162 1984 1216 2030 et
1253 1976 1437 2030 omnia
1464 1975 1540 2030 illi
1565 1975 1809 2047 delegata
1910 1987 2012 2033 stet
2034 1987 2190 2051 atque
2218 1986 2433 2033 maneat
2455 2019 2470 2046 ,
2514 1977 2785 2049 imperiali
2827 1985 3085 2046 potestate
3113 1976 3452 2047 praecipimus
3482 1994 3502 2041 ;

188 2062 549 2118 auctoritate
574 2072 627 2118 et
655 2063 1036 2121 benedictione
1072 2064 1342 2122 Johannis
1373 2084 1525 2140 papa:
1553 2069 1686 2125 olim
1710 2070 1807 2125 lir-
1911 2071 2344 2143 farniliarumque
2367 2071 2610 2142 prcefata:
2651 2069 2903 2125 (ecclesia:
2928 2068 3122 2140 legem,
3163 2084 3324 2140 quam
3359 2085 3501 2138 pra:—

190 2154 382 2210 miter
427 2164 482 2211 et
520 2156 761 2227 Iegalitei
811 2158 1106 2225 munierat,
1151 2169 1232 2215 set
1264 2161 1444 2216 adhuc
1468 2160 1685 2217 obviam
1729 2162 1809 2218 ire
1908 2164 2137 2234 scriptus
2161 2162 2481 2218 Deodericus
2506 2163 2784 2234 episcopus
2805 2163 2884 2215 eis
2919 2160 3306 2217 concedendam
3334 2176 3367 2214 a
3403 2176 3501 2213 uo-

192 2246 510 2316 injusticiae
538 2263 858 2319 pravorum,
889 2249 1034 2306 bona
1058 2252 1292 2307 aliorum
1320 2268 1608 2324 perperam
1638 2270 1806 2310 usur-
1910 2252 1991 2307 bis
2013 2253 2233 2325 petivit,
2263 2252 2533 2323 imperiali
2563 2253 2701 2306 dono
2729 2260 2781 2306 et
2824 2251 3115 2305 munimine
3159 2249 3275 2304 illis
3313 2249 3501 2304 dehinc

190 2334 489 2405 pantium,
536 2338 870 2396 omnimodis
905 2340 1211 2398 insistebat.
1244 2339 1399 2398 Unde
1434 2344 1597 2399 modo
1631 2345 1806 2399 addu-
1909 2343 2188 2398 tenendam
2232 2344 2567 2399 concedimus
2606 2352 2764 2415 atque
2798 2343 3164 2413 confortamus
3189 2341 3300 2396 ιω.
3336 2340 3405 2394 Et
3442 2352 3502 2396 ut

188 2438 336 2484 ctus
384 2429 493 2485 loci
522 2438 578 2486 et
606 2431 868 2502 temporis
913 2433 1283 2502 oportunitate
1326 2434 1439 2506 (an.
1478 2433 1627 2505 981),
1672 2435 1806 2491 illud
1907 2436 2018 2490 hcce
2039 2445 2235 2493 nostra:
2254 2437 2560 2491 donationis
2591 2436 2858 2490 concessio
2879 2451 2972 2506 per
2997 2422 3183 2505 futura
3207 2443 3501 2502 temporum

190 2519 396 2588 ipsum
426 2520 769 2593 privilegium
797 2521 929 2578 olim
953 2523 1217 2595 scriptum
1240 2533 1293 2580 et
1313 2525 1585 2595 signatum
1614 2541 1644 2580 a
1665 2542 1806 2597 papa
1905 2526 2178 2581 curricula
2202 2544 2235 2581 a
2257 2527 2464 2580 cunctis
2492 2525 2737 2596 ﬁdelibus
2759 2525 3073 2596 [irmior‘m
3095 2523 3374 2589 habeatur,
3402 2524 3501 2577 hoc

185 2607 463 2667 Johanne
490 2628 670 2683 opera:
702 2614 939 2685 pretium
969 2614 1125 2672 duxit
1170 2617 1500 2685 iterandum,
1524 2616 1804 2679 Benedicti
1904 2625 2100 2671 nostra:
2121 2617 2451 2672 celsitudinis
2475 2625 2795 2688 prwccptum
2817 2615 2939 2670 inde
2954 2616 3309 2686 conscriptum
3331 2614 3501 2685 sigilli
3526 2676 3531 2681 ,

186 2717 270 2756 eo
328 2710 573 2773 tempore
622 2706 953 2775 apostolicas
1015 2706 1163 2763 vices
1210 2708 1421 2779 agentis
1479 2709 1803 2768 auctoritate
1903 2710 2074 2765 nostri
2103 2710 2447 2780 impressione
2467 2710 2682 2781 signare
2697 2708 2981 2780 jussimus,
3001 2722 3261 2778 numaque
3280 2707 3500 2776 propria

183 2794 478 2864 scriptum
527 2811 623 2866 per
648 2812 872 2853 manum
924 2797 1223 2871 Bonigonis
1271 2801 1472 2855 notarii
1512 2811 1675 2872 atque
1709 2818 1799 2857 re-
1902 2802 2380 2858 corroboravimus.
3046 2815 3051 2819 '

184 2885 442 2956 gionarii
467 2897 671 2943 sancta:
702 2888 968 2947 Romana:
996 2891 1279 2960 aacelesiaa,
1313 2892 1369 2947 in
1394 2908 1582 2949 mense
1600 2892 1774 2965 Aprili
1976 2892 2199 2963 Signum
2224 2892 2406 2947 domui
2434 2891 2647 2948 Ottonis
2669 2891 3009 2946 invictissimi
3036 2888 3376 2960 imperatoris
3404 2904 3498 2945 au-

174 2978 506 3047 ,indictione
529 2987 718 3036 octava
749 2980 921 3053 (964).
1901 2984 2066 3054 gusti.
2098 2982 2183 3056 (L.
2207 2982 2305 3055 Μ.)
2338 2982 2687 3038 Hildiboldus
2707 2984 2983 3054 episcopus
3005 2980 3362 3036 cancellarius
3388 2980 3507 3035 uice

182 3101 193 3106 -
395 3069 477 3125 De
499 3071 748 3178 robqrata
772 3074 1108 3178 immunitate
1136 3086 1378 3171 actorum
1404 3078 1539 3150 ejus.
1573 3077 1650 3135 Ita
1683 3078 1793 3136 Do-
1820 3116 1866 3178 Ο
1904 3075 2163 3178 IVilligisi
2190 3075 2614 3178 archicapellani-
2633 3076 2925 3175 recognovi.
2947 3074 3131 3178 .Da'tg-
3153 3074 3222 3174 νζ
3256 3073 3491 3178 It'alend.

185 3161 339 3218 mini
370 3179 565 3221 servus
594 3164 768 3220 fidelis
796 3174 851 3220 et
886 3167 1128 3237 prudens
1158 3177 1286 3225 ante
1318 3168 1377 3225 et
1410 3180 1558 3226 retro
1599 3172 1791 3227 ocula-
1823 3161 1866 3178 ν
1894 3164 2034 3220 Julii
2059 3208 2075 3233 ,
2115 3183 2255 3221 anno
2279 3166 2560 3221 dominicae
2593 3166 2985 3220 incarnationis
3028 3163 3154 3229 985,
3200 3162 3495 3216 indictione.

186 3261 293 3311 tus
318 3295 335 3322 ,
359 3269 431 3309 ne
458 3254 643 3325 aliquo
665 3264 908 3328 tempore
931 3257 1222 3315 fascinatio
1245 3261 1573 3332 nugacitatis
1593 3262 1794 3318 obscu-
1893 3259 1953 3313 ll
1981 3301 1995 3325 ,
2039 3275 2178 3312 anno
2223 3259 2371 3330 regni
2427 3256 2764 3312 invictissimi
2803 3254 3015 3311 Ottonis
3045 3254 3118 3311 25
3146 3253 3237 3286 ³⁸³⁸
3274 3254 3488 3325 imperii

187 3361 352 3408 raret
380 3351 525 3408 bona
556 3352 705 3408 illius
733 3394 748 3419 ,
779 3369 1026 3427 pratsago
1050 3354 1364 3412 futurorum
1395 3357 1590 3429 spiritu
1627 3359 1794 3415 duce—
1892 3360 2071 3405 autem
2102 3350 2189 3406 15.
2212 3351 2405 3404 Actum
2436 3349 2675 3404 Mantua:
2697 3348 2926 3418 feliciter
2955 3364 3127 3402 amen-

186 3444 389 3511 ltatur,
419 3454 481 3500 ut
518 3445 783 3516 quamdiu
822 3446 931 3502 vita
979 3455 1036 3503 et
1079 3449 1423 3520 oportunitas
1460 3451 1790 3521 pariebatur,
1959 3440 2051 3496 22.
2093 3438 2171 3495 De
2198 3441 2333 3495 bona
2357 3441 2811 3493 consummatione
2845 3454 3065 3509 operum
3101 3438 3307 3493 domini
3342 3435 3485 3492 Deo-

186 3536 505 3606 apostolico
526 3544 582 3592 et
604 3538 873 3609 imperiali
898 3539 1158 3614 sum-asia
1181 3540 1514 3599 domesticos
1543 3544 1665 3599 ﬁdei
1709 3554 1793 3600 ιιι-
1888 3533 2058 3589 derici
2076 3577 2092 3603 ,
2116 3542 2166 3589 et
2194 3533 2343 3588 obitu
2370 3532 2506 3604 ejus.
2540 3530 2632 3586 Vir
2662 3532 2846 3603 itaque
2876 3530 3088 3586 Donnui
3118 3529 3449 3585 Deodeiicus
3468 3573 3483 3597 ,

190 3633 432 3695 taretur,
464 3627 532 3683 ad
553 3643 694 3698 quos
717 3629 955 3685 maxime
978 3630 1185 3686 bonum
1210 3647 1310 3703 pro
1332 3634 1572 3690 remedio
1596 3634 1792 3691 anima;
1893 3626 2163 3681 bonorum
2190 3640 2417 3696 operum
2445 3622 2640 3680 studiis
2662 3622 2908 3693 adprime
2935 3622 3179 3677 intentus
3200 3630 3256 3675 et
3305 3619 3374 3675 de
3400 3628 3487 3675 ta—

178 3734 318 3781 ~sua:
342 3719 692 3789 operabatur.
716 3719 828 3778 Nec
872 3722 1045 3778 solam
1097 3725 1351 3795 quaesivit
1388 3726 1791 3784 immunitatem
1892 3720 2041 3776 lento
2077 3720 2181 3776 sibi
2227 3719 2434 3775 credito
2464 3716 2710 3795 pervigili
2754 3730 2888 3770 cura
2940 3712 3247 3778 sollicitus,
3297 3725 3486 3766 coram
3568 3790 3579 3801 κ

189 301 349 361 721)

301 420 590 486 Ρνωδειιὶε,
612 436 677 475 ex
698 418 850 490 cujus
881 418 1053 488 fratre
1070 430 1075 433 '
1086 418 1189 488 [uit
1214 419 1439 489 genitus.

189 507 492 566 Crastina
524 510 846 583 Septembris
867 510 961 565 lua:
994 511 1077 564 his
1116 510 1219 580 fuit
1257 511 1450 563 ultima
1486 506 1751 563 membris.

293 600 517 657 Christe
539 602 629 634 ¹⁰¹¹
660 611 810 658 tuam
836 601 1065 673 requiem
1091 601 1165 655 sla
1202 601 1305 655 sibi
1335 609 1483 671 teque
1501 600 1641 655 diem
1659 600 1682 653 .'

196 3810 372 3881 hujus
396 3811 503 3868 loci
527 3854 544 3881 ,
573 3821 657 3869 set
687 3821 735 3868 el
769 3813 874 3869 alia
901 3825 1020 3871 aeta
1045 3830 1144 3873 sua
1167 3816 1358 3873 volens
1388 3817 1444 3872 in
1466 3827 1791 3889 perpetuum

196 3906 319 3952 rata
345 3896 462 3953 ﬁeri
483 3941 497 3967 ,
528 3914 641 3954 non
670 3899 882 3956 distulit
902 3917 966 3957 ea
996 3901 1153 3974 legali
1202 3903 1407 3974 scripto
1443 3904 1789 3973 conﬁrmare,

192 3988 659 4060 edietoimperiali
675 3992 1033 4049 eorroborare
1054 4002 1109 4050 et
1130 3995 1279 4050 anuli
1300 3995 1420 4066 ejus
1435 3995 1792 4067 impressione

195 4081 550 4151 consignare.
575 4081 695 4137 Non
724 4083 907 4155 pigeat
937 4084 1104 4155 igitur
1152 4086 1330 4157 ipsam
1373 4086 1503 4143 hinc
1548 4088 1794 4145 inserere

193 4181 429 4241 cartam,
447 4190 671 4245 operum
696 4176 970 4247 pontificis
994 4177 1170 4235 nostri
1192 4188 1246 4235 et
1266 4179 1554 4235 verborum
1573 4188 1792 4235 nostro-

179 4280 321 4339 rum
349 4274 543 4322 testem
573 4269 846 4326 idoneam.
1317 4330 1327 4338 _

266 4356 555 4413 Decretum
588 4357 804 4416 Ottonis
832 4361 1061 4418 secundi
1086 4362 1200 4418 ¹⁰¹².
1242 4361 1308 4416 In
1338 4364 1546 4417 nomine
1588 4371 1790 4418 sancta:

1893 3802 2125 3868 Domino
2158 3826 2262 3868 suo
2301 3811 2658 3881 multiplicata
2706 3806 2927 3879 pietatis
2979 3820 3145 3877 opera
3204 3813 3486 3874 reportare

1893 3903 2147 3959 Studebat
2172 3945 2189 3970 ,
2220 3912 2275 3960 et
2308 3901 2531 3958 familiae
2554 3902 2660 3959 sibi
2680 3899 3003 3957 commissa:
3038 3897 3235 3970 cybum
3276 3895 3484 3952 saluta-

1891 4012 2030 4063 rem,
2060 4005 2121 4051 ut
2142 3995 2316 4052 ﬁdelis
2342 4010 2557 4063 servus,
2587 3993 2940 4066 suppeditare
2974 3989 3325 4062 procurabat.

2000 4085 2204 4142 Praesul
2229 4087 2376 4142 enim
2399 4086 2580 4142 factus
2604 4084 2881 4155 conplevit
2908 4081 3160 4154 praesulis
3188 4089 3375 4145 actus,

2069 4177 2284 4234 Proluit
2313 4194 2378 4234 ac
2401 4179 2597 4234 ovibus
2618 4219 2634 4245 ,
2661 4175 2881 4248 praefuit
2906 4175 3024 4245 ipse
3053 4171 3275 4243 quibus.
3435 4230 3442 4235 _

1892 4269 2161 4341 Diligebat
2190 4282 2430 4342 namque
2454 4286 2551 4327 eos
2570 4312 2585 4338 ,
2615 4286 2757 4342 quos
2792 4269 2848 4323 in
2876 4265 3283 4324 secelesiasticis
3318 4262 3485 4318 actio-

1892 4362 2056 4419 nibus
2090 4363 2365 4419 l'erventes
2394 4379 2520 4420 esse
2548 4362 2830 4429 cernebat,
2861 4370 2916 4416 et
2942 4369 3001 4415 ut
3024 4360 3267 4415 studium
3301 4372 3483 4429 perse-

190 4458 244 4503 et
273 4448 568 4506 individua
599 4451 881 4508 Trinitatis
909 4453 1035 4510 Otto
1069 4456 1254 4510 divina
1276 4443 1481 4526 favente
1507 4454 1789 4510 clementia
1818 4469 1867 4530 ι)
1892 4451 2120 4507 verandi
2176 4469 2288 4510 non
2342 4462 2733 4525 postponerent
2758 4493 2774 4520 ,
2830 4449 3184 4506 fructiﬁcanti
3231 4445 3483 4502 doctrina

191 4541 487 4611 imperator
527 4554 806 4616 augustas.
860 4546 1112 4602 Omnium
1158 4547 1398 4619 ﬁdelium
1444 4556 1783 4614 nostrorum,

189 4633 537 4701 prcesentium
571 4635 775 4690 scilicet
818 4647 977 4709 atque
1013 4639 1316 4710 futurorum
1341 4681 1355 4707 ,
1394 4647 1573 4711 pateat
1622 4639 1782 4693 indu--

188 4725 376 4793 urite,
407 4728 667 4797 quomodo
716 4730 892 4800 ﬁdelis
922 4742 1101 4787 noster
1139 4733 1460 4788 Deodericus
1509 4731 1785 4787 Mettensis

190 4816 449 4872 wcclesitz
494 4821 808 4877 venerabilis
853 4825 1130 4895 episcopus
1179 4843 1211 4879 α
1255 4834 1438 4880 nostra
1474 4824 1786 4879 celsitudine

189 4909 507 4978 suppliciter
550 4899 745 4983 petiit,
783 4925 843 4969 ut
892 4918 1272 4971 monasterium
1310 4917 1484 4970 sancti
1521 4914 1786 4969 Vincentii

188 4999 338 5069 foras
362 5016 541 5056 muros
564 5004 802 5060 civitatis
825 5022 957 5075 suae,
985 5007 1142 5061 blatis
1166 5016 1364 5062 uocata:
1386 5007 1501 5074 ¹⁰¹³,
1541 5015 1788 5059 constru-

188 5101 335 5146 ctum
358 5134 375 5162 ,
407 5096 548 5166 quod
568 5097 681 5167 ipse
718 5115 840 5154 cum
874 5100 1090 5155 licentia
1117 5109 1167 5155 et
1191 5117 1445 5156 consensu
1481 5099 1648 5154 beatce
1678 5113 1786 5152 me-

1892 4545 2258 4600 ammonebat.
2283 4545 2727 4617 Neglegentiores
2758 4552 2963 4609 autem,
2991 4540 3087 4612 qui
3105 4541 3289 4595 minus
3314 4555 3481 4611 quam

1891 4635 2161 4691 debebant
2188 4637 2515 4710 evangelicae
2543 4635 2747 4690 actioni
2773 4633 3131 4700 inhaerebant,
3154 4631 3309 4702 juxta
3338 4646 3479 4701 pra:-

1891 4738 2109 4799 ceptum
2159 4729 2402 4785 doctoris
2455 4729 2700 4801 gentium
2754 4726 3056 4797 arguebat,
3108 4723 3476 4789 obsecrabat,

1891 4820 2245 4891 increpabat,
2279 4837 2347 4877 ae
2387 4836 2456 4877 ne
2494 4820 2772 4875 morsibus
2818 4818 3176 4874 invisibilium
3223 4818 3476 4888 luporum

1889 4914 2236 4982 laederentur,
2268 4929 2430 4969 muro
2462 4913 2727 4985 spiritalis
2751 4911 3090 4969 defensionis
3118 4911 3336 4966 munire
3362 4924 3476 4963 non

1888 5006 2206 5063 desistebat.
2235 5007 2295 5063 In
2325 5008 2432 5064 hoc
2471 5021 2602 5062 vero
2630 5005 2894 5078 perfectio
2934 5015 3157 5063 actuum
3190 5002 3312 5073 ejus
3352 5000 3474 5054 Ian»

1889 5098 2089 5155 dabilis
2113 5101 2297 5156 extitit
2319 5142 2334 5170 ,
2362 5100 2489 5173 quia
2517 5142 2532 5169 ,
2560 5100 2707 5172 quod
2754 5098 3054 5172 sagacitate
3099 5103 3157 5152 et
3199 5090 3476 5149 atlluentia
3520 5128 3527 5131 -

1492 5254 1729 5310 VARIE
1768 5252 2173 5312 LECTIONES.

254 5357 555 5454 “"Criste
582 5413 631 5450 c.
711 5392 1130 5469 ’,θμίίεεΕΟΒΕΤΙ
1157 5397 1209 5452 1.
1288 5396 1381 5469 im
1409 5407 1602 5469 vocata
1628 5414 1675 5452 c.
1756 5395 1959 5469 ’_°_‘f__h_i_c
1995 5406 2044 5469 et
2066 5394 2668 5469 supraconllrmamus
2703 5396 2755 5443 et
2802 5386 3283 5469 conlirmaremus'
3308 5388 3457 5469 intel-

187 5468 461 5538 ligendum
511 5478 588 5522 est
675 5537 678 5538 ν
724 5465 1028 5538 ¹⁴ξ¹⁵ρίίτιηίο
1049 5483 1096 5521 c.

192 5535 340 5593 mata
372 5539 554 5594 eodem
587 5537 717 5594 vitio
750 5535 1021 5592 laborant.

1209 5468 1301 5501 ³⁸⁸⁸
1324 5467 1729 5533 intelligendum
1767 5466 1958 5523 XXIII.
1992 5458 2209 5541 imperii
2238 5466 2382 5523 XVI.
2424 5466 2516 5522 sed
2562 5464 2768 5533 reliqua
2801 5458 2958 5529 hujus
3004 5458 3254 5526 temporis
3299 5458 3472 5529 diplo-

1712 5625 1939 5685 NOTAE.

259 5761 413 5829 (964)
451 5762 607 5820 Anno
628 5762 728 5821 981
765 5764 988 5824 indictio
1010 5781 1156 5825 nona
1185 5766 1476 5839 currebat,
1505 5773 1555 5824 at
1585 5781 1634 5825 a.
1661 5764 1758 5822 981
1802 5764 1973 5821 fuisse
2000 5805 2012 5831 ,
2047 5765 2395 5831 imperatoris
2429 5762 2561 5839 tunc
2589 5750 2756 5809 statio
2780 5749 2971 5808 Romae
3002 5749 3227 5807 indicat.
