3908 6316
512 404 620 462 135
668 456 677 461 η

1680 395 2037 458 SlGEBERTl
2075 394 2595 455 GEMBLACENSIS

3667 397 3753 455 νειι

511 518 777 574 doctrina:
803 518 1040 586 edocuit,
1065 517 1326 588 exemplis
1356 525 1410 571 et
1430 517 1716 571 honestate
1746 530 1965 585 morum
1995 514 2092 568 dc—
2121 502 2173 574 Α
2197 512 2350 568 bium
2371 556 2391 582 ,
2419 510 2628 586 scilicet
2657 510 2728 568 ad
2754 485 3079 585 praeclarum
3124 512 3432 569 devotionis
3480 529 3592 569 suae
3622 517 3755 570 testi-

511 609 860 666 monstravit.
888 608 1188 681 Egentibus
1216 618 1271 664 et
1295 608 1553 679 orphanis
1578 607 1966 663 misericordia:
2013 606 2095 681 via

511 715 666 756 scera
713 702 964 771 aperuit,
1013 701 1287 773 tribulatis
1328 699 1719 756 consolationis
1755 698 2096 755 dulcedinem

510 792 722 847 exibuit
746 834 761 859 ,
799 793 1112 864 hospitibus
1140 794 1244 864 piae
1288 792 1648 848 humanitatis
1683 791 1947 852 beneticia
1985 806 2095 874 non

509 885 818 957 denegavit.
858 885 1170 958 Numquam
1196 902 1322 942 eum
1371 887 1441 941 ab
1479 886 1604 957 jure
1647 886 1714 941 ad
1761 884 2096 955 injusticiam

510 979 809 1050 quisquam
837 979 1110 1048 detraxit;
1167 989 1252 1037 set
1291 980 1710 1051 provincialium
1758 977 2097 1035 substantias

510 1069 809 1139 aliquando
843 1071 1071 1141 privatis
1105 1071 1314 1143 rapinis
1339 1114 1354 1138 ,
1388 1070 1684 1142 aliquando
1713 1070 1946 1145 publicis
1972 1084 2096 1125 vec—

506 1160 771 1233 tigalibus
808 1162 1132 1232 pessundari
1156 1205 1172 1229 ,
1211 1178 1324 1218 non
1366 1162 1545 1229 aliter,
1570 1178 1735 1232 quam
1782 1162 1876 1233 qui
1920 1163 2094 1239 patie-f

509 1253 733 1320 bantur,
766 1252 1019 1310 indoluit.
1044 1254 1393 1325 Principibus
1418 1254 1665 1310 veritatis
1688 1254 1853 1309 verba
1878 1268 1989 1309 non
2016 1263 2097 1309 ta-

507 1343 664 1411 cuit,
716 1344 924 1414 pupillo
983 1353 1038 1400 et
1095 1346 1275 1401 viduae
1330 1345 1565 1416 justiciaa
1624 1354 1917 1400 censuram
1980 1361 2093 1400 non

509 1435 820 1491 abscondit.
854 1434 912 1490 ln
935 1436 1099 1492 corde
1128 1437 1273 1493 illius
1298 1438 1579 1492 humilitas
1606 1479 1620 1503 ,
1652 1436 1705 1491 in
1736 1452 1830 1492 ore
1858 1436 2096 1515 perfecta

509 1527 783 1595 sagacitas
813 1570 828 1595 ,
854 1528 909 1582 in
933 1529 1083 1583 vultu
1113 1530 1448 1600 morigerata
1481 1529 1742 1601 hylaritas
1767 1572 1786 1597 ,
1832 1528 1887 1584 in
1933 1544 2096 1599 opere

510 1618 784 1688 praecipua
814 1627 931 1674 erat
960 1620 1187 1675 caritas.
1217 1619 1416 1675 Portus
1445 1629 1500 1675 et
1523 1636 1617 1674 ara
1642 1620 1760 1675 suis
1781 1662 1795 1687 ,
1826 1629 1975 1676 totus
2006 1620 2094 1675 in-

510 1708 806 1764 cumbebat
860 1710 1268 1772 aecclesiasticis
1323 1711 1705 1785 incrementis.
1744 1710 1991 1787 Denique
2035 1721 2095 1766 ut

508 1800 775 1855 memoria
797 1801 920 1871 ejus
945 1810 1149 1858 aeterna
1184 1811 1369 1868 esset,
1417 1812 1471 1858 et
1519 1804 1762 1879 studium
1806 1804 1933 1860 vita:
1971 1804 2091 1875 ejus

511 1891 570 1945 in
593 1891 760 1948 domo
787 1892 1006 1950 Domini
1039 1904 1099 1951 ut
1122 1896 1302 1966 palma
1326 1896 1619 1952 ﬂorescens
1646 1938 1660 1963 ,
1706 1896 1849 1952 sicut
1897 1897 2096 1953 cedrus

508 1984 579 2039 de
601 1982 863 2056 Lybano,
914 1987 1399 2058 multiplicaretur,
1443 1988 1815 2043 tecclesiarum
1873 1989 2096 2045 sedulus

508 2083 856 2134 constructor
882 2080 1062 2135 extitit
1086 2122 1103 2147 ,
1129 2088 1185 2135 et
1212 2089 1271 2135 ut
1301 2080 1599 2150 superioris
1624 2080 1736 2136 stili
1758 2090 1949 2136 narrat
1992 2082 2094 2153 by—

507 2168 681 2223 storia
704 2210 722 2237 ,
754 2172 1146 2241 temporalibus
1171 2172 1333 2249 bonis
1356 2182 1410 2227 et
1440 2181 1758 2229 sanctorum
1804 2173 2052 2244 reliquiis
2077 2216 2092 2241 ,

506 2258 654 2315 sicut
700 2262 863 2318 hodie
890 2272 975 2320 est
1019 2279 1243 2321 cernere
1271 2306 1286 2333 ,
1337 2274 1662 2336 perornator
1700 2280 1893 2322 earum
1942 2266 2096 2322 inde-

505 2350 693 2409 fessus
722 2354 939 2410 enituit.
974 2354 1020 2411 Ο
1045 2356 1225 2412 virum
1256 2358 1453 2413 merito
1495 2358 1910 2414 memorabilem
1938 2400 1954 2426 ,
1998 2359 2094 2430 qui

506 2443 813 2501 humanum
868 2446 1110 2503 favorem
1164 2449 1316 2504 velut
1371 2450 1623 2504 umbram
1691 2459 2093 2523 pretereuntem

458 2538 467 2545 '
504 2536 951 2609 floccipendens‘,
983 2542 1300 2611 postposuit
1320 2542 1592 2598 amicitias
1636 2542 1875 2597 filiarum
1916 2542 2095 2598 homi-

400 2680 407 2687 .
504 2645 640 2683 num
690 2638 746 2685 et
796 2632 901 2686 sibi
945 2633 1255 2688 vendicavit
1304 2634 1538 2703 gratiam
1592 2649 1959 2704 supernorum
2015 2635 2094 2690 ci-

503 2719 696 2774 vium!
732 2719 943 2777 Revera
979 2738 1105 2778 cum
1129 2725 1272 2777 inter
1306 2724 1516 2780 aulicos
1552 2733 1612 2785 et
1647 2724 1863 2795 imperii
1906 2725 2091 2793 consi-

502 2807 697 2865 liarios
726 2809 939 2881 primus
964 2812 1278 2880 haberetur,
1309 2822 1363 2868 et
1388 2814 1603 2885 negotia
1626 2815 1781 2886 regni
1809 2814 2091 2886 sapientia:

502 2916 570 2956 ac
594 2901 941 2972 dispositioni
969 2903 1090 2975 ejus
1115 2905 1485 2971 crederentur,
1510 2906 1729 2961 nolebat
1767 2914 1953 2962 tamen
1981 2922 2093 2979 se-

500 2994 784 3051 cularibus
813 3011 872 3051 se
894 2996 1156 3067 inplicare
1181 2997 1414 3069 negotiis
1438 2998 1578 3054 sicut
1602 2998 1805 3055 fecerat
1827 3008 2055 3056 eatenus
2073 3041 2089 3069 ,

505 3094 566 3141 ut
585 3096 771 3156 posset
796 3087 909 3144 Deo
935 3088 1173 3147 militare
1206 3090 1470 3157 liberius;
1511 3100 1593 3147 set
1636 3092 1785 3149 solus
1836 3091 2090 3149 habitans

2199 605 2447 661 monium
2474 648 2495 674 ,
2524 606 2773 677 sepultus
2797 614 2882 661 est
2900 604 2975 660 ibi
3002 620 3129 660 cum
3155 605 3363 660 honore
3390 647 3407 672 ,
3434 605 3628 677 qualis
3667 606 3753 661 dc-

2197 698 2354 754 cebat
2386 699 2522 754 tanti
2551 699 2793 754 nominis
2819 698 3155 770 pou.ilicem.
3187 695 3343 768 Opus
3372 692 3561 753 autem
3600 697 3753 768 ipsum

2197 780 2573 862 imperfectum
2606 792 2846 864 reliquit,
2886 799 3140 863 sumptus
3182 798 3366 847 tamen
3403 800 3464 848 et
3510 792 3758 862 impensas

2198 884 2265 938 ad
2292 885 2410 955 ejus
2432 871 2966 941 consummationem
2997 884 3330 941 suilicienter
3380 884 3631 954 delegare
3667 899 3755 937 nou

2197 977 2567 1048 przetermisit.
2599 976 2842 1034 Transiit
2865 986 3046 1034 autem
3074 993 3221 1033 anno
3238 976 3459 1032 Domini
3484 977 3589 1032 985
3611 976 3755 1045 (966),

2198 1069 2497 1126 indictione
2540 1072 2626 1138 Η,
2656 1080 2849 1142 epacta
2906 1071 3013 1140 15,
3064 1078 3431 1127 concurrente
3482 1069 3537 1136 7,
3584 1069 3613 1121 7
3654 1068 3759 1125 ldus

2200 1162 2558 1234 Septembris,
2598 1163 2631 1218 6
2671 1163 2838 1233 feria,
2882 1180 3029 1220 anno
3067 1164 3093 1219 1
3139 1163 3294 1236 regni
3338 1162 3562 1219 Ottonis
3606 1162 3755 1217 tercii.

2198 1254 2317 1323 Quo
2341 1256 2505 1312 etiam
2534 1257 2742 1312 mensis
2763 1257 2851 1313 die
2880 1257 3226 1312 recolebatur
3253 1255 3665 1311 anniversarius
3682 1254 3759 1309 dc-

2197 1350 2488 1421 positionis
2516 1350 2709 1405 matris
2737 1350 2911 1420 ipsius
2959 1348 3407 1405 Amalradaa'm.
3450 1346 3612 1403 Pater
3651 1362 3760 1403 vero

2198 1439 2373 1512 ipsius
2401 1438 2711 1496 Everardns
2740 1438 2997 1495 Kalendis
3018 1439 3145 1494 Maii
3169 1456 3199 1494 a
3229 1439 3423 1495 seculo
3441 1438 3687 1496 excessit.

2744 1548 3095 1588 nrtnrumrt.
3136 1530 3231 1564 ²⁰¹⁸

2306 1624 2410 1678 Hic
2436 1624 2758 1680 Deodericus
2783 1666 2799 1691 ,
2827 1636 3075 1695 generoso
3108 1623 3368 1692 sanguine
3404 1629 3573 1676 natus

2372 1714 2568 1787 Regum
2593 1715 2872 1786 progenie,
2908 1729 3096 1768 nomen
3135 1712 3332 1767 habens
3370 1711 3605 1778 celebre,

2310 1790 2779 1863 CwsarisIOttonis
2812 1807 2988 1878 tetigit
3023 1822 3175 1878 quem
3213 1804 3356 1859 linea
3383 1804 3568 1886 carnis
3594 1844 3612 1871 ,

2383 1899 2550 1970 Cujus
2580 1890 2819 1955 consiliis
2838 1898 2968 1969 jura
2998 1898 3144 1953 dedit
3171 1896 3408 1968 populis.

2306 1987 2468 2044 Luxit
2490 1989 2631 2044 enim
2655 1976 2851 2042 mundo
2877 2030 2892 2056 ,
2922 2005 3013 2042 ceu
3041 1988 3203 2059 sgdus
3240 1986 3449 2041 lumine
3469 2001 3659 2058 ροαιο,

2377 2080 2597 2135 Actibus
2633 2082 2845 2136 eximiis
2870 2123 2886 2147 ,
2925 2079 3158 2134 moribus
3181 2080 3435 2151 egregiis.

2311 2167 2459 2225 Unde
2483 2168 2787 2224 Mettensem
2803 2170 2992 2223 meruit
3010 2169 3357 2224 conscendere
3378 2169 3582 2235 sedent,

2376 2261 2548 2327 Quam
2580 2263 2719 2315 rexit
2748 2261 2907 2332 digno
2928 2260 3175 2332 prwsulis
3201 2261 3392 2331 ofﬁcio.
3470 2272 3475 2277 ‘

2301 2351 2501 2408 Aulam
2532 2352 2669 2407 hanc
2694 2352 2895 2408 caelesti
2914 2354 3117 2407 struxit
3132 2370 3229 2424 pro
3255 2370 3480 2407 munere
3506 2352 3647 2425 regi,

2372 2443 2544 2498 Rebus
2566 2461 2726 2517 quam
2752 2445 2904 2499 miris
2931 2445 3155 2515 compsit
3180 2453 3228 2499 et
3256 2444 3580 2499 innumeris.

2306 2534 2495 2591 Idibus
2532 2537 2744 2592 ebdenis
2768 2535 3093 2609 Septembris
3104 2537 3223 2607 jam
3249 2527 3511 2592 revolutis

2373 2628 2628 2683 Decessus
2651 2639 2791 2684 sorte
2807 2671 2823 2697 ,
2847 2628 3121 2684 clauditur
3144 2629 3243 2683 hac
3282 2629 3467 2685 silice.

2264 2714 2355 2772 2⁸5.
2421 2715 2500 2772 De
2556 2718 2890 2775 dedicatione
2955 2718 3192 2775 ecclesia:
3259 2721 3443 2774 sancti
3509 2719 3756 2774 Vini-cuii.

2193 2810 2314 2862 tam
2361 2825 2492 2865 vero
2537 2811 2665 2880 quia
2694 2810 2762 2867 de
2785 2811 2895 2868 vita
2934 2812 3382 2868 excellentissimi
3412 2813 3664 2883 praesulis
3684 2827 3755 2867 tc-

2194 2900 2456 2956 lationem
2499 2902 2882 2972 explevimus,
2933 2918 3158 2974 operam
3210 2904 3343 2959 dare
3387 2920 3651 2959 curamus
3708 2910 3756 2956 ut

2193 2992 2339 3047 diem
2394 2992 2756 3050 dedicationis
2806 2994 3054 3050 ecclesiae
3100 2995 3276 3051 sancti
3330 2993 3609 3050 Vincentii
3655 3008 3755 3047 ante

2193 3092 2474 3154 posterum
2506 3084 2697 3139 oculos
2724 3084 3122 3156 relinquamus.
3153 3084 3284 3141 Post
3309 3086 3603 3142 decessum
3627 3085 3755 3140 deui-

500 3195 691 3235 secum
718 3182 1077 3238 exercebatur
1100 3183 1427 3238 etscobebat
1447 3183 1595 3255 (965)
1620 3184 1870 3255 spiritum
1899 3201 2081 3241 suum,
2115 3198 2158 3259 ρ
2193 3190 2301 3247 que
2323 3175 2497 3246 ipsius
2518 3175 2794 3247 pontificis
2819 3169 2836 3246 ,
2871 3193 2967 3249 per
2989 3179 3371 3235 successiones
3412 3181 3755 3251 plurimorum

500 3270 778 3329 Evomeus
803 3289 935 3345 ergo
960 3274 1029 3329 ab
1055 3274 1242 3330 animo
1267 3291 1488 3331 omnem
1526 3277 1753 3333 curialis
1798 3277 2090 3334 anxietatis

498 3380 765 3419 nauseam
790 3407 805 3432 ,
840 3365 895 3419 iu
934 3382 1044 3436 qua
1093 3367 1375 3438 multiplex
1426 3368 1677 3424 molestia
1725 3384 1945 3424 omnem
1985 3369 2088 3425 ali-

500 3457 729 3526 quando
756 3457 996 3513 excludit
1021 3460 1345 3515 modestiam
1372 3502 1387 3526 ,
1428 3460 1483 3515 in
1512 3476 1620 3531 qua
1643 3461 1877 3532 quisque
1911 3469 2090 3531 potest

500 3544 659 3601 illam‘
677 3548 970 3605 volubilem
998 3548 1524 3621 fortunteinspicerc
1564 3561 1740 3607 rotam
1768 3595 1783 3618 ,
1808 3561 1985 3608 totum
2028 3567 2089 3609 se

501 3639 573 3694 ab
602 3639 777 3695 activa
832 3640 897 3696 ad
944 3641 1113 3696 vitam
1146 3642 1429 3711 transtulit
1472 3642 1972 3713 contemplativam.
2021 3641 2089 3698 Et

500 3731 750 3788 monitus
790 3732 976 3787 divina
1026 3733 1421 3803 inspiratione,
1472 3734 1762 3789 imminere
1804 3735 1909 3790 sibi
1941 3735 2087 3790 diem

501 3822 590 3877 sui
620 3823 803 3879 obitus
826 3865 842 3890 ,
873 3823 1068 3894 agebat
1089 3839 1188 3894 pro
1209 3826 1470 3881 omnibus
1496 3826 1624 3881 vitae
1645 3826 1967 3891 excessibus
1999 3825 2086 3881 di-

498 3929 639 3985 gnos
661 3912 997 3984 paenitentia:
1020 3912 1233 3970 fructus
1256 3956 1273 3982 ,
1302 3914 1571 3979 festinans
1595 3916 1801 3972 ascribi
1848 3916 2088 3974 ccelestis

498 4005 669 4062 curiae
701 4005 1088 4077 dignitatibus.
1123 4005 1367 4062 Ponebat
1408 4008 1678 4078 siquidem
1726 4019 1853 4065 aute
1897 4010 2087 4067 oculos

497 4098 702 4152 mentis
731 4096 783 4150 id
815 4098 962 4167 quod
994 4098 1049 4153 iu
1080 4099 1307 4153 exordio
1334 4099 1816 4157 intbrouizationis
1844 4102 1965 4173 ejus
1991 4102 2088 4158 de-

495 4186 857 4257 scripsimus,
881 4188 1121 4244 litteram
1155 4189 1406 4247 videlicet
1434 4192 1520 4247 sui
1548 4192 1791 4249 numinis
1820 4194 1965 4249 inter
1990 4210 2087 4250 no-

494 4279 646 4334 mina
675 4278 1020 4336 Mettensium
1036 4283 1353 4352 pontificum
1377 4294 1637 4356 argenteo
1655 4285 1837 4341 colore
1855 4286 2072 4343 caelitus

493 4368 882 4437 praetitulatam
909 4413 925 4439 ,
960 4386 1059 4443 pro
1084 4390 1193 4445 qua
1229 4376 1557 4446 promiserat
1587 4392 1647 4433 se
1673 4386 1839 4449 tanta,
1860 4379 2004 4433 bona
2027 4379 2083 4433 in

464 4458 813 4532 ’epi‘scopatu
839 4460 1111 4521 facturum
1139 4471 1179 4550 ,λ
1203 4467 1350 4539 quod
1396 4469 1516 4539 ipsa
1555 4479 1813 4541 argentea
1859 4472 2038 4527 littera
2064 4513 2079 4539 ,

2171 3267 2452 3341 abbatum
2501 3270 2676 3325 eidem
2728 3264 2849 3326 loco
2892 3271 3305 3341 prtesidentium
3333 3315 3348 3338 ,
3400 3288 3550 3344 opus
3575 3314 3592 3340 ,
3634 3271 3755 3341 quod

2191 3370 2532 3416 remanserat
2580 3360 2981 3433 imperfectum,
3038 3363 3259 3418 tandem
3302 3373 3555 3435 tempore
3595 3359 3754 3420 domui

2191 3449 2461 3508 Heriberti
2498 3454 2827 3510 venerabilis
2848 3453 2973 3509 vita:
2995 3455 3209 3510 abbatis
3228 3464 3309 3512 est
3336 3464 3753 3512 consummatum

2193 3543 2303 3615 (an.
2335 3544 2516 3616 1050).
2552 3545 2657 3612 Qui
2703 3547 2845 3601 inter
2888 3556 3083 3602 caetera
3129 3564 3252 3618 qua:
3298 3549 3550 3605 studiose
3573 3557 3624 3604 et
3649 3547 3753 3601 reli-

2190 3638 2341 3708 giose
2365 3638 2561 3706 effecit,
2586 3639 2887 3717 aacclcsiam
2949 3640 3123 3709 ipsam
3174 3656 3207 3695 a
3249 3641 3459 3697 domno
3488 3640 3754 3697 Deoderico

2180 3729 2405 3807 juniore
2428 3730 2669 3786 dedicari
2710 3731 3013 3787 constituit.
3043 3731 3220 3799 Quam
3274 3732 3493 3789 liberali
3534 3731 3751 3788 omnium

2190 3838 2373 3878 rerum
2407 3820 2690 3893 apparatu,
2713 3823 2880 3894 quam
2908 3824 2999 3893 pio
3024 3824 3332 3879 devotionis
3362 3823 3585 3891 aﬂ‘ectu,
3610 3838 3749 3895 quam

2186 3915 2459 3987 frequenti
2480 3915 2725 3971 omnium
2741 3931 3036 3983 concursu,
3068 3922 3275 3987 quanto
3302 3917 3493 3973 studio
3511 3916 3747 3973 celebrata

2187 4008 2256 4063 sit
2277 4007 2443 4078 hujus
2498 4008 2859 4064 dedicationis
2892 4008 3109 4077 lteticia,
3143 4010 3323 4065 adhuc
3372 4010 3539 4081 quasi
3569 4005 3745 4065 recenti

2182 4115 2374 4155 eorum
2404 4100 2499 4170 qui
2522 4097 2888 4155 interfuerunt
2917 4100 3087 4155 lueret
3136 4100 3193 4155 iu
3246 4101 3539 4156 memoria.
3568 4100 3747 4153 Conse-

2185 4200 2395 4247 cratnm
2423 4200 2507 4247 est
2535 4191 2701 4263 igitur
2720 4192 2961 4262 primum
2989 4200 3040 4246 et
3067 4190 3371 4262 principale
3396 4191 3569 4247 altare
3592 4190 3641 4243 iu
3668 4189 3746 4242 bo-

2184 4299 2317 4339 nore
2343 4283 2517 4339 sancti
2545 4282 2815 4338 Vincentii
2844 4281 3101 4356 martyris
3141 4292 3197 4338 et
3216 4283 3426 4349 levitas;
3476 4280 3744 4339 secundum

2183 4375 2239 4429 in
2274 4375 2484 4431 honore
2510 4374 2687 4431 sancti
2716 4373 2995 4430 Benedicti
3032 4374 3266 4442 abbatis,
3289 4373 3577 4430 Fortunati
3605 4381 3652 4427 et
3672 4369 3743 4424 El-

2182 4467 2315 4538 pidii
2342 4468 2724 4537 episcoporum
2741 4462 2799 4522 et
2823 4465 3202 4522 confessorum
3219 4516 3234 4536 ,
3256 4466 3505 4539 Gregorii
3532 4480 3669 4537 papae
3700 4470 3743 4516 et

460 4550 609 4608 vDeo
636 4551 850 4611 favente
869 4598 885 4624 ,
908 4547 1395 4617 transformaretur
1418 4562 1474 4617 in
1505 4557 1725 4618 aurum.
1749 4562 1860 4620 Nec
1888 4562 2078 4620 fefellit
2107 4547 2155 4606 υ
2181 4556 2544 4626 confessoris;
2569 4558 2797 4614 tercium
2830 4557 2885 4612 in
2909 4558 3118 4615 honore
3180 4558 3590 4631 gloriosissima:
3608 4567 3655 4611 et
3674 4552 3742 4607 vi-

492 4657 622 4698 cum
652 4646 891 4703 animus.
918 4647 1055 4705 Nam
1076 4649 1237 4708 bona;
1259 4654 1527 4708 voluntati
1550 4654 1820 4709 bonorum
1846 4669 2075 4725 operum

492 4735 708 4793 addens
737 4738 1133 4800 incrementum
1160 4787 1175 4812 ,
1202 4747 1544 4803 memorabili
1562 4747 1825 4817 justoque
1847 4748 1953 4804 fine
1976 4748 2075 4805 bo-
2094 4774 2117 4793 τ

489 4842 579 4884 nae
602 4828 726 4885 vitae
753 4833 1099 4890 conﬁrmavit
1123 4837 1363 4893 initium.
1636 4900 1641 4904 ,

602 4919 694 4977 Sic
723 4924 902 4982 bonus
930 4928 1133 4983 athleta
1157 4928 1374 4985 Domini
1402 4947 1566 5003 super
1594 4932 1732 4987 atria
1762 4932 1886 4988 laeta

560 5054 563 5057 -
597 5014 832 5073 Florens
857 5017 1117 5088 perfecte,
1144 5020 1277 5076 dum
1299 5032 1455 5078 curat
1490 5024 1675 5079 vivere
1707 5033 1852 5080 recte
1876 5064 1895 5090 ,

593 5106 832 5165 Cursum
855 5112 1169 5182 complevit,
1196 5116 1464 5191 posthaec
1490 5116 1545 5170 in
1572 5131 1705 5186 pace
1732 5117 1963 5187 quievit.

489 5198 595 5266 Qui
627 5202 939 5260 subtractus
966 5205 1036 5260 ab
1062 5205 1166 5261 hac
1186 5205 1426 5261 instabili
1447 5191 1555 5263 vita
1595 5207 1709 5279 (an.
1754 5208 1859 5263 984
1879 5250 1893 5275 ,
1929 5205 2075 5277 Sept.

492 5290 571 5360 7),
598 5298 655 5348 et
680 5302 739 5349 ut
768 5295 1045 5352 credimus
1071 5306 1361 5368 susceptus
1388 5298 1442 5352 in
1465 5299 1672 5354 caelesti
1694 5299 1844 5355 curia
1862 5341 1876 5365 ,
1907 5314 2074 5368 quam

489 5395 654 5438 carus
670 5381 834 5441 fuerit
852 5385 1081 5453 civitati,
1105 5387 1472 5443 inaestimabili
1494 5404 1729 5444 mmrore
1754 5387 1961 5443 funeris
1978 5404 2078 5459 po-

490 5472 597 5529 tuit
613 5475 893 5533 aestimari.
918 5478 1141 5536 Delatus
1154 5495 1285 5550 ergo
1307 5482 1374 5536 ad
1396 5482 1571 5538 sancti
1586 5479 1859 5548 Vincenlii
1880 5496 2072 5536 coeno.

2184 4648 2597 4706 ctoriosissimae
2617 4648 2799 4704 crucis
2841 4648 3049 4703 domini
3074 4649 3251 4704 nostri
3303 4647 3435 4704 Jesu
3470 4647 3741 4711 Christi,ct

2180 4736 2451 4795 Johannis
2473 4738 2745 4809 baptistae,
2774 4735 3057 4804 Quintiani
3087 4737 3391 4809 presbyteri
3414 4746 3467 4794 et
3494 4734 3738 4809 martyris,

2182 4826 2414 4902 Remigii
2439 4829 2680 4903 episcopi
2723 4834 2778 4883 et
2810 4826 3167 4883 confessoris.
3194 4826 3478 4884 Celebrata
3526 4837 3607 4885 est
3646 4826 3740 4881 haec

2180 4922 2449 4980 dedicatio
2485 4922 2521 4977 2
2563 4921 2689 4977 ldus
2711 4920 2859 4988 Maii,
2886 4935 3030 4975 anno
3051 4920 3344 4975 millesimo
3368 4921 3639 4993 trigesimo
3658 4916 3739 4971 do-

2180 5013 2393 5071 minica:
2418 5010 2830 5077 incarnationis,
2856 5010 3152 5065 indictione
3179 5010 3474 5082 l5,_epacta
3502 5012 3588 5077 Η,
3617 5020 3736 5063 anno

2181 5106 2212 5163 7
2237 5105 2451 5177 imperii
2483 5103 2740 5170 Conradi,
2756 5102 3103 5174 pontificatus
3129 5118 3261 5158 vero
3281 5102 3467 5158 domui
3486 5097 3735 5157 Deoderici

2144 5174 2410 5272 ‘junioris
2446 5197 2537 5252 25.
2562 5195 2736 5251 Porro
2788 5197 2961 5251 altare
3002 5195 3177 5251 sancti
3203 5194 3373 5262 Petri,
3416 5205 3473 5252 ut
3506 5193 3732 5249 traditum

2136 5298 2141 5343 ἶ
2179 5301 2263 5349 est
2286 5292 2444 5348 nobis
2470 5307 2501 5347 a
2525 5289 2844 5361 majoribus,
2870 5289 3177 5345 dedicatum
3207 5297 3295 5345 est
3313 5290 3383 5344 ab
3419 5288 3636 5360 Egberto
3660 5300 3734 5337 ar-

2179 5385 2525 5457 chiepiscopo
2561 5380 2883 5439 Trevereusi
2941 5380 2995 5435 in
3024 5380 3235 5436 honore
3293 5381 3529 5452 ejusdem
3579 5373 3729 5434 sancti

2178 5479 2326 5537 Petri
2371 5468 2629 5551 apostoli;
2659 5485 2713 5551 et
2752 5470 3276 5545 Fcliciauiepiscbpi
3325 5482 3383 5531 et
3427 5466 3664 5543 martyris
3701 5465 3729 5518 ὅ

1778 5570 2019 5665 ῩΑΒῙᾸΕ
2056 5560 2471 5630 ΙΕΟΤΙΟΝΕΒ(

574 5656 669 5691 ¹⁶¹⁷
690 5658 770 5713 ita
791 5658 974 5714 codex.
1050 5659 1143 5692 “"
1165 5658 1564 5717 EPITAPHUM
1594 5680 1640 5718 c.

1985 5710 2212 5818 uorat.

577 5837 728 5909 (965)
752 5838 803 5894 1.
836 5809 1075 5913 εξεοορο
1104 5843 1419 5901 mundabat.

2256 5848 2403 5924 (963)
2446 5842 2803 5903 Dcoderieum
2836 5860 2886 5900 a.
2926 5844 3030 5900 98-1
3066 5843 3273 5901 obiisse
3299 5851 3521 5902 constat.
