3908 6316
158 330 265 385 Ἱὲὕ

1280 324 1449 379 VlTA'
1483 322 1733 380 SANCTI
1761 323 2123 381 SIGEBERTI
2149 326 2372 384 REGIS.
2438 300 2443 303 ’

3356 337 3471 393 Ἴ28

154 442 285 498 Non
331 424 664 496 Februarii.
694 437 828 526 lites
857 438 925 495 de
944 438 1284 494 dedicatione
1308 438 1413 517 ista
1437 438 1643 495 dixisse
1662 438 1783 495 suf-
1810 447 1860 504 Α
1889 442 2037 496 omni
2060 432 2204 496 malo
2249 442 2523 509 defendat,
2574 458 2639 498 ac
2690 459 2877 514 preces
2920 443 3169 503 omnium
3225 447 3470 505 ﬁdelium

157 534 355 590 ﬁeiant
392 549 413 601 ;
470 548 674 587 verum
725 531 898 586 ﬁdelis
952 531 1125 587 lector
1164 530 1328 586 ﬁnem
1376 530 1644 586 “lectionis
1681 531 1786 586 hac
1872 550 2108 605 semper
2132 535 2406 602 exaudiat,
2430 535 2524 606 qui
2543 551 2639 606 per
2685 537 2869 593 secula
2894 549 3094 596 cuncta
3123 539 3256 595 vivit
3300 549 3472 596 etre-

158 640 326 696 preee
349 613 689 690 concludat,
714 632 773 679 ut
801 623 1057 679 dominus
1084 622 1231 678 Deus
1278 623 1446 678 istum
1485 622 1667 678 locum
1697 623 1784 676 vi-
1893 636 2042 700 gnat.
2077 618 2270 683 Amen.

157 717 291 771 sitet
337 725 399 772 et
444 705 767 784 benedicat,
818 715 1015 772 fratres
1064 715 1121 770 in
1174 729 1243 770 eo
1265 722 1669 770 commorantes
1712 713 1783 769 ab

920 893 1300 954 RHYTHMI
1333 894 1416 954 IN
1454 891 1858 955 HONOREM
1881 891 2319 955 DEODERICI
2349 890 2705 954 EPlSCOPI

138 1064 522 1120 Deodericus
558 1063 847 1134 sanguine,
878 1064 1125 1120 moribus

154 1155 344 1210 Claris
374 1154 645 1225 profecto
669 1156 868 1211 clarior
884 1157 1161 1225 omnibus,

230 1242 280 1297 Α
296 1259 436 1315 rege
463 1244 720 1300 elarebat
747 1246 1042 1312 secundus,

307 1334 416 1388 Vix
451 1336 629 1391 alicui
666 1336 771 1391 sub
790 1352 856 1392 eo
883 1337 1175 1392 secundus.

163 1424 265 1481 Hic
295 1427 683 1483 consobrinus
709 1427 929 1484 caesaris
957 1427 1146 1500 inclity

164 1516 428 1574 Haerebat
452 1520 539 1574 illi
572 1520 778 1577 militiae
792 1529 847 1575 et
879 1520 1047 1587 domi,

235 1609 420 1683 Regni
451 1610 644 1667 ferens
670 1619 850 1682 partes
885 1612 1171 1678 secundas,

303 1701 565 1758 Caesaris
586 1703 955 1773 alleviansque
979 1718 1159 1758 curas.

166 1790 340 1865 Regni
368 1809 475 1864 per
496 1793 660 1849 illum
683 1802 880 1850 cuncta
900 1795 1135 1866 negotia,

166 1880 231 1937 Et
246 1883 378 1952 jura
410 1885 646 1940 stabant
668 1885 1059 1941 ecclesiastica.

234 1973 416 2041 Miles,
450 1986 711 2045 senatus,
747 1979 889 2049 regis
917 1979 1042 2042 aula

308 2066 676 2137 Suspiciebat
703 2069 769 2124 ad
797 2070 919 2139 ejus
942 2087 1057 2125 ora.

170 2155 279 2210 Rex
306 2156 487 2212 Ottho
518 2160 681 2214 clavo
705 2162 836 2215 dum
863 2162 1258 2219 moderaminis

140 2296 145 2301 .
170 2246 275 2303 Res
307 2249 651 2307 ﬂuctuantes
678 2251 846 2308 Italite
870 2253 1038 2309 nimis

237 2338 343 2395 Per
355 2341 491 2410 jura
519 2345 880 2415 tranquillare
906 2347 1059 2418 pacis

312 2431 579 2504 Temptat
601 2437 824 2508 ubique,
861 2440 1020 2496 malis
1044 2441 1289 2506 remotis,

172 2518 237 2575 Et
262 2520 354 2578 liic
372 2534 518 2591 erat,
552 2526 645 2581 hic
671 2529 878 2586 multus
900 2540 954 2586 et
974 2531 1228 2599 intimus,

174 2609 253 2667 Ad
286 2628 368 2680 os,
400 2615 473 2670 ad
499 2633 691 2686 aures,
724 2635 822 2675 eor
841 2637 1062 2692 quoque
1089 2623 1340 2690 caesaris;

1955 1059 2057 1115 Per
2087 1061 2233 1115 hunc
2262 1060 2509 1131 placebat
2542 1063 2635 1131 qui
2664 1062 2939 1131 placebat;

2021 1151 2138 1208 Hoc
2166 1153 2285 1209 sine
2310 1152 2402 1208 vix
2431 1154 2632 1224 aliquis
2662 1151 2893 1211 valebat.

1870 1244 1995 1321 Illac
2028 1246 2440 1316 praeminentem
2470 1246 2897 1316 magniﬁcentia,

1878 1337 2084 1394 Omnes
2105 1338 2382 1401 honorant
2400 1338 2793 1407 muniﬁcentia,

1951 1429 2101 1485 Facti
2126 1444 2225 1499 per
2252 1429 2404 1484 illum
2427 1430 2674 1500 gratiosi,

2026 1518 2094 1576 Ut
2122 1536 2222 1576 sua
2244 1529 2373 1576 vota
2394 1530 2599 1592 queant
2624 1527 2841 1578 mereri.

1879 1609 1987 1676 Qui
2019 1626 2133 1666 non
2160 1627 2323 1667 avare
2338 1614 2431 1668 sed
2448 1612 2679 1683 cupidus
2713 1614 2801 1683 pie

1880 1701 1996 1758 Hoc
2018 1703 2270 1775 exigebat
2297 1704 2443 1775 quod
2473 1704 2618 1769 foret
2636 1706 2787 1771 utile,

1949 1793 2200 1866 Notaque
2233 1797 2407 1867 culpae
2439 1795 2587 1867 quod
2611 1808 2841 1865 careret,

2022 1886 2179 1954 Quod
2201 1887 2309 1944 sibi
2331 1903 2483 1958 spem
2516 1888 2688 1945 venite
2713 1897 2953 1959 pararet.

1879 1975 2015 2032 Nam
2035 1986 2215 2034 vestra
2240 1979 2417 2035 sancti
2439 1995 2667 2051 corpora
2692 1990 2963 2054 martyres

1876 2069 2170 2136 Quaerebat
2189 2071 2358 2142 hujus
2381 2080 2571 2128 sancta
2597 2071 2703 2126 viri
2725 2073 2878 2141 ﬁdes,

1953 2160 2243 2217 Translata
2264 2165 2656 2238 qualicumque
2685 2183 2769 2222 cm
2783 2183 2835 2234 a,

2023 2250 2094 2307 Ut
2120 2264 2433 2313 reverenter
2455 2257 2682 2315 haberet
2702 2258 2816 2316 illa.

1803 2346 1852 2406 B
1875 2343 2162 2401 Gaudebat
2196 2347 2301 2404 hoc
2327 2348 2461 2408 urbs
2486 2348 2644 2427 Metis
2669 2351 2947 2422 episcopo,

1825 2516 1842 2531 .
1877 2434 2078 2493 Fidens
2105 2438 2159 2492 in
2183 2438 2304 2510 ejus
2329 2441 2583 2512 praesidio
2605 2443 2795 2514 duplo,

1949 2528 2164 2586 Pollens
2189 2547 2287 2602 per
2315 2533 2436 2604 ejus
2460 2535 2827 2602 sanctitatem,

2022 2620 2270 2695 Tutaque
2296 2640 2396 2697 per
2417 2627 2854 2698 generositatem.

196 2796 3432 2850 mm

664 3041 1016 3161 VlTA
1101 3040 1624 3157 SANCTI
1710 3022 2462 3203 SIGEBEBTI
2546 3049 2963 3165 REGIS

1170 3262 1500 3320 AUCTORE
1538 3261 1925 3319 SlGEBERTO
1963 3263 2466 3320 GEMBLACENSI.
2497 3222 2503 3227 ἢ

755 2825 1141 2839 -__

850 3441 1011 3514 (Vide
1037 3441 1364 3513 Patrologiw
1395 3451 1524 3496 tom.
1555 3439 1765 3495 LXXX
1779 3438 1912 3526 VII,
1946 3440 2047 3497 col.
2079 3433 2208 3509 505,
2234 3441 2287 3494 in
2318 3439 2585 3525 Sigeberto
2614 3445 2775 3516 rege.)

1614 3627 2047 3645 _

766 3769 1095 3863 VITA
1181 3770 1819 3891 BREVIOR
1900 3746 2004 3861 's.
2100 3722 2986 3865 SIGEBERTI-

1175 3964 1275 4026 AB
1300 3963 1584 4027 EODEM
1611 3964 2065 4027 SIGEBERTO
2097 3964 2431 4029 SCRIPTA

1088 4130 1416 4204 (Ducussns,
1456 4129 1716 4186 Historiae
1747 4131 2082 4188 Francorum
2113 4132 2430 4206 Scriptores,
2460 4130 2555 4203 ll.)

1642 4311 1959 4329 Μ

158 4498 161 4505 ,
259 4463 386 4529 Quia
412 4463 613 4521 de'Vita
647 4458 924 4531 Sigiberti,
947 4456 1285 4513 Francorum
1307 4473 1474 4527 regis,
1497 4457 1763 4526 quaeritis,
1793 4460 1837 4523 c
1868 4453 2115 4525 reliquiis
2138 4436 2499 4536 Trojanorum
2518 4438 2600 4509 ad
2627 4462 2841 4510 exteras
2868 4456 3120 4533 nationes
3160 4467 3221 4512 se
3258 4467 3452 4514 contu-

198 4568 407 4626 quaaque
440 4557 507 4613 de
537 4570 626 4623 eo,
656 4553 740 4609 vel
760 4552 827 4608 de
851 4550 1197 4607 ordinatione
1220 4550 1372 4620 regni
1402 4550 1457 4603 in
1491 4550 1756 4617 historiis,

200 4645 275 4698 vel
299 4646 361 4702 de
392 4657 593 4705 sancta:
637 4643 919 4717 religionis
945 4641 1335 4713 propagatione
1358 4640 1760 4723 insanctorum

204 4729 412 4802 legimus
443 4738 641 4808 gestis,
681 4735 807 4791 inde
841 4733 1066 4791 collecta
1098 4731 1382 4802 expediam
1425 4731 1634 4800 paucis.
1696 4729 1763 4786 Et

203 4823 317 4890 quia
349 4834 455 4883 tres
488 4828 654 4898 hujus
702 4827 941 4882 nominis
989 4840 1146 4897 reges
1193 4823 1533 4879 Francorum
1592 4822 1762 4878 fuisse

206 4912 408 4982 scimus,
434 4918 729 4974 nobilitatis
754 4917 873 4988 ejus
891 4898 1269 4986 antiquitatem
1300 4923 1540 4985 repetam
1573 4914 1758 4979 altius,

206 5012 260 5058 ut
281 5008 396 5075 quis
416 5009 576 5083 fuerit
596 5010 807 5081 primus
830 5026 922 5065 rex
956 5009 1281 5079 Sigibertus,
1304 5008 1431 5078 quis
1462 5007 1759 5074 secundus,

207 5096 317 5162 quis
342 5100 455 5169 iste,
479 5103 546 5159 de
574 5118 684 5173 quo
709 5117 855 5157 nunc
880 5101 1079 5171 agitur,
1111 5100 1328 5165 tertius,
1348 5099 1518 5162 vobis
1541 5098 1761 5169 pateﬁat

206 5185 387 5246 clarius
435 5211 448 5247 :
500 5204 554 5250 et
606 5194 772 5248 simul
827 5192 1039 5248 cunctis
1092 5192 1271 5262 palam
1326 5191 1420 5245 fiat
1454 5191 1597 5245 unde
1626 5206 1759 5261 gens

166 5300 169 5303 δ
210 5273 515 5341 Francorum
564 5302 761 5341 nomen
785 5286 870 5340 vel
899 5284 1162 5355 originem
1195 5283 1397 5349 trahat,
1428 5290 1482 5337 et
1514 5282 1657 5336 unde
1705 5290 1760 5336 ct
1869 5361 1872 5365 ‘

211 5374 403 5436 quando
430 5376 629 5435 Gallias
664 5376 942 5444 invaserit,
973 5391 1111 5446 quas
1132 5391 1228 5446 per
1262 5389 1436 5430 annos
1451 5374 1564 5445 jam
1589 5372 1758 5429 ferme

214 5474 470 5526 sexcentos
502 5457 694 5538 tenuit,
720 5478 776 5526 et
815 5468 995 5524 adhuc
1032 5477 1222 5524 tenens
1242 5474 1490 5545 potenter
1517 5465 1657 5536 regit
1704 5472 1759 5520 et

217 5546 434 5614 feliciter.

168 5681 175 5687 ο
274 5638 542 5717 Postquam
574 5654 746 5711 Graeci
777 5653 1012 5709 nobilem
1048 5650 1295 5724 Phrygite
1335 5648 1525 5705 urbem
1548 5657 1757 5705 everte-

1864 4548 2063 4603 lerunt.
2096 4545 2327 4601 {Eneam
2361 4545 2580 4615 quidem
2622 4544 2690 4598 ad
2719 4543 2928 4600 Italiam
2968 4535 3207 4614 venisse,
3234 4555 3290 4602 et
3336 4547 3450 4605 Ro-

1820 4698 1827 4701 _
1863 4639 2009 4694 mani
2035 4639 2249 4709 imperii
2273 4637 2626 4709 fundamenta
2642 4637 2841 4707 jecissc
2866 4637 3029 4692 etiam
3053 4654 3084 4693 a
3106 4637 3452 4713 scholaribus

1861 4740 2133 4788 curuatur.
2161 4731 2231 4785 At
2258 4729 2545 4809 duodecim
2594 4730 2764 4784 millia
2804 4728 3199 4800 Trojanorum,
3227 4732 3322 4804 qui
3345 4714 3453 4792 An-

1864 4832 2105 4880 tenorem
2154 4822 2326 4878 secuti
2385 4830 2533 4889 sunt,
2561 4820 2795 4895 Scythia:
2837 4822 3090 4893 regiones
3135 4823 3446 4893 pervagati.

1862 4915 2005 4970 circa
2035 4913 2334 4970 Meothidas
2380 4898 2605 4985 paludes
2641 4912 3025 4981 consederunt,
3069 4922 3122 4968 et
3168 4914 3238 4968 ab
3279 4912 3449 4966 Ante-

1862 5023 1995 5063 nore
2033 5006 2379 5063 Antenoridae
2422 5005 2602 5077 vocati
2655 5013 2804 5061 sunt.
2831 5003 2971 5061 Hinc
3018 5014 3073 5060 et
3118 5005 3173 5059 in
3220 4998 3448 5077 Virgilio

1860 5101 2058 5173 legitur
2083 5118 2096 5154 :

2000 5191 2236 5246 Antenor
2267 5192 2439 5262 potuit
2470 5191 2660 5247 mediis
2676 5180 2897 5262 elapsus
2925 5188 3163 5255 Achivis,

2004 5283 2253 5356 Illyricos
2274 5292 2555 5354 penetrare
2582 5285 2752 5350 sinus,
2781 5290 2937 5352 atque
2959 5281 3151 5333 intima
3184 5287 3331 5338 tutus

1997 5377 2177 5449 Regna
2208 5375 2584 5443 Liburnorum,
2617 5387 2673 5432 et
2696 5377 2892 5448 fontem
2919 5389 3167 5443 superare
3202 5370 3429 5428 Timavi.

1850 5532 1851 5537 η
1928 5467 2173 5536 Quorum
2228 5468 2433 5539 posteri
2468 5469 2689 5525 condita
2748 5467 2966 5524 civitate
3017 5464 3303 5534 metropoli
3358 5464 3465 5535 sui,

1857 5560 2030 5632 regni,
2053 5576 2215 5631 quam
2243 5558 2601 5616 Sicambriam
2626 5560 3065 5641 nominaverunt,
3091 5572 3122 5612 a
3143 5572 3252 5628 qua
3274 5556 3443 5612 etiam

1858 5653 1961 5724 ipsi
1996 5653 2262 5710 Sicambri
2290 5651 2626 5709 denominati
2661 5658 2807 5717 sunt,
2840 5651 2897 5705 in
2926 5659 3142 5721 gentem
3186 5666 3441 5722 magnam

221 5741 345 5804 “tm.
373 5739 561 5805 «‘Eneas
586 5756 641 5804 et
673 5748 915 5816 Antenor
950 5745 1161 5805 nobiles
1189 5743 1549 5820 Trojanorum
1569 5785 1587 5815 ,
1630 5760 1753 5801 cum
1858 5744 2199 5816 coaluerunt,
2230 5752 2284 5799 et
2331 5758 2546 5817 semper
2573 5756 2687 5798 suae
2717 5741 2892 5812 gentis
2940 5752 3121 5817 regem
3177 5741 3440 5803 habentes
