3908 6316
488 344 593 404 727

1657 334 2019 395 SIGEBERTI
2056 330 2580 391 GEMBLACENSlS

3661 331 3753 391 τη

485 476 772 534 nunquam
822 459 1058 533 alicujus
1105 460 1287 534 gentis
1318 458 1451 532 jugo
1506 457 1702 530 subjici
1732 458 1883 529 passi
1917 465 2074 525 sunt,
2104 457 2150 516 A
2176 469 2304 512 cum
2339 468 2557 510 amores
2583 450 2999 523 superducebat.
3026 450 3092 507 Et
3113 452 3364 523 quamvis
3391 453 3532 510 adeo
3550 450 3753 515 deditus

485 556 583 614 sed
611 554 812 611 vicinis
856 570 1072 627 semper
1121 556 1377 627 gentibus
1424 555 1622 611 terrori
1670 553 1913 612 fuerunt.
1968 554 2075 611 Sed

483 632 634 713 cuin,
673 645 756 702 sic
781 644 1135 716 dispensante
1187 646 1319 713 Deo,
1350 641 1643 701 universus
1669 645 1821 701 orbis
1846 645 2078 716 imperio

483 735 739 793 Romano
783 736 1048 793 subactus
1111 744 1231 804 est,
1282 744 1337 791 et
1393 734 1757 806 descriptione
1798 734 1942 790 facta
1974 735 2078 791 sub

484 846 658 886 censu
695 827 975 897 redactus,
1025 828 1191 884 etiam
1235 827 1340 899 ipsi
1388 827 1761 883 Romanorum
1803 827 2078 883 tributarii

484 920 617 978 facti
648 920 1029 978 Romanorum
1062 929 1244 976 tamen
1272 920 1589 991 provincias
1617 918 1824 976 crebris
1852 913 2095 975 incursi-‘

484 1015 593 1071 bus
620 1013 986 1081 infestabant,
1009 1022 1063 1069 et
1092 1027 1293 1068 nomen
1322 1027 1483 1067 suum
1515 1011 1676 1083 longe
1703 1012 1920 1082 lateque
1952 1026 2079 1081 pro-

485 1107 766 1179 palabant.
793 1105 877 1162 Ab
904 1105 1116 1161 excidio
1153 1102 1333 1174 Troja:
1368 1119 1542 1174 usque
1571 1102 1639 1157 ad
1678 1103 1794 1157 haec
1832 1109 2077 1170 tempora

486 1196 859 1254 Valentiniani
894 1195 1243 1267 imperatoris
1269 1210 1358 1250 res
1390 1192 1728 1251 Francorum
1770 1191 1847 1245 ita
1876 1206 1935 1245 se
1977 1191 2078 1245 ha-

485 1288 745 1346 buerunt.

558 1377 943 1433 Valentiniano
970 1376 1292 1446 imperante,
1319 1390 1429 1445 quo
1457 1372 1665 1428 scilicet
1684 1380 1932 1440 tempore
1952 1385 2081 1425 san-

487 1481 612 1530 ctus
646 1469 915 1525 Martinus
944 1467 1230 1524 Turonum
1260 1467 1551 1537 episcopus
1593 1480 1692 1535 per
1720 1463 1926 1519 Gallias
1968 1462 2080 1518 ela-

402 1577 407 1581 ’
487 1565 645 1621 rebat
676 1562 967 1620 sanctitate
992 1569 1047 1616 et
1081 1560 1386 1625 miraculis,
1415 1573 1539 1613 cum
1565 1556 1814 1628 quaedam
1845 1553 2082 1627 Scythiae

487 1672 643 1729 gens,
677 1655 773 1727 qui
803 1654 1064 1710 dicuntur
1083 1651 1265 1718 Alani,
1293 1660 1484 1706 contra
1516 1647 1796 1703 Romanos
1823 1645 2076 1702 rebellas-

487 1756 632 1816 sent,
665 1762 871 1818 eosque
904 1744 1141 1801 Romani
1167 1750 1389 1815 propter
1420 1739 1826 1797 inaccessibiles
1844 1737 2079 1793 Meothis

2178 552 2323 602 esset
2369 542 2576 603 carnali
2609 541 2963 608 commercio,
2994 540 3200 596 nullam
3228 550 3412 596 tamen
3457 558 3613 612 spem
3641 559 3756 614 pro-

2177 635 2440 708 pagandae
2472 634 2812 707 posteritatis
2836 632 3097 700 habebat,
3122 649 3190 688 ex
3221 634 3371 688 nulla
3407 642 3489 689 tot
3534 650 3753 690 uxorum

2178 727 2288 783 tilio
2318 735 2593 798 suscepto.
2626 724 2974 781 Permaxime
3007 739 3140 796 ergo
3168 724 3410 791 dolebat,
3438 725 3571 797 quia
3593 741 3651 781 se
3672 725 3755 782 Dei

2178 818 2442 875 offensam
2496 817 2796 873 incurrisse
2826 816 3128 884 sentiebat,
3173 817 3477 889 praesertim
3510 816 3657 887 quod
3697 832 3754 871 ex

2177 912 2332 986 regio
2384 921 2603 983 patrum
2659 925 2888 966 suorum
2945 910 3156 965 semine
3210 909 3424 964 nullum
3484 923 3758 979 superesse

2179 1005 2388 1061 sciebat
2414 1011 2612 1074 praeter
2662 1018 2742 1070 se,
2777 1011 2833 1059 et
2875 1001 3101 1057 fratrem
3150 1016 3313 1057 suum
3361 1000 3755 1056 Charibcrtum.

2179 1096 2284 1164 Qui
2315 1095 2679 1153 Charibertus
2702 1103 2928 1167 propter
2969 1094 3377 1165 simplicitatem
3406 1093 3637 1149 nimiam
3667 1092 3757 1149 nli-

2180 1204 2286 1244 nus
2351 1188 2583 1244 idoneus
2638 1196 2759 1244 erat
2814 1188 2883 1243 ad
2932 1187 3089 1259 regni
3144 1187 3607 1259 gubernaculum.
3663 1184 3758 1242 Sed

2180 1280 2434 1352 quamvis
2453 1280 2767 1351 desperaret
2785 1279 2854 1335 de
2873 1278 3046 1350 prolis
3077 1279 3426 1350 DOSteritate,
3459 1294 3574 1333 non
3593 1288 3760 1333 tamen

2181 1375 2480 1445 desperans
2507 1373 2573 1428 de
2618 1372 2715 1428 Dei
2743 1372 3164 1439 miserationne,
3193 1371 3623 1442 praecordialiter
3648 1386 3759 1424 eum

2182 1465 2577 1535 deprecabatur
2605 1473 2667 1520 ut
2696 1464 2801 1521 sibi
2820 1479 2889 1520 ex
2925 1464 3048 1535 ejus
3072 1472 3209 1518 nutu
3237 1463 3383 1518 tilius
3406 1464 3654 1527 daretur,
3677 1462 3758 1531 qui

2185 1558 2289 1613 sibi
2318 1558 2372 1612 in
2397 1558 2662 1630 regimine
2712 1555 2870 1629 regni
2901 1556 3317 1627 subrogaretur.
3340 1555 3534 1611 Justus
3565 1562 3621 1611 et
3654 1554 3761 1623 pius

2190 1650 2481 1719 Dominus,
2514 1650 2609 1723 qui
2641 1651 2929 1705 hominum
2955 1649 3232 1705 erratibus
3260 1648 3330 1703 ad
3379 1649 3518 1703 iram
3551 1646 3762 1702 attrahi—

2182 1751 2299 1811 tur,
2320 1741 2577 1813 precibus
2601 1742 2770 1798 etiam
2800 1732 3092 1797 humilium
3121 1740 3191 1796 ad
3219 1739 3658 1796 misericordiam
3686 1754 3762 1792 re-

487 1813 733 1895 fluminis
758 1813 988 1909 paludes
1028 1813 1248 1891 vincere
1272 1813 1397 1889 inon
1424 1840 1673 1903 possent,
1708 1829 1942 1885 Romani
1983 1843 2083 1899 pa-
2114 1813 2156 1871 Β
2184 1832 2424 1891 ducitur,
2461 1833 2577 1890 Rex
2620 1833 2895 1905 siquidem
2944 1828 3286 1905 Bhgobenus
3338 1832 3472 1887 dum
3523 1831 3761 1887 circuire

487 1940 640 1987 ctum
684 1934 1110 2001 proposuerunt,
1148 1926 1280 1982 utsi
1337 1925 1433 1996 qui
1464 1939 1563 1980 eos
1597 1923 1879 1978 vincerent
1917 1936 1947 1975 a
1982 1919 2081 1974 tri-

486 2023 638 2080 butis
667 2022 855 2078 decem
910 2020 1072 2075 annis
1102 2019 1259 2075 liberi
1290 2025 1493 2073 essent.
1524 2013 1817 2080 Sicambri,
1843 2028 2080 2084 quorum

486 2124 622 2172 tunc
659 2113 923 2185 temporis
967 2128 1064 2168 rex
1107 2119 1226 2167 erat
1252 2109 1527 2175 Priamus,
1559 2108 1763 2162 Alanos
1808 2106 2079 2172 vicerunt,

486 2216 541 2265 et
573 2219 645 2262 on
673 2207 780 2262 hoc
806 2220 838 2260 a
871 2202 1258 2260 Valentiniano
1286 2203 1616 2273 imperatore
1644 2200 1852 2255 honore
1881 2208 1934 2254 et
1961 2214 2083 2252 mu-

489 2317 625 2357 nere
650 2299 802 2373 digni
844 2297 1038 2366 habiti,
1066 2297 1135 2352 ab
1164 2311 1231 2352 eo
1256 2296 1443 2367 lingua
1471 2293 1659 2350 Graeca
1683 2292 1903 2360 Franci,
1929 2292 1982 2347 id
2000 2300 2085 2347 est

486 2393 703 2449 feroces
732 2389 984 2462 appellati
1015 2388 1321 2446 suntzPost
1349 2403 1524 2443 annos
1562 2385 1748 2442 decem
1788 2400 1914 2441 cum
1968 2383 2086 2439 exi-

487 2483 742 2556 gentibus
778 2482 1047 2538 Romanis
1080 2481 1284 2538 tributa
1319 2482 1532 2537 solvere
1573 2478 1812 2559 nollent,
1843 2490 1898 2533 et
1931 2478 2095 2546 insu-~

485 2592 588 2648 per
633 2575 894 2632 audacter
938 2575 1289 2642 rebellarent,
1344 2571 1765 2629 Valentinianus
1820 2587 1917 2627 eos
1942 2570 2087 2625 bello

488 2666 670 2720 victos
704 2664 985 2731 contrivit,
1000 2673 1054 2719 et
1083 2679 1266 2735 regem
1294 2677 1488 2718 eorum
1515 2660 1797 2716 Priamum
1831 2660 2083 2731 peremit.

487 2756 626 2812 Post
688 2755 972 2811 Priamum
1036 2755 1149 2809 tilio
1219 2754 1338 2826 ejus
1392 2752 1721 2808 Mareomiro
1796 2761 2085 2823 regnante,

488 2848 690 2904 Franci
731 2847 1034 2905 Sicambria
1058 2846 1264 2918 egressi
1290 2846 1345 2901 in
1369 2844 1667 2918 Thoringia
1689 2843 2088 2900 Germanorum

488 2938 773 3009 provincia
802 2936 1191 2993 consederunt.
1221 2936 1356 2992 Post
1381 2935 1769 2991 Marcomirum
1797 2934 1942 2991 [ilius
1967 2934 2089 3005 ejus

487 3029 880 3086 Faramundus
914 3029 1038 3097 fuit,
1069 3045 1167 3085 rex
1205 3029 1461 3096 crinitus,
1492 3016 1661 3099 a'quo
1680 3026 1878 3083 Franci
1916 3027 2087 3083 crini-

487 3132 581 3178 tos
609 3137 765 3193 reges
808 3121 1011 3177 habere
1058 3129 1371 3191 cmperunt.‘
1394 3119 1528 3175 Post
1560 3136 1724 3190 quem
1759 3108 1984 3174 Clodius
2018 3114 2086 3173 li-

489 3214 602 3270 lius
661 3213 782 3284 ejus
838 3229 1077 3285 regnans
1132 3212 1359 3269 Francis
1408 3227 1442 3267 a
1494 3210 1793 3283 Thoringia
1847 3211 2089 3267 advectis

491 3303 702 3361 Gallias
731 3303 953 3371 invasit,
986 3311 1042 3359 et
1089 3312 1249 3375 capta
1283 3303 1419 3359 urbe
1456 3301 1707 3358 Tornacn
1729 3302 2088 3357 Cameracum

490 3409 670 3466 usque
696 3407 1021 3465 progressus
1045 3394 1250 3450 multos
1279 3392 1650 3449 Romanorum
1670 3393 1725 3447 in
1755 3391 1946 3448 Galliis
1966 3407 2091 3462 per-

491 3487 646 3542 emit.
692 3484 884 3542 Gaflia:
934 3486 1207 3557 siquidem
1257 3502 1288 3542 a
1341 3494 1586 3556 tempore
1646 3483 1776 3559 Julii
1833 3484 2088 3551 Caesaris,

491 3579 590 3651 qui
613 3595 709 3635 cas
721 3578 1007 3634 decennali
1034 3580 1175 3635 bello
1197 3579 1430 3647 domuit,
1454 3579 1558 3633 sub
1585 3578 1816 3649 imperio
1843 3577 2090 3633 Romano

495 3681 681 3740 erant,
735 3681 792 3729 et
838 3674 908 3728 ab
935 3673 1017 3729 eis
1067 3673 1342 3744 principes
1369 3659 1732 3742 recipiebant.
1780 3669 1887 3726 Sed
1937 3669 2089 3726 omni

494 3766 705 3822 auxilio
753 3766 1048 3832 destitutae,
1081 3764 1369 3820 Wandalis
1414 3773 1471 3819 et
1518 3763 1735 3827 Gothis,
1771 3763 2091 3832 eaeterisque

496 3855 815 3911 nationibus
864 3835 1120 3909 ba'rbaris
1167 3853 1431 3923 expositae
1485 3853 1774 3922 direptioni
1812 3853 2085 3922 patebant.

492 3945 630 4003 Post
658 3945 909 4002 Clodium
958 3945 1276 4001 Merovecus
1318 3945 1465 4000 ﬁlius
1510 3944 1631 4015 ejus
1674 3945 1941 4016 regnavit,
1994 3945 2088 4017 qui

496 4040 627 4111 quia
656 4039 789 4095 satis
816 4039 968 4094 utilis
996 4037 1121 4103 fuit,
1145 4036 1388 4093 Francos
1414 4053 1445 4092 a
1469 4053 1527 4092 se
1555 4035 1896 4108 Merovingos
1920 4038 2090 4093 deno-

497 4131 753 4187 minavit.
805 4128 982 4200 Hujus
1036 4137 1281 4199 tempore
1324 4128 1488 4183 Attila
1525 4145 1617 4184 rex
1666 4127 1988 4184 Hunnorum
2031 4138 2091 4185 ut

497 4221 618 4278 fera
652 4229 949 4293 tempestas
1003 4221 1074 4275 ab
1123 4221 1394 4291 Aquilone
1440 4222 1658 4276 irruens
1693 4229 1836 4277 totas
1887 4221 2092 4277 Gallias

497 4313 807 4382 inundavit,
855 4322 909 4370 et
941 4312 1124 4381 Metis,
1159 4311 1432 4383 Treveris,
1481 4310 1752 4386 Tungris,
1801 4312 2005 4382 Remis,
2035 4324 2090 4370 et

497 4423 691 4465 omnes
719 4423 858 4480 pene
895 4396 1082 4474 urbes,
1127 4415 1310 4463 castra
1346 4406 1431 4462 vel
1461 4407 1680 4478 oppida,
1710 4423 1886 4478 usque
1919 4407 2090 4464 Aure-

2181 1924 2528 1984 Austrasiam
2560 1942 2708 1982 nono
2728 1942 2877 1982 anno
2892 1925 3048 1998 regni
3086 1924 3194 1992 sui,
3222 1924 3461 1995 puellam
3482 1922 3759 1994 quamdam

2184 2020 2590 2092 Ragnetrudem
2625 2018 2868 2086 nomine,
2899 2017 3087 2073 vultus
3120 2016 3395 2088 elegantia
3420 2014 3759 2077 laudabilem,

2183 2128 2381 2184 genere
2408 2112 2574 2168 etiam
2620 2112 2765 2167 inter
2797 2110 3115 2166 Austrasios
3166 2125 3277 2165 non
3306 2108 3626 2180 ignobilem,
3653 2120 3759 2162 clm

2182 2207 2317 2279 regii
2339 2207 2521 2262 cultus
2550 2205 2759 2260 honore
2790 2194 3020 2258 uxorem
3047 2202 3152 2258 sibi
3177 2201 3381 2272 junxit.
3412 2198 3547 2266 Quae
3574 2197 3760 2252 Deoita

2182 2300 2398 2355 volente
2447 2297 2640 2354 eodem
2697 2311 2844 2351 anno
2877 2295 2930 2352 ei
2959 2294 3133 2350 illium
3167 2295 3383 2366 genuit,
3428 2307 3595 2364 quem
3622 2303 3762 2346 sacro

2185 2390 2336 2449 fonte
2367 2397 2752 2461 regeneratum
2778 2385 3125 2459 Sigebertum
3151 2384 3477 2441 nominavit.

2254 2481 2483 2537 Peracto
2534 2479 2815 2551 aliquanto
2844 2485 3092 2548 tempore
3133 2491 3227 2532 rex
3269 2475 3619 2548 Dagobertus
3653 2488 3761 2528 eum

2188 2574 2338 2630 omni
2380 2571 2625 2628 exercitu
2671 2586 2775 2627 suo
2818 2585 3020 2642 magno
3052 2568 3364 2647 tripudians
3389 2565 3762 2637 gaudio'aauo

2187 2665 2344 2738 regni
2371 2663 2459 2721 sui
2488 2679 2546 2719 χι
2595 2662 2804 2719 Mettim
2846 2661 3004 2728 adiit,
3028 2660 3213 2731 ibique
3243 2674 3535 2731 procerum
3566 2666 3619 2714 et
3643 2672 3759 2727 pou-

2189 2757 2399 2813 tiﬁeum
2434 2763 2764 2811 conventum
2802 2754 2994 2810 adesse
3036 2752 3228 2823 jussit,
3258 2748 3758 2822 eorumqueconsi-

2191 2851 2265 2905 lio
2293 2858 2349 2905 et
2374 2863 2647 2904 consensu
2676 2846 2849 2901 filium
2877 2861 3040 2902 suum
3072 2842 3409 2917 Sigibertum
3450 2843 3505 2898 in
3554 2854 3759 2913 regnum

2190 2938 2605 2995 Austrasiorum
2662 2935 3018 3002 sublimavit,
3071 2934 3368 3003 sedemque
3410 2931 3563 3005 regni
3603 2930 3758 2985 Mettis

2191 3029 2393 3086 habere
2437 3025 2706 3099 permisit,
2743 3034 2957 3096 partem
3000 3024 3168 3080 etiam
3214 3024 3604 3079 thesaurorum
3632 3018 3759 3076 sudi-

2191 3123 2424 3178 cientem
2476 3118 2719 3177 tradidit.
2769 3116 2902 3173 Post
2934 3131 3140 3179 annum
3172 3115 3422 3170 nascitur
3459 3112 3571 3183 regi
3600 3110 3756 3181 Daga-

2193 3217 2350 3271 berto
2390 3212 2567 3280 Illius,
2619 3211 2714 3282 qui
2770 3209 3081 3265 Clodovens
3125 3218 3211 3264 est
3256 3214 3625 3275 nuncupatus.
3668 3200 3757 3268 Qui

2193 3306 2392 3362 iterum
2425 3304 2640 3361 cunctis
2666 3302 2995 3374 primatibus
3030 3300 3333 3357 Austrasiaa
3358 3309 3415 3355 et
3439 3294 3755 3354 Neustrizin

2194 3396 2435 3470 generali
2481 3404 2753 3451 conventu
2788 3392 3156 3464 congregatis,
3214 3390 3411 3447 iterum
3457 3387 3755 3443 divisionem

2191 3491 2349 3562 regni
2396 3489 2540 3545 inter
2584 3488 2725 3543 duos
2759 3486 2903 3542 filios
2932 3484 3228 3551 ordinavit,
3254 3498 3449 3538 eorum
3475 3480 3692 3537 consilio
3711 3488 3757 3532 et

2193 3599 2427 3640 assensu
2477 3580 2857 3647 conﬁrmavit,
2921 3577 3071 3634 dalis
3122 3587 3178 3633 et
3247 3576 3489 3648 acceptis
3548 3574 3755 3629 invicem

2191 3676 2366 3747 pactis
2384 3683 2440 3730 et
2471 3671 2850 3739 sacramentis,
2875 3680 2934 3726 nt
2960 3671 3169 3727 scilicet
3196 3669 3558 3725 determinato
3577 3664 3756 3720 utrius.

2194 3783 2303 3840 que
2346 3767 2499 3842 regni
2555 3776 2705 3821 certo
2732 3764 2922 3831 limite,
2976 3762 3281 3835 Sigibertus
3323 3769 3572 3831 regnaret
3612 3771 3754 3826 super

2191 3860 2567 3925 Austrasiam,
2611 3858 2919 3913 Clodovcus
2975 3870 3105 3911 vero
3180 3862 3394 3927 regeret
3451 3850 3751 3907 Neustriam.

2192 3954 2324 4009 Eam
2355 3961 2564 4024 partem
2600 3949 2846 4005 Francia:
2883 3964 3008 4020 quat
3034 3955 3245 4018 spectat
3292 3946 3358 4001 ad
3410 3945 3669 4001 meridiem
3706 3951 3751 3995 et

2190 4047 2457 4103 orientem
2516 4043 2788 4123 vocabant
2828 4039 3210 4105 Austrasiam,
3269 4054 3393 4095 eam
3433 4054 3555 4110 qua:
3604 4033 3751 4106 vergit

2193 4138 2264 4194 ad
2364 4136 2677 4208 aquilonem
2747 4142 2805 4191 et
2870 4132 3209 4189 occidentem
3289 4133 3561 4187 vocabant
3625 4127 3748 4184 Neu-

2190 4230 2405 4294 striam.

2261 4320 2378 4378 Rex
2425 4319 2784 4391 Dagoliertus,
2820 4327 2929 4373 tam
2953 4317 3105 4388 juste
3129 4324 3185 4371 et
3213 4325 3325 4372 tam
3359 4317 3644 4388 prudenter
3672 4328 3745 4368 re-

2191 4428 2298 4486 gno
2353 4421 2587 4483 utroque
2622 4410 2898 4476 ordinato,
2951 4424 3020 4464 ne
3060 4409 3358 4480 aliquando
3408 4409 3588 4481 aliquo
3613 4405 3745 4461 modo

496 4502 685 4569 lianis,
732 4502 853 4558 diro
900 4500 1114 4558 excidio
1163 4500 1565 4557 exterminavit.
1628 4499 1736 4555 Sed
1769 4501 1987 4556 tandem
2018 4502 2088 4556 ab
2119 4531 2164 4586 υ
2188 4506 2274 4560 vel
2327 4502 2527 4558 fratres
2558 4502 2698 4587 inter
2754 4515 2814 4556 se
2850 4498 3098 4555 fraterno
3146 4499 3275 4554 odio
3316 4499 3653 4565 dissidemut,
3678 4496 3745 4551 vel

496 4592 661 4648 Ethio
690 4592 1063 4650 Romanorum
1088 4592 1249 4661 duce,
1275 4591 1465 4663 eisque
1496 4592 1885 4649 auxiliantibus
1910 4592 2086 4647 Fran-

496 4683 601 4751 cis,
632 4683 775 4738 bello
801 4684 980 4740 victus
1007 4683 1339 4754 repatriavit.
1364 4682 1523 4738 Anno
1549 4690 1673 4754 post
1693 4693 1924 4739 mortem
1956 4700 2087 4739 san-

497 4773 573 4829 cti
630 4772 849 4829 Martini
898 4790 986 4829 uv
1034 4774 1238 4830 factum
1290 4775 1396 4830 hoc
1441 4775 1719 4831 excidium
1755 4772 2086 4831 Gallicarum

456 4878 461 4885 ‘
496 4867 744 4934 urbium,
770 4864 1077 4922 Merovechi
1116 4882 1262 4922 anno
1287 4868 1502 4938 quinto.

864 4959 1020 5013 Deest
1048 4961 1132 5014 hic
1162 4960 1350 5030 folium
1381 4962 1434 5013 in
1464 4961 1581 5015 cod.
1626 4978 1727 5015 ms.

565 5049 707 5105 Nam
733 5049 991 5120 quamvis
1033 5048 1370 5120 Dagobertns
1400 5067 1491 5104 res
1526 5060 1669 5106 esset
1693 5052 1947 5123 egregius
1968 5051 2085 5107 hel-

496 5146 659 5212 lator,
687 5141 1036 5200 sacerdotum
1067 5141 1163 5197 Dei
1186 5151 1242 5198 et
1280 5142 1649 5199 Eeclcsiarum
1678 5146 1803 5215 pius
1839 5154 2084 5211 amator,

496 5251 801 5307 pauperum
835 5233 1043 5290 Christi
1090 5234 1278 5306 largus
1325 5234 1656 5301 sublevator,
1688 5246 1741 5291 et
1790 5238 2087 5292 multarum

495 5328 701 5384 artium
724 5329 997 5383 bonorum
1022 5335 1332 5393 exsecutor,
1360 5335 1541 5382 tamen
1567 5329 1805 5385 carnalis
1846 5330 2086 5388 inconti-

496 5419 699 5475 nentia:
739 5420 938 5474 morbo
980 5419 1149 5474 nimis
1189 5418 1494 5486 laborabat,
1522 5428 1577 5475 et
1626 5420 1751 5476 inde
1776 5423 2090 5480 claritudini

496 5510 745 5564 nominis
775 5509 862 5565 sui
892 5508 1091 5566 fmdam
1120 5494 1364 5566 infamiae
1394 5518 1579 5565 notam
1616 5520 1995 5583 contraxerat,
2036 5524 2093 5571 et

496 5598 647 5668 quod
679 5600 900 5670 gravius
924 5607 1042 5655 erat
1071 5599 1236 5671 Regis
1278 5616 1468 5673 regum
1514 5601 1651 5657 iram
1682 5612 1867 5658 contra
1902 5622 1961 5660 se
1996 5621 2091 5661 ac-

456 5702 459 5705 ‘
497 5690 775 5746 cender'at.
813 5690 1053 5764 Reginas
1078 5693 1224 5747 enim
1274 5709 1405 5749 suas
1443 5692 1586 5749 lictis
1637 5710 1705 5750 ex
1732 5695 1917 5751 causis
1956 5696 2093 5754 alias

499 5797 598 5852 pro
625 5784 748 5840 aliis
779 5785 1125 5854 repudiabat,
1160 5785 1290 5855 ipsis
1321 5802 1541 5857 quoque
1570 5770 1915 5860 desponsatis
1939 5790 2093 5861 pelli-

2195 4611 2422 4667 regnum
2458 4593 2514 4649 in
2558 4609 2618 4650 se
2660 4594 2780 4665 ipso
2822 4591 3059 4648 divisum
3082 4591 3261 4647 civilis
3282 4592 3412 4647 belli
3445 4591 3745 4648 desolaretur

2196 4688 2475 4755 seandalo,
2519 4700 2666 4741 anno
2705 4685 2859 4755 regni
2890 4684 2976 4741 sui
3008 4700 3118 4747 xvn
3156 4693 3434 4752 mortuus,
3459 4692 3515 4741 et
3540 4681 3745 4739 Parisius

2194 4780 2252 4835 in
2282 4779 2511 4836 basilica
2542 4776 2730 4833 Sancti
2761 4776 2998 4833 Dionisii
3026 4777 3292 4847 sepultus,
3322 4792 3553 4848 regnum
3575 4771 3745 4832 dimisit

2195 4872 2265 4928 ab
2296 4870 2499 4926 exteris
2526 4876 2781 4940 pacatum
2806 4870 3082 4941 gentibus,
3105 4877 3162 4925 et
3189 4870 3244 4924 in
3273 4870 3427 4925 nullo
3454 4869 3744 4924 diminutum

2196 4978 2226 5017 a
2261 4962 2378 5018 suis
2409 4960 2630 5016 finibus.
2661 4960 2796 5016 Post
2818 4960 2980 5030 cujus
3022 4961 3234 5016 obitum
3262 4960 3374 5016 duo
3404 4976 3559 5032 reges
3584 4967 3633 5015 et
3661 4956 3746 5012 fra-

2195 5061 2306 5106 tres
2349 5048 2655 5123 Sigibertus
2699 5059 2756 5105 et
2795 5049 3105 5106 Clodoveus
3142 5066 3201 5107 se
3240 5051 3480 5121 quisque
3525 5051 3579 5104 in
3610 5060 3747 5117 regno

2195 5160 2299 5203 suo
2328 5145 2562 5217 agebant
2609 5144 2927 5215 prudenter,
2961 5153 3017 5200 et
3039 5144 3182 5200 inter
3226 5159 3363 5200 suos
3412 5144 3747 5209 valebautpo-

2194 5246 2390 5294 tenter.
2444 5235 2656 5293 Interea
2703 5236 2935 5308 Pipinns
2966 5237 3146 5307 major
3200 5236 3405 5293 domus
3436 5252 3503 5292 ex
3536 5237 3631 5291 hac
3654 5233 3747 5286 luce

2193 5338 2279 5387 est
2323 5330 2659 5397 subtractus,
2689 5330 2785 5401 qui
2834 5330 3015 5400 ipsum
3061 5328 3395 5401 Sigibertum
3428 5335 3640 5398 paterae
3666 5336 3746 5376 uu-

2193 5423 2392 5478 trierat
2427 5438 2458 5478 a
2506 5437 2703 5494 puero,
2751 5430 2807 5478 et
2832 5422 3015 5478 valido
3050 5422 3136 5476 sui
3173 5420 3361 5476 auxilii
3386 5420 3746 5476 sustentaverat

2194 5515 2442 5572 brachio.
2492 5514 2595 5571 Hic
2643 5514 2977 5570 omnimodis
3017 5529 3187 5586 regno
3214 5513 3390 5580 utilis,
3427 5524 3630 5584 genere,
3664 5519 3743 5576 ρο·

2195 5609 2389 5677 tentia,
2412 5606 2727 5680 prudentia,
2753 5616 2829 5679 et.
2849 5606 3172 5663 fortitudine
3197 5622 3365 5677 super
3388 5621 3576 5662 omna
3599 5596 3743 5658 nomi-

2196 5700 2427 5770 nabilis,
2473 5699 2860 5767 Grimoardum
2902 5699 3078 5755 filium
3128 5714 3290 5755 suum
3337 5714 3520 5755 rerum
3555 5704 3739 5752 suarum

2198 5793 2467 5851 hreredem
2498 5793 2626 5853 fecit
2662 5813 2675 5849 :
2713 5792 2852 5852 duas
2878 5808 3097 5866 quoque
3131 5792 3272 5849 tilias
3307 5808 3437 5849 suas
3462 5787 3735 5849 θεῖαι-σάω
