3908 6316
101 349 309 424 729'-

1391 326 1551 403 vmi
1600 346 1660 400 s.
1701 340 2049 399 llACLOV’li.

3278 340 3382 397 730

97 489 147 536 et
173 477 411 548 Beggam
464 471 527 527 ad
569 469 786 525 laudem
808 476 864 524 et
903 468 1130 539 gloriam
1181 462 1396 537 generis
1436 461 1523 517 sui
1563 466 1688 531 post
1717 459 1762 518 Α
1792 454 2126 510 seminarent
2153 452 2478 524 spiritualia.
2503 451 2648 508 Inter
2676 444 2798 523 qua:
2825 453 3069 509 eminent
3097 454 3151 509 in
3192 464 3384 511 nostra

99 586 154 627 se
192 565 420 637 reliquit
450 583 465 620 :
495 577 729 634 quarum
777 577 886 616 una
926 558 1233 624 Certrudis,
1261 556 1483 613 Christo
1517 572 1683 626 quam

99 675 296 734 sponso
342 657 553 715 carnali
612 655 826 709 malens
871 653 1113 719 nubere,
1165 659 1367 707 sancta:
1406 650 1685 722 religionis

97 752 375 827 proposito
408 749 744 813 inserviens,
790 746 847 801 in
880 742 1158 800 Nivalensi
1204 743 1478 810 caanobio,
1510 758 1541 798 a
1587 758 1687 798 sua

98 855 263 901 matre
290 843 542 907 fundato,
575 838 915 912 spiritualem
956 837 1164 908 prolem
1191 835 1371 891 adhuc
1411 849 1519 889 non
1543 832 1690 890 desi-

99 939 175 993 nit
201 936 312 992 Deo
354 936 600 1007 gignere.
635 931 806 987 Soror
835 930 957 1001 ejus
978 928 1177 1000 Begga,
1210 935 1378 997 nupta
1408 924 1685 996 Ansigiso,

100 1029 267 1086 sancti
292 1026 509 1082 Arnulﬁ
539 1024 818 1079 Mcltensis
842 1021 1084 1093 episc0pi
1123 1020 1264 1087 ﬁlio,
1303 1019 1465 1089 regite
1509 1017 1690 1089 digni-

101 1121 219 1175 tatis
265 1119 465 1183 decus,
512 1116 657 1187 quod
699 1114 919 1185 penitus
982 1113 1317 1182 disperserat
1369 1124 1466 1180 per
1495 1122 1689 1179 regum

100 1208 435 1263 Francorum
465 1205 769 1260 inauditam
792 1201 1081 1268 desidiam,
1106 1215 1204 1271 per
1232 1214 1389 1255 suam
1419 1196 1690 1268 reparavit

99 1299 428 1372 prosapiam.
483 1297 603 1368 Ipsa
642 1295 912 1366 siquidem
944 1293 1132 1365 genuit
1158 1290 1435 1361 Pipinum,
1460 1288 1690 1359 Pipinus

100 1389 374 1456 Carolum,
407 1388 508 1459 qui
557 1385 815 1453 Tudetes,
864 1385 918 1441 id
947 1394 1032 1441 est
1060 1383 1360 1448 Martellus,
1389 1390 1474 1438 est
1521 1395 1690 1452 agno-

100 1482 351 1547 minatus,
380 1480 619 1535 Carolus
645 1478 902 1550 Pipinum
948 1477 1187 1548 primum
1227 1491 1431 1546 regem,
1463 1472 1690 1544 Pipinus

102 1572 368 1637 Carolum,
414 1579 784 1643 cognomento
828 1568 1107 1641 Magnum,
1136 1567 1476 1623 Francorum
1503 1580 1687 1637 regem

102 1674 150 1719 et
197 1663 586 1735 imperatorem
635 1662 1047 1729 Romanorum,
1095 1661 1190 1732 qui
1242 1676 1309 1715 eo
1357 1658 1585 1715 honoris
1635 1666 1691 1713 et

102 1755 342 1824 potentia:
376 1755 668 1826 processit,
696 1762 756 1810 ut
782 1754 968 1809 nullus
1004 1754 1072 1809 de
1103 1753 1326 1825 regibus
1348 1751 1686 1807 Francorum

1790 545 1989 601 vicinia
2020 544 2336 613 Stabulaus,
2367 557 2420 600 et
2448 543 2928 613 Malmundarium,
2961 547 3211 602 emnobia
3240 548 3382 604 infra

1793 640 1986 697 silvam
2022 640 2333 695 Ardennam
2365 639 2490 706 sita,
2524 654 2647 709 qua:
2683 638 2827 693 idem
2870 654 2967 695 rex
3009 654 3041 694 a
3076 655 3135 695 se
3180 656 3382 711 coope—

1789 739 1946 786 rante
1994 731 2096 786 sibi
2150 730 2361 801 majore
2427 730 2625 785 domus
2676 728 2991 785 Grimoaldo
3045 739 3378 798 constructa,

1790 822 1849 879 S.
1892 822 2150 879 Remaelo
2194 821 2505 895 Tungrcnsi
2541 822 2801 893 episeopo
2846 822 3011 877 tradit
3053 823 3378 880 ordinanda.

1789 914 2034 987 Expletis
2059 924 2241 972 autem
2277 915 2454 971 aetatis
2484 930 2598 972 suae
2636 913 2797 970 annis
2824 931 2977 981 xxxx,
3014 916 3168 987 regni
3197 924 3380 972 autem

1790 1022 1982 1074 xxvni,
2014 1020 2160 1062 anno
2190 1007 2260 1062 ab
2287 1005 2668 1063 Incarnatione
2703 1005 2919 1061 Domini
2946 1006 3052 1061 642
3078 1022 3108 1061 a
3145 1010 3381 1063 transitu

1793 1097 1851 1154 S.
1876 1099 2093 1155 Martini
2118 1115 2264 1157 anno
2287 1116 2509 1167 ccxun,
2549 1099 2666 1154 Rex
2711 1098 2975 1155 terribilis
3004 1100 3149 1170 apud
3189 1115 3385 1157 omnes

1791 1206 1945 1263 reges
1977 1200 2154 1258 terrae,
2176 1192 2272 1262 qui
2306 1190 2484 1247 aufert
2519 1191 2773 1262 spiritum
2800 1190 3131 1261 principum,
3158 1191 3215 1246 in
3249 1190 3384 1247 ﬂore

1784 1286 2045 1358 juvenilis
2075 1285 2253 1340 artatis
2291 1300 2418 1340 eum
2462 1285 2659 1339 acerba
2711 1292 2886 1339 morte
2921 1283 3105 1354 rapuit
3132 1282 3199 1338 de
3239 1299 3381 1353 pra:—

1791 1379 1932 1435 senti
1960 1378 2163 1434 sreculo
2198 1393 2457 1447 nequam,
2483 1385 2539 1432 et
2568 1377 2624 1430 in
2655 1376 2866 1431 cmlesti
2899 1376 3051 1431 curia
3078 1375 3127 1430 ei
3155 1374 3386 1430 contulit

1789 1483 1933 1523 vera:
1961 1466 2242 1538 dignitatis
2264 1465 2515 1538 gloriam.
2540 1462 2686 1519 Obiit
2705 1463 2963 1520 Kalendis
2994 1463 3302 1535 Februarii,
3329 1472 3384 1519 et

1791 1560 2037 1631 sepultus
2073 1567 2157 1615 est
2202 1558 2259 1612 in
2301 1558 2436 1613 urbe
2472 1556 2672 1624 Mettis,
2719 1572 2843 1626 quae
2887 1555 3039 1627 regni
3086 1556 3173 1611 sui
3226 1556 3386 1611 sedes

1789 1649 1989 1717 fuerat,
2016 1649 2071 1704 in
2106 1648 2335 1704 basilica
2372 1663 2539 1719 quam
2587 1648 2654 1702 ad
2688 1647 2904 1702 laudem
2937 1655 2992 1701 et
3023 1647 3252 1717 gloriam
3287 1645 3385 1701 Dei

1791 1741 1845 1795 in
1877 1741 2093 1795 honore
2132 1739 2308 1795 sancti
2337 1738 2558 1793 Martini
2588 1737 2814 1809 gloriosi
2852 1736 3190 1793 confessoris
3234 1737 3382 1808 regia

102 1812 179 1899 ζει
224 1853 350 1899 ωηο
378 1812 543 1900 ἐιηη
606 1812 691 1899 νέι
747 1852 872 1915 post
931 1860 1059 1900 eum
1119 1812 1427 1915 CJmPami
1494 1852 1690 1915 ροιυθ-
1720 1812 2116 1887 Bliberalitate
2171 1838 2572 1898 construxerat,
2623 1845 2746 1900 quae
2805 1828 2909 1884 sita
2953 1836 3040 1883 est
3073 1828 3142 1883 ad
3169 1827 3385 1899 radices

108 1938 196 1993 rit.

164 2050 512 2107 Grimoaldus
540 2040 833 2123 pro’patre
863 2067 965 2108 suo
984 2050 1181 2122 Piprno
1214 2052 1545 2109 constitutus
1573 2069 1693 2108 ma-

105 2140 181 2212 jor
210 2146 407 2198 domus
434 2147 690 2213 potenter
713 2143 770 2197 in
794 2142 916 2196 aula
952 2141 1208 2214 Sigibcrti
1235 2143 1378 2214 regis
1410 2144 1691 2214 principa-

106 2235 270 2302 batur,
302 2244 358 2290 et
381 2235 540 2290 domi
577 2235 894 2306 militiaeque
941 2252 1169 2307 regnum
1198 2237 1429 2292 viriliter
1476 2238 1693 2293 tutaba-

110 2335 204 2381 tur.
229 2326 363 2394 Quia
388 2343 528 2383 vero
548 2328 854 2399 Sigibertus
889 2344 985 2383 rex
1013 2328 1393 2385 Crimoaldum
1423 2329 1691 2399 majorem

108 2416 285 2472 domus
307 2418 413 2472 sibi
440 2419 502 2472 in
535 2418 792 2474 omnibus
808 2420 1042 2485 ﬁdelem,
1068 2420 1400 2491 morigerum
1421 2430 1477 2474 et
1494 2436 1692 2490 coope-

111 2520 325 2564 ratorem
384 2519 621 2566 eatenus
673 2520 792 2567 erat
829 2522 1108 2581 expertus,
1167 2512 1337 2566 ﬁlium
1373 2513 1493 2582 ejus
1541 2511 1692 2567 Chil-

110 2596 367 2653 debertum
424 2600 583 2671 regni
665 2600 1080 2656 Anslrasiornm
1144 2602 1412 2657 haeredem
1472 2601 1689 2673 delege-

113 2696 202 2754 rat,
230 2689 331 2745 hoc
351 2698 539 2745 tamen
566 2691 846 2762 proposito
866 2691 1200 2748 conditionis
1220 2700 1410 2749 tenore
1431 2694 1477 2749 si
1509 2693 1690 2763 ipsum

113 2780 426 2852 contingeret
460 2783 587 2838 sine
631 2783 818 2840 liberis
848 2768 1021 2839 obire.
1061 2780 1176 2840 Rex
1211 2785 1454 2856 quidem,
1502 2795 1690 2857 utpote

115 2868 398 2927 futurorum
452 2873 721 2940 nescius,
777 2874 925 2945 quod
973 2883 1106 2929 tunc
1147 2875 1251 2930 sibi
1295 2876 1580 2930 videbatur
1621 2892 1690 2931 ex

115 2963 352 3032 temporis
382 2966 770 3021 convenientia
800 2966 963 3033 fecit;
998 2976 1184 3037 postea
1225 2983 1357 3022 vero
1396 2967 1567 3022 ﬁlium
1597 2984 1691 3039 ge-

116 3054 236 3122 nuit,
261 3071 419 3126 quem
456 3057 686 3113 nomine
721 3058 895 3128 patris
931 3058 1017 3113 sui
1059 3057 1427 3129 Dagobertum
1454 3059 1685 3114 vocavit.

1791 1922 2017 1990 montis,
2057 1921 2151 1992 qui
2202 1921 2475 1992 plurimus
2523 1921 2774 1975 imminet
2822 1919 2969 1988 urbi,
3017 1919 3384 1991 adversasque

1793 2024 2038 2087 aspectat
2060 2017 2295 2087 desuper
2318 2030 2494 2070 arces.
2878 2026 2885 2029 ·

1863 2129 1908 2185 Ο
1950 2146 2117 2202 quam
2167 2130 2371 2185 multos
2400 2143 2543 2197 saepe
2593 2125 2820 2181 ambitio
2862 2124 3100 2194 decepit!
3130 2140 3183 2196 go
3216 2138 3383 2193 quam

1793 2223 1996 2279 multos
2044 2222 2281 2294 perﬁdos
2316 2220 2503 2286 divina
2551 2220 2687 2275 ultio
2735 2234 2878 2289 szepe
2927 2232 3148 2287 pessum
3203 2215 3380 2271 dedit!

1794 2314 2011 2369 Mortuo
2058 2313 2332 2387 Sigibcrto
2375 2328 2521 2384 rege,
2573 2311 2923 2367 Grimoaldns
2959 2308 3138 2379 major
3188 2308 3385 2362 domus

1792 2405 2159 2479 Dagobertum
2187 2406 2359 2460 ﬁlium
2385 2405 2505 2475 ejus
2530 2392 2647 2459 sua:
2677 2402 2800 2457 ﬁdei
2831 2400 3294 2464 commendatum,
3322 2406 3386 2452 ut

1790 2498 2206 2555 Austrasiorum
2244 2498 2513 2572 potiretur
2547 2511 2737 2567 regno,
2778 2492 3082 2549 tonsuravit
3125 2492 3180 2545 in
3216 2489 3381 2545 cleri-

1791 2608 1938 2661 cum,
1967 2593 2199 2648 consilio
2226 2591 2452 2647 Didonis
2480 2590 2841 2646 Pictaviensis
2866 2587 3128 2658 episcopi,
3159 2586 3253 2656 qui
3282 2582 3386 2639 fuit

1789 2684 2094 2739 avunculus
2123 2685 2298 2739 sancti
2324 2680 2579 2755 martyris
2599 2679 2939 2751 Lcodegarii,
2965 2688 3017 2734 et
3040 2695 3136 2748 per
3159 2692 3384 2733 manum

1789 2776 1964 2848 ipsius
2017 2776 2244 2832 Didonis
2286 2776 2558 2831 insontem
2584 2774 2875 2845 puerulum
2923 2773 2977 2826 in
3028 2770 3269 2826 Scotiam
3301 2769 3386 2825 di-
3490 2810 3493 2811 ν

1790 2869 1931 2925 rexit
1958 2869 2153 2924 exsilio
2180 2867 2543 2923 irrevocabili.
2578 2866 2775 2921 Filium
2805 2880 2938 2920 vero
2965 2878 3126 2919 suum
3164 2861 3386 2918 Cbilde—

1789 2962 2003 3018 bertam
2026 2961 2439 3016 Austrasiorum
2457 2976 2623 3030 regno
2640 2957 2926 3013 constituit
2946 2971 3148 3026 regem.
3162 2953 3382 3021 Franci,

1790 3067 1933 3124 aegre
1959 3051 2196 3107 ferentes
2222 3050 2505 3121 perﬁdiam
2533 3048 2856 3114 Grimoaldi,
2884 3058 3105 3117 captum
3135 3061 3260 3100 eum
3288 3044 3384 3099 de—

117 3140 173 3198 Et
209 3146 366 3215 priori
406 3156 743 3206 testamento
774 3149 840 3204 ad
883 3150 1101 3205 irritum
1138 3159 1334 3216 tracto,
1381 3150 1529 3206 hunc
1579 3167 1686 3205 nu-
1714 3161 1761 3224 ς
1793 3144 2002 3199 stinant
2022 3142 2269 3198 Parisius
2297 3143 2363 3196 ad
2383 3142 2653 3213 judicium
2684 3140 2830 3211 regis
2852 3137 3130 3204 Clodovei,
3159 3136 3251 3207 qui
3281 3135 3386 3191 fuit

117 3235 361 3295 triendum
395 3241 682 3298 commisit
739 3242 937 3312 majori
994 3241 1194 3297 domus
1242 3241 1577 3309 Grimoaldo,
1628 3250 1690 3297 ut

119 3326 220 3396 ejus
257 3333 496 3401 potentia
544 3342 734 3391 contra
777 3349 973 3390 omnes
1009 3341 1162 3390 tutus
1201 3335 1593 3391 sublimaretnr
1629 3334 1686 3389 in

119 3416 510 3493 Austrasiorum
542 3442 731 3499 regno.
772 3424 892 3498 Ipse
932 3435 1115 3483 autem
1149 3426 1455 3499 Sigiliertus
1481 3428 1687 3483 duode-

121 3510 211 3567 cim
238 3518 568 3574 monasteria
598 3519 653 3573 in
691 3519 928 3575 diversis
959 3520 1114 3591 regni
1152 3520 1237 3576 sui
1273 3520 1520 3590 partibus
1549 3519 1684 3574 aedi—

122 3602 294 3676 ﬁcavit,
314 3611 508 3683 eisque
532 3629 599 3671 ex
626 3614 742 3669 suis
764 3613 1032 3670 reditibus
1057 3613 1203 3685 regia
1236 3613 1560 3669 liberalitate
1591 3627 1687 3667 ne-

123 3701 329 3757 cessaria
364 3706 770 3777 suppeditavit:
819 3715 881 3762 ut
920 3706 1032 3762 illic
1083 3706 1186 3761 sub
1221 3706 1534 3777 apostolicae
1560 3706 1686 3761 vitae

124 3793 284 3861 regula
304 3796 574 3866 viventes,
617 3798 749 3853 dum
798 3814 900 3855 sua
948 3807 1219 3854 meterent
1271 3798 1533 3866 carnalia,
1579 3798 1684 3854 sibi

127 3969 240 4001 ,ἐς
939 3985 944 3993 ,
1006 3970 2401 4007 -.--έ---.--------,-.-...

1790 3235 1960 3291 frater
1991 3234 2270 3307 Sigibcrti.
2308 3233 2483 3301 Quem
2522 3232 2830 3288 Clodoveus
2881 3231 3219 3286 vinculatum
3258 3244 3383 3284 car-

1790 3328 1902 3383 ceri
1928 3326 2278 3397 mancipavit,
2305 3334 2359 3381 et
2387 3323 2700 3389 crudeliter,
2728 3335 2789 3377 ut
2808 3323 3006 3394 dignus
3039 3328 3178 3388 erat,
3209 3335 3384 3389 usque
3450 3312 3453 3315 ’

1791 3420 1860 3475 ad
1902 3427 2138 3474 mortem
2178 3416 2549 3472 tormentavit.
2576 3414 2848 3470 Austrasii
2879 3412 3183 3468 Hildricum
3210 3411 3384 3466 ﬁlium

1789 3513 2047 3569 Clodovei
2074 3517 2387 3576 assumunt,
2424 3510 2557 3565 etin
2579 3522 2750 3578 regno
2772 3507 3209 3571 Austrasiorum,
3235 3504 3384 3574 quod

1791 3603 2096 3676 Sigibcrtus
2122 3610 2353 3674 patruus
2370 3601 2491 3672 ejus
2517 3606 2783 3663 tenuerat,
2811 3613 2992 3669 regem
3017 3596 3379 3653 constituunt.

1788 3694 1891 3751 Hic
1912 3705 1996 3751 est
2024 3694 2301 3750 Hildrieus
2324 3709 2443 3760 rex,
2479 3692 2546 3747 ad
2580 3689 2741 3761 cujus
2772 3699 2987 3760 tempus
3029 3688 3135 3744 fuit
3157 3696 3383 3744 sanctus

1787 3787 2114 3843 Lambertus
2141 3793 2350 3857 martyr
2371 3793 2425 3840 et
2450 3783 2760 3855 episcopus.
2802 3821 2817 3836 .
2858 3823 2870 3837 .

2763 3971 3377 4003 m

2392 3992 2761 4007 _—-——_

448 4145 801 4267 VITA
887 4148 1005 4262 S.
1103 4146 1798 4264 MACLOVII
1884 4137 2211 4265 SIVE
2295 4141 3009 4322 MACHUTII

1192 4346 1550 4411 EPISCOPI
1592 4348 1696 4409 ET
1740 4345 2267 4408 CONFESSORIS

622 4509 1173 4605 AUCTORE
1249 4506 1919 4602 SIGEBERTO
1993 4505 2813 4601 GEMBLACENSI

1024 4680 1202 4752 (Apud
1232 4679 1477 4747 Surium,
1502 4679 1638 4734 Acta
1667 4678 2007 4753 Sanctorum,
2034 4677 2171 4736 Nov.
2209 4679 2299 4736 die
2325 4678 2443 4749 xv.)

513 4937 851 4993 EPISTOLA
888 4936 1263 4994 AUCTORIS.

292 5041 352 5080 AD
390 5044 740 5085 TIIIETMABUM
774 5044 1020 5084 ABBATEII
1058 5043 1491 5084 GEIBLACENSEM.

195 5108 300 5171 Vita
343 5119 574 5188 piissimi
620 5120 956 5177 confessoris
1000 5120 1208 5176 Christi
1252 5121 1538 5192 Maclovii,
1586 5128 1681 5196 qui

139 5203 275 5262 etiam
300 5208 568 5271 Maehutes
607 5215 788 5271 dictus
827 5222 933 5282 est,
968 5214 1274 5285 diligenter,
1307 5225 1574 5287 quantum
1613 5219 1682 5275 ad

138 5297 384 5358 veritatem
413 5306 675 5374 historias,
712 5304 1065 5378 antiquorum
1106 5307 1248 5380 stylo
1272 5318 1391 5365 erat
1415 5319 1635 5367 exarata
1664 5330 1677 5367 :

140 5386 216 5439 sed
243 5392 354 5460 quia
381 5398 560 5454 minus
599 5398 849 5454 ordinate
883 5397 1126 5468 digesta,
1166 5399 1352 5455 minus
1379 5402 1681 5473 composite

138 5473 394 5554 descripta,
423 5492 488 5547 ad
523 5493 641 5549 inec
670 5492 1028 5548 barbarismis
1056 5499 1115 5546 et
1144 5492 1473 5549 solmeismis
1518 5495 1685 5551 nimis

140 5578 237 5623 erat
272 5578 503 5651 confusa,
547 5585 713 5656 longo
760 5583 1055 5639 oblivionis
1098 5591 1153 5639 et
1197 5584 1536 5656 negligentiae
1572 5586 1683 5643 situ

142 5657 255 5758 fidet)
272 5664 456 5728 latebat
471 5675 726 5744 obducta,
740 5684 804 5731 ut
823 5675 983 5747 quasi
1014 5677 1217 5733 nullius
1245 5678 1472 5735 auribus
1492 5678 1681 5751 digna,

143 5761 233 5813 tam
259 5759 319 5815 ab
331 5761 595 5826 hominum
623 5770 911 5827 recesserit
944 5772 1228 5828 memoria.
1265 5770 1392 5841 Sed,
1425 5773 1677 5829 conside-

1711 4944 1906 5002 Drrato
1962 4942 2091 5014 quia
2130 4957 2240 4997 non
2276 4942 2504 4998 omnino
2537 4943 2716 5014 perdit
2748 4944 3169 5004 aestimationem
3219 4949 3384 5019 pretii

1787 5036 2087 5106 pretiosum
2124 5035 2425 5102 metallum,
2472 5036 2725 5106 quamvis
2767 5037 2951 5109 jaceat
2994 5038 3189 5095 rudere
3224 5047 3386 5094 terrae

1787 5129 2055 5186 infossum
2081 5171 2096 5196 ,
2150 5130 2232 5184 vel
2280 5127 2600 5185 scabredine
2641 5130 2924 5203 rubigenis
2959 5130 3332 5186 decoloratum
3364 5147 3380 5183 :

1786 5223 2009 5292 placuit,
2034 5221 2362 5278 venerabilis
2390 5220 2555 5277 Pater
2582 5220 2877 5290 Tietmare,
2906 5231 3015 5278 tua:
3039 5221 3382 5293 paternitati,

1788 5324 1847 5370 ut
1878 5316 2097 5386 juberes
2142 5330 2278 5371 mea;
2326 5314 2637 5386 pusillitati,
2694 5324 2776 5384 ut,
2832 5316 3076 5385 inspecto
3134 5313 3381 5369 historiae

1788 5412 1960 5471 textu,
1989 5413 2043 5460 et
2067 5421 2168 5476 pro
2194 5422 2356 5477 posse
2378 5423 2539 5463 eraso
2562 5408 2821 5464 vitiorum
2851 5413 3163 5471 contractu,
3188 5405 3382 5461 melio-

1786 5512 1965 5552 rarem
2014 5496 2162 5552 illam
2203 5498 2691 5570 quantulacunque
2722 5498 2998 5556 sermonis
3040 5498 3211 5553 cultu.
3260 5494 3382 5568 Ego

1786 5589 1879 5660 qui
1903 5588 2140 5660 jussioni
2164 5591 2546 5647 contravenire
2567 5606 2678 5646 non
2697 5590 2882 5657 debui,
2904 5605 3043 5661 opus
3066 5589 3376 5660 injunctum

1784 5690 2078 5737 exsecutus
2114 5697 2260 5749 sum,
2285 5698 2394 5738 non
2423 5682 2643 5754 quidem
2676 5691 2736 5738 ut
2759 5682 2932 5750 volui,
2968 5682 3062 5739 sed
3099 5681 3382 5753 quomodo

1780 5790 1884 5846 pro
1914 5775 2114 5847 ingenii
2149 5774 2411 5832 tenuitate
2429 5775 2602 5833 .valui.
2634 5774 2782 5832 More
2811 5775 2955 5832 enim
2987 5775 3252 5834 rusticani
3285 5774 3369 5831 fa»
