3908 6316
552 404 648 459 751

1706 412 1709 415 ·
1738 396 2101 453 SIGEBERTI
2140 365 2664 478 GE‘MBLACENSIS
2890 456 2895 460 ,
2976 456 2979 459 ,
3638 344 3643 347 ’
3686 404 3768 459 73,

546 526 634 581 bri
687 536 824 593 opus
872 520 1178 591 injuuclum
1229 532 1521 590 aggressus
1573 532 1695 572 sum
1725 536 1737 571 :
1769 518 1862 586 qui
1915 514 2133 570 follibus
2162 526 2207 575 Α
2236 530 2358 583 qua:
2386 514 2608 570 inimica
2637 520 2723 570 est
2748 513 2962 580 animae,
2995 512 3309 582 reprimitur
3340 531 3353 566 :
3381 511 3436 567 in
3460 514 3603 585 cujus
3634 520 3763 575 mede

547 614 836 680 suillando,
859 623 913 667 et
935 610 1465 675 malleis~tundendo,
1490 608 1637 664 elicit
1661 609 1895 665 scoriam
1920 605 2133 671 deorudi

547 723 732 764 massa
762 704 988 776 pretiosi
1018 703 1242 769 metalli,
1275 711 1332 755 ut
1358 701 1599 771 paratior
1632 699 1890 755 reddatur
1916 695 2133 768 Operosi

546 798 775 856 artiﬁcis
802 797 1008 861 manui,
1043 795 1377 865 ostendendo
1419 793 1542 848 aliis
1579 792 1924 863 splendorem
1963 797 2134 844 mate-

548 893 646 948 riei
674 912 686 946 :
711 900 793 957 ut,
827 891 872 946 si
900 889 1024 959 quis
1048 889 1178 943 velit
1202 902 1455 943 exercere
1482 886 1589 941 vim
1621 885 1707 942 sui
1725 883 1960 949 artiﬁcii,
1983 883 2133 938 inve-

547 985 665 1040 niat
690 982 972 1038 materiam
1006 989 1250 1051 paratam
1278 994 1379 1034 suo
1417 977 1563 1033 usui.
1610 976 1753 1049 Ergo
1797 976 1941 1047 quod
1977 974 2133 1029 facile

547 1077 695 1132 facta
747 1075 994 1140 videtur,
1040 1072 1257 1138 faciam,
1314 1070 1572 1125 nimirum
1618 1079 1676 1124 ut
1716 1066 1988 1138 superflua
2032 1066 2131 1120 de-

473 1196 476 1199 ι
546 1185 723 1235 mam,
764 1167 960 1222 vitiosa
993 1165 1262 1234 corrigam
1282 1205 1297 1230 ,
1329 1161 1556 1218 confusa
1594 1159 1771 1215 ordini
1800 1157 2019 1212 reddam
2059 1176 2072 1211 :
2100 1173 2129 1210 a

550 1262 780 1318 veritate
832 1267 1014 1313 tamen
1058 1257 1301 1312 historia:
1348 1254 1497 1308 nullo
1543 1252 1704 1307 modo
1741 1253 2013 1316 recedam,
2073 1258 2133 1304 ut

542 1354 715 1409 nihile
736 1351 863 1406 novi
891 1349 1086 1405 fecisse
1110 1349 1317 1413 videar,
1339 1352 1632 1417 cumvetus
1654 1352 1865 1399 tantum
1894 1342 2131 1397 limando

561 1455 601 1500 ει
633 1443 879 1499 fricando
913 1454 1208 1519 renovasse
1233 1438 1436 1494 videar.
1609 1428 1623 1455 ⁵
1715 1447 1721 1453 '
1930 1448 1939 1455 ν

1138 1526 1526 1586 PROLOGUS.

616 1625 894 1683 Praaconia
935 1631 1274 1686 sanctorum,
1325 1635 1447 1690 qua:
1488 1634 1642 1674 vanae
1691 1626 1820 1671 sunt
1865 1616 1922 1692 in
1958 1615 2132 1669 ocutis

546 1720 760 1775 Domini
795 1718 1053 1788 pretiosa,
1093 1714 1402 1769 nullatenus
1439 1717 1567 1765 sunt
1604 1708 1899 1774 reticenda,
1941 1721 2129 1762 verum

542 1812 696 1867 omni
738 1808 1022 1866 memoriae
1064 1805 1359 1861 tradenda.
1388 1801 1755 1856 Nihilominus
1796 1798 2128 1855 credendum

2234 606 2440 662 tatione
2480 606 2624 662 Deus
2674 605 3008 678 agnoscitur,
3058 607 3111 658 in
3151 604 3309 675 cujus
3337 609 3661 663 exsecutione
3686 613 3767 665 vita

2233 706 2434 753 aeterna
2483 698 2808 768 acquiritur.
2876 697 3177 767 Appetebat
3222 697 3508 752 scientiam
3560 715 3667 770 qua:
3699 718 3768 771 per

2233 787 2519 843 charitatis
2589 788 2950 842 humilitatem
2999 785 3231 841 :ediﬁcat
3271 805 3285 840 :
3333 786 3621 857 refugiebat
3656 791 3767 845 illam

2233 892 2356 946 qua:
2390 892 2485 947 per
2514 878 2771 934 vanitatis
2813 878 3102 933 elationem
3138 877 3311 933 inﬂat.
3352 877 3614 949 lncipicns
3641 883 3768 937 etiam

2234 982 2432 1038 corpus
2465 984 2624 1023 suum
2656 969 2942 1040 castigare,
2987 979 3041 1024 et
3069 969 3203 1025 illud
3231 970 3287 1025 in
3320 966 3625 1026 servitutem
3649 976 3769 1043 spiri-

2232 1067 2323 1114 tus
2354 1060 2597 1131 redigere
2624 1059 2681 1132 (Ι
2709 1061 2833 1116 Cor.
2865 1063 3006 1132 vni),
3039 1065 3397 1119 assuescebat
3424 1063 3641 1133 simplici
3659 1066 3767 1120 victu

2233 1159 2286 1206 et
2313 1151 2508 1206 vestitu
2542 1137 2833 1209 contentus
2878 1170 3022 1221 esse,
3071 1155 3414 1225 vilipendcns
3454 1157 3677 1225 corporis
3699 1157 3772 1211 fri-

2234 1261 2384 1313 gora,
2419 1245 2701 1317 indignum
2730 1247 2936 1303 ducens
2977 1248 3213 1304 distendi
3253 1248 3507 1303 ciborum
3541 1249 3695 1317 copia,
3722 1265 3772 1301 ne

2233 1337 2418 1409 aliquo
2449 1338 2614 1393 modo
2642 1339 3016 1394 dominaretur
3044 1339 3241 1393 anima:
3269 1355 3391 1394 suae
3422 1355 3516 1409 per
3542 1339 3771 1407 indulgen-

2182 1481 2186 1484 .
2235 1428 2366 1482 tiam
2402 1430 2703 1499 corporalis
2741 1430 3081 1486 necessitatis
3110 1430 3296 1485 carnis
3326 1429 3636 1499 petulantia.
3660 1427 3770 1493 ideo,

2231 1524 2474 1593 exceptis
2517 1523 2603 1578 his
2664 1540 2786 1594 qua:
2821 1525 3104 1601 expetebat
3133 1523 3370 1592 simplex
3402 1523 3677 1576 necessitas
3700 1538 3770 1574 na-

2232 1624 2389 1682 turaz,
2420 1616 2631 1686 réliqua
2670 1616 2853 1671 omnia
2890 1615 3227 1687 expendebat
3274 1615 3334 1669 in
3382 1629 3544 1684 opera
3587 1613 3772 1667 electae-

2235 1724 2402 1781 synaa.

2408 1789 2411 1792 ’
2846 1797 3075 1854 CAPUT
3114 1798 3198 1853 lll.

546 1917 646 1975 est,
681 1905 1071 1977 omnipotentis
1111 1904 1206 1959 Dei
1243 1903 1445 1956 virtute
1480 1899 1620 1955 facta
1659 1912 1781 1952 esse
1815 1902 2129 1949 sanctorum
2164 1858 2205 1916 Β
2304 1892 2448 1947 Deus
2475 1908 2626 1963 ergo,
2654 1892 2957 1961 quiservos
2980 1900 3035 1944 et
3059 1891 3363 1961 prophetas
3387 1904 3518 1945 suos
3535 1889 3770 1959 aliquando

549 2001 806 2055 miracula
840 2015 936 2069 pro
976 1996 1119 2052 felici
1162 2010 1354 2050 eorum
1389 1992 1519 2056 vita,
1550 1990 1703 2060 prius
1732 1985 1988 2042 cordibus
2029 1998 2126 2037 eo-

543 2108 670 2146 rum
701 2090 907 2146 cmlesti
957 2086 1327 2144 munificentia
1359 2084 1550 2138 indita.
1586 2081 1728 2151 Ergo
1762 2078 1998 2149 primum
2038 2075 2128 2128 in-

543 2182 792 2254 daganda
823 2188 908 2236 est
961 2179 1262 2234 amicorum
1305 2174 1509 2230 Christi
1543 2172 1673 2236 vita,
1715 2179 1794 2236 ut,
1839 2167 1969 2222 dum
2009 2180 2130 2219 eam

543 2276 830 2332 studemus
878 2272 1116 2338 imitari,
1166 2269 1414 2340 proﬁciat
1461 2265 1621 2320 nobis
1659 2264 1890 2318 virtutes
1938 2272 2129 2314 eorum

544 2367 755 2423 mirari.
790 2364 1071 2435 Siquidem
1098 2362 1232 2416 nihil
1267 2376 1366 2414 nos
1390 2359 1544 2429 juvat
1589 2363 1805 2424 stupere
1840 2350 2127 2427 miracula,

543 2461 663 2516 sine
686 2459 860 2515 felicis
886 2457 1010 2512 vita:
1041 2454 1342 2510 imitatione
1371 2450 1631 2521 proﬁcua.
1666 2446 1785 2500 Jam
1814 2459 1959 2498 nunc
1987 2440 2129 2496 beati

440 2597 455 2604 -
541 2549 646 2606 viri
678 2551 785 2605 vita
810 2549 879 2603 ad
911 2546 1148 2602 medium
1174 2543 1493 2607 deducatur,
1522 2547 1600 2604 ut,
1631 2537 1762 2591 dum
1788 2535 1908 2605 ejus
1938 2532 2129 2585 merita

544 2640 835 2697 recolendo
857 2639 923 2693 ad
958 2637 1076 2707 ejus
1107 2633 1464 2711 imitationem
1495 2629 1825 2691 animamur,
1872 2625 2132 2678 interces-

543 2732 718 2788 sionis
762 2729 993 2801 gratiam
1045 2727 1101 2782 in
1135 2721 1629 2795 opportunitatibus
1673 2717 1872 2772 habere
1918 2728 2130 2768 merea-

545 2839 688 2881 mur.

1060 2904 1289 2962 CAPUT
1329 2899 1598 2957 PltlillUM

617 2990 851 3059 Sanctus
876 3002 1040 3073 igitur
1055 2997 1353 3054 Maclovius
1374 2994 1659 3050 nobilitate
1676 2985 1963 3070 parentum
1988 2987 2131 3057 apud

545 3097 797 3155 homines
824 3093 1008 3150 saeculi
1035 3094 1178 3146 inter
1206 3104 1337 3145 suos
1366 3103 1477 3141 non
1502 3067 2128 3151 mediocriterinclytus,

544 3190 684 3246 citra
719 3203 873 3244 oram
895 3182 1191 3240 Britannici
1221 3180 1389 3236 maris
1424 3177 1525 3232 fuit
1563 3175 1761 3231 editus.
1804 3171 1964 3227 Pater
1988 3171 2128 3241 ejus,
2159 3198 2203 3257 ρ

518 3285 725 3340 ‘Guent
751 3280 989 3349 nomine,
1025 3291 1210 3333 comes
1244 3274 1367 3341 fuit,
1410 3272 1506 3344 qui
1549 3270 1701 3325 urbis
1743 3267 2129 3323 Gimicastrum

534 3372 770 3441 vocatae,
793 3372 1039 3429 conditor
1054 3368 1277 3426 exstitit.
1297 3365 1523 3435 Matrem
1541 3362 1713 3433 ipsius
1724 3359 1927 3415 Darual
1951 3356 2134 3428 appel-

543 3469 710 3523 latam
753 3465 1085 3536 accepimus.
1130 3460 1197 3515 Et
1238 3459 1366 3530 quia
1408 3458 1464 3511 in
1512 3454 1659 3511 omni
1708 3468 1889 3508 rerum
1935 3458 2132 3505 eventu

543 3551 825 3630 nunquam
859 3558 1013 3612 abest
1043 3554 1141 3609 Dei
1170 3549 1527 3623 dispensatio,
1556 3547 1728 3618 patuit
1756 3545 1919 3600 etiam
1950 3544 2005 3598 in
2032 3543 2135 3598 hu-

536 3649 632 3721 jus
667 3647 841 3703 sancti
872 3646 973 3700 viri
1019 3642 1317 3699 nativitatis
1353 3639 1599 3696 exordio.
1646 3634 1821 3690 Natus
1859 3642 1945 3690 est
1985 3633 2134 3688 enim

543 3742 599 3796 in
629 3740 716 3795 die
744 3746 955 3804 sancto,
1000 3733 1326 3806 quo-omnis
1354 3730 1592 3786 mundus
1622 3726 1903 3782 Paschalis
1930 3725 2132 3779 solem-

544 3831 733 3887 nitatis
759 3828 1066 3885 celebrabat
1090 3824 1286 3898 gaudia
1315 3841 1329 3877 :
1354 3829 1414 3876 ut
1441 3821 1498 3875 in
1527 3820 1636 3885 die,
1669 3832 1835 3888 quam
1864 3816 1991 3871 fecit
2020 3814 2132 3869 Do~

544 3924 730 3979 minus
772 3930 833 3976 ut
867 3919 1204 3975 exsultemus
1237 3924 1292 3970 et
1336 3914 1583 3968 laetemur
1621 3910 1676 3965 in
1705 3924 1791 3976 ea,
1834 3908 1998 3963 etiam
2029 3908 2135 3963 hoc

544 4016 730 4089 gaudii
759 4006 1084 4068 mortalibus
1111 4008 1331 4063 adderet
1357 4004 1557 4060 divinae
1587 4002 1805 4073 pietatis
1837 4000 2029 4071 gratia.
2074 3997 2132 4054 In

544 4108 712 4177 hujus
739 4104 939 4175 quippe
967 4099 1198 4157 articulo
1232 4097 1340 4153 diei
1378 4095 1491 4151 nati
1530 4105 1659 4150 sunt
1695 4093 1750 4148 in
1780 4093 1897 4162 ipsa
1932 4092 2131 4147 vicinia

545 4198 712 4253 etiam
737 4194 828 4249 alii
848 4192 1069 4263 triginta
1092 4197 1200 4244 tres
1227 4186 1398 4258 pueri.
1424 4184 1583 4252 Quod
1606 4183 1734 4255 quia
1762 4181 2028 4239 creditum
2052 4189 2134 4236 est

546 4287 916 4359 dispensativa
943 4283 1039 4355 Dei
1064 4280 1406 4338 ordinatione
1441 4277 1665 4345 factum,
1694 4274 1897 4346 placuit
1930 4287 2129 4343 paren-

546 4381 694 4436 tibus
713 4377 979 4443 omnium,
1010 4383 1068 4430 ut
1095 4372 1191 4445 qui
1222 4369 1496 4427 nascendo
1520 4368 1698 4424 sortiti
1731 4367 1946 4422 fuerant
1970 4365 2132 4427 unius

546 4469 1067 4541 contemporalitatis
1096 4465 1409 4541 exordium,
1436 4460 1608 4518 unum
1637 4461 1692 4515 in
1718 4459 1937 4515 Christo
1981 4466 2133 4512 tene-

2230 1984 2394 2039 etiam
2425 1984 2480 2036 in
2523 1984 2641 2052 ipso
2685 1981 2877 2037 matris
2913 1993 3068 2036 utero
3105 1981 3251 2035 novit
3300 1980 3635 2036 sanctiﬁeare
3673 1978 3769 2047 (lcr.

2233 2077 2294 2146 ι),
2336 2090 2446 2130 non
2492 2074 2702 2129 distulit
2744 2090 2963 2129 servum
3006 2082 3165 2127 suum
3216 2073 3272 2126 in
3324 2073 3579 2142 primaeva
3603 2073 3769 2126 aetatula

2232 2181 2330 2220 sua
2358 2163 2651 2218 virtutibus
2680 2171 2735 2217 et
2764 2163 2936 2230 signis
2972 2162 3267 2217 mirificare
3298 2161 3458 2233 (Luc.
3491 2163 3549 2231 l),
3585 2162 3664 2231 qui
3689 2162 3768 2230 jam

2233 2257 2287 2311 in
2318 2255 2742 2334 ipsajnfantilis
2768 2256 2944 2310 {etatis
2974 2255 3326 2325 simplicitate
3354 2270 3466 2309 non
3500 2254 3680 2309 destitit
3704 2268 3770 2323 per

2231 2350 2430 2405 bonam
2477 2347 2837 2401 intentionem
2890 2347 3131 2417 seipsum
3187 2345 3253 2399 ad
3317 2345 3650 2400 serviendum
3691 2343 3769 2396 Deo

2232 2458 2555 2511 praeparare.
2589 2440 2729 2495 Dum
2754 2438 2989 2510 quodam
3015 2438 3103 2492 die
3129 2452 3253 2492 cum
3281 2436 3488 2491 coaevis
3514 2435 3607 2489 sibi
3631 2434 3769 2504 pueris

2231 2533 2453 2589 ludendi
2481 2533 2655 2605 gratia
2683 2531 3045 2603 processisset
3078 2528 3146 2583 ad
3184 2528 3346 2582 littus
3386 2528 3573 2592 maris,
3597 2526 3698 2581 aliis
3731 2526 3769 2576 in

2232 2624 2411 2681 otioso
2440 2625 2662 2682 ludendi
2702 2623 2921 2695 negotio
2954 2621 3195 2686 intentis,
3244 2620 3340 2675 hic
3370 2620 3525 2674 humi
3568 2618 3770 2672 reclinat»

2231 2716 2427 2786 capite,
2472 2731 2668 2771 somno
2709 2715 2876 2785 C(Bpit
2920 2714 3219 2784 indulgere.
3265 2715 3412 2770 Cum
3455 2711 3625 2768 subito
3648 2711 3770 2763 inun-

2231 2804 2412 2860 dando
2456 2804 2731 2859 redeuntis
2772 2802 2943 2858 maris
2974 2811 3109 2857 testu
3148 2802 3501 2867 adveniente,
3547 2799 3672 2871 quod
3708 2812 3771 2863 se;

2232 2896 2470 2950 cundum
2500 2895 2642 2949 luna:
2668 2904 2935 2949 'cursum'
2961 2893 3017 2946 in
3062 2893 3204 2946 mari
3244 2891 3547 2946 Britanniae
3585 2888 3681 2942 ﬁeri
3711 2894 3770 2940 est

2232 2985 2495 3050 solemne,
2545 2982 2740 3053 reliqui
2790 2981 2942 3052 pueri
2994 2981 3121 3052 fuga
3167 2981 3476 3035 consulunt
3516 2979 3631 3031 vitae
3670 2988 3768 3035 sua,

2232 3076 2385 3131 illum
2416 3075 2778 3130 dormientem
2806 3074 2859 3127 in
2892 3081 3044 3128 tanto
3070 3071 3319 3145 periculo
3343 3087 3457 3127 non
3481 3074 3770 3125 occurrentis

2234 3168 2490 3222 excitare.
2524 3165 2628 3220 Sed
2651 3180 2820 3236 puero
2850 3164 2916 3219 ad
2945 3164 3177 3233 salutem
3208 3164 3515 3218 multorum
3543 3169 3670 3223 nato,
3691 3172 3769 3209 non

2238 3256 2396 3327 longe
2422 3254 2595 3310 abfuit
2625 3253 2901 3327 [abstitit]
2940 3253 3031 3307 Dei
3069 3254 3361 3322 protectio,
3393 3259 3660 3323 procurata
3684 3263 3769 3301 ma-

2235 3361 2343 3417 gno
2373 3361 2556 3399 rerum
2591 3345 2878 3398 miraculo.
2911 3341 3069 3409 Nam,
3102 3358 3227 3403 cum
3260 3343 3511 3413 undique
3535 3354 3669 3410 aqua
3689 3337 3767 3391 cir-

2232 3437 2611 3503 cumfluerent,
2637 3445 2692 3492 et
2719 3436 2879 3491 unda:
2907 3436 3068 3490 undis
3090 3436 3542 3505 supervenientes
3568 3447 3673 3489 cum
3692 3427 3768 3483 fcr-

2232 3536 2362 3584 ‘vore
2404 3528 2664 3584 tumendo
2707 3527 3240 3596 circumstreperent,
3273 3536 3334 3582 et
3372 3536 3553 3581 tamen
3585 3525 3767 3581 cireum-

2230 3621 2396 3676 ducto
2424 3621 2665 3691 undique
2693 3620 2924 3687 circulo,
2972 3619 3153 3675 locum
3186 3616 3565 3689 in‘quo'puer
3602 3612 3766 3686 jaeehat

2234 3702 2500 3785 attingere
2531 3728 2639 3768 non
2675 3712 2959 3778 auderent,
2995 3710 3393 3784 omnipotenti‘a
3431 3710 3524 3765 Dei
3555 3708 3662 3764 fecit
3688 3704 3767 3758 illic

2232 3796 2469 3860 insulam
2490 3819 2825 3869 excreseere,
2855 3817 2979 3873 quae
3002 3818 3175 3872 usque
3191 3802 3259 3856 ad
3286 3817 3566 3857 summum
3584 3795 3766 3868 aequoris

2236 3906 2484 3968 porrecta
2518 3898 2604 3952 sui
2634 3896 2940 3957 altitudine,
2988 3894 3229 3950 futurum
3274 3894 3487 3950 Christi
3528 3891 3766 3948 antistitem

2232 3991 2376 4046 eruit
2413 4006 2445 4046 a
2483 3991 2675 4045 mortis
2712 3988 3049 4044 discrimine.
3093 3986 3228 4042 Tam
3274 4003 3413 4042 vero
3453 3985 3700 4057 inopinato
3724 3979 3762 4032 in

2232 4083 2408 4139 oculis
2437 4084 2682 4165 omnium
2708 4090 3001 4153 apparente
3030 4081 3320 4149 miraculo,
3348 4095 3513 4151 Opera
3534 4083 3761 4149 parentum

2233 4190 2458 4231 suorum
2486 4175 2651 4231 citius
2693 4183 2989 4245 procurate
3033 4172 3271 4245 navigio,
3319 4174 3551 4229 eductus
3588 4167 3764 4238 estpia-

2232 4268 2375 4324 citus
2420 4267 2530 4322 Deo
2574 4282 2712 4345 puer
2746 4266 2814 4321 de
2851 4266 3023 4322 maris
3059 4266 3325 4336 periculo.
3370 4267 3450 4322 Ne
3494 4273 3656 4319 autem
3688 4274 3762 4313 un-

2232 4376 2397 4431 quam
2428 4375 2458 4414 a
2489 4356 2753 4413 memoria
2795 4359 3070 4413 excideret
3115 4358 3278 4428 hujus
3329 4358 3462 4413 facti
3499 4355 3698 4415 novitas,
3723 4356 3761 4404 ct

2233 4456 2295 4503 ut
2335 4464 2432 4519 per
2475 4449 2580 4522 hoc
2622 4448 2799 4517 magis
2839 4447 3161 4504 claresceret
3195 4448 3342 4509 beati
3386 4448 3487 4502 viri
3535 4443 3759 4503 sanctitas.

547 4574 671 4621 rent
698 4563 912 4620 vivendi
939 4539 1550 4617 contubernium.‘Nam
1586 4567 1779 4607 omnes
1813 4549 1976 4606 simul
2004 4561 2128 4603 cum
2163 4554 2206 4611 ῃ
2233 4542 2478 4597 eamdem
2508 4542 2750 4597 insulam.
2775 4556 2951 4611 usque
2993 4541 3049 4594 in
3081 4535 3411 4595 hodiernum
3439 4541 3572 4595 diem
3596 4548 3759 4608 perﬂuo

550 4656 609 4712 S.
638 4656 901 4712 Maclovio
926 4651 1268 4709 scholar-ibus
1295 4646 1492 4704 studiis
1510 4644 1946 4727 eruditi,.omnes
1972 4640 2137 4696 simul

549 4749 746 4806 divinae
774 4746 1021 4804 servituti
1048 4751 1177 4800 sunt
1198 4739 1515 4810 mancipati.

678 4846 683 4850 ’
1182 4831 1411 4890 CAPUT
1448 4830 1514 4886 ll.

528 4954 533 4961 '
623 4935 786 4990 Bonae
813 4923 999 4999 itaque
1027 4927 1226 4982 indolis
1243 4924 1424 4995 puero
1449 4923 1623 4978 electo
1653 4936 1684 4975 a
1712 4918 1825 4973 Deo
1855 4916 1924 4971 ab
1959 4913 2132 4970 beati—

549 5024 758 5085 tudinis
785 5004 950 5093 Opera
984 5016 1472 5087 exsequenda,jam
1504 5023 1635 5069 tunc
1663 5010 1924 5068 divinitus
1959 5006 2132 5077 inspi-

551 5120 815 5181 rabatur,
858 5110 1006 5183 quod
1043 5110 1119 5164 ait
1166 5117 1355 5163 sancta
1404 5105 1726 5176 Scriptura:
1765 5121 1783 5153 ‹
1816 5101 1896 5155 Ex
1937 5097 2133 5166 studiis

552 5214 671 5270 suis
705 5206 1057 5282 cognOscitur
1101 5216 1266 5273 puer,
1300 5200 1362 5255 si
1409 5197 1613 5252 munda
1666 5197 1776 5251 sint
1811 5208 1977 5263 opera
2014 5191 2136 5259 ejus

554 5309 716 5363 Prov.
752 5304 883 5374 xx);
919 5318 937 5353 ι
979 5306 1071 5354 et:
1104 5316 1121 5347 ι
1150 5294 1356 5349 Beatus
1381 5290 1476 5361 qui
1500 5288 1804 5361 portaverit
1837 5287 2033 5357 jugum
2067 5283 2138 5338 ab

522 5394 921 5458 ‘adolescentia
959 5405 1058 5447 sua
1095 5386 1312 5460 (Tltren.
1356 5384 1473 5455 Ill).
1520 5403 1538 5434 ι
1579 5382 1662 5436 Ab
1697 5380 1832 5449 ipsis
1868 5379 2012 5433 enim
2056 5376 2141 5431 in-

554 5490 740 5547 fantia:
785 5485 945 5542 annis
981 5478 1328 5552 occupationi
1369 5475 1648 5533 saecularis
1684 5475 1941 5529 vanitatis
1985 5472 2143 5527 abre-

555 5569 868 5643 nuntiavit,‘
896 5584 951 5631 et
979 5572 1219 5629 libertati
1247 5570 1446 5626 divina
1474 5566 1749 5623 servitutis
1791 5581 1851 5621 se
1893 5564 2141 5620 sociavit.

557 5673 684 5740 Qui,
712 5679 772 5726 ut
795 5667 1009 5739 plenius
1034 5665 1261 5720 haberet
1282 5661 1568 5719 scientiam
1595 5658 1859 5714 doctrinae
1881 5666 1937 5712 et
1961 5656 2144 5727 cogni-

560 5752 763 5817 tionem
797 5757 910 5823 Dei,
947 5755 1153 5811 aretius
1193 5768 1253 5810 se
1295 5753 1501 5809 addixit
1540 5759 1855 5808 sanctarum
1884 5748 2137 5818 Scriptu-

562 5871 718 5913 af'um
746 5850 1039 5909 eruditioni
1069 5868 1081 5904 :
1111 5850 1167 5904 in
1204 5850 1361 5921 cujus
1405 5849 1481 5905 rei
1523 5848 1819 5904 intentione
1849 5845 2132 5911 otiositas,

2242 4651 2372 4690 nere
2399 4635 2839 4715 fecitDivinitas,
2870 4642 2945 4695 et,
2964 4641 3025 4688 ut
3050 4632 3347 4700 credimus,
3379 4649 3550 4704 usque
3571 4633 3619 4686 in
3640 4630 3757 4683 tinem

2241 4728 2383 4783 banc
2406 4743 2505 4798 pro
2530 4725 2843 4783 testimonio
2872 4724 3095 4780 habebit
3118 4724 3435 4794 posteritas.

2250 4828 2261 4843 ο
2846 4815 3085 4872 CAPUT
3117 4814 3204 4891 Iv,

2308 4910 2458 4978 Post,
2488 4918 2709 4966 sanctus
2735 4909 3033 4965 Maclovius
3066 4908 3133 4963 de
3166 4908 3353 4965 adulta
3390 4903 3605 4961 infantia
3626 4909 3757 4953 trans,

2240 5004 2358 5058 iens
2387 5003 2441 5056 in
2473 5002 2780 5072 pueritiam,
2818 5010 3025 5072 quanto
3057 5000 3377 5069 ampliorem
3423 4996 3605 5053 divina:
3628 4987 3753 5055 ΜΨ

2240 5096 2470 5151 rationis
2513 5110 2641 5151 cum
2691 5103 2969 5150 cremento
3010 5094 3188 5149 aetatis
3236 5092 3519 5149 hauriebat
3558 5084 3753 5159 gratim.

2240 5196 2395 5242 tanto
2423 5186 2637 5241 avidius
2656 5194 2822 5256 atque
2848 5185 3142 5240 instantius
3169 5200 3265 5240 cor
3291 5198 3452 5238 suum
3482 5172 3754 5253 praepara“

2230 5279 2314 5345 ad
2335 5276 2693 5348 appetendam
2723 5277 2980 5348 angelicae
2998 5277 3123 5333 vitae
3150 5277 3574 5332 sanctimoniam.
3597 5270 3755 5325 δείδιε·

2245 5387 2353 5441 que
2399 5387 2466 5427 ex
2516 5385 2614 5424 ore
2662 5368 2899 5437 Domini,
2948 5369 3336 5436 beatitudinem
3381 5365 3583 5423 videndi
3626 5360 3751 5414 Deum

2249 5469 2577 5540 promissam
2605 5484 2728 5525 esse
2764 5466 2983 5522 mundis
3015 5447 3183 5522 corde
3217 5464 3434 5537 (Matth.
3464 5461 3535 5532 v),
3570 5458 3629 5512 ab
3656 5448 3752 5522 ipsis

2247 5566 2496 5640 pueritiae
2533 5564 2859 5621 rudimentis
2890 5579 2950 5618 se
2982 5561 3200 5617 devovit
3232 5560 3483 5632 Operibus
3512 5546 3748 5610 munditia.

2256 5636 2452 5716 Volens
2490 5659 2638 5715 enim
2678 5658 2890 5729 placere
2920 5654 3030 5711 Deo
3070 5669 3299 5724 corpore
3329 5660 3382 5708 et
3408 5648 3612 5720 spiritu,
3642 5636 3751 5707 elisi!

2250 5767 2468 5807 omnem
2496 5758 2709 5805 aetatem
2738 5766 2894 5806 suam
2921 5762 3080 5820 agere
3107 5747 3161 5801 in
3191 5742 3507 5817 virginitatis
3532 5733 3745 5794 omlibatu.

2253 5844 2406 5900 Sicut
2442 5843 2585 5898 enim
2617 5850 2754 5897 testa
2784 5857 2995 5898 recres.
3024 5856 3133 5910 quo
3164 5838 3329 5895 semel
3364 5843 3441 5890 est
3466 5831 3659 5888 imbuta.
3681 5820 3748 5875 diu
