3908 6316
124 382 223 446 733
1258 386 1263 393 ‘
1399 389 1561 445 vim
1602 389 1658 445 s.
1699 387 2046 448 MACLOVII.
3138 428 3143 433 .
3250 394 3392 467 πλε

118 509 295 561 servat
332 500 559 558 odorem
588 521 601 556 :
629 502 705 557 ita
743 512 798 558 et
830 503 882 558 ei
922 502 1054 559 utile
1083 504 1262 559 visum
1291 514 1403 563 est.
1440 504 1575 558 rude
1606 519 1704 558 vas
1732 506 1779 566 Α
1808 503 2033 568 reducto
2051 504 2178 559 fune
2201 503 2608 577 temperantiae,
2626 522 2842 579 semper
2867 508 3104 565 mediam
3129 506 3390 566 virtutum

119 595 361 665 corporis
398 595 490 650 sui
527 604 718 665 aptare
757 596 1161 666 quamprimum
1197 596 1265 651 ad
1312 596 1702 652 sanetiticatio-
1804 595 1950 649 viam
1972 590 2036 650 in
2069 598 2325 654 omnibus
2354 599 2613 666 tenuerit,
2645 601 2782 656 satis
2812 616 2879 655 ex
2908 601 3014 656 hoc
3039 602 3235 671 patuit,
3262 604 3392 673 quia

118 700 236 740 nem
281 693 339 739 et
388 685 688 753 honorem,
726 700 797 741 ne
834 695 1279 756 corrumperetur
1324 703 1423 757 per
1467 687 1704 743 carnalis

84 776 369 849 sdesiderii
410 777 745 847 passionem.
781 775 939 843 Quod
978 786 1038 833 ut
1072 778 1299 833 liberius
1326 787 1381 833 et
1407 778 1703 849 perfectius

117 873 294 937 posset
314 866 568 938 exsequi,
586 881 683 937 per
700 882 767 937 pa
775 876 990 922 rentum
1002 868 1348 924 devotionem
1360 877 1415 924 et
1426 870 1703 940 propriam

117 960 452 1014 voluntatem
496 959 794 1030 assumpsit
838 960 1085 1016 habitum
1131 961 1342 1017 ordinis
1388 963 1698 1018 monastici.

115 1049 213 1105 Ubi
236 1052 460 1121 positus
487 1053 589 1108 sub
619 1054 884 1124 regularis
909 1044 1212 1124 disciplinae
1237 1055 1505 1123 custodia,
1536 1071 1703 1126 quam

116 1151 394 1197 strenuum
439 1152 495 1198 et
535 1151 846 1214 promptum
891 1160 950 1200 se
983 1145 1296 1201 exhibuerit
1333 1161 1448 1216 prae
1489 1146 1701 1201 caneris

113 1234 164 1288 in
198 1230 532 1300 obedientia,
564 1236 755 1289 saltem
795 1251 859 1291 ex
904 1232 1012 1291 hoc
1046 1237 1271 1307 probari
1305 1237 1523 1308 poterit,
1554 1237 1701 1308 quod

115 1326 309 1382 invidia
336 1327 701 1398 coaequalium
729 1343 964 1383 suorum
987 1344 1175 1384 carere
1203 1345 1312 1385 non
1340 1329 1517 1400 potuit
1542 1348 1555 1385 :
1579 1346 1702 1401 quae

112 1433 318 1488 semper
346 1433 417 1473 ex
445 1418 681 1473 aliorum
704 1417 952 1488 profectu
981 1428 1036 1475 et
1063 1420 1237 1490 gloria
1265 1413 1518 1487 nascens,
1539 1421 1593 1475 in
1614 1437 1701 1478 se-

115 1511 221 1581 ipsa
255 1511 616 1567 contabescit.
646 1510 965 1567 Patiebatur
983 1512 1131 1568 enim
1152 1513 1292 1568 inter
1313 1528 1525 1570 coaevos
1546 1530 1696 1582 suos,

114 1604 247 1674 quod
284 1602 493 1675 Ioseph
523 1604 656 1660 olim
682 1621 881 1676 passus
905 1615 990 1661 est
1017 1606 1160 1662 inter
1187 1606 1383 1664 fratres
1412 1608 1568 1662 ‘suos.
1603 1606 1701 1663 «ιο-
1734 1676 1740 1689 ⁸

115 1696 237 1767 sepb
268 1697 535 1781 polyan
565 1698 753 1754 tunica
785 1714 815 1753 a
846 1706 998 1770 patre
1019 1698 1257 1755 donatus
1278 1697 1430 1771 (Gen.
1463 1699 1694 1769 xxxvii),

113 1798 161 1844 et
187 1791 251 1845 ab
269 1805 335 1846 eo
360 1790 489 1860 plus
511 1791 726 1846 cunctis
752 1789 1014 1847 fratribus
1038 1800 1279 1853 amatus.
1309 1790 1438 1862 quia
1463 1789 1696 1846 fratrum
1730 1792 1755 1862 ξ

114 1882 231 1937 vitia
263 1874 545 1954 carpebat,
577 1884 840 1939 invidiam
866 1885 970 1945 sibi
999 1882 1347 1940 conflaverat.
1380 1882 1481 1939 Hic
1506 1884 1692 1951 etiam,

115 1974 229 2044 quia
260 1975 489 2031 talarem
526 1975 879 2046 perfectionis
912 1977 1175 2043 tunicam,
1208 1984 1265 2032 et
1295 1976 1559 2032 virtutum
1595 1990 1693 2031 eo-

115 2064 219 2120 lore
239 2067 512 2123 variatam
545 2084 576 2123 a
603 2067 715 2124 Deo
753 2069 973 2135 meruit,
1018 2069 1312 2139 aequalium
1355 2084 1581 2124 suorum
1611 2069 1696 2123 in-

117 2158 301 2213 vidiam
346 2159 591 2232 effugere
634 2146 981 2232 non'potuit.
1022 2161 1140 2217 Mos
1169 2171 1253 2217 est
1278 2162 1485 2218 ordinis
1524 2161 1693 2229 illius,
1730 2152 1737 2155 ⁷

116 2266 296 2321 pueros
322 2250 470 2307 ferre
498 2251 939 2308 hebdomadatim
962 2253 1246 2309 lucernam
1270 2270 1396 2310 cum
1422 2255 1543 2311 luce
1569 2264 1696 2310 ante

119 2342 448 2414 pzedagogum
475 2358 664 2410 suum,
689 2344 910 2415 quando
930 2353 1202 2401 nocturno
1222 2354 1468 2416 tempore
1490 2346 1697 2401 intrant

118 2432 191 2487 vel
214 2442 413 2489 exeunt
440 2435 770 2491 oratorium.
793 2426 1151 2492 ‘Adveniente
1184 2452 1318 2508 ergo
1351 2436 1695 2494 bebdomada

120 2520 274 2580 felicis
299 2523 478 2595 pueri,
499 2541 786 2597 compares
812 2525 933 2597 ejus
961 2527 1343 2588 exstinxerunt
1359 2526 1560 2599 ignem,
1583 2512 1695 2598 quo

119 2615 325 2672 debebat
363 2618 596 2675 lucerna
644 2620 866 2676 accendi
897 2638 910 2674 :
939 2627 1210 2690 optantes,
1252 2629 1314 2676 ut
1356 2621 1549 2676 saltem
1593 2636 1694 2691 pro

122 2708 209 2762 hac
240 2708 441 2766 oﬂ‘ensa
478 2710 734 2767 sufferret
764 2713 994 2768 verbera
1027 2713 1297 2784 magistri.
1335 2711 1477 2779 Quid
1511 2722 1695 2783 ageret

121 2798 417 2869 simplicitas
442 2803 638 2873 pueri?
660 2803 743 2858 Ad
765 2802 1059 2871 ofﬁcinam,
1086 2803 1180 2860 ubi
1203 2820 1270 2861 ex
1292 2805 1528 2860 annonis
1550 2820 1695 2875 aqua
1730 2830 1739 2845 ι

123 2891 296 2947 infusis
336 2903 506 2966 atque
550 2895 792 2951 decoctis
837 2896 1231 2952 conficiebatur
1271 2896 1555 2963 cerevisia,
1596 2912 1694 2955 cu-

122 2984 288 3051 currit,
317 2996 371 3041 et
397 2987 586 3058 ignem
616 2987 721 3042 sibi
751 2987 871 3042 dari
900 3004 932 3043 a
964 2989 1219 3044 ministro
1247 2988 1422 3058 petiit.
1454 2987 1561 3044 Sed
1592 3004 1693 3044 nec

125 3074 169 3130 in
201 3079 359 3134 crudo
395 3079 603 3135 rustici
636 3084 859 3151 pectore
900 3081 1186 3136 diabolicae
1224 3080 1445 3136 invidia:
1482 3080 1690 3135 malitia

124 3166 288 3225 defuit.
310 3171 654 3242 Aspernatus
676 3172 822 3228 enim
847 3173 1109 3243 supplicis
1126 3173 1279 3244 pueri
1303 3173 1687 3240 humilitatem,

126 3262 316 3329 negavit
359 3264 646 3336 porrigere
696 3264 840 3336 ignis
890 3263 1157 3320 fomitem.
1198 3264 1292 3321 Ille
1344 3265 1691 3337 angustiatus

125 3352 422 3418 praetimere
449 3356 727 3429 magistri,
759 3373 965 3427 prunas
993 3373 1024 3412 a
1056 3358 1274 3413 camino
1297 3358 1553 3414 ardentes
1580 3358 1688 3413 im-

127 3444 283 3511 posuit
306 3447 463 3515 vesti,
509 3456 564 3503 et
589 3448 656 3504 ad
683 3449 965 3504 lucernam
995 3450 1401 3505 accendendam
1437 3465 1688 3506 recurre-

127 3533 203 3591 bat
231 3555 412 3608 gressu
440 3541 632 3598 celeri.
663 3540 769 3598 Sed
800 3542 1086 3599 inveniens
1112 3558 1233 3598 eam
1261 3545 1372 3615 jam
1399 3559 1690 3601 accensam

128 3625 374 3701 divinitus,
402 3649 619 3705 prunas
650 3633 1195 3712 excussit‘vestibus,
1239 3651 1362 3706 quae
1388 3644 1573 3692 tamen
1615 3637 1686 3690 il-

128 3717 245 3777 larsze
288 3727 544 3783 omnibus
590 3734 981 3798 apparuerunt.
1032 3725 1368 3799 Paedagogus
1413 3727 1689 3800 geminato

128 3810 361 3871 miraculo
392 3817 756 3888 stupefactus,
785 3818 994 3874 alumni
1037 3834 1097 3874 se
1136 3816 1411 3890 provoluit
1435 3820 1683 3892 genibus.

130 3899 184 3956 Et
205 3905 442 3981 deinceps
470 3911 673 3967 debitae
699 3911 1038 3968 venerationi
1068 3912 1310 3980 habitus,
1342 3928 1469 3968 cum
1496 3929 1686 3970 omnes

130 3997 327 4055 anteiret
352 4003 546 4073 gloria,
574 4011 757 4059 tamen
783 4004 988 4060 cbarus
1020 4012 1140 4060 erat
1168 4005 1444 4062 omnibus.

714 4095 944 4171 CAPUT
984 4096 1051 4155 v.

189 4178 269 4237 Vir
291 4195 533 4255 sanctus,
579 4188 706 4260 quia
748 4188 956 4247 Christi
985 4190 1245 4248 sacerdos
1286 4200 1406 4248 erat
1441 4192 1681 4256 futurus.

130 4268 174 4322 ει
194 4284 338 4343 caput
359 4287 410 4334 et
434 4280 671 4336 caudam
700 4282 895 4337 hostiae
927 4282 985 4337 in
1016 4282 1346 4339 sacrificium
1375 4283 1469 4338 Dei
1497 4284 1684 4339 o't'fcrri

131 4360 295 4423 debere
314 4372 539 4441 sciebat,
566 4374 633 4430 de
657 4374 745 4430 die
771 4374 827 4429 in
854 4375 999 4431 diem
1022 4376 1090 4431 de
1112 4375 1312 4432 virtute
1340 4376 1396 4431 in
1425 4377 1680 4432 virtutem

92 4509 97 4517 .
131 4456 429 4546 proficiebat,
460 4474 520 4523 et
547 4482 648 4537 per
677 4468 882 4524 scalam
916 4468 1190 4546 bonorum
1227 4454 1457 4539 operum
1488 4454 1683 4542 grada-

1806 688 1874 742 ad
1903 703 2181 744 summum
2211 690 2588 747 sanctimoniae
2621 693 2837 748 culmen
2865 691 3095 748 feliciter
3122 694 3389 763 pervenit.

1804 778 1975 850 Cujus
2002 780 2129 837 vitae
2170 783 2493 840 rectitudine
2531 785 2714 840 omnis
2755 785 2989 856 populus
3031 786 3099 841 ad
3134 787 3392 843 meliora-

1806 873 2007 928 tionem
2030 889 2245 930 morum
2272 891 2380 931 non
2408 893 2600 946 parum
2626 877 2889 944 directus,
2918 887 2973 934 et
2998 879 3393 936 miraculorum

1802 965 1922 1035 ejus
1959 966 2131 1037 gloria
2174 967 2339 1024 nimis
2376 968 2734 1039 jucundatus,
2764 971 3075 1041 promoveri
3112 985 3233 1025 eum
3265 969 3395 1026 fecit

1803 1059 1871 1114 ad
1896 1057 2143 1114 ordinem
2171 1061 2537 1131 episcopatus,
2570 1072 2631 1117 ut
2663 1063 2886 1118 uberius
2911 1060 3244 1117 sauctiticari
3275 1060 3395 1131 ejus

1804 1147 2276 1220 benedictionibus
2306 1162 2669 1209 mererentur.

2414 1241 2646 1299 CAPUT
2688 1243 2777 1299 Vl.

1874 1329 2063 1398 Fama,
2094 1346 2218 1400 quae
2245 1329 2387 1386 facta
2418 1339 2474 1386 et
2499 1331 2698 1389 infecta
2743 1333 2881 1389 solet
2913 1334 3085 1405 loqui,
3122 1333 3395 1389 referebat

1797 1437 1922 1478 esse
1947 1424 2510 1493 quamdam.insulam
2522 1425 2583 1479 in
2614 1426 2774 1493 mari,
2797 1427 2947 1497 quzr,
2974 1435 3177 1496 praeter.
3199 1434 3393 1480 uetera

1801 1514 2075 1571 felicitatis
2110 1532 2224 1572 suae
2252 1517 2559 1585 commoda,
2591 1518 2795 1588 quibus
2828 1533 2941 1589 prae
2978 1519 3193 1575 castoris
3233 1517 3395 1573 terris

1798 1615 1854 1663 et
1909 1606 2107 1663 insulis
2161 1608 2471 1664 celebratur
2515 1608 2815 1677 abundare,
2854 1611 2958 1665 hoc
2987 1611 3256 1666 miraculo
3302 1611 3393 1666 di-

1799 1710 1968 1768 gnum
1996 1697 2279 1754 dicebatur
2306 1700 2505 1755 habere
2538 1700 2774 1772 insigne,
2804 1700 2953 1771 quod
2976 1701 3101 1756 coeli
3146 1701 3296 1756 cives
3337 1702 3393 1756 in

1799 1807 1863 1847 ea
1905 1785 2220 1849 ferebantur
2248 1795 2518 1850 habitare.
2552 1793 2730 1865 Super
2757 1796 2863 1850 hoc
2892 1796 2939 1851 si
2970 1790 3049 1850 rei
3076 1792 3392 1851 considere-
3496 1808 3501 1814 '

1798 1894 1889 1941 tur
1910 1888 2135 1954 veritas,
2164 1904 2231 1943 ex
2256 1904 2323 1943 eo
2352 1888 2460 1944 illis
2485 1889 2754 1944 insulanis
2781 1888 2897 1944 haec
2919 1889 3134 1944 vivendi
3166 1889 3397 1959 imputa—

1796 1982 1960 2039 batur
2002 1983 2253 2050 felicitas,
2292 1984 2389 2055 qui
2428 1984 2572 2056 apud
2612 1999 2708 2040 cos
2752 1984 2807 2038 in
2850 1983 3007 2043 nullo.
3047 1984 3395 2039 exorbitahat

1795 2077 2022 2133 moralis
2086 2076 2434 2132 rectitudinis
2503 2064 2808 2147 probitas,
2848 2077 2961 2133 imo
3010 2077 3066 2131 in
3123 2077 3395 2131 omnibus

1794 2178 2044 2241 potenter
2086 2156 2352 2242 regnabat
2399 2170 2666 2225 naturalis
2714 2170 2851 2241 legis
2897 2170 3181 2225 sanctitas.
3235 2168 3391 2224 Dele-

1795 2270 1976 2318 ctatus
2006 2277 2136 2333 ergo
2169 2262 2254 2317 vir
2283 2263 2478 2318 beatus
2516 2270 2628 2318 tam
2661 2261 2950 2337 favorabili,
2986 2262 3201 2329 nuntio,
3246 2269 3395 2317 totus

1796 2352 1864 2407 ad
1891 2353 2277 2423 requirendam
2312 2362 2422 2408 tam
2456 2354 2786 2409 laudabilem
2816 2348 3054 2409 insulam
3087 2354 3273 2408 animo
3308 2352 3391 2407 fe-

1795 2443 2039 2499 rebatur.
2073 2443 2213 2510 Quia
2248 2442 2394 2499 enim
2436 2444 2556 2515 ejus
2591 2432 3089 2515 conversatio-jam
3135 2444 3191 2497 in
3239 2443 3395 2498 uelis

1794 2543 1934 2602 erat,
1981 2544 2035 2591 et
2065 2551 2191 2591 eum
2230 2535 2372 2591 inter
2406 2535 2595 2590 mundi
2635 2536 2892 2591 scandala
2930 2545 3389 2601 commorantem,

1795 2627 2079 2697 injustitiaa
2116 2629 2373 2683 humana:
2423 2627 2798 2698 multiciplitas
2825 2616 3153 2694 offendebat,
3198 2614 3391 2682 saltem
3448 2636 3460 2644 ‘

1794 2721 1907 2776 illic
1942 2721 2107 2776 vitam
2155 2720 2503 2777 desiderabat
2547 2736 2726 2792 agere,
2773 2719 2866 2775 ubi
2901 2718 3131 2789 iustitiae
3166 2718 3395 2789 vestigia

1794 2814 2129 2871 remansisse
2171 2813 2445 2870 audiebat.
2491 2812 2574 2868 Ad
2618 2814 2724 2868 hoc
2761 2827 2889 2868 eum
2928 2812 3095 2867 etiam
3141 2809 3391 2881 magistri

1795 2908 1883 2963 sui
1911 2915 1966 2962 et
2007 2907 2222 2962 abbatis
2251 2905 2526 2961 Brandani
2555 2905 2864 2975 exemplum
2897 2891 3195 2968 animabat,
3227 2901 3390 2971 cujus

1796 3007 1911 3054 tota
1955 2999 2186 3055 intentio
2224 2999 2293 3053 ad
2341 2998 2555 3054 felicem
2604 2998 2844 3053 insulam
2890 2986 3239 3068 quaarendam
3278 3008 3389 3048 non
3490 2996 3496 3003 “

1794 3084 1980 3145 minus
2009 3089 2273 3160 flagrabat
2299 3108 2311 3144 :
2339 3090 2539 3159 quippe
2564 3090 2659 3159 qui
2687 3089 2853 3159 hujus
2885 3104 3039 3145 novae
3076 3086 3393 3157 peregrina-

1792 3183 1962 3238 tionis
1988 3183 2235 3238 incentor
2260 3181 2530 3236 existebat
2553 3189 2608 3236 et
2633 3189 2845 3245 auctor,
2877 3187 2935 3232 ut
2961 3177 3233 3248 scriptura
3268 3175 3394 3230 vita:

1794 3274 1915 3346 ejus
1962 3275 2321 3330 demonstrat.
2370 3271 2549 3339 Quam
2598 3272 2645 3327 si
2681 3271 2807 3342 quis
2847 3269 3121 3326 desiderat
3164 3270 3344 3339 legere
3373 3310 3389 3335 ,

1793 3366 1925 3438 quid
1978 3365 2046 3421 de
2090 3381 2156 3422 ea
2205 3365 2479 3420 aestimare
2517 3363 2750 3429 debeat,
2800 3362 3129 3444 sapientium
3182 3361 3393 3417 ediscat
3482 3376 3485 3377 '

1788 3456 2018 3527 judicio.
2049 3454 2448 3511 Posthabentes
2469 3453 2635 3525 igitur
2659 3454 2874 3511 dulcem
2899 3442 3090 3523 patriae
3116 3467 3383 3518 amorem,

1792 3548 2083 3603 assumunt
2110 3547 2379 3603 incertum
2406 3554 2605 3617 optatae
2637 3544 3094 3616 peregrinationis
3118 3545 3386 3599 laborem.
3482 3581 3493 3589 ι

1793 3635 1947 3692 Hanc
1969 3637 2114 3691 viam
2146 3636 2420 3702 insistere,
2464 3645 2651 3692 utrum
2695 3635 3032 3706 persuaserit
3071 3635 3189 3690 sola
3238 3650 3389 3705 qua}-

1791 3729 1975 3785 rendre
2019 3729 2193 3785 felicis
2240 3730 2594 3787 habitationis
2640 3728 2896 3784 voluntas
2924 3769 2939 3793 ,
2981 3742 3050 3781 an
3099 3727 3281 3794 aliqua
3320 3742 3386 3780 ex

1789 3829 1944 3890 parte
1993 3814 2330 3892 subrepserit
2380 3822 2582 3877 animis
2619 3835 2811 3876 eorum
2857 3819 3114 3874 humanm
3148 3833 3387 3889 CIlI'IOSl-
3450 3849 3459 3855 -

1788 3913 1916 3969 tatis
1942 3913 2224 3984 voluptas,
2248 3930 2358 3970 non
2389 3913 2554 3970 habet
2574 3913 2849 3969 discutere
2872 3918 3060 3967 nostra
3085 3910 3381 3995 temeritas.

1734 4048 1737 4051 ς
1789 4003 1942 4059 Hane
1976 4014 2160 4060 tamen
2216 4006 2362 4061 viam
2407 4005 2520 4061 Deo
2565 4021 2675 4061 non
2715 4003 3104 4076 displicuisse,
3145 4019 3241 4073 per
3279 4002 3386 4056 hoc

1789 4098 1926 4154 satis
1961 4099 2347 4171 intelligimus,
2380 4094 2529 4171 quia
2561 4092 2726 4155 etiam
2772 4099 2879 4155 hoc
2922 4096 3382 4169 peregrinationis

1786 4196 2028 4260 tempore
2057 4192 2204 4267 hunc
2233 4209 2451 4249 servum
2489 4209 2651 4249 suum
2683 4207 2799 4247 non
2838 4190 3049 4248 destitit
3094 4190 3251 4245 miris
3288 4188 3385 4245 de-

1785 4296 1977 4338 corare
2004 4284 2309 4341 miraculis.
2573 4315 2577 4319 ι
3138 4284 3192 4316 ῖ-
3270 4315 3276 4319 .
3367 4292 3371 4297 ·

2386 4377 2618 4433 CAPUT
2659 4377 2766 4432 Vll.
2867 4419 2875 4427 .

1784 4479 1789 4482 ‘
1853 4468 2134 4526 Paschalis
2159 4470 2522 4525 solemnitatis
2571 4469 2810 4524 mundus
2859 4468 3052 4541 agebat
3101 4467 3378 4533 lmtitiam,

132 4540 213 4637 ξφ
238 4551 307 4604 ad
347 4550 624 4637 summum
665 4542 1015 4628 perfectionis
1061 4560 1328 4616 scandere
1374 4540 1677 4617 laborabat.
1714 4571 1758 4626 1)
1783 4561 2003 4631 quando
2036 4561 2175 4616 solet
2204 4569 2391 4616 sancta
2422 4558 2666 4615 Ecclesia
2704 4560 2974 4637 celebrius
2998 4560 3249 4637 recolere
3279 4576 3381 4614 no-

134 4628 368 4722 Quidquid
403 4636 551 4703 enim
592 4649 648 4703 in
684 4658 869 4705 tenera
902 4658 1059 4707 aetate
1092 4651 1204 4706 Deo
1250 4652 1482 4708 fideliter
1509 4654 1678 4722 vovit,

134 4721 176 4777 id
197 4743 479 4801 opportuno
512 4749 755 4811 tempore
796 4742 1081 4798 sinceriter
1110 4744 1292 4799 solvit.
1324 4744 1465 4801 Ante
1493 4721 1680 4803 omnia

135 4822 359 4885 castitatis
394 4826 619 4902 puritati
659 4849 882 4906 operam
929 4835 1116 4902 dedit,
1163 4836 1344 4893 sciens
1393 4837 1522 4907 quia
1573 4838 1682 4894 nisi

136 4907 369 4998 sincerum
389 4940 483 4981 vas
505 4925 700 4994 fuerit,
740 4927 1109 4998 quodcunque
1135 4927 1463 4997 infunditur,
1489 4944 1679 4985 acces-

138 4994 211 5052 sit.
238 5001 455 5068 'llabens
506 5030 637 5085 ergo
686 4994 1269 5086 prtecinctoslumbos
1323 4994 1679 5075 hac—virtute

1735 4673 1739 4675 λ
1781 4661 1910 4709 strae
1937 4651 2326 4723 redemptionis
2359 4650 2700 4717 memoriam,
2731 4634 2854 4721 qua:
2883 4651 2970 4707 his
2998 4634 3197 4707 diebus
3223 4668 3376 4708 com-

1781 4744 1925 4815 pleta
1953 4752 2038 4800 est
2076 4759 2174 4815 per
2206 4742 2520 4814 passionem
2552 4749 2606 4796 et
2633 4736 3091 4819 resurrectionem
3124 4740 3374 4800 Domini-'-

1782 4851 1923 4891 cam.
1951 4837 2088 4892 Cum
2119 4834 2301 4891 easteri
2332 4834 2459 4891 inde
2495 4851 2553 4891 se
2590 4818 2812 4906 agerent
2853 4818 3123 4903 festivius,
3167 4835 3224 4892 S.
3263 4836 3379 4892 Ma-

1781 4929 1990 4985 clovius
2019 4944 2080 4984 se
2108 4928 2309 4998 agebat
2333 4926 2605 4993 devotius,
2638 4912 2845 4982 vacans
2874 4928 3122 4997 psalmis,
3155 4928 3374 5000 hymnis

1778 5029 1833 5076 et
1866 5020 2232 5088 orationibus,
2269 5027 2458 5090 utpote
2497 5020 2593 5090 qui
2626 5019 3063 5093 debebat‘Deutn
3108 5022 3369 5097 interpel-

1779 5112 1894 5167 lare
1919 5126 2028 5167 non
2071 5111 2247 5167 solum
2282 5127 2384 5182 pro
2416 5111 2554 5177 suis,
2598 5110 2690 5167 sed
2737 5111 2903 5167 etiam
2934 5127 3034 5182 pro
3064 5113 3248 5182 populi
3276 5121 3401 5166 ex-‘

1777 5204 2047 5261 cessibus.
2073 5202 2275 5273 Valens
2298 5219 2430 5276 ergo
2458 5204 2734 5260 celebrare
2761 5205 3025 5261 solemnia
3047 5204 3367 5272 missarum,

1777 5311 1904 5352 cum
1957 5312 2067 5377 non
2115 5296 2342 5379 haberet
2382 5298 2564 5354 locum
2613 5297 2680 5352 ad
2719 5298 2774 5352 id
2812 5298 3065 5379 idoneum
3127 5297 3387 5377 (quippe

1782 5393 1877 5464 qui
1904 5374 2299 5449 circumferens
2337 5393 2539 5458 visum,
2584 5398 2853 5463 quantum
2886 5374 3234 5471 permittebat
3262 5393 3369 5447 ho-

1780 5485 1934 5542 rizon
1982 5485 2121 5540 nihil
2154 5485 2395 5553 videbat,
2436 5484 2544 5541 nisi
2583 5484 2838 5554 superius
2875 5482 3097 5549 crelum,
3140 5488 3197 5539 et
3230 5485 3369 5541 infe-

1778 5574 2208 5649 rius‘liquorem
2243 5577 2551 5650 aquarum)
2599 5585 2716 5631 toto
2759 5576 2924 5631 Corde
2966 5590 3265 5634 conversus
3299 5577 3367 5632 ad

1768 5670 1980 5739 Deum,
2031 5672 2223 5727 orabat
2267 5671 2543 5747 obnixius:
2570 5670 2640 5724 ab
2680 5685 2748 5725 eo
2791 5667 2977 5724 offerri
3020 5661 3129 5725 sibi
3182 5670 3365 5727 locum

1778 5771 1986 5834 aptum.
2035 5762 2374 5818 Exaudibilis
2432 5761 2585 5817 auris
2626 5759 2719 5816 Dei
2762 5761 3154 5832 omnipotentis
3192 5761 3366 5818 amuit

1776 5865 1975 5926 ιιι-ωεῑο
2007 5855 2241 5911 orationi
2275 5854 2427 5910 utilia
2460 5854 2690 5925 petentis
2718 5872 2728 5909 :
2757 5863 2810 5910 ct
2854 5854 2949 5926 qui
2982 5854 3116 5910 olim
3146 5850 3362 5927 pericli;

137 5092 393 5179 castitatis,
413 5105 575 5160 etiam
605 5106 885 5163 lucernam
919 5107 1202 5163 ardentem
1230 5109 1449 5166 tenebat
1482 5111 1539 5166 in
1561 5127 1680 5167 ma-

140 5178 272 5239 nibus
298 5192 423 5261 suis,
453 5184 577 5253 cum
605 5187 707 5269 per
729 5199 873 5255 bona
894 5215 1058 5272 opera
1083 5200 1223 5257 lucis
1247 5203 1497 5275 exempla
1520 5218 1679 5259 mon-

139 5275 315 5367 strabat
337 5290 610 5353 proximis.
639 5290 716 5346 fta
746 5292 976 5349 fideliter
994 5302 1048 5349 et
1074 5294 1373 5365 prudenter
1392 5295 1677 5367 geminans

141 5361 282 5465 τιθεὶς)
316 5374 415 5465 sibi
447 5382 648 5465 credita
680 5377 887 5440 talenta
923 5361 1227 5443 intellectus
1254 5361 1672 5459 etoperationis

142 5448 269 5521 (Luc.
298 5460 415 5538 xu),
429 5458 779 5548 quoscunque
805 5478 984 5549 potuit
1002 5479 1171 5536 verbo
1195 5487 1250 5537 et
1275 5448 1527 5552 exemplo
1556 5481 1675 5536 alli-

141 5553 243 5642 cfl‘c
281 5557 341 5611 ad
377 5556 709 5637 propositum
753 5581 958 5627 sanctae
1002 5573 1675 5645 conVersationisyPaﬂi’

276 5656 324 5744 et
335 5656 500 5714 socios
527 5661 631 5718 sibi
660 5658 926 5719 conscivit
947 5665 1014 5720 ad
1038 5666 1412 5722 scandendum
1435 5667 1538 5722 iter
1558 5682 1677 5738 per-

144 5724 374 5830 fectionis.
401 5749 514 5807 tam
541 5770 677 5811 vero
700 5773 866 5827 quam
893 5758 943 5813 ei
968 5757 1253 5830 frugalitas
1279 5761 1456 5817 amica
1486 5724 1669 5827 fuerit,

145 5828 282 5889 quam
322 5835 367 5889 ei
405 5847 728 5912 parcimonia
778 5828 1365 5922 placuerit,vquomodo
1415 5854 1670 5925 utrinque
