  <div class='ocr_page' id='page_1' title='image "/cluster/home/n/w/nwhite01/storage/ocr_20150623/160/hvd.32044015473846/369.png"; bbox 0 0 3908 6316; ppageno 0'>
   <div class='ocr_carea' id='block_1_1' title="bbox 517 298 3743 395">
    <p class='ocr_par' dir='ltr' id='par_1_1' title="bbox 517 298 3743 395">
     <span class='ocr_line' id='line_1_1' title="bbox 517 298 3743 395; baseline -0.005 -2"><span class='ocrx_word' id='word_1_1' title='bbox 517 336 623 395; x_wconf 78' lang='grc'><strong>7⁸55</strong></span> <span class='ocrx_word' id='word_1_2' title='bbox 1328 298 1339 307; x_wconf 64' lang='grc' dir='ltr'><strong> </strong></span> <span class='ocrx_word' id='word_1_3' title='bbox 1735 330 2101 388; x_wconf 69' lang='lat' dir='ltr'><strong>SlGEBERTl</strong></span> <span class='ocrx_word' id='word_1_4' title='bbox 2134 328 2658 387; x_wconf 80' lang='lat' dir='ltr'><strong>GEMBLACENSlS</strong></span> <span class='ocrx_word' id='word_1_5' title='bbox 3661 319 3743 377; x_wconf 70' lang='lat'><strong>736</strong></span> 
     </span>
    </p>
   </div>
   <div class='ocr_carea' id='block_1_2' title="bbox 518 432 3748 522">
    <p class='ocr_par' dir='ltr' id='par_1_2' title="bbox 518 432 3748 522">
     <span class='ocr_line' id='line_1_2' title="bbox 518 432 3748 522; baseline -0.007 -11"><span class='ocrx_word' id='word_1_6' title='bbox 518 455 656 512; x_wconf 91' lang='lat' dir='ltr'><strong>tanti</strong></span> <span class='ocrx_word' id='word_1_7' title='bbox 689 454 839 510; x_wconf 56' lang='lat' dir='ltr'><strong>Jonas</strong></span> <span class='ocrx_word' id='word_1_8' title='bbox 875 461 1085 510; x_wconf 88' lang='lat' dir='ltr'><strong>certum</strong></span> <span class='ocrx_word' id='word_1_9' title='bbox 1125 452 1193 508; x_wconf 79' lang='lat' dir='ltr'><strong>ad</strong></span> <span class='ocrx_word' id='word_1_10' title='bbox 1232 451 1585 509; x_wconf 74' lang='lat' dir='ltr'><strong>salvationem</strong></span> <span class='ocrx_word' id='word_1_11' title='bbox 1623 451 1743 522; x_wconf 83' lang='lat' dir='ltr'><strong>ejus</strong></span> <span class='ocrx_word' id='word_1_12' title='bbox 1780 450 2105 522; x_wconf 81' lang='lat' dir='ltr'><strong>praeparavit</strong></span> <span class='ocrx_word' id='word_1_13' title='bbox 2133 454 2177 510; x_wconf 74' lang='grc' dir='ltr'>Α</span> <span class='ocrx_word' id='word_1_14' title='bbox 2207 449 2284 503; x_wconf 81' lang='lat' dir='ltr'><strong>vit</strong></span> <span class='ocrx_word' id='word_1_15' title='bbox 2325 447 2583 519; x_wconf 81' lang='lat' dir='ltr'><strong>baptismi</strong></span> <span class='ocrx_word' id='word_1_16' title='bbox 2624 449 3003 509; x_wconf 70' lang='lat' dir='ltr'><strong>sacramentis,</strong></span> <span class='ocrx_word' id='word_1_17' title='bbox 3033 451 3088 497; x_wconf 85' lang='lat' dir='ltr'><strong>et</strong></span> <span class='ocrx_word' id='word_1_18' title='bbox 3113 438 3350 522; x_wconf 78' lang='lat' dir='ltr'><strong>munivit</strong></span> <span class='ocrx_word' id='word_1_19' title='bbox 3372 434 3569 493; x_wconf 85' lang='lat' dir='ltr'><strong>viatico</strong></span> <span class='ocrx_word' id='word_1_20' title='bbox 3595 432 3748 491; x_wconf 80' lang='lat' dir='ltr'><strong>Domi-</strong></span> 
     </span>
    </p>
   </div>
   <div class='ocr_carea' id='block_1_3' title="bbox 517 514 3749 619">
    <p class='ocr_par' dir='ltr' id='par_1_3' title="bbox 517 514 3749 619">
     <span class='ocr_line' id='line_1_3' title="bbox 517 514 3749 619; baseline -0.006 -17"><span class='ocrx_word' id='word_1_21' title='bbox 517 547 696 619; x_wconf 69' lang='lat' dir='ltr'><strong>(Jome</strong></span> <span class='ocrx_word' id='word_1_22' title='bbox 737 545 829 617; x_wconf 78' lang='lat' dir='ltr'><strong>ir),</strong></span> <span class='ocrx_word' id='word_1_23' title='bbox 868 545 960 603; x_wconf 90' lang='lat' dir='ltr'><strong>hic</strong></span> <span class='ocrx_word' id='word_1_24' title='bbox 987 546 1153 602; x_wconf 88' lang='lat' dir='ltr'><strong>etiam</strong></span> <span class='ocrx_word' id='word_1_25' title='bbox 1184 545 1348 601; x_wconf 87' lang='lat' dir='ltr'><strong>modo</strong></span> <span class='ocrx_word' id='word_1_26' title='bbox 1384 514 2100 614; x_wconf 41' lang='lat' dir='ltr'><strong>balatnam&#39;pratsto-adesse</strong></span> <span class='ocrx_word' id='word_1_27' title='bbox 2201 541 2309 597; x_wconf 83' lang='lat' dir='ltr'><strong>nici</strong></span> <span class='ocrx_word' id='word_1_28' title='bbox 2339 514 2588 610; x_wconf 72' lang='lat' dir='ltr'><strong>corporis</strong></span> <span class='ocrx_word' id='word_1_29' title='bbox 2623 546 2678 593; x_wconf 90' lang='lat' dir='ltr'><strong>et</strong></span> <span class='ocrx_word' id='word_1_30' title='bbox 2718 535 3023 608; x_wconf 79' lang='lat' dir='ltr'><strong>sanguinis.</strong></span> <span class='ocrx_word' id='word_1_31' title='bbox 3061 514 3377 604; x_wconf 57' lang='lat' dir='ltr'><strong>Superviiit</strong></span> <span class='ocrx_word' id='word_1_32' title='bbox 3414 537 3590 585; x_wconf 87' lang='lat' dir='ltr'><strong>autem</strong></span> <span class='ocrx_word' id='word_1_33' title='bbox 3615 532 3749 598; x_wconf 79' lang='lat' dir='ltr'><strong>quin-</strong></span> 
     </span>
    </p>
   </div>
   <div class='ocr_carea' id='block_1_4' title="bbox 516 622 3749 705">
    <p class='ocr_par' dir='ltr' id='par_1_4' title="bbox 516 622 3749 705">
     <span class='ocr_line' id='line_1_4' title="bbox 516 622 3749 705; baseline -0.006 -10"><span class='ocrx_word' id='word_1_34' title='bbox 516 636 664 695; x_wconf 82' lang='lat' dir='ltr'><strong>fecit.</strong></span> <span class='ocrx_word' id='word_1_35' title='bbox 697 634 799 691; x_wconf 86' lang='lat' dir='ltr'><strong>Cui</strong></span> <span class='ocrx_word' id='word_1_36' title='bbox 828 643 977 691; x_wconf 86' lang='lat' dir='ltr'><strong>tanta</strong></span> <span class='ocrx_word' id='word_1_37' title='bbox 1003 634 1250 705; x_wconf 90' lang='lat' dir='ltr'><strong>corporis</strong></span> <span class='ocrx_word' id='word_1_38' title='bbox 1279 634 1508 689; x_wconf 76' lang='lat' dir='ltr'><strong>vastitas</strong></span> <span class='ocrx_word' id='word_1_39' title='bbox 1531 641 1669 699; x_wconf 91' lang='lat' dir='ltr'><strong>erat,</strong></span> <span class='ocrx_word' id='word_1_40' title='bbox 1699 640 1759 687; x_wconf 91' lang='lat' dir='ltr'><strong>ut</strong></span> <span class='ocrx_word' id='word_1_41' title='bbox 1787 646 1952 702; x_wconf 84' lang='lat' dir='ltr'><strong>rupes</strong></span> <span class='ocrx_word' id='word_1_42' title='bbox 1979 644 2101 686; x_wconf 89' lang='lat' dir='ltr'><strong>esse</strong></span> <span class='ocrx_word' id='word_1_43' title='bbox 2200 631 2376 689; x_wconf 86' lang='lat' dir='ltr'><strong>decim</strong></span> <span class='ocrx_word' id='word_1_44' title='bbox 2408 631 2706 697; x_wconf 90' lang='lat' dir='ltr'><strong>diebus,-et</strong></span> <span class='ocrx_word' id='word_1_45' title='bbox 2733 644 2764 682; x_wconf 90' lang='lat' dir='ltr'><strong>a</strong></span> <span class='ocrx_word' id='word_1_46' title='bbox 2792 636 2968 683; x_wconf 89' lang='lat' dir='ltr'><strong>morte</strong></span> <span class='ocrx_word' id='word_1_47' title='bbox 2996 625 3193 681; x_wconf 82' lang='lat' dir='ltr'><strong>animae</strong></span> <span class='ocrx_word' id='word_1_48' title='bbox 3224 630 3446 685; x_wconf 91' lang='lat' dir='ltr'><strong>erutus,</strong></span> <span class='ocrx_word' id='word_1_49' title='bbox 3482 622 3633 674; x_wconf 81' lang='lat' dir='ltr'><strong>morti</strong></span> <span class='ocrx_word' id='word_1_50' title='bbox 3659 633 3749 674; x_wconf 82' lang='lat' dir='ltr'><strong>oor-</strong></span> 
     </span>
    </p>
   </div>
   <div class='ocr_carea' id='block_1_5' title="bbox 514 709 3784 799">
    <p class='ocr_par' dir='ltr' id='par_1_5' title="bbox 514 709 3784 799">
     <span class='ocr_line' id='line_1_5' title="bbox 514 709 3784 799; baseline -0.008 -12"><span class='ocrx_word' id='word_1_51' title='bbox 514 730 589 787; x_wconf 83' lang='lat' dir='ltr'><strong>ab</strong></span> <span class='ocrx_word' id='word_1_52' title='bbox 621 727 938 785; x_wconf 89' lang='lat' dir='ltr'><strong>hominibus</strong></span> <span class='ocrx_word' id='word_1_53' title='bbox 971 734 1252 799; x_wconf 81' lang='lat' dir='ltr'><strong>putaretur</strong></span> <span class='ocrx_word' id='word_1_54' title='bbox 1277 745 1290 780; x_wconf 90' lang='lat'><strong>:</strong></span> <span class='ocrx_word' id='word_1_55' title='bbox 1312 740 1478 796; x_wconf 89' lang='lat' dir='ltr'><strong>porro</strong></span> <span class='ocrx_word' id='word_1_56' title='bbox 1519 740 1639 780; x_wconf 90' lang='lat' dir='ltr'><strong>eam</strong></span> <span class='ocrx_word' id='word_1_57' title='bbox 1678 732 1830 780; x_wconf 90' lang='lat' dir='ltr'><strong>tanta</strong></span> <span class='ocrx_word' id='word_1_58' title='bbox 1862 724 2105 779; x_wconf 85' lang='lat' dir='ltr'><strong>substra-</strong></span> <span class='ocrx_word' id='word_1_59' title='bbox 2200 723 2373 794; x_wconf 88' lang='lat' dir='ltr'><strong>porali</strong></span> <span class='ocrx_word' id='word_1_60' title='bbox 2419 731 2504 778; x_wconf 91' lang='lat' dir='ltr'><strong>est</strong></span> <span class='ocrx_word' id='word_1_61' title='bbox 2543 720 2807 786; x_wconf 85' lang='lat' dir='ltr'><strong>redditus,</strong></span> <span class='ocrx_word' id='word_1_62' title='bbox 2843 726 2899 774; x_wconf 89' lang='lat' dir='ltr'><strong>et</strong></span> <span class='ocrx_word' id='word_1_63' title='bbox 2931 718 2986 772; x_wconf 91' lang='lat' dir='ltr'><strong>in</strong></span> <span class='ocrx_word' id='word_1_64' title='bbox 3024 716 3215 772; x_wconf 89' lang='lat' dir='ltr'><strong>eodem</strong></span> <span class='ocrx_word' id='word_1_65' title='bbox 3254 712 3475 785; x_wconf 79' lang='lat' dir='ltr'><strong>tumulo</strong></span> <span class='ocrx_word' id='word_1_66' title='bbox 3495 709 3784 779; x_wconf 51' lang='lat' dir='ltr'><strong>repositus,</strong></span> 
     </span>
    </p>
   </div>
   <div class='ocr_carea' id='block_1_6' title="bbox 516 809 3753 886">
    <p class='ocr_par' dir='ltr' id='par_1_6' title="bbox 516 809 3753 886">
     <span class='ocr_line' id='line_1_6' title="bbox 516 809 3753 886; baseline -0.007 -8"><span class='ocrx_word' id='word_1_67' title='bbox 516 830 675 879; x_wconf 82' lang='lat' dir='ltr'><strong>verat</strong></span> <span class='ocrx_word' id='word_1_68' title='bbox 696 820 1073 884; x_wconf 75' lang='lat' dir='ltr'><strong>immobilitas,</strong></span> <span class='ocrx_word' id='word_1_69' title='bbox 1103 828 1163 874; x_wconf 91' lang='lat' dir='ltr'><strong>ut</strong></span> <span class='ocrx_word' id='word_1_70' title='bbox 1182 818 1359 875; x_wconf 87' lang='lat' dir='ltr'><strong>insula</strong></span> <span class='ocrx_word' id='word_1_71' title='bbox 1391 816 1604 872; x_wconf 82' lang='lat' dir='ltr'><strong>stabilis</strong></span> <span class='ocrx_word' id='word_1_72' title='bbox 1627 831 1748 872; x_wconf 88' lang='lat' dir='ltr'><strong>esse</strong></span> <span class='ocrx_word' id='word_1_73' title='bbox 1767 816 2098 872; x_wconf 81' lang='lat' dir='ltr'><strong>crederetur.</strong></span> <span class='ocrx_word' id='word_1_74' title='bbox 2202 816 2257 871; x_wconf 92' lang='lat' dir='ltr'><strong>in</strong></span> <span class='ocrx_word' id='word_1_75' title='bbox 2282 814 2519 886; x_wconf 81' lang='lat' dir='ltr'><strong>generali</strong></span> <span class='ocrx_word' id='word_1_76' title='bbox 2540 812 2785 868; x_wconf 91' lang='lat' dir='ltr'><strong>omnium</strong></span> <span class='ocrx_word' id='word_1_77' title='bbox 2803 809 3212 882; x_wconf 87' lang='lat' dir='ltr'><strong>regeneratione</strong></span> <span class='ocrx_word' id='word_1_78' title='bbox 3227 812 3635 861; x_wconf 85' lang='lat' dir='ltr'><strong>resurrecturus</strong></span> <span class='ocrx_word' id='word_1_79' title='bbox 3652 817 3753 856; x_wconf 84' lang='lat' dir='ltr'><strong>cum</strong></span> 
     </span>
    </p>
   </div>
   <div class='ocr_carea' id='block_1_7' title="bbox 520 894 3757 981">
    <p class='ocr_par' dir='ltr' id='par_1_7' title="bbox 520 894 3757 981">
     <span class='ocr_line' id='line_1_7' title="bbox 520 894 3757 981; baseline -0.006 -13"><span class='ocrx_word' id='word_1_80' title='bbox 520 910 1005 969; x_wconf 87' lang='lat' dir='ltr'><strong>Sacramentorum</strong></span> <span class='ocrx_word' id='word_1_81' title='bbox 1033 924 1162 981; x_wconf 87' lang='lat' dir='ltr'><strong>ergo</strong></span> <span class='ocrx_word' id='word_1_82' title='bbox 1191 909 1382 963; x_wconf 89' lang='lat' dir='ltr'><strong>ordine</strong></span> <span class='ocrx_word' id='word_1_83' title='bbox 1411 924 1442 962; x_wconf 89' lang='lat' dir='ltr'><strong>a</strong></span> <span class='ocrx_word' id='word_1_84' title='bbox 1478 907 1760 963; x_wconf 86' lang='lat' dir='ltr'><strong>sacerdote</strong></span> <span class='ocrx_word' id='word_1_85' title='bbox 1787 905 2104 969; x_wconf 87' lang='lat' dir='ltr'><strong>solemniter</strong></span> <span class='ocrx_word' id='word_1_86' title='bbox 2201 905 2423 963; x_wconf 86' lang='lat' dir='ltr'><strong>Christo</strong></span> <span class='ocrx_word' id='word_1_87' title='bbox 2451 905 2679 961; x_wconf 79' lang='lat' dir='ltr'><strong>felicius.</strong></span> <span class='ocrx_word' id='word_1_88' title='bbox 2714 902 2840 960; x_wconf 65' lang='lat' dir='ltr'><strong>Haec</strong></span> <span class='ocrx_word' id='word_1_89' title='bbox 2869 912 3017 971; x_wconf 90' lang='lat' dir='ltr'><strong>sunt,</strong></span> <span class='ocrx_word' id='word_1_90' title='bbox 3052 902 3194 958; x_wconf 88' lang='lat' dir='ltr'><strong>bone</strong></span> <span class='ocrx_word' id='word_1_91' title='bbox 3226 898 3385 963; x_wconf 78' lang='lat' dir='ltr'><strong>Jesu,</strong></span> <span class='ocrx_word' id='word_1_92' title='bbox 3423 894 3644 951; x_wconf 83' lang='lat' dir='ltr'><strong>miriﬁca</strong></span> <span class='ocrx_word' id='word_1_93' title='bbox 3672 901 3757 949; x_wconf 71' lang='lat' dir='ltr'><strong>tua</strong></span> 
     </span>
    </p>
   </div>
   <div class='ocr_carea' id='block_1_8' title="bbox 518 987 3756 1070">
    <p class='ocr_par' dir='ltr' id='par_1_8' title="bbox 518 987 3756 1070">
     <span class='ocr_line' id='line_1_8' title="bbox 518 987 3756 1070; baseline -0.006 -10"><span class='ocrx_word' id='word_1_94' title='bbox 518 1004 814 1070; x_wconf 89' lang='lat' dir='ltr'><strong>celebrato,</strong></span> <span class='ocrx_word' id='word_1_95' title='bbox 837 1012 890 1058; x_wconf 90' lang='lat' dir='ltr'><strong>et</strong></span> <span class='ocrx_word' id='word_1_96' title='bbox 916 1001 1115 1056; x_wconf 90' lang='lat' dir='ltr'><strong>viatico</strong></span> <span class='ocrx_word' id='word_1_97' title='bbox 1141 1000 1438 1054; x_wconf 86' lang='lat' dir='ltr'><strong>Dominicae</strong></span> <span class='ocrx_word' id='word_1_98' title='bbox 1465 998 1821 1054; x_wconf 80' lang='lat' dir='ltr'><strong>Eucharistiae</strong></span> <span class='ocrx_word' id='word_1_99' title='bbox 1848 996 2104 1053; x_wconf 89' lang='lat' dir='ltr'><strong>omnibus</strong></span> <span class='ocrx_word' id='word_1_100' title='bbox 2202 999 2505 1057; x_wconf 89' lang='lat' dir='ltr'><strong>divinitatis</strong></span> <span class='ocrx_word' id='word_1_101' title='bbox 2551 1012 2716 1068; x_wconf 86' lang='lat' dir='ltr'><strong>opera</strong></span> <span class='ocrx_word' id='word_1_102' title='bbox 2742 1014 2757 1052; x_wconf 93' lang='lat'><strong>:</strong></span> <span class='ocrx_word' id='word_1_103' title='bbox 2780 996 2899 1053; x_wconf 63' lang='lat' dir='ltr'><strong>haec</strong></span> <span class='ocrx_word' id='word_1_104' title='bbox 2940 1003 3071 1052; x_wconf 89' lang='lat' dir='ltr'><strong>sunt</strong></span> <span class='ocrx_word' id='word_1_105' title='bbox 3098 991 3394 1064; x_wconf 84' lang='lat' dir='ltr'><strong>magniﬁca</strong></span> <span class='ocrx_word' id='word_1_106' title='bbox 3422 999 3532 1043; x_wconf 74' lang='lat' dir='ltr'><strong>tua:</strong></span> <span class='ocrx_word' id='word_1_107' title='bbox 3554 987 3756 1056; x_wconf 47' lang='lat' dir='ltr'><strong>promis.</strong></span> 
     </span>
    </p>
   </div>
   <div class='ocr_carea' id='block_1_9' title="bbox 520 1077 3761 1162">
    <p class='ocr_par' dir='ltr' id='par_1_9' title="bbox 520 1077 3761 1162">
     <span class='ocr_line' id='line_1_9' title="bbox 520 1077 3761 1162; baseline -0.006 -10"><span class='ocrx_word' id='word_1_108' title='bbox 520 1096 715 1152; x_wconf 83' lang='lat' dir='ltr'><strong>devote</strong></span> <span class='ocrx_word' id='word_1_109' title='bbox 749 1094 1069 1158; x_wconf 91' lang='lat' dir='ltr'><strong>distributo,</strong></span> <span class='ocrx_word' id='word_1_110' title='bbox 1112 1106 1223 1162; x_wconf 93' lang='lat' dir='ltr'><strong>quo</strong></span> <span class='ocrx_word' id='word_1_111' title='bbox 1248 1091 1413 1146; x_wconf 90' lang='lat' dir='ltr'><strong>unico</strong></span> <span class='ocrx_word' id='word_1_112' title='bbox 1439 1090 1581 1146; x_wconf 87' lang='lat' dir='ltr'><strong>inter</strong></span> <span class='ocrx_word' id='word_1_113' title='bbox 1602 1105 1793 1145; x_wconf 88' lang='lat' dir='ltr'><strong>omnes</strong></span> <span class='ocrx_word' id='word_1_114' title='bbox 1817 1088 2105 1158; x_wconf 89' lang='lat' dir='ltr'><strong>utriusque</strong></span> <span class='ocrx_word' id='word_1_115' title='bbox 2204 1091 2377 1147; x_wconf 91' lang='lat' dir='ltr'><strong>sionis</strong></span> <span class='ocrx_word' id='word_1_116' title='bbox 2416 1105 2664 1156; x_wconf 85' lang='lat' dir='ltr'><strong>munera,</strong></span> <span class='ocrx_word' id='word_1_117' title='bbox 2696 1087 2897 1159; x_wconf 87' lang='lat' dir='ltr'><strong>quibus</strong></span> <span class='ocrx_word' id='word_1_118' title='bbox 2925 1084 3153 1139; x_wconf 88' lang='lat' dir='ltr'><strong>ﬁdeliter</strong></span> <span class='ocrx_word' id='word_1_119' title='bbox 3177 1082 3235 1137; x_wconf 88' lang='lat' dir='ltr'><strong>in</strong></span> <span class='ocrx_word' id='word_1_120' title='bbox 3267 1090 3323 1136; x_wconf 89' lang='lat' dir='ltr'><strong>te</strong></span> <span class='ocrx_word' id='word_1_121' title='bbox 3353 1077 3635 1135; x_wconf 83' lang='lat' dir='ltr'><strong>credentes</strong></span> <span class='ocrx_word' id='word_1_122' title='bbox 3654 1092 3761 1132; x_wconf 62' lang='lat' dir='ltr'><strong>cono</strong></span> 
     </span>
    </p>
   </div>
   <div class='ocr_carea' id='block_1_10' title="bbox 520 1170 3758 1247">
    <p class='ocr_par' dir='ltr' id='par_1_10' title="bbox 520 1170 3758 1247">
     <span class='ocr_line' id='line_1_10' title="bbox 520 1170 3758 1247; baseline -0.006 -3"><span class='ocrx_word' id='word_1_123' title='bbox 520 1187 762 1244; x_wconf 85' lang='lat' dir='ltr'><strong>hominis</strong></span> <span class='ocrx_word' id='word_1_124' title='bbox 798 1184 1154 1241; x_wconf 86' lang='lat' dir='ltr'><strong>adversitates</strong></span> <span class='ocrx_word' id='word_1_125' title='bbox 1199 1183 1548 1238; x_wconf 89' lang='lat' dir='ltr'><strong>munirentur</strong></span> <span class='ocrx_word' id='word_1_126' title='bbox 1593 1182 1841 1237; x_wconf 86' lang='lat' dir='ltr'><strong>subsidio</strong></span> <span class='ocrx_word' id='word_1_127' title='bbox 1865 1223 1879 1247; x_wconf 92' lang='lat'><strong>,</strong></span> <span class='ocrx_word' id='word_1_128' title='bbox 1927 1181 2105 1236; x_wconf 87' lang='lat' dir='ltr'><strong>soluto</strong></span> <span class='ocrx_word' id='word_1_129' title='bbox 2206 1184 2414 1241; x_wconf 82' lang='lat' dir='ltr'><strong>solatur</strong></span> <span class='ocrx_word' id='word_1_130' title='bbox 2450 1191 2545 1237; x_wconf 89' lang='lat' dir='ltr'><strong>tua</strong></span> <span class='ocrx_word' id='word_1_131' title='bbox 2590 1179 2898 1239; x_wconf 91' lang='lat' dir='ltr'><strong>clementia.</strong></span> <span class='ocrx_word' id='word_1_132' title='bbox 2943 1196 2963 1230; x_wconf 71' lang='grc' dir='ltr'>ι</span> <span class='ocrx_word' id='word_1_133' title='bbox 2992 1176 3097 1244; x_wconf 87' lang='lat' dir='ltr'><strong>Qui</strong></span> <span class='ocrx_word' id='word_1_134' title='bbox 3128 1174 3325 1240; x_wconf 87' lang='lat' dir='ltr'><strong>credit,</strong></span> <span class='ocrx_word' id='word_1_135' title='bbox 3364 1171 3566 1242; x_wconf 83' lang='lat' dir='ltr'><strong>inquit,</strong></span> <span class='ocrx_word' id='word_1_136' title='bbox 3601 1170 3651 1224; x_wconf 90' lang='lat' dir='ltr'><strong>in</strong></span> <span class='ocrx_word' id='word_1_137' title='bbox 3674 1186 3758 1233; x_wconf 83' lang='lat' dir='ltr'><strong>me,</strong></span> 
     </span>
    </p>
   </div>
   <div class='ocr_carea' id='block_1_11' title="bbox 522 1262 3759 1345">
    <p class='ocr_par' dir='ltr' id='par_1_11' title="bbox 522 1262 3759 1345">
     <span class='ocr_line' id='line_1_11' title="bbox 522 1262 3759 1345; baseline -0.005 -11"><span class='ocrx_word' id='word_1_138' title='bbox 522 1278 779 1335; x_wconf 87' lang='lat' dir='ltr'><strong>alacriter</strong></span> <span class='ocrx_word' id='word_1_139' title='bbox 802 1276 958 1331; x_wconf 86' lang='lat' dir='ltr'><strong>navis</strong></span> <span class='ocrx_word' id='word_1_140' title='bbox 984 1275 1307 1340; x_wconf 90' lang='lat' dir='ltr'><strong>retinaculo,</strong></span> <span class='ocrx_word' id='word_1_141' title='bbox 1324 1274 1559 1329; x_wconf 88' lang='lat' dir='ltr'><strong>reddunt</strong></span> <span class='ocrx_word' id='word_1_142' title='bbox 1591 1288 1651 1328; x_wconf 82' lang='lat' dir='ltr'><strong>se</strong></span> <span class='ocrx_word' id='word_1_143' title='bbox 1675 1279 1931 1342; x_wconf 86' lang='lat' dir='ltr'><strong>suscepto</strong></span> <span class='ocrx_word' id='word_1_144' title='bbox 1960 1269 2108 1325; x_wconf 83' lang='lat' dir='ltr'><strong>navi—</strong></span> <span class='ocrx_word' id='word_1_145' title='bbox 2205 1290 2368 1345; x_wconf 84' lang='lat' dir='ltr'><strong>opera</strong></span> <span class='ocrx_word' id='word_1_146' title='bbox 2395 1290 2516 1345; x_wconf 68' lang='lat' dir='ltr'><strong>quae</strong></span> <span class='ocrx_word' id='word_1_147' title='bbox 2539 1288 2640 1345; x_wconf 87' lang='lat' dir='ltr'><strong>ego</strong></span> <span class='ocrx_word' id='word_1_148' title='bbox 2670 1271 2832 1338; x_wconf 87' lang='lat' dir='ltr'><strong>facio,</strong></span> <span class='ocrx_word' id='word_1_149' title='bbox 2862 1279 2917 1327; x_wconf 88' lang='lat' dir='ltr'><strong>et</strong></span> <span class='ocrx_word' id='word_1_150' title='bbox 2941 1270 3058 1340; x_wconf 89' lang='lat' dir='ltr'><strong>ipse</strong></span> <span class='ocrx_word' id='word_1_151' title='bbox 3074 1267 3256 1333; x_wconf 78' lang='lat' dir='ltr'><strong>faciet,</strong></span> <span class='ocrx_word' id='word_1_152' title='bbox 3275 1273 3331 1321; x_wconf 93' lang='lat' dir='ltr'><strong>et</strong></span> <span class='ocrx_word' id='word_1_153' title='bbox 3358 1264 3569 1334; x_wconf 83' lang='lat' dir='ltr'><strong>majora</strong></span> <span class='ocrx_word' id='word_1_154' title='bbox 3598 1262 3759 1317; x_wconf 79' lang='lat' dir='ltr'><strong>horum</strong></span> 
     </span>
    </p>
   </div>
   <div class='ocr_carea' id='block_1_12' title="bbox 519 1354 3764 1443">
    <p class='ocr_par' dir='ltr' id='par_1_12' title="bbox 519 1354 3764 1443">
     <span class='ocr_line' id='line_1_12' title="bbox 519 1354 3764 1443; baseline -0.005 -18"><span class='ocrx_word' id='word_1_155' title='bbox 519 1369 683 1443; x_wconf 82' lang='lat' dir='ltr'><strong>gandi</strong></span> <span class='ocrx_word' id='word_1_156' title='bbox 726 1367 1032 1439; x_wconf 90' lang='lat' dir='ltr'><strong>proposito.</strong></span> <span class='ocrx_word' id='word_1_157' title='bbox 1070 1366 1242 1422; x_wconf 93' lang='lat' dir='ltr'><strong>Porro</strong></span> <span class='ocrx_word' id='word_1_158' title='bbox 1278 1366 1336 1420; x_wconf 88' lang='lat' dir='ltr'><strong>in</strong></span> <span class='ocrx_word' id='word_1_159' title='bbox 1376 1365 1637 1421; x_wconf 90' lang='lat' dir='ltr'><strong>comitatu</strong></span> <span class='ocrx_word' id='word_1_160' title='bbox 1682 1364 1776 1419; x_wconf 93' lang='lat' dir='ltr'><strong>illo</strong></span> <span class='ocrx_word' id='word_1_161' title='bbox 1813 1372 1971 1418; x_wconf 88' lang='lat' dir='ltr'><strong>erant</strong></span> <span class='ocrx_word' id='word_1_162' title='bbox 2007 1362 2107 1416; x_wconf 85' lang='lat' dir='ltr'><strong>lio-</strong></span> <span class='ocrx_word' id='word_1_163' title='bbox 2207 1364 2370 1422; x_wconf 90' lang='lat' dir='ltr'><strong>faciet</strong></span> <span class='ocrx_word' id='word_1_164' title='bbox 2388 1365 2568 1438; x_wconf 81' lang='lat' dir='ltr'><strong>(Joan.</strong></span> <span class='ocrx_word' id='word_1_165' title='bbox 2591 1366 2724 1437; x_wconf 81' lang='lat' dir='ltr'><strong>xiv).</strong></span> <span class='ocrx_word' id='word_1_166' title='bbox 2752 1385 2770 1417; x_wconf 69' lang='grc' dir='ltr'><strong><em>ι</em></strong></span> <span class='ocrx_word' id='word_1_167' title='bbox 2794 1363 2929 1431; x_wconf 65' lang='lat' dir='ltr'><strong>Qua:</strong></span> <span class='ocrx_word' id='word_1_168' title='bbox 2949 1361 3171 1433; x_wconf 87' lang='lat' dir='ltr'><strong>quidem</strong></span> <span class='ocrx_word' id='word_1_169' title='bbox 3196 1374 3366 1431; x_wconf 88' lang='lat' dir='ltr'><strong>posse</strong></span> <span class='ocrx_word' id='word_1_170' title='bbox 3379 1354 3764 1425; x_wconf 75' lang='lat' dir='ltr'><strong>ﬁeriperhomi-</strong></span> 
     </span>
    </p>
   </div>
   <div class='ocr_carea' id='block_1_13' title="bbox 522 1445 3763 1529">
    <p class='ocr_par' dir='ltr' id='par_1_13' title="bbox 522 1445 3763 1529">
     <span class='ocr_line' id='line_1_13' title="bbox 522 1445 3763 1529; baseline -0.006 -10"><span class='ocrx_word' id='word_1_171' title='bbox 522 1464 699 1519; x_wconf 88' lang='lat' dir='ltr'><strong>mines</strong></span> <span class='ocrx_word' id='word_1_172' title='bbox 736 1476 967 1517; x_wconf 90' lang='lat' dir='ltr'><strong>numero</strong></span> <span class='ocrx_word' id='word_1_173' title='bbox 1004 1465 1175 1515; x_wconf 81' lang='lat' dir='ltr'><strong>ferme</strong></span> <span class='ocrx_word' id='word_1_174' title='bbox 1209 1467 1429 1515; x_wconf 89' lang='lat' dir='ltr'><strong>centum</strong></span> <span class='ocrx_word' id='word_1_175' title='bbox 1467 1457 1761 1529; x_wconf 84' lang='lat' dir='ltr'><strong>octoginta.</strong></span> <span class='ocrx_word' id='word_1_176' title='bbox 1802 1453 1938 1510; x_wconf 90' lang='lat' dir='ltr'><strong>Cum</strong></span> <span class='ocrx_word' id='word_1_177' title='bbox 1978 1468 2107 1524; x_wconf 87' lang='lat' dir='ltr'><strong>ergo</strong></span> <span class='ocrx_word' id='word_1_178' title='bbox 2208 1473 2354 1523; x_wconf 77' lang='lat' dir='ltr'><strong>nem,</strong></span> <span class='ocrx_word' id='word_1_179' title='bbox 2391 1458 2480 1513; x_wconf 68' lang='lat' dir='ltr'><strong>vix</strong></span> <span class='ocrx_word' id='word_1_180' title='bbox 2521 1457 2666 1527; x_wconf 79' lang='lat' dir='ltr'><strong>apud</strong></span> <span class='ocrx_word' id='word_1_181' title='bbox 2713 1455 2966 1511; x_wconf 79' lang='lat' dir='ltr'><strong>homines</strong></span> <span class='ocrx_word' id='word_1_182' title='bbox 3007 1452 3276 1509; x_wconf 76' lang='lat' dir='ltr'><strong>obtineret</strong></span> <span class='ocrx_word' id='word_1_183' title='bbox 3319 1448 3514 1512; x_wconf 83' lang='lat' dir='ltr'><strong>tidem,</strong></span> <span class='ocrx_word' id='word_1_184' title='bbox 3542 1445 3640 1502; x_wconf 89' lang='lat' dir='ltr'><strong>nisi</strong></span> <span class='ocrx_word' id='word_1_185' title='bbox 3665 1459 3763 1514; x_wconf 78' lang='lat' dir='ltr'><strong>pro-</strong></span> 
     </span>
    </p>
   </div>
   <div class='ocr_carea' id='block_1_14' title="bbox 518 1537 3765 1627">
    <p class='ocr_par' dir='ltr' id='par_1_14' title="bbox 518 1537 3765 1627">
     <span class='ocr_line' id='line_1_14' title="bbox 518 1537 3765 1627; baseline -0.007 -15"><span class='ocrx_word' id='word_1_186' title='bbox 518 1557 634 1627; x_wconf 85' lang='lat' dir='ltr'><strong>jam</strong></span> <span class='ocrx_word' id='word_1_187' title='bbox 683 1557 855 1611; x_wconf 89' lang='lat' dir='ltr'><strong>altum</strong></span> <span class='ocrx_word' id='word_1_188' title='bbox 899 1560 1178 1619; x_wconf 89' lang='lat' dir='ltr'><strong>tenerent,</strong></span> <span class='ocrx_word' id='word_1_189' title='bbox 1227 1551 1533 1606; x_wconf 86' lang='lat' dir='ltr'><strong>veliﬁcante</strong></span> <span class='ocrx_word' id='word_1_190' title='bbox 1580 1550 1686 1605; x_wconf 83' lang='lat' dir='ltr'><strong>fide</strong></span> <span class='ocrx_word' id='word_1_191' title='bbox 1730 1547 1928 1613; x_wconf 90' lang='lat' dir='ltr'><strong>securi,</strong></span> <span class='ocrx_word' id='word_1_192' title='bbox 1977 1554 2109 1600; x_wconf 87' lang='lat' dir='ltr'><strong>tunc</strong></span> <span class='ocrx_word' id='word_1_193' title='bbox 2209 1550 2441 1607; x_wconf 86' lang='lat' dir='ltr'><strong>missum</strong></span> <span class='ocrx_word' id='word_1_194' title='bbox 2474 1550 2669 1606; x_wconf 84' lang='lat' dir='ltr'><strong>fuisset</strong></span> <span class='ocrx_word' id='word_1_195' title='bbox 2694 1564 2792 1619; x_wconf 90' lang='lat' dir='ltr'><strong>per</strong></span> <span class='ocrx_word' id='word_1_196' title='bbox 2814 1545 3159 1603; x_wconf 89' lang='lat' dir='ltr'><strong>Dominicum</strong></span> <span class='ocrx_word' id='word_1_197' title='bbox 3182 1541 3469 1598; x_wconf 86' lang='lat' dir='ltr'><strong>hominem</strong></span> <span class='ocrx_word' id='word_1_198' title='bbox 3493 1537 3765 1610; x_wconf 72' lang='lat' dir='ltr'><strong>(967),ha:c</strong></span> 
     </span>
    </p>
   </div>
   <div class='ocr_carea' id='block_1_15' title="bbox 521 1635 3290 1711">
    <p class='ocr_par' dir='ltr' id='par_1_15' title="bbox 521 1635 3290 1711">
     <span class='ocr_line' id='line_1_15' title="bbox 521 1635 3290 1711; baseline -0.003 -8"><span class='ocrx_word' id='word_1_199' title='bbox 521 1649 745 1703; x_wconf 90' lang='lat' dir='ltr'><strong>demum</strong></span> <span class='ocrx_word' id='word_1_200' title='bbox 780 1646 1004 1701; x_wconf 88' lang='lat' dir='ltr'><strong>reducto</strong></span> <span class='ocrx_word' id='word_1_201' title='bbox 1031 1645 1171 1711; x_wconf 85' lang='lat' dir='ltr'><strong>visu,</strong></span> <span class='ocrx_word' id='word_1_202' title='bbox 1200 1644 1513 1698; x_wconf 86' lang='lat' dir='ltr'><strong>intellexere</strong></span> <span class='ocrx_word' id='word_1_203' title='bbox 1539 1641 1605 1696; x_wconf 89' lang='lat' dir='ltr'><strong>de</strong></span> <span class='ocrx_word' id='word_1_204' title='bbox 1630 1651 1837 1711; x_wconf 90' lang='lat' dir='ltr'><strong>quanto</strong></span> <span class='ocrx_word' id='word_1_205' title='bbox 1865 1637 2109 1710; x_wconf 88' lang='lat' dir='ltr'><strong>periculo</strong></span> <span class='ocrx_word' id='word_1_206' title='bbox 2211 1641 2457 1698; x_wconf 85' lang='lat' dir='ltr'><strong>facienda</strong></span> <span class='ocrx_word' id='word_1_207' title='bbox 2486 1656 2609 1698; x_wconf 88' lang='lat' dir='ltr'><strong>esse</strong></span> <span class='ocrx_word' id='word_1_208' title='bbox 2632 1656 2727 1711; x_wconf 83' lang='lat' dir='ltr'><strong>per</strong></span> <span class='ocrx_word' id='word_1_209' title='bbox 2752 1639 2963 1695; x_wconf 85' lang='lat' dir='ltr'><strong>ﬁdelem</strong></span> <span class='ocrx_word' id='word_1_210' title='bbox 2994 1635 3290 1692; x_wconf 47' lang='lat' dir='ltr'><strong>hominem;</strong></span> 
     </span>
    </p>
   </div>
   <div class='ocr_carea' id='block_1_16' title="bbox 523 1725 3177 1807">
    <p class='ocr_par' dir='ltr' id='par_1_16' title="bbox 523 1725 3177 1807">
     <span class='ocr_line' id='line_1_16' title="bbox 523 1725 3177 1807; baseline -0.006 -11"><span class='ocrx_word' id='word_1_211' title='bbox 523 1757 620 1796; x_wconf 85' lang='lat' dir='ltr'><strong>eos</strong></span> <span class='ocrx_word' id='word_1_212' title='bbox 647 1739 853 1795; x_wconf 90' lang='lat' dir='ltr'><strong>eruerit</strong></span> <span class='ocrx_word' id='word_1_213' title='bbox 873 1738 1187 1793; x_wconf 87' lang='lat' dir='ltr'><strong>misericors</strong></span> <span class='ocrx_word' id='word_1_214' title='bbox 1216 1736 1457 1807; x_wconf 85' lang='lat' dir='ltr'><strong>potentia</strong></span> <span class='ocrx_word' id='word_1_215' title='bbox 1474 1735 1712 1800; x_wconf 87' lang='lat' dir='ltr'><strong>Domini,</strong></span> <span class='ocrx_word' id='word_1_216' title='bbox 1736 1733 1829 1805; x_wconf 90' lang='lat' dir='ltr'><strong>qui</strong></span> <span class='ocrx_word' id='word_1_217' title='bbox 1847 1732 2108 1788; x_wconf 71' lang='lat' dir='ltr'><strong>habenam</strong></span> <span class='ocrx_word' id='word_1_218' title='bbox 2145 1794 2184 1807; x_wconf 54' lang='grc' dir='ltr'>η</span> <span class='ocrx_word' id='word_1_219' title='bbox 2815 1726 3045 1786; x_wconf 78' lang='lat' dir='ltr'><strong>CAPUT</strong></span> <span class='ocrx_word' id='word_1_220' title='bbox 3083 1725 3177 1780; x_wconf 77' lang='lat' dir='ltr'><strong>IX.</strong></span> 
     </span>
    </p>
   </div>
   <div class='ocr_carea' id='block_1_17' title="bbox 526 1794 3765 1903">
    <p class='ocr_par' dir='ltr' id='par_1_17' title="bbox 526 1794 3765 1903">
     <span class='ocr_line' id='line_1_17' title="bbox 526 1794 3765 1903; baseline -0.007 -19"><span class='ocrx_word' id='word_1_221' title='bbox 526 1848 625 1903; x_wconf 90' lang='lat' dir='ltr'><strong>pro</strong></span> <span class='ocrx_word' id='word_1_222' title='bbox 654 1831 833 1887; x_wconf 88' lang='lat' dir='ltr'><strong>insula</strong></span> <span class='ocrx_word' id='word_1_223' title='bbox 864 1837 1152 1902; x_wconf 90' lang='lat' dir='ltr'><strong>paraverat</strong></span> <span class='ocrx_word' id='word_1_224' title='bbox 1176 1829 1259 1885; x_wconf 89' lang='lat' dir='ltr'><strong>eis</strong></span> <span class='ocrx_word' id='word_1_225' title='bbox 1285 1829 1340 1883; x_wconf 91' lang='lat' dir='ltr'><strong>in</strong></span> <span class='ocrx_word' id='word_1_226' title='bbox 1374 1828 1554 1883; x_wconf 89' lang='lat' dir='ltr'><strong>medio</strong></span> <span class='ocrx_word' id='word_1_227' title='bbox 1580 1827 1738 1893; x_wconf 88' lang='lat' dir='ltr'><strong>mari,</strong></span> <span class='ocrx_word' id='word_1_228' title='bbox 1765 1834 1819 1882; x_wconf 90' lang='lat' dir='ltr'><strong>ct</strong></span> <span class='ocrx_word' id='word_1_229' title='bbox 1838 1841 1960 1880; x_wconf 89' lang='lat' dir='ltr'><strong>eam</strong></span> <span class='ocrx_word' id='word_1_230' title='bbox 1989 1824 2113 1878; x_wconf 87' lang='lat' dir='ltr'><strong>sub-</strong></span> <span class='ocrx_word' id='word_1_231' title='bbox 2144 1794 2187 1849; x_wconf 73' lang='grc' dir='ltr'><strong>Β</strong></span> <span class='ocrx_word' id='word_1_232' title='bbox 2282 1826 2563 1882; x_wconf 86' lang='lat' dir='ltr'><strong>Exhausto</strong></span> <span class='ocrx_word' id='word_1_233' title='bbox 2603 1825 2882 1881; x_wconf 85' lang='lat' dir='ltr'><strong>incassum</strong></span> <span class='ocrx_word' id='word_1_234' title='bbox 2930 1817 3296 1890; x_wconf 80' lang='lat' dir='ltr'><strong>navigationis</strong></span> <span class='ocrx_word' id='word_1_235' title='bbox 3336 1814 3535 1869; x_wconf 90' lang='lat' dir='ltr'><strong>labore</strong></span> <span class='ocrx_word' id='word_1_236' title='bbox 3572 1811 3765 1874; x_wconf 86' lang='lat' dir='ltr'><strong>diutino,</strong></span> 
     </span>
    </p>
   </div>
   <div class='ocr_carea' id='block_1_18' title="bbox 525 1898 3765 1989">
    <p class='ocr_par' dir='ltr' id='par_1_18' title="bbox 525 1898 3765 1989">
     <span class='ocr_line' id='line_1_18' title="bbox 525 1898 3765 1989; baseline -0.008 -11"><span class='ocrx_word' id='word_1_237' title='bbox 525 1898 797 1978; x_wconf 59' lang='lat' dir='ltr'><strong>straverat</strong></span> <span class='ocrx_word' id='word_1_238' title='bbox 825 1898 1204 1978; x_wconf 82' lang='lat' dir='ltr'><strong>immobilitate</strong></span> <span class='ocrx_word' id='word_1_239' title='bbox 1232 1929 1343 1976; x_wconf 91' lang='lat' dir='ltr'><strong>tam</strong></span> <span class='ocrx_word' id='word_1_240' title='bbox 1377 1919 1581 1986; x_wconf 86' lang='lat' dir='ltr'><strong>stabili,</strong></span> <span class='ocrx_word' id='word_1_241' title='bbox 1610 1927 1672 1974; x_wconf 90' lang='lat' dir='ltr'><strong>ut</strong></span> <span class='ocrx_word' id='word_1_242' title='bbox 1697 1917 1835 1972; x_wconf 91' lang='lat' dir='ltr'><strong>nihil</strong></span> <span class='ocrx_word' id='word_1_243' title='bbox 1869 1916 1948 1972; x_wconf 92' lang='lat' dir='ltr'><strong>eis</strong></span> <span class='ocrx_word' id='word_1_244' title='bbox 1973 1914 2115 1986; x_wconf 83' lang='lat' dir='ltr'><strong>peri-</strong></span> <span class='ocrx_word' id='word_1_245' title='bbox 2212 1926 2501 1989; x_wconf 84' lang='lat' dir='ltr'><strong>postquam</strong></span> <span class='ocrx_word' id='word_1_246' title='bbox 2518 1915 2666 1970; x_wconf 88' lang='lat' dir='ltr'><strong>nulla</strong></span> <span class='ocrx_word' id='word_1_247' title='bbox 2690 1928 2815 1984; x_wconf 83' lang='lat' dir='ltr'><strong>spes</strong></span> <span class='ocrx_word' id='word_1_248' title='bbox 2836 1908 3202 1967; x_wconf 83' lang='lat' dir='ltr'><strong>desideratam</strong></span> <span class='ocrx_word' id='word_1_249' title='bbox 3224 1904 3473 1960; x_wconf 82' lang='lat' dir='ltr'><strong>insulam</strong></span> <span class='ocrx_word' id='word_1_250' title='bbox 3500 1898 3765 1956; x_wconf 80' lang='lat' dir='ltr'><strong>inveniendi</strong></span> 
     </span>
    </p>
   </div>
   <div class='ocr_carea' id='block_1_19' title="bbox 525 1991 3765 2083">
    <p class='ocr_par' dir='ltr' id='par_1_19' title="bbox 525 1991 3765 2083">
     <span class='ocr_line' id='line_1_19' title="bbox 525 1991 3765 2083; baseline -0.008 -14"><span class='ocrx_word' id='word_1_251' title='bbox 525 2014 638 2069; x_wconf 91' lang='lat' dir='ltr'><strong>culi</strong></span> <span class='ocrx_word' id='word_1_252' title='bbox 689 2014 973 2069; x_wconf 90' lang='lat' dir='ltr'><strong>incuteret.</strong></span> <span class='ocrx_word' id='word_1_253' title='bbox 1011 2012 1114 2067; x_wconf 91' lang='lat' dir='ltr'><strong>Cui</strong></span> <span class='ocrx_word' id='word_1_254' title='bbox 1155 2022 1270 2068; x_wconf 91' lang='lat' dir='ltr'><strong>tum</strong></span> <span class='ocrx_word' id='word_1_255' title='bbox 1311 2020 1499 2083; x_wconf 91' lang='lat' dir='ltr'><strong>posset</strong></span> <span class='ocrx_word' id='word_1_256' title='bbox 1527 2025 1650 2067; x_wconf 91' lang='lat' dir='ltr'><strong>esse</strong></span> <span class='ocrx_word' id='word_1_257' title='bbox 1679 2009 1928 2074; x_wconf 89' lang='lat' dir='ltr'><strong>dubium,</strong></span> <span class='ocrx_word' id='word_1_258' title='bbox 1966 2007 2113 2077; x_wconf 80' lang='lat' dir='ltr'><strong>quod</strong></span> <span class='ocrx_word' id='word_1_259' title='bbox 2213 2009 2492 2080; x_wconf 84' lang='lat' dir='ltr'><strong>aspirabat</strong></span> <span class='ocrx_word' id='word_1_260' title='bbox 2530 2008 2622 2078; x_wconf 87' lang='lat' dir='ltr'><strong>pio</strong></span> <span class='ocrx_word' id='word_1_261' title='bbox 2655 2021 2844 2061; x_wconf 91' lang='lat' dir='ltr'><strong>eorum</strong></span> <span class='ocrx_word' id='word_1_262' title='bbox 2880 2000 3184 2064; x_wconf 86' lang='lat' dir='ltr'><strong>desiderio,</strong></span> <span class='ocrx_word' id='word_1_263' title='bbox 3219 2004 3528 2053; x_wconf 82' lang='lat' dir='ltr'><strong>retractata</strong></span> <span class='ocrx_word' id='word_1_264' title='bbox 3577 1991 3765 2046; x_wconf 78' lang='lat' dir='ltr'><strong>invicem</strong></span> 
     </span>
    </p>
   </div>
   <div class='ocr_carea' id='block_1_20' title="bbox 524 2085 3766 2172">
    <p class='ocr_par' dir='ltr' id='par_1_20' title="bbox 524 2085 3766 2172">
     <span class='ocr_line' id='line_1_20' title="bbox 524 2085 3766 2172; baseline -0.007 -11"><span class='ocrx_word' id='word_1_265' title='bbox 524 2106 839 2161; x_wconf 91' lang='lat' dir='ltr'><strong>inevitabile</strong></span> <span class='ocrx_word' id='word_1_266' title='bbox 869 2121 1061 2161; x_wconf 88' lang='lat' dir='ltr'><strong>omnes</strong></span> <span class='ocrx_word' id='word_1_267' title='bbox 1089 2105 1453 2161; x_wconf 85' lang='lat' dir='ltr'><strong>incurrissent</strong></span> <span class='ocrx_word' id='word_1_268' title='bbox 1480 2103 1675 2159; x_wconf 91' lang='lat' dir='ltr'><strong>mortis</strong></span> <span class='ocrx_word' id='word_1_269' title='bbox 1704 2101 2029 2172; x_wconf 87' lang='lat' dir='ltr'><strong>periculum,</strong></span> <span class='ocrx_word' id='word_1_270' title='bbox 2066 2100 2114 2157; x_wconf 90' lang='lat' dir='ltr'><strong>si</strong></span> <span class='ocrx_word' id='word_1_271' title='bbox 2214 2102 2464 2168; x_wconf 87' lang='lat' dir='ltr'><strong>consilio,</strong></span> <span class='ocrx_word' id='word_1_272' title='bbox 2481 2099 2921 2154; x_wconf 87' lang='lat' dir='ltr'><strong>deliberavcrunt</strong></span> <span class='ocrx_word' id='word_1_273' title='bbox 2945 2092 3107 2147; x_wconf 88' lang='lat' dir='ltr'><strong>ﬁnem</strong></span> <span class='ocrx_word' id='word_1_274' title='bbox 3134 2088 3312 2164; x_wconf 83' lang='lat' dir='ltr'><strong>facere</strong></span> <span class='ocrx_word' id='word_1_275' title='bbox 3337 2095 3455 2141; x_wconf 87' lang='lat' dir='ltr'><strong>tam</strong></span> <span class='ocrx_word' id='word_1_276' title='bbox 3477 2085 3634 2154; x_wconf 85' lang='lat' dir='ltr'><strong>longo</strong></span> <span class='ocrx_word' id='word_1_277' title='bbox 3651 2090 3766 2151; x_wconf 73' lang='lat' dir='ltr'><strong>post-</strong></span> 
     </span>
    </p>
   </div>
   <div class='ocr_carea' id='block_1_21' title="bbox 527 2171 3766 2265">
    <p class='ocr_par' dir='ltr' id='par_1_21' title="bbox 527 2171 3766 2265">
     <span class='ocr_line' id='line_1_21' title="bbox 527 2171 3766 2265; baseline -0.009 -13"><span class='ocrx_word' id='word_1_278' title='bbox 527 2198 708 2252; x_wconf 86' lang='lat' dir='ltr'><strong>bellua</strong></span> <span class='ocrx_word' id='word_1_279' title='bbox 741 2197 1142 2252; x_wconf 83' lang='lat' dir='ltr'><strong>immanissima</strong></span> <span class='ocrx_word' id='word_1_280' title='bbox 1172 2198 1414 2252; x_wconf 78' lang='lat' dir='ltr'><strong>dedisset</strong></span> <span class='ocrx_word' id='word_1_281' title='bbox 1458 2195 1707 2265; x_wconf 87' lang='lat' dir='ltr'><strong>corporis</strong></span> <span class='ocrx_word' id='word_1_282' title='bbox 1744 2194 1832 2250; x_wconf 91' lang='lat' dir='ltr'><strong>sui</strong></span> <span class='ocrx_word' id='word_1_283' title='bbox 1872 2182 2116 2248; x_wconf 79' lang='lat' dir='ltr'><strong>motum?</strong></span> <span class='ocrx_word' id='word_1_284' title='bbox 2213 2193 2448 2250; x_wconf 90' lang='lat' dir='ltr'><strong>liminio.</strong></span> <span class='ocrx_word' id='word_1_285' title='bbox 2492 2190 2612 2246; x_wconf 82' lang='lat' dir='ltr'><strong>Jam</strong></span> <span class='ocrx_word' id='word_1_286' title='bbox 2655 2188 2802 2245; x_wconf 89' lang='lat' dir='ltr'><strong>enim</strong></span> <span class='ocrx_word' id='word_1_287' title='bbox 2852 2181 3198 2255; x_wconf 84' lang='lat' dir='ltr'><strong>septennium</strong></span> <span class='ocrx_word' id='word_1_288' title='bbox 3239 2179 3298 2233; x_wconf 91' lang='lat' dir='ltr'><strong>in</strong></span> <span class='ocrx_word' id='word_1_289' title='bbox 3341 2178 3454 2231; x_wconf 90' lang='lat' dir='ltr'><strong>hac</strong></span> <span class='ocrx_word' id='word_1_290' title='bbox 3494 2171 3766 2245; x_wconf 81' lang='lat' dir='ltr'><strong>peregrina-</strong></span> 
     </span>
    </p>
   </div>
   <div class='ocr_carea' id='block_1_22' title="bbox 494 2262 3767 2354">
    <p class='ocr_par' dir='ltr' id='par_1_22' title="bbox 494 2262 3767 2354">
     <span class='ocr_line' id='line_1_22' title="bbox 494 2262 3767 2354; baseline -0.009 -10"><span class='ocrx_word' id='word_1_291' title='bbox 494 2333 507 2341; x_wconf 83' lang='lat'><strong>.</strong></span> <span class='ocrx_word' id='word_1_292' title='bbox 529 2288 684 2344; x_wconf 89' lang='lat' dir='ltr'><strong>Unde</strong></span> <span class='ocrx_word' id='word_1_293' title='bbox 709 2304 903 2346; x_wconf 89' lang='lat' dir='ltr'><strong>omnes</strong></span> <span class='ocrx_word' id='word_1_294' title='bbox 941 2289 1126 2345; x_wconf 68' lang='lat' dir='ltr'><strong>laetum</strong></span> <span class='ocrx_word' id='word_1_295' title='bbox 1170 2297 1457 2344; x_wconf 86' lang='lat' dir='ltr'><strong>cantantes</strong></span> <span class='ocrx_word' id='word_1_296' title='bbox 1487 2262 1753 2352; x_wconf 80' lang='lat' dir='ltr'><strong>celeuma,</strong></span> <span class='ocrx_word' id='word_1_297' title='bbox 1790 2301 1953 2341; x_wconf 84' lang='lat' dir='ltr'><strong>voces</strong></span> <span class='ocrx_word' id='word_1_298' title='bbox 1988 2300 2115 2354; x_wconf 89' lang='lat' dir='ltr'><strong>gra-</strong></span> <span class='ocrx_word' id='word_1_299' title='bbox 2217 2285 2366 2340; x_wconf 88' lang='lat' dir='ltr'><strong>tione</strong></span> <span class='ocrx_word' id='word_1_300' title='bbox 2398 2282 2769 2353; x_wconf 80' lang='lat' dir='ltr'><strong>expleverant,</strong></span> <span class='ocrx_word' id='word_1_301' title='bbox 2811 2284 2866 2333; x_wconf 90' lang='lat' dir='ltr'><strong>et</strong></span> <span class='ocrx_word' id='word_1_302' title='bbox 2905 2283 3114 2345; x_wconf 88' lang='lat' dir='ltr'><strong>septem</strong></span> <span class='ocrx_word' id='word_1_303' title='bbox 3154 2268 3452 2324; x_wconf 87' lang='lat' dir='ltr'><strong>Paschalis</strong></span> <span class='ocrx_word' id='word_1_304' title='bbox 3485 2262 3767 2354; x_wconf 72' lang='lat' dir='ltr'><strong>celebritatis</strong></span> 
     </span>
    </p>
   </div>
   <div class='ocr_carea' id='block_1_23' title="bbox 526 2353 3769 2448">
    <p class='ocr_par' dir='ltr' id='par_1_23' title="bbox 526 2353 3769 2448">
     <span class='ocr_line' id='line_1_23' title="bbox 526 2353 3769 2448; baseline -0.01 -12"><span class='ocrx_word' id='word_1_305' title='bbox 526 2380 728 2437; x_wconf 90' lang='lat' dir='ltr'><strong>tiarum</strong></span> <span class='ocrx_word' id='word_1_306' title='bbox 759 2378 993 2437; x_wconf 90' lang='lat' dir='ltr'><strong>actionis</strong></span> <span class='ocrx_word' id='word_1_307' title='bbox 1020 2379 1354 2434; x_wconf 86' lang='lat' dir='ltr'><strong>unanimiter</strong></span> <span class='ocrx_word' id='word_1_308' title='bbox 1373 2378 1652 2448; x_wconf 78' lang='lat' dir='ltr'><strong>iactabant</strong></span> <span class='ocrx_word' id='word_1_309' title='bbox 1676 2376 1744 2431; x_wconf 91' lang='lat' dir='ltr'><strong>ad</strong></span> <span class='ocrx_word' id='word_1_310' title='bbox 1770 2375 1969 2431; x_wconf 85' lang='lat' dir='ltr'><strong>sidera.</strong></span> <span class='ocrx_word' id='word_1_311' title='bbox 2217 2389 2475 2432; x_wconf 89' lang='lat' dir='ltr'><strong>recursus</strong></span> <span class='ocrx_word' id='word_1_312' title='bbox 2519 2368 3032 2430; x_wconf 85' lang='lat' dir='ltr'><strong>solemuizaverant,</strong></span> <span class='ocrx_word' id='word_1_313' title='bbox 3076 2370 3131 2417; x_wconf 91' lang='lat' dir='ltr'><strong>et</strong></span> <span class='ocrx_word' id='word_1_314' title='bbox 3172 2375 3269 2430; x_wconf 88' lang='lat' dir='ltr'><strong>per</strong></span> <span class='ocrx_word' id='word_1_315' title='bbox 3309 2365 3531 2413; x_wconf 90' lang='lat' dir='ltr'><strong>certum</strong></span> <span class='ocrx_word' id='word_1_316' title='bbox 3569 2353 3769 2407; x_wconf 80' lang='lat' dir='ltr'><strong>laborem</strong></span> 
     </span>
    </p>
   </div>
   <div class='ocr_carea' id='block_1_24' title="bbox 1119 2447 3768 2531">
    <p class='ocr_par' dir='ltr' id='par_1_24' title="bbox 1119 2447 3768 2531">
     <span class='ocr_line' id='line_1_24' title="bbox 1119 2447 3768 2531; baseline -0.011 -4"><span class='ocrx_word' id='word_1_317' title='bbox 1119 2470 1350 2527; x_wconf 84' lang='lat' dir='ltr'><strong>CAPUT</strong></span> <span class='ocrx_word' id='word_1_318' title='bbox 1377 2447 1524 2524; x_wconf 78' lang='lat' dir='ltr'><strong>vui.</strong></span> <span class='ocrx_word' id='word_1_319' title='bbox 2216 2467 2354 2523; x_wconf 90' lang='lat' dir='ltr'><strong>nihil</strong></span> <span class='ocrx_word' id='word_1_320' title='bbox 2382 2461 2807 2531; x_wconf 81' lang='lat' dir='ltr'><strong>adhuccertiin</strong></span> <span class='ocrx_word' id='word_1_321' title='bbox 2837 2458 3024 2514; x_wconf 90' lang='lat' dir='ltr'><strong>animo</strong></span> <span class='ocrx_word' id='word_1_322' title='bbox 3052 2452 3348 2509; x_wconf 88' lang='lat' dir='ltr'><strong>habebant.</strong></span> <span class='ocrx_word' id='word_1_323' title='bbox 3386 2447 3650 2502; x_wconf 73' lang='lat' dir='ltr'><strong>Reversus</strong></span> <span class='ocrx_word' id='word_1_324' title='bbox 3668 2456 3768 2511; x_wconf 70' lang='lat' dir='ltr'><strong>ergo</strong></span> 
     </span>
    </p>
   </div>
   <div class='ocr_carea' id='block_1_25' title="bbox 597 2533 3767 2636">
    <p class='ocr_par' dir='ltr' id='par_1_25' title="bbox 597 2533 3767 2636">
     <span class='ocr_line' id='line_1_25' title="bbox 597 2533 3767 2636; baseline -0.01 -16"><span class='ocrx_word' id='word_1_325' title='bbox 597 2564 810 2636; x_wconf 78' lang='lat' dir='ltr'><strong>Magnis</strong></span> <span class='ocrx_word' id='word_1_326' title='bbox 854 2565 1066 2636; x_wconf 88' lang='lat' dir='ltr'><strong>majora</strong></span> <span class='ocrx_word' id='word_1_327' title='bbox 1089 2564 1373 2620; x_wconf 88' lang='lat' dir='ltr'><strong>&#39;miracula</strong></span> <span class='ocrx_word' id='word_1_328' title='bbox 1415 2562 1736 2628; x_wconf 87' lang='lat' dir='ltr'><strong>succedunt,</strong></span> <span class='ocrx_word' id='word_1_329' title='bbox 1784 2571 1840 2614; x_wconf 90' lang='lat' dir='ltr'><strong>et</strong></span> <span class='ocrx_word' id='word_1_330' title='bbox 1878 2557 2118 2614; x_wconf 87' lang='lat' dir='ltr'><strong>novitate</strong></span> <span class='ocrx_word' id='word_1_331' title='bbox 2217 2560 2302 2615; x_wconf 86' lang='lat' dir='ltr'><strong>vir</strong></span> <span class='ocrx_word' id='word_1_332' title='bbox 2332 2565 2556 2614; x_wconf 89' lang='lat' dir='ltr'><strong>sanctus</strong></span> <span class='ocrx_word' id='word_1_333' title='bbox 2589 2555 2657 2611; x_wconf 91' lang='lat' dir='ltr'><strong>ad</strong></span> <span class='ocrx_word' id='word_1_334' title='bbox 2698 2553 2899 2609; x_wconf 80' lang='lat' dir='ltr'><strong>avitam</strong></span> <span class='ocrx_word' id='word_1_335' title='bbox 2930 2547 3184 2619; x_wconf 89' lang='lat' dir='ltr'><strong>patriam,</strong></span> <span class='ocrx_word' id='word_1_336' title='bbox 3216 2540 3462 2597; x_wconf 88' lang='lat' dir='ltr'><strong>reddidit</strong></span> <span class='ocrx_word' id='word_1_337' title='bbox 3494 2533 3767 2636; x_wconf 69' lang='lat' dir='ltr'><strong>parentibus</strong></span> 
     </span>
    </p>
   </div>
   <div class='ocr_carea' id='block_1_26' title="bbox 530 2625 3768 2724">
    <p class='ocr_par' dir='ltr' id='par_1_26' title="bbox 530 2625 3768 2724">
     <span class='ocr_line' id='line_1_26' title="bbox 530 2625 3768 2724; baseline -0.011 -10"><span class='ocrx_word' id='word_1_338' title='bbox 530 2659 641 2724; x_wconf 92' lang='lat' dir='ltr'><strong>sui,</strong></span> <span class='ocrx_word' id='word_1_339' title='bbox 673 2625 1018 2714; x_wconf 68' lang='lat' dir='ltr'><strong>devotionem</strong></span> <span class='ocrx_word' id='word_1_340' title='bbox 1050 2657 1290 2712; x_wconf 87' lang='lat' dir='ltr'><strong>ﬁdelium</strong></span> <span class='ocrx_word' id='word_1_341' title='bbox 1319 2655 1387 2710; x_wconf 90' lang='lat' dir='ltr'><strong>ad</strong></span> <span class='ocrx_word' id='word_1_342' title='bbox 1413 2652 1685 2710; x_wconf 88' lang='lat' dir='ltr'><strong>laudanda</strong></span> <span class='ocrx_word' id='word_1_343' title='bbox 1714 2625 1808 2706; x_wconf 88' lang='lat' dir='ltr'><strong>Dei</strong></span> <span class='ocrx_word' id='word_1_344' title='bbox 1846 2649 2118 2721; x_wconf 87' lang='lat' dir='ltr'><strong>magnalia</strong></span> <span class='ocrx_word' id='word_1_345' title='bbox 2219 2652 2336 2710; x_wconf 86' lang='lat' dir='ltr'><strong>suis</strong></span> <span class='ocrx_word' id='word_1_346' title='bbox 2362 2649 2724 2711; x_wconf 80' lang='lat' dir='ltr'><strong>desideratam</strong></span> <span class='ocrx_word' id='word_1_347' title='bbox 2748 2643 3057 2701; x_wconf 86' lang='lat' dir='ltr'><strong>diutissime</strong></span> <span class='ocrx_word' id='word_1_348' title='bbox 3080 2637 3167 2695; x_wconf 92' lang='lat' dir='ltr'><strong>sui</strong></span> <span class='ocrx_word' id='word_1_349' title='bbox 3182 2634 3539 2708; x_wconf 71' lang='lat' dir='ltr'><strong>praesentiam</strong></span> <span class='ocrx_word' id='word_1_350' title='bbox 3559 2650 3578 2724; x_wconf 17' lang='lat' dir='ltr'><strong>A:</strong></span> <span class='ocrx_word' id='word_1_351' title='bbox 3599 2637 3649 2684; x_wconf 90' lang='lat' dir='ltr'><strong>et</strong></span> <span class='ocrx_word' id='word_1_352' title='bbox 3667 2625 3768 2724; x_wconf 76' lang='lat' dir='ltr'><strong>quia</strong></span> 
     </span>
    </p>
   </div>
   <div class='ocr_carea' id='block_1_27' title="bbox 526 2719 3767 2817">
    <p class='ocr_par' dir='ltr' id='par_1_27' title="bbox 526 2719 3767 2817">
     <span class='ocr_line' id='line_1_27' title="bbox 526 2719 3767 2817; baseline -0.01 -12"><span class='ocrx_word' id='word_1_353' title='bbox 526 2750 909 2806; x_wconf 83' lang='lat' dir='ltr'><strong>vehementius</strong></span> <span class='ocrx_word' id='word_1_354' title='bbox 928 2748 1216 2805; x_wconf 89' lang='lat' dir='ltr'><strong>accedunt.</strong></span> <span class='ocrx_word' id='word_1_355' title='bbox 1240 2747 1379 2803; x_wconf 91' lang='lat' dir='ltr'><strong>Cum</strong></span> <span class='ocrx_word' id='word_1_356' title='bbox 1399 2754 1681 2817; x_wconf 89' lang='lat' dir='ltr'><strong>tantopere</strong></span> <span class='ocrx_word' id='word_1_357' title='bbox 1702 2758 1802 2815; x_wconf 88' lang='lat' dir='ltr'><strong>pro</strong></span> <span class='ocrx_word' id='word_1_358' title='bbox 1824 2719 2119 2812; x_wconf 48' lang='lat' dir='ltr'><strong>quatrenda</strong></span> <span class='ocrx_word' id='word_1_359' title='bbox 2221 2745 2276 2800; x_wconf 87' lang='lat' dir='ltr'><strong>in</strong></span> <span class='ocrx_word' id='word_1_360' title='bbox 2310 2743 2470 2800; x_wconf 77' lang='lat' dir='ltr'><strong>ten-is</strong></span> <span class='ocrx_word' id='word_1_361' title='bbox 2498 2740 2743 2811; x_wconf 83' lang='lat' dir='ltr'><strong>nequivit</strong></span> <span class='ocrx_word' id='word_1_362' title='bbox 2761 2734 3004 2792; x_wconf 88' lang='lat' dir='ltr'><strong>invenire</strong></span> <span class='ocrx_word' id='word_1_363' title='bbox 3025 2738 3222 2803; x_wconf 64' lang='lat' dir='ltr'><strong>Optata:</strong></span> <span class='ocrx_word' id='word_1_364' title='bbox 3245 2724 3529 2782; x_wconf 83' lang='lat' dir='ltr'><strong>felicitatis</strong></span> <span class='ocrx_word' id='word_1_365' title='bbox 3556 2719 3767 2817; x_wconf 82' lang='lat' dir='ltr'><strong>insulam,</strong></span> 
     </span>
    </p>
   </div>
   <div class='ocr_carea' id='block_1_28' title="bbox 529 2812 3769 2910">
    <p class='ocr_par' dir='ltr' id='par_1_28' title="bbox 529 2812 3769 2910">
     <span class='ocr_line' id='line_1_28' title="bbox 529 2812 3769 2910; baseline -0.009 -12"><span class='ocrx_word' id='word_1_366' title='bbox 529 2843 621 2899; x_wconf 91' lang='lat' dir='ltr'><strong>illa</strong></span> <span class='ocrx_word' id='word_1_367' title='bbox 651 2842 942 2898; x_wconf 84' lang='lat' dir='ltr'><strong>laudabilis</strong></span> <span class='ocrx_word' id='word_1_368' title='bbox 971 2840 1132 2896; x_wconf 83' lang='lat' dir='ltr'><strong>famae</strong></span> <span class='ocrx_word' id='word_1_369' title='bbox 1166 2840 1345 2899; x_wconf 89' lang='lat' dir='ltr'><strong>insula</strong></span> <span class='ocrx_word' id='word_1_370' title='bbox 1387 2812 1733 2901; x_wconf 41' lang='lat' dir='ltr'><strong>laborarent,</strong></span> <span class='ocrx_word' id='word_1_371' title='bbox 1775 2834 1976 2891; x_wconf 81' lang='lat' dir='ltr'><strong>factum</strong></span> <span class='ocrx_word' id='word_1_372' title='bbox 2037 2842 2121 2890; x_wconf 89' lang='lat' dir='ltr'><strong>est</strong></span> <span class='ocrx_word' id='word_1_373' title='bbox 2216 2839 2400 2910; x_wconf 84' lang='lat' dir='ltr'><strong>jugem</strong></span> <span class='ocrx_word' id='word_1_374' title='bbox 2427 2843 2590 2891; x_wconf 88' lang='lat' dir='ltr'><strong>noctu</strong></span> <span class='ocrx_word' id='word_1_375' title='bbox 2620 2834 2824 2902; x_wconf 90' lang='lat' dir='ltr'><strong>diuque</strong></span> <span class='ocrx_word' id='word_1_376' title='bbox 2852 2828 3017 2884; x_wconf 89' lang='lat' dir='ltr'><strong>dabat</strong></span> <span class='ocrx_word' id='word_1_377' title='bbox 3040 2837 3288 2894; x_wconf 85' lang='lat' dir='ltr'><strong>operam,</strong></span> <span class='ocrx_word' id='word_1_378' title='bbox 3324 2829 3391 2874; x_wconf 90' lang='lat' dir='ltr'><strong>ut</strong></span> <span class='ocrx_word' id='word_1_379' title='bbox 3421 2812 3769 2910; x_wconf 32' lang='lat' dir='ltr'><strong>incmlisAper-</strong></span> 
     </span>
    </p>
   </div>
   <div class='ocr_carea' id='block_1_29' title="bbox 530 2902 3767 3004">
    <p class='ocr_par' dir='ltr' id='par_1_29' title="bbox 530 2902 3767 3004">
     <span class='ocr_line' id='line_1_29' title="bbox 530 2902 3767 3004; baseline -0.01 -14"><span class='ocrx_word' id='word_1_380' title='bbox 530 2944 592 2990; x_wconf 90' lang='lat' dir='ltr'><strong>ut</strong></span> <span class='ocrx_word' id='word_1_381' title='bbox 618 2934 686 2989; x_wconf 83' lang='lat' dir='ltr'><strong>ad</strong></span> <span class='ocrx_word' id='word_1_382' title='bbox 717 2934 879 2989; x_wconf 90' lang='lat' dir='ltr'><strong>aliam</strong></span> <span class='ocrx_word' id='word_1_383' title='bbox 918 2933 1177 3000; x_wconf 85' lang='lat' dir='ltr'><strong>insulam,</strong></span> <span class='ocrx_word' id='word_1_384' title='bbox 1207 2932 1531 3002; x_wconf 89' lang='lat' dir='ltr'><strong>disponente</strong></span> <span class='ocrx_word' id='word_1_385' title='bbox 1569 2928 1702 2997; x_wconf 91' lang='lat' dir='ltr'><strong>Deo,</strong></span> <span class='ocrx_word' id='word_1_386' title='bbox 1740 2928 2077 2999; x_wconf 87' lang='lat' dir='ltr'><strong>applicarent</strong></span> <span class='ocrx_word' id='word_1_387' title='bbox 2102 2944 2117 2981; x_wconf 83' lang='lat'><strong>:</strong></span> <span class='ocrx_word' id='word_1_388' title='bbox 2216 2902 2398 3004; x_wconf 55' lang='lat' dir='ltr'><strong>petua:</strong></span> <span class='ocrx_word' id='word_1_389' title='bbox 2422 2925 2773 2984; x_wconf 76' lang='lat' dir='ltr'><strong>beatitudinis</strong></span> <span class='ocrx_word' id='word_1_390' title='bbox 2798 2926 3098 2977; x_wconf 83' lang='lat' dir='ltr'><strong>mereretur</strong></span> <span class='ocrx_word' id='word_1_391' title='bbox 3127 2914 3329 2970; x_wconf 91' lang='lat' dir='ltr'><strong>habere</strong></span> <span class='ocrx_word' id='word_1_392' title='bbox 3354 2909 3610 2982; x_wconf 90' lang='lat' dir='ltr'><strong>patriam.</strong></span> 
     </span>
    </p>
   </div>
   <div class='ocr_carea' id='block_1_30' title="bbox 530 2993 3766 3103">
    <p class='ocr_par' dir='ltr' id='par_1_30' title="bbox 530 2993 3766 3103">
     <span class='ocr_line' id='line_1_30' title="bbox 530 2993 3766 3103; baseline -0.011 -22"><span class='ocrx_word' id='word_1_393' title='bbox 530 3034 585 3083; x_wconf 86' lang='lat' dir='ltr'><strong>et</strong></span> <span class='ocrx_word' id='word_1_394' title='bbox 632 3025 788 3096; x_wconf 90' lang='lat' dir='ltr'><strong>potiti</strong></span> <span class='ocrx_word' id='word_1_395' title='bbox 836 3032 1022 3095; x_wconf 90' lang='lat' dir='ltr'><strong>optata</strong></span> <span class='ocrx_word' id='word_1_396' title='bbox 1069 2993 1267 3090; x_wconf 78' lang='lat' dir='ltr'><strong>arena,</strong></span> <span class='ocrx_word' id='word_1_397' title='bbox 1298 2993 1445 3077; x_wconf 67' lang='lat' dir='ltr'><strong>dum</strong></span> <span class='ocrx_word' id='word_1_398' title='bbox 1496 3037 1596 3103; x_wconf 82' lang='lat' dir='ltr'><strong>pro</strong></span> <span class='ocrx_word' id='word_1_399' title='bbox 1635 2993 1925 3076; x_wconf 75' lang='lat' dir='ltr'><strong>relevando</strong></span> <span class='ocrx_word' id='word_1_400' title='bbox 1959 3017 2122 3074; x_wconf 84' lang='lat' dir='ltr'><strong>taedio</strong></span> <span class='ocrx_word' id='word_1_401' title='bbox 2221 2993 2317 3096; x_wconf 65' lang='lat' dir='ltr'><strong>qui</strong></span> <span class='ocrx_word' id='word_1_402' title='bbox 2351 3021 2629 3078; x_wconf 76' lang='lat' dir='ltr'><strong>hominem</strong></span> <span class='ocrx_word' id='word_1_403' title='bbox 2662 3016 2839 3088; x_wconf 81' lang='lat' dir='ltr'><strong>gratia</strong></span> <span class='ocrx_word' id='word_1_404' title='bbox 2864 3028 2966 3069; x_wconf 88' lang='lat' dir='ltr'><strong>sua</strong></span> <span class='ocrx_word' id='word_1_405' title='bbox 2993 3006 3275 3081; x_wconf 68' lang='lat' dir='ltr'><strong>praevenit,</strong></span> <span class='ocrx_word' id='word_1_406' title='bbox 3307 3013 3373 3058; x_wconf 91' lang='lat' dir='ltr'><strong>ut</strong></span> <span class='ocrx_word' id='word_1_407' title='bbox 3409 3003 3610 3057; x_wconf 87' lang='lat' dir='ltr'><strong>bonum</strong></span> <span class='ocrx_word' id='word_1_408' title='bbox 3633 2993 3766 3098; x_wconf 47' lang='lat' dir='ltr'><strong>veliti</strong></span> 
     </span>
    </p>
   </div>
   <div class='ocr_carea' id='block_1_31' title="bbox 528 3083 3769 3192">
    <p class='ocr_par' dir='ltr' id='par_1_31' title="bbox 528 3083 3769 3192">
     <span class='ocr_line' id='line_1_31' title="bbox 528 3083 3769 3192; baseline -0.01 -20"><span class='ocrx_word' id='word_1_409' title='bbox 528 3083 898 3188; x_wconf 71' lang='lat' dir='ltr'><strong>navigationis</strong></span> <span class='ocrx_word' id='word_1_410' title='bbox 924 3100 1320 3187; x_wconf 77' lang='lat' dir='ltr'><strong>perluStrarent</strong></span> <span class='ocrx_word' id='word_1_411' title='bbox 1345 3083 1592 3187; x_wconf 71' lang='lat' dir='ltr'><strong>singula,</strong></span> <span class='ocrx_word' id='word_1_412' title='bbox 1629 3113 1910 3169; x_wconf 75' lang='lat' dir='ltr'><strong>offendunt</strong></span> <span class='ocrx_word' id='word_1_413' title='bbox 1936 3122 2121 3168; x_wconf 91' lang='lat' dir='ltr'><strong>tumu-</strong></span> <span class='ocrx_word' id='word_1_414' title='bbox 2149 3134 2193 3192; x_wconf 70' lang='grc' dir='ltr'>ο</span> <span class='ocrx_word' id='word_1_415' title='bbox 2222 3083 2278 3173; x_wconf 60' lang='lat' dir='ltr'><strong>et</strong></span> <span class='ocrx_word' id='word_1_416' title='bbox 2325 3083 2720 3183; x_wconf 66' lang='lat' dir='ltr'><strong>subsequitur,</strong></span> <span class='ocrx_word' id='word_1_417' title='bbox 2764 3114 2827 3162; x_wconf 91' lang='lat' dir='ltr'><strong>ut</strong></span> <span class='ocrx_word' id='word_1_418' title='bbox 2871 3102 3097 3173; x_wconf 89' lang='lat' dir='ltr'><strong>implere</strong></span> <span class='ocrx_word' id='word_1_419' title='bbox 3137 3095 3334 3169; x_wconf 89' lang='lat' dir='ltr'><strong>possit,</strong></span> <span class='ocrx_word' id='word_1_420' title='bbox 3387 3108 3518 3150; x_wconf 86' lang='lat' dir='ltr'><strong>eum</strong></span> <span class='ocrx_word' id='word_1_421' title='bbox 3568 3088 3665 3145; x_wconf 88' lang='lat' dir='ltr'><strong>voti</strong></span> <span class='ocrx_word' id='word_1_422' title='bbox 3706 3083 3769 3140; x_wconf 84' lang='lat' dir='ltr'><strong>sui</strong></span> 
     </span>
    </p>
   </div>
   <div class='ocr_carea' id='block_1_32' title="bbox 532 3184 3769 3279">
    <p class='ocr_par' dir='ltr' id='par_1_32' title="bbox 532 3184 3769 3279">
     <span class='ocr_line' id='line_1_32' title="bbox 532 3184 3769 3279; baseline -0.008 -16"><span class='ocrx_word' id='word_1_423' title='bbox 532 3184 892 3279; x_wconf 42' lang='lat' dir='ltr'><strong>lum&#39;sepulti</strong></span> <span class='ocrx_word' id='word_1_424' title='bbox 926 3184 1203 3274; x_wconf 77' lang='lat' dir='ltr'><strong>hominis,</strong></span> <span class='ocrx_word' id='word_1_425' title='bbox 1254 3222 1418 3278; x_wconf 90' lang='lat' dir='ltr'><strong>quem</strong></span> <span class='ocrx_word' id='word_1_426' title='bbox 1440 3184 1643 3260; x_wconf 29' lang='lat' dir='ltr'><strong>ifuisse</strong></span> <span class='ocrx_word' id='word_1_427' title='bbox 1668 3203 1932 3276; x_wconf 69' lang='lat' dir='ltr'><strong>gigantem</strong></span> <span class='ocrx_word' id='word_1_428' title='bbox 1961 3201 2125 3257; x_wconf 92' lang='lat' dir='ltr'><strong>molis</strong></span> <span class='ocrx_word' id='word_1_429' title='bbox 2156 3184 2193 3192; x_wconf 59' lang='grc'><strong><em>“</em></strong></span> <span class='ocrx_word' id='word_1_430' title='bbox 2227 3212 2533 3275; x_wconf 83' lang='lat' dir='ltr'><strong>compotem</strong></span> <span class='ocrx_word' id='word_1_431' title='bbox 2564 3199 2711 3255; x_wconf 86' lang='lat' dir='ltr'><strong>fecit.</strong></span> <span class='ocrx_word' id='word_1_432' title='bbox 2758 3197 2902 3251; x_wconf 88' lang='lat' dir='ltr'><strong>Cum</strong></span> <span class='ocrx_word' id='word_1_433' title='bbox 2943 3191 3090 3248; x_wconf 91' lang='lat' dir='ltr'><strong>enim</strong></span> <span class='ocrx_word' id='word_1_434' title='bbox 3120 3189 3176 3244; x_wconf 90' lang='lat' dir='ltr'><strong>in</strong></span> <span class='ocrx_word' id='word_1_435' title='bbox 3216 3188 3323 3241; x_wconf 86' lang='lat' dir='ltr'><strong>hoc</strong></span> <span class='ocrx_word' id='word_1_436' title='bbox 3359 3192 3515 3240; x_wconf 89' lang='lat' dir='ltr'><strong>totus</strong></span> <span class='ocrx_word' id='word_1_437' title='bbox 3545 3185 3688 3279; x_wconf 70' lang='lat' dir='ltr'><strong>esset,</strong></span> <span class='ocrx_word' id='word_1_438' title='bbox 3726 3184 3769 3229; x_wconf 78' lang='grc' dir='ltr'><strong>υι</strong></span> 
     </span>
    </p>
   </div>
   <div class='ocr_carea' id='block_1_33' title="bbox 531 3271 3770 3372">
    <p class='ocr_par' dir='ltr' id='par_1_33' title="bbox 531 3271 3770 3372">
     <span class='ocr_line' id='line_1_33' title="bbox 531 3271 3770 3372; baseline -0.01 -16"><span class='ocrx_word' id='word_1_439' title='bbox 531 3310 589 3356; x_wconf 91' lang='lat' dir='ltr'><strong>et</strong></span> <span class='ocrx_word' id='word_1_440' title='bbox 616 3271 980 3372; x_wconf 77' lang='lat' dir='ltr'><strong>proceritatis,</strong></span> <span class='ocrx_word' id='word_1_441' title='bbox 1017 3271 1288 3370; x_wconf 67' lang='lat' dir='ltr'><strong>prodebat</strong></span> <span class='ocrx_word' id='word_1_442' title='bbox 1305 3299 1549 3369; x_wconf 90' lang='lat' dir='ltr'><strong>inspecta</strong></span> <span class='ocrx_word' id='word_1_443' title='bbox 1579 3271 1816 3368; x_wconf 71' lang='lat' dir='ltr'><strong>qualitas</strong></span> <span class='ocrx_word' id='word_1_444' title='bbox 1845 3308 2126 3365; x_wconf 61' lang='lat' dir='ltr'><strong>corporeae</strong></span> <span class='ocrx_word' id='word_1_445' title='bbox 2224 3271 2581 3370; x_wconf 65' lang='lat' dir='ltr'><strong>iamiamque</strong></span> <span class='ocrx_word' id='word_1_446' title='bbox 2602 3285 2952 3362; x_wconf 82' lang='lat' dir='ltr'><strong>perfectionis</strong></span> <span class='ocrx_word' id='word_1_447' title='bbox 2978 3283 3082 3337; x_wconf 88' lang='lat' dir='ltr'><strong>iter</strong></span> <span class='ocrx_word' id='word_1_448' title='bbox 3106 3278 3398 3350; x_wconf 88' lang='lat' dir='ltr'><strong>arriperet,</strong></span> <span class='ocrx_word' id='word_1_449' title='bbox 3426 3289 3549 3332; x_wconf 90' lang='lat' dir='ltr'><strong>cum</strong></span> <span class='ocrx_word' id='word_1_450' title='bbox 3576 3271 3636 3372; x_wconf 76' lang='lat' dir='ltr'><strong>de</strong></span> <span class='ocrx_word' id='word_1_451' title='bbox 3653 3279 3770 3323; x_wconf 69' lang='lat' dir='ltr'><strong>more</strong></span> 
     </span>
    </p>
   </div>
   <div class='ocr_carea' id='block_1_34' title="bbox 538 3364 3770 3465">
    <p class='ocr_par' dir='ltr' id='par_1_34' title="bbox 538 3364 3770 3465">
     <span class='ocr_line' id='line_1_34' title="bbox 538 3364 3770 3465; baseline -0.01 -16"><span class='ocrx_word' id='word_1_452' title='bbox 538 3393 953 3465; x_wconf 82' lang='lat' dir='ltr'><strong>magnitudinis.</strong></span> <span class='ocrx_word' id='word_1_453' title='bbox 984 3391 1166 3448; x_wconf 81' lang='lat' dir='ltr'><strong>Motus</strong></span> <span class='ocrx_word' id='word_1_454' title='bbox 1207 3407 1338 3464; x_wconf 90' lang='lat' dir='ltr'><strong>ergo</strong></span> <span class='ocrx_word' id='word_1_455' title='bbox 1366 3390 1449 3446; x_wconf 91' lang='lat' dir='ltr'><strong>vir</strong></span> <span class='ocrx_word' id='word_1_456' title='bbox 1491 3390 1613 3462; x_wconf 91' lang='lat' dir='ltr'><strong>pius</strong></span> <span class='ocrx_word' id='word_1_457' title='bbox 1643 3389 1998 3444; x_wconf 90' lang='lat' dir='ltr'><strong>miseratione</strong></span> <span class='ocrx_word' id='word_1_458' title='bbox 2024 3386 2127 3440; x_wconf 87' lang='lat' dir='ltr'><strong>hu—</strong></span> <span class='ocrx_word' id='word_1_459' title='bbox 2229 3391 2518 3446; x_wconf 84' lang='lat' dir='ltr'><strong>interesset</strong></span> <span class='ocrx_word' id='word_1_460' title='bbox 2539 3378 2908 3440; x_wconf 85' lang='lat' dir='ltr'><strong>Ecclesiastici</strong></span> <span class='ocrx_word' id='word_1_461' title='bbox 2933 3373 3095 3432; x_wconf 82' lang='lat' dir='ltr'><strong>cilicii</strong></span> <span class='ocrx_word' id='word_1_462' title='bbox 3117 3371 3407 3444; x_wconf 82' lang='lat' dir='ltr'><strong>mysterio,</strong></span> <span class='ocrx_word' id='word_1_463' title='bbox 3442 3364 3637 3424; x_wconf 79' lang='lat' dir='ltr'><strong>audivit</strong></span> <span class='ocrx_word' id='word_1_464' title='bbox 3650 3373 3770 3465; x_wconf 61' lang='lat' dir='ltr'><strong>evan:</strong></span> 
     </span>
    </p>
   </div>
   <div class='ocr_carea' id='block_1_35' title="bbox 536 3446 3769 3555">
    <p class='ocr_par' dir='ltr' id='par_1_35' title="bbox 536 3446 3769 3555">
     <span class='ocr_line' id='line_1_35' title="bbox 536 3446 3769 3555; baseline -0.01 -14"><span class='ocrx_word' id='word_1_465' title='bbox 536 3501 715 3541; x_wconf 71' lang='lat' dir='ltr'><strong>mante</strong></span> <span class='ocrx_word' id='word_1_466' title='bbox 760 3483 1160 3555; x_wconf 88' lang='lat' dir='ltr'><strong>compassionis</strong></span> <span class='ocrx_word' id='word_1_467' title='bbox 1184 3525 1200 3552; x_wconf 95' lang='lat'><strong>,</strong></span> <span class='ocrx_word' id='word_1_468' title='bbox 1239 3492 1295 3539; x_wconf 91' lang='lat' dir='ltr'><strong>et</strong></span> <span class='ocrx_word' id='word_1_469' title='bbox 1340 3484 1566 3553; x_wconf 89' lang='lat' dir='ltr'><strong>insuper</strong></span> <span class='ocrx_word' id='word_1_470' title='bbox 1614 3481 1892 3536; x_wconf 90' lang='lat' dir='ltr'><strong>animatus</strong></span> <span class='ocrx_word' id='word_1_471' title='bbox 1940 3478 2128 3549; x_wconf 75' lang='lat' dir='ltr'><strong>vigore</strong></span> <span class='ocrx_word' id='word_1_472' title='bbox 2229 3483 2429 3555; x_wconf 89' lang='lat' dir='ltr'><strong>gelium</strong></span> <span class='ocrx_word' id='word_1_473' title='bbox 2466 3473 2810 3550; x_wconf 87' lang='lat' dir='ltr'><strong>pronuntiari</strong></span> <span class='ocrx_word' id='word_1_474' title='bbox 2855 3487 2888 3527; x_wconf 92' lang='lat' dir='ltr'><strong>a</strong></span> <span class='ocrx_word' id='word_1_475' title='bbox 2926 3469 3161 3525; x_wconf 90' lang='lat' dir='ltr'><strong>diacono</strong></span> <span class='ocrx_word' id='word_1_476' title='bbox 3188 3483 3201 3519; x_wconf 91' lang='lat'><strong>:</strong></span> <span class='ocrx_word' id='word_1_477' title='bbox 3232 3482 3252 3514; x_wconf 77' lang='grc' dir='ltr'>ι</span> <span class='ocrx_word' id='word_1_478' title='bbox 3286 3461 3346 3517; x_wconf 89' lang='lat' dir='ltr'><strong>Si</strong></span> <span class='ocrx_word' id='word_1_479' title='bbox 3391 3459 3520 3532; x_wconf 84' lang='lat' dir='ltr'><strong>quis</strong></span> <span class='ocrx_word' id='word_1_480' title='bbox 3560 3452 3688 3510; x_wconf 83' lang='lat' dir='ltr'><strong>venit</strong></span> <span class='ocrx_word' id='word_1_481' title='bbox 3721 3446 3769 3501; x_wconf 63' lang='lat' dir='ltr'><strong>ad</strong></span> 
     </span>
    </p>
   </div>
   <div class='ocr_carea' id='block_1_36' title="bbox 532 3548 3769 3648">
    <p class='ocr_par' dir='ltr' id='par_1_36' title="bbox 532 3548 3769 3648">
     <span class='ocr_line' id='line_1_36' title="bbox 532 3548 3769 3648; baseline -0.011 -12"><span class='ocrx_word' id='word_1_482' title='bbox 532 3592 788 3648; x_wconf 71' lang='lat' dir='ltr'><strong>supernae</strong></span> <span class='ocrx_word' id='word_1_483' title='bbox 821 3548 1219 3648; x_wconf 84' lang='lat' dir='ltr'><strong>inspirationis,</strong></span> <span class='ocrx_word' id='word_1_484' title='bbox 1264 3590 1401 3631; x_wconf 89' lang='lat' dir='ltr'><strong>cum.</strong></span> <span class='ocrx_word' id='word_1_485' title='bbox 1426 3548 1550 3630; x_wconf 72' lang='lat' dir='ltr'><strong>ﬁdei</strong></span> <span class='ocrx_word' id='word_1_486' title='bbox 1581 3571 2033 3644; x_wconf 81' lang='lat' dir='ltr'><strong>magnanimitate</strong></span> <span class='ocrx_word' id='word_1_487' title='bbox 2075 3575 2129 3624; x_wconf 90' lang='lat' dir='ltr'><strong>et</strong></span> <span class='ocrx_word' id='word_1_488' title='bbox 2232 3548 2338 3640; x_wconf 66' lang='lat' dir='ltr'><strong>me,</strong></span> <span class='ocrx_word' id='word_1_489' title='bbox 2384 3581 2439 3629; x_wconf 84' lang='lat' dir='ltr'><strong>et</strong></span> <span class='ocrx_word' id='word_1_490' title='bbox 2470 3548 2590 3626; x_wconf 70' lang='lat' dir='ltr'><strong>non</strong></span> <span class='ocrx_word' id='word_1_491' title='bbox 2631 3568 2746 3625; x_wconf 80' lang='lat' dir='ltr'><strong>odit</strong></span> <span class='ocrx_word' id='word_1_492' title='bbox 2778 3573 2989 3636; x_wconf 80' lang='lat' dir='ltr'><strong>patrem</strong></span> <span class='ocrx_word' id='word_1_493' title='bbox 3019 3571 3073 3618; x_wconf 88' lang='lat' dir='ltr'><strong>et</strong></span> <span class='ocrx_word' id='word_1_494' title='bbox 3101 3567 3356 3623; x_wconf 80' lang='lat' dir='ltr'><strong>matrem,</strong></span> <span class='ocrx_word' id='word_1_495' title='bbox 3403 3563 3462 3609; x_wconf 86' lang='lat' dir='ltr'><strong>et</strong></span> <span class='ocrx_word' id='word_1_496' title='bbox 3502 3560 3701 3648; x_wconf 77' lang='lat' dir='ltr'><strong>uxorem</strong></span> <span class='ocrx_word' id='word_1_497' title='bbox 3731 3548 3769 3593; x_wconf 68' lang='lat' dir='ltr'><strong>et</strong></span> 
     </span>
    </p>
   </div>
   <div class='ocr_carea' id='block_1_37' title="bbox 535 3638 2078 3740">
    <p class='ocr_par' dir='ltr' id='par_1_37' title="bbox 535 3661 2078 3740">
     <span class='ocr_line' id='line_1_37' title="bbox 535 3661 2078 3740; baseline -0.006 -17"><span class='ocrx_word' id='word_1_498' title='bbox 535 3669 845 3740; x_wconf 85' lang='lat' dir='ltr'><strong>lacrymosa</strong></span> <span class='ocrx_word' id='word_1_499' title='bbox 885 3667 1218 3722; x_wconf 90' lang='lat' dir='ltr'><strong>contritione</strong></span> <span class='ocrx_word' id='word_1_500' title='bbox 1263 3665 1468 3732; x_wconf 88' lang='lat' dir='ltr'><strong>cordis,</strong></span> <span class='ocrx_word' id='word_1_501' title='bbox 1514 3678 1716 3719; x_wconf 91' lang='lat' dir='ltr'><strong>nomen</strong></span> <span class='ocrx_word' id='word_1_502' title='bbox 1767 3670 1824 3717; x_wconf 88' lang='lat' dir='ltr'><strong>et</strong></span> <span class='ocrx_word' id='word_1_503' title='bbox 1865 3661 2078 3717; x_wconf 57' lang='lat' dir='ltr'><strong>virtutei</strong></span> 
     </span>
    </p>
   </div>
   <div class='ocr_carea' id='block_1_38' title="bbox 2224 3638 3767 3740">
    <p class='ocr_par' dir='ltr' id='par_1_38' title="bbox 2231 3638 3767 3740">
     <span class='ocr_line' id='line_1_38' title="bbox 2231 3638 3767 3740; baseline -0.023 -18"><span class='ocrx_word' id='word_1_504' title='bbox 2231 3638 2395 3732; x_wconf 83' lang='lat' dir='ltr'><strong>filios,</strong></span> <span class='ocrx_word' id='word_1_505' title='bbox 2422 3672 2476 3719; x_wconf 91' lang='lat' dir='ltr'><strong>et</strong></span> <span class='ocrx_word' id='word_1_506' title='bbox 2501 3662 2700 3717; x_wconf 86' lang='lat' dir='ltr'><strong>fratres</strong></span> <span class='ocrx_word' id='word_1_507' title='bbox 2724 3666 2779 3715; x_wconf 92' lang='lat' dir='ltr'><strong>et</strong></span> <span class='ocrx_word' id='word_1_508' title='bbox 2804 3670 3044 3722; x_wconf 88' lang='lat' dir='ltr'><strong>sorores,</strong></span> <span class='ocrx_word' id='word_1_509' title='bbox 3061 3653 3257 3709; x_wconf 81' lang='lat' dir='ltr'><strong>adhuc</strong></span> <span class='ocrx_word' id='word_1_510' title='bbox 3283 3655 3473 3703; x_wconf 88' lang='lat' dir='ltr'><strong>autem</strong></span> <span class='ocrx_word' id='word_1_511' title='bbox 3490 3651 3555 3740; x_wconf 49' lang='grc' dir='ltr'><strong>-ει</strong></span> <span class='ocrx_word' id='word_1_512' title='bbox 3579 3638 3767 3740; x_wconf 66' lang='lat' dir='ltr'><strong>animam</strong></span> 
     </span>
    </p>
   </div>
   <div class='ocr_carea' id='block_1_39' title="bbox 542 3727 3765 3825">
    <p class='ocr_par' dir='ltr' id='par_1_39' title="bbox 542 3727 3765 3825">
     <span class='ocr_line' id='line_1_39' title="bbox 542 3727 3765 3825; baseline -0.012 -12"><span class='ocrx_word' id='word_1_513' title='bbox 542 3727 762 3814; x_wconf 77' lang='lat' dir='ltr'><strong>invocat</strong></span> <span class='ocrx_word' id='word_1_514' title='bbox 791 3765 994 3812; x_wconf 65' lang='lat' dir='ltr'><strong>sanctae</strong></span> <span class='ocrx_word' id='word_1_515' title='bbox 1035 3755 1342 3822; x_wconf 84' lang='lat' dir='ltr'><strong>Trinitatis,</strong></span> <span class='ocrx_word' id='word_1_516' title='bbox 1382 3727 1659 3824; x_wconf 74' lang='lat' dir='ltr'><strong>etaperto</strong></span> <span class='ocrx_word' id='word_1_517' title='bbox 1694 3751 1872 3807; x_wconf 86' lang='lat' dir='ltr'><strong>loculo</strong></span> <span class='ocrx_word' id='word_1_518' title='bbox 1909 3749 2128 3817; x_wconf 90' lang='lat' dir='ltr'><strong>tumuli,</strong></span> <span class='ocrx_word' id='word_1_519' title='bbox 2233 3727 2412 3823; x_wconf 51' lang='lat' dir='ltr'><strong>suam,</strong></span> <span class='ocrx_word' id='word_1_520' title='bbox 2439 3770 2550 3812; x_wconf 75' lang='lat' dir='ltr'><strong>non</strong></span> <span class='ocrx_word' id='word_1_521' title='bbox 2573 3760 2752 3825; x_wconf 66' lang='grc' dir='ltr'><strong>ροιεει</strong></span> <span class='ocrx_word' id='word_1_522' title='bbox 2774 3765 2932 3805; x_wconf 71' lang='lat' dir='ltr'><strong>meus</strong></span> <span class='ocrx_word' id='word_1_523' title='bbox 2965 3761 3090 3803; x_wconf 65' lang='lat' dir='ltr'><strong>esse</strong></span> <span class='ocrx_word' id='word_1_524' title='bbox 3116 3740 3427 3813; x_wconf 68' lang='lat' dir='ltr'><strong>discipulus</strong></span> <span class='ocrx_word' id='word_1_525' title='bbox 3458 3734 3604 3808; x_wconf 69' lang='grc' dir='ltr'><em>(ιηε,</em></span> <span class='ocrx_word' id='word_1_526' title='bbox 3624 3727 3765 3796; x_wconf 52' lang='lat' dir='ltr'><strong>min</strong></span> 
     </span>
    </p>
   </div>
   <div class='ocr_carea' id='block_1_40' title="bbox 542 3825 3767 3916">
    <p class='ocr_par' dir='ltr' id='par_1_40' title="bbox 542 3825 3767 3916">
     <span class='ocr_line' id='line_1_40' title="bbox 542 3825 3767 3916; baseline -0.009 -10"><span class='ocrx_word' id='word_1_527' title='bbox 542 3848 831 3906; x_wconf 86' lang='lat' dir='ltr'><strong>suscitavit</strong></span> <span class='ocrx_word' id='word_1_528' title='bbox 851 3864 976 3904; x_wconf 89' lang='lat' dir='ltr'><strong>eum</strong></span> <span class='ocrx_word' id='word_1_529' title='bbox 1004 3864 1036 3903; x_wconf 91' lang='lat' dir='ltr'><strong>a</strong></span> <span class='ocrx_word' id='word_1_530' title='bbox 1059 3848 1311 3902; x_wconf 87' lang='lat' dir='ltr'><strong>mortuis.</strong></span> <span class='ocrx_word' id='word_1_531' title='bbox 1336 3845 1441 3913; x_wconf 84' lang='lat' dir='ltr'><strong>Qui</strong></span> <span class='ocrx_word' id='word_1_532' title='bbox 1464 3853 1754 3916; x_wconf 89' lang='lat' dir='ltr'><strong>postquam</strong></span> <span class='ocrx_word' id='word_1_533' title='bbox 1781 3852 1865 3899; x_wconf 90' lang='lat' dir='ltr'><strong>est</strong></span> <span class='ocrx_word' id='word_1_534' title='bbox 1886 3841 2132 3897; x_wconf 90' lang='lat' dir='ltr'><strong>redditus</strong></span> <span class='ocrx_word' id='word_1_535' title='bbox 2232 3858 2287 3907; x_wconf 76' lang='lat' dir='ltr'><strong>et</strong></span> <span class='ocrx_word' id='word_1_536' title='bbox 2309 3868 2373 3905; x_wconf 34' lang='grc' dir='ltr'><strong>ιν(</strong></span> <span class='ocrx_word' id='word_1_537' title='bbox 2401 3847 2507 3915; x_wconf 86' lang='lat' dir='ltr'><strong>Qui</strong></span> <span class='ocrx_word' id='word_1_538' title='bbox 2536 3861 2646 3903; x_wconf 90' lang='lat' dir='ltr'><strong>non</strong></span> <span class='ocrx_word' id='word_1_539' title='bbox 2672 3841 2953 3900; x_wconf 85' lang='lat' dir='ltr'><strong>renuntiat</strong></span> <span class='ocrx_word' id='word_1_540' title='bbox 2980 3836 3240 3894; x_wconf 89' lang='lat' dir='ltr'><strong>omnibus</strong></span> <span class='ocrx_word' id='word_1_541' title='bbox 3269 3846 3396 3903; x_wconf 71' lang='lat' dir='ltr'><strong>qua:</strong></span> <span class='ocrx_word' id='word_1_542' title='bbox 3430 3825 3670 3901; x_wconf 81' lang='lat' dir='ltr'><strong>possidet,</strong></span> <span class='ocrx_word' id='word_1_543' title='bbox 3685 3830 3767 3916; x_wconf 70' lang='lat' dir='ltr'><strong>tm</strong></span> 
     </span>
    </p>
   </div>
   <div class='ocr_carea' id='block_1_41' title="bbox 540 3911 3769 4015">
    <p class='ocr_par' dir='ltr' id='par_1_41' title="bbox 540 3911 3769 4015">
     <span class='ocr_line' id='line_1_41' title="bbox 540 3911 3769 4015; baseline -0.008 -17"><span class='ocrx_word' id='word_1_544' title='bbox 540 3944 702 4015; x_wconf 90' lang='lat' dir='ltr'><strong>pleno</strong></span> <span class='ocrx_word' id='word_1_545' title='bbox 731 3942 857 3997; x_wconf 60' lang='lat' dir='ltr'><strong>vita:</strong></span> <span class='ocrx_word' id='word_1_546' title='bbox 880 3941 1076 4007; x_wconf 80' lang='lat' dir='ltr'><strong>ofﬁcio,</strong></span> <span class='ocrx_word' id='word_1_547' title='bbox 1108 3911 1402 4009; x_wconf 68' lang='lat' dir='ltr'><strong>compellth</strong></span> <span class='ocrx_word' id='word_1_548' title='bbox 1438 3911 1565 3993; x_wconf 74' lang='lat' dir='ltr'><strong>eum</strong></span> <span class='ocrx_word' id='word_1_549' title='bbox 1602 3911 1859 3992; x_wconf 74' lang='lat' dir='ltr'><strong>sacerdos</strong></span> <span class='ocrx_word' id='word_1_550' title='bbox 1888 3933 1980 4005; x_wconf 90' lang='lat' dir='ltr'><strong>pio</strong></span> <span class='ocrx_word' id='word_1_551' title='bbox 2006 3933 2134 3990; x_wconf 90' lang='lat' dir='ltr'><strong>allo-</strong></span> <span class='ocrx_word' id='word_1_552' title='bbox 2233 3911 2614 4012; x_wconf 36' lang='lat' dir='ltr'><strong>potestvmeus</strong></span> <span class='ocrx_word' id='word_1_553' title='bbox 2672 3948 2797 3991; x_wconf 85' lang='lat' dir='ltr'><strong>esse</strong></span> <span class='ocrx_word' id='word_1_554' title='bbox 2838 3928 3144 4001; x_wconf 85' lang='lat' dir='ltr'><strong>discipulus</strong></span> <span class='ocrx_word' id='word_1_555' title='bbox 3188 3922 3392 3996; x_wconf 81' lang='lat' dir='ltr'><strong>(ibid.).</strong></span> <span class='ocrx_word' id='word_1_556' title='bbox 3430 3940 3450 3975; x_wconf 76' lang='grc' dir='ltr'><strong><em>ι</em></strong></span> <span class='ocrx_word' id='word_1_557' title='bbox 3501 3916 3571 4015; x_wconf 61' lang='lat' dir='ltr'><strong>Et</strong></span> <span class='ocrx_word' id='word_1_558' title='bbox 3601 3911 3769 4015; x_wconf 40' lang='lat' dir='ltr'><strong>rapit???</strong></span> 
     </span>
    </p>
   </div>
   <div class='ocr_carea' id='block_1_42' title="bbox 541 3999 3769 4108">
    <p class='ocr_par' dir='ltr' id='par_1_42' title="bbox 541 3999 3769 4108">
     <span class='ocr_line' id='line_1_42' title="bbox 541 3999 3769 4108; baseline -0.01 -17"><span class='ocrx_word' id='word_1_559' title='bbox 541 4036 709 4108; x_wconf 90' lang='lat' dir='ltr'><strong>quio&#39;,</strong></span> <span class='ocrx_word' id='word_1_560' title='bbox 748 4026 1040 4092; x_wconf 86' lang='lat' dir='ltr'><strong>sciscitans</strong></span> <span class='ocrx_word' id='word_1_561' title='bbox 1078 4049 1202 4089; x_wconf 90' lang='lat' dir='ltr'><strong>cum</strong></span> <span class='ocrx_word' id='word_1_562' title='bbox 1237 4034 1363 4104; x_wconf 86' lang='lat' dir='ltr'><strong>quis</strong></span> <span class='ocrx_word' id='word_1_563' title='bbox 1400 4040 1566 4097; x_wconf 89' lang='lat' dir='ltr'><strong>esset,</strong></span> <span class='ocrx_word' id='word_1_564' title='bbox 1609 4030 1751 4086; x_wconf 87' lang='lat' dir='ltr'><strong>unde</strong></span> <span class='ocrx_word' id='word_1_565' title='bbox 1795 4029 1923 4084; x_wconf 90' lang='lat' dir='ltr'><strong>illuc</strong></span> <span class='ocrx_word' id='word_1_566' title='bbox 1947 4028 2131 4083; x_wconf 80' lang='lat' dir='ltr'><strong>venis-</strong></span> <span class='ocrx_word' id='word_1_567' title='bbox 2234 4047 2423 4089; x_wconf 78' lang='lat' dir='ltr'><strong>vocem</strong></span> <span class='ocrx_word' id='word_1_568' title='bbox 2458 4045 2524 4086; x_wconf 76' lang='lat' dir='ltr'><strong>ex</strong></span> <span class='ocrx_word' id='word_1_569' title='bbox 2556 4043 2652 4085; x_wconf 87' lang='lat' dir='ltr'><strong>ore</strong></span> <span class='ocrx_word' id='word_1_570' title='bbox 2684 4023 2934 4090; x_wconf 84' lang='lat' dir='ltr'><strong>diaconi,</strong></span> <span class='ocrx_word' id='word_1_571' title='bbox 2968 4020 3196 4077; x_wconf 85' lang='lat' dir='ltr'><strong>credens</strong></span> <span class='ocrx_word' id='word_1_572' title='bbox 3240 4016 3348 4069; x_wconf 90' lang='lat' dir='ltr'><strong>hoc</strong></span> <span class='ocrx_word' id='word_1_573' title='bbox 3381 4009 3657 4069; x_wconf 77' lang='lat' dir='ltr'><strong>consilium</strong></span> 
     </span>
    </p>
   </div>
   <div class='ocr_carea' id='block_1_43' title="bbox 547 4092 3769 4195">
    <p class='ocr_par' dir='ltr' id='par_1_43' title="bbox 547 4092 3769 4195">
     <span class='ocr_line' id='line_1_43' title="bbox 547 4092 3769 4195; baseline -0.009 -12"><span class='ocrx_word' id='word_1_574' title='bbox 547 4136 654 4193; x_wconf 90' lang='lat' dir='ltr'><strong>set,</strong></span> <span class='ocrx_word' id='word_1_575' title='bbox 693 4127 788 4182; x_wconf 91' lang='lat' dir='ltr'><strong>ubi</strong></span> <span class='ocrx_word' id='word_1_576' title='bbox 827 4116 993 4187; x_wconf 81' lang='lat' dir='ltr'><strong>modo</strong></span> <span class='ocrx_word' id='word_1_577' title='bbox 1039 4123 1254 4192; x_wconf 89' lang='lat' dir='ltr'><strong>fuisset,</strong></span> <span class='ocrx_word' id='word_1_578' title='bbox 1282 4124 1329 4180; x_wconf 91' lang='lat' dir='ltr'><strong>si</strong></span> <span class='ocrx_word' id='word_1_579' title='bbox 1375 4122 1668 4195; x_wconf 90' lang='lat' dir='ltr'><strong>aliquando</strong></span> <span class='ocrx_word' id='word_1_580' title='bbox 1704 4120 1924 4177; x_wconf 79' lang='lat' dir='ltr'><strong>Christo</strong></span> <span class='ocrx_word' id='word_1_581' title='bbox 1964 4119 2136 4175; x_wconf 88' lang='lat' dir='ltr'><strong>credi-</strong></span> <span class='ocrx_word' id='word_1_582' title='bbox 2236 4126 2292 4181; x_wconf 87' lang='lat' dir='ltr'><strong>in</strong></span> <span class='ocrx_word' id='word_1_583' title='bbox 2341 4132 2587 4193; x_wconf 86' lang='lat' dir='ltr'><strong>tempore</strong></span> <span class='ocrx_word' id='word_1_584' title='bbox 2618 4119 2936 4176; x_wconf 87' lang='lat' dir='ltr'><strong>mandatum</strong></span> <span class='ocrx_word' id='word_1_585' title='bbox 2971 4127 3093 4170; x_wconf 88' lang='lat' dir='ltr'><strong>esse</strong></span> <span class='ocrx_word' id='word_1_586' title='bbox 3133 4125 3202 4166; x_wconf 77' lang='lat' dir='ltr'><strong>ex</strong></span> <span class='ocrx_word' id='word_1_587' title='bbox 3247 4121 3345 4162; x_wconf 87' lang='lat' dir='ltr'><strong>ore</strong></span> <span class='ocrx_word' id='word_1_588' title='bbox 3386 4103 3558 4177; x_wconf 86' lang='lat' dir='ltr'><strong>ipsius</strong></span> <span class='ocrx_word' id='word_1_589' title='bbox 3584 4092 3769 4152; x_wconf 64' lang='lat' dir='ltr'><strong>Domini.</strong></span> 
     </span>
    </p>
   </div>
   <div class='ocr_carea' id='block_1_44' title="bbox 545 4197 3768 4287">
    <p class='ocr_par' dir='ltr' id='par_1_44' title="bbox 545 4197 3768 4287">
     <span class='ocr_line' id='line_1_44' title="bbox 545 4197 3768 4287; baseline -0.01 -14"><span class='ocrx_word' id='word_1_590' title='bbox 545 4218 738 4273; x_wconf 88' lang='lat' dir='ltr'><strong>disset.</strong></span> <span class='ocrx_word' id='word_1_591' title='bbox 770 4216 1072 4287; x_wconf 79' lang='lat' dir='ltr'><strong>Respondit</strong></span> <span class='ocrx_word' id='word_1_592' title='bbox 1095 4215 1205 4281; x_wconf 92' lang='lat' dir='ltr'><strong>ille,</strong></span> <span class='ocrx_word' id='word_1_593' title='bbox 1237 4231 1295 4271; x_wconf 87' lang='lat' dir='ltr'><strong>se</strong></span> <span class='ocrx_word' id='word_1_594' title='bbox 1320 4231 1352 4271; x_wconf 92' lang='lat' dir='ltr'><strong>a</strong></span> <span class='ocrx_word' id='word_1_595' title='bbox 1380 4214 1698 4285; x_wconf 88' lang='lat' dir='ltr'><strong>parentibus</strong></span> <span class='ocrx_word' id='word_1_596' title='bbox 1725 4211 1843 4268; x_wconf 83' lang='lat' dir='ltr'><strong>suis</strong></span> <span class='ocrx_word' id='word_1_597' title='bbox 1865 4210 2131 4278; x_wconf 89' lang='lat' dir='ltr'><strong>occisum,</strong></span> <span class='ocrx_word' id='word_1_598' title='bbox 2236 4233 2305 4273; x_wconf 65' lang='lat' dir='ltr'><strong>ex</strong></span> <span class='ocrx_word' id='word_1_599' title='bbox 2335 4216 2452 4286; x_wconf 77' lang='lat' dir='ltr'><strong>ipsa</strong></span> <span class='ocrx_word' id='word_1_600' title='bbox 2494 4211 2745 4270; x_wconf 78' lang='lat' dir='ltr'><strong>lectionis</strong></span> <span class='ocrx_word' id='word_1_601' title='bbox 2780 4207 3192 4280; x_wconf 85' lang='lat' dir='ltr'><strong>opportunitate</strong></span> <span class='ocrx_word' id='word_1_602' title='bbox 3235 4211 3452 4274; x_wconf 83' lang='lat' dir='ltr'><strong>patrem</strong></span> <span class='ocrx_word' id='word_1_603' title='bbox 3485 4205 3633 4251; x_wconf 88' lang='lat' dir='ltr'><strong>suum</strong></span> <span class='ocrx_word' id='word_1_604' title='bbox 3667 4197 3768 4239; x_wconf 84' lang='lat' dir='ltr'><strong>con-</strong></span> 
     </span>
    </p>
   </div>
   <div class='ocr_carea' id='block_1_45' title="bbox 550 4284 3767 4380">
    <p class='ocr_par' dir='ltr' id='par_1_45' title="bbox 550 4284 3767 4380">
     <span class='ocr_line' id='line_1_45' title="bbox 550 4284 3767 4380; baseline -0.009 -15"><span class='ocrx_word' id='word_1_605' title='bbox 550 4310 627 4365; x_wconf 84' lang='lat' dir='ltr'><strong>ibi</strong></span> <span class='ocrx_word' id='word_1_606' title='bbox 671 4308 869 4363; x_wconf 92' lang='lat' dir='ltr'><strong>tumuli</strong></span> <span class='ocrx_word' id='word_1_607' title='bbox 911 4306 1191 4378; x_wconf 88' lang='lat' dir='ltr'><strong>accepisse</strong></span> <span class='ocrx_word' id='word_1_608' title='bbox 1210 4284 1433 4378; x_wconf 45' lang='lat' dir='ltr'><strong>.locum.</strong></span> <span class='ocrx_word' id='word_1_609' title='bbox 1478 4304 1652 4359; x_wconf 87' lang='lat' dir='ltr'><strong>Porro</strong></span> <span class='ocrx_word' id='word_1_610' title='bbox 1684 4320 1743 4360; x_wconf 89' lang='lat' dir='ltr'><strong>se</strong></span> <span class='ocrx_word' id='word_1_611' title='bbox 1777 4302 2136 4358; x_wconf 82' lang='lat' dir='ltr'><strong>infernalibus</strong></span> <span class='ocrx_word' id='word_1_612' title='bbox 2237 4284 2408 4376; x_wconf 74' lang='lat' dir='ltr'><strong>venit,</strong></span> <span class='ocrx_word' id='word_1_613' title='bbox 2448 4306 2780 4380; x_wconf 79' lang='lat' dir='ltr'><strong>legationem</strong></span> <span class='ocrx_word' id='word_1_614' title='bbox 2820 4299 3090 4357; x_wconf 88' lang='lat' dir='ltr'><strong>Dominici</strong></span> <span class='ocrx_word' id='word_1_615' title='bbox 3128 4293 3372 4352; x_wconf 86' lang='lat' dir='ltr'><strong>mandati</strong></span> <span class='ocrx_word' id='word_1_616' title='bbox 3413 4305 3511 4363; x_wconf 90' lang='lat' dir='ltr'><strong>per</strong></span> <span class='ocrx_word' id='word_1_617' title='bbox 3537 4284 3767 4380; x_wconf 48' lang='lat' dir='ltr'><strong>diaconufl</strong></span> 
     </span>
    </p>
   </div>
   <div class='ocr_carea' id='block_1_46' title="bbox 551 4363 3767 4477">
    <p class='ocr_par' dir='ltr' id='par_1_46' title="bbox 551 4363 3767 4477">
     <span class='ocr_line' id='line_1_46' title="bbox 551 4363 3767 4477; baseline -0.011 -19"><span class='ocrx_word' id='word_1_618' title='bbox 551 4402 810 4458; x_wconf 85' lang='lat' dir='ltr'><strong>claustris</strong></span> <span class='ocrx_word' id='word_1_619' title='bbox 855 4368 1228 4477; x_wconf 44' lang='lat' dir='ltr'><strong>deputatum,-</strong></span> <span class='ocrx_word' id='word_1_620' title='bbox 1253 4398 1434 4454; x_wconf 89' lang='lat' dir='ltr'><strong>dirum</strong></span> <span class='ocrx_word' id='word_1_621' title='bbox 1467 4406 1521 4453; x_wconf 89' lang='lat' dir='ltr'><strong>et</strong></span> <span class='ocrx_word' id='word_1_622' title='bbox 1563 4395 2021 4451; x_wconf 85' lang='lat' dir='ltr'><strong>interminabilem</strong></span> <span class='ocrx_word' id='word_1_623' title='bbox 2051 4402 2138 4448; x_wconf 90' lang='lat' dir='ltr'><strong>tu-</strong></span> <span class='ocrx_word' id='word_1_624' title='bbox 2240 4401 2345 4458; x_wconf 67' lang='lat' dir='ltr'><strong>sibi</strong></span> <span class='ocrx_word' id='word_1_625' title='bbox 2379 4363 2606 4456; x_wconf 56' lang='lat' dir='ltr'><strong>missam</strong></span> <span class='ocrx_word' id='word_1_626' title='bbox 2641 4397 2692 4452; x_wconf 90' lang='lat' dir='ltr'><strong>ei</strong></span> <span class='ocrx_word' id='word_1_627' title='bbox 2730 4394 2953 4466; x_wconf 78' lang='lat' dir='ltr'><strong>obiecit,</strong></span> <span class='ocrx_word' id='word_1_628' title='bbox 2994 4401 3050 4448; x_wconf 88' lang='lat' dir='ltr'><strong>et</strong></span> <span class='ocrx_word' id='word_1_629' title='bbox 3089 4387 3370 4446; x_wconf 88' lang='lat' dir='ltr'><strong>licentiam</strong></span> <span class='ocrx_word' id='word_1_630' title='bbox 3411 4363 3767 4437; x_wconf 55' lang='lat' dir='ltr'><strong>abrenuntian—ii</strong></span> 
     </span>
    </p>
   </div>
   <div class='ocr_carea' id='block_1_47' title="bbox 547 4466 3769 4562">
    <p class='ocr_par' dir='ltr' id='par_1_47' title="bbox 547 4466 3769 4562">
     <span class='ocr_line' id='line_1_47' title="bbox 547 4466 3769 4562; baseline -0.009 -14"><span class='ocrx_word' id='word_1_631' title='bbox 547 4493 681 4549; x_wconf 91' lang='lat' dir='ltr'><strong>lisse</strong></span> <span class='ocrx_word' id='word_1_632' title='bbox 710 4466 1031 4550; x_wconf 79' lang='lat' dir='ltr'><strong>cruciatum.</strong></span> <span class='ocrx_word' id='word_1_633' title='bbox 1075 4470 1142 4548; x_wconf 76' lang='lat' dir='ltr'><strong>Et</strong></span> <span class='ocrx_word' id='word_1_634' title='bbox 1177 4491 1384 4548; x_wconf 83' lang='lat' dir='ltr'><strong>addidit</strong></span> <span class='ocrx_word' id='word_1_635' title='bbox 1415 4492 1583 4547; x_wconf 89' lang='lat' dir='ltr'><strong>homo</strong></span> <span class='ocrx_word' id='word_1_636' title='bbox 1622 4489 1714 4544; x_wconf 84' lang='lat' dir='ltr'><strong>Dei</strong></span> <span class='ocrx_word' id='word_1_637' title='bbox 1743 4509 1755 4544; x_wconf 91' lang='lat'><strong>:</strong></span> <span class='ocrx_word' id='word_1_638' title='bbox 1786 4487 1954 4544; x_wconf 82' lang='lat' dir='ltr'><strong>Vobis</strong></span> <span class='ocrx_word' id='word_1_639' title='bbox 1989 4502 2138 4558; x_wconf 89' lang='lat' dir='ltr'><strong>ergo,</strong></span> <span class='ocrx_word' id='word_1_640' title='bbox 2175 4476 2217 4533; x_wconf 79' lang='grc' dir='ltr'><strong>Ι)</strong></span> <span class='ocrx_word' id='word_1_641' title='bbox 2246 4492 2349 4548; x_wconf 85' lang='lat' dir='ltr'><strong>sibi</strong></span> <span class='ocrx_word' id='word_1_642' title='bbox 2380 4492 2608 4562; x_wconf 86' lang='lat' dir='ltr'><strong>suisque</strong></span> <span class='ocrx_word' id='word_1_643' title='bbox 2636 4487 2917 4553; x_wconf 89' lang='lat' dir='ltr'><strong>omnibus,</strong></span> <span class='ocrx_word' id='word_1_644' title='bbox 2953 4485 3023 4540; x_wconf 89' lang='lat' dir='ltr'><strong>ab</strong></span> <span class='ocrx_word' id='word_1_645' title='bbox 3051 4498 3118 4537; x_wconf 89' lang='lat' dir='ltr'><strong>eo</strong></span> <span class='ocrx_word' id='word_1_646' title='bbox 3147 4477 3432 4535; x_wconf 88' lang='lat' dir='ltr'><strong>humiliter</strong></span> <span class='ocrx_word' id='word_1_647' title='bbox 3463 4468 3623 4562; x_wconf 78' lang='lat' dir='ltr'><strong>petiit,</strong></span> <span class='ocrx_word' id='word_1_648' title='bbox 3647 4466 3769 4553; x_wconf 65' lang='lat' dir='ltr'><strong>scth</strong></span> 
     </span>
    </p>
   </div>
   <div class='ocr_carea' id='block_1_48' title="bbox 553 4556 3767 4657">
    <p class='ocr_par' dir='ltr' id='par_1_48' title="bbox 553 4556 3767 4657">
     <span class='ocr_line' id='line_1_48' title="bbox 553 4556 3767 4657; baseline -0.01 -16"><span class='ocrx_word' id='word_1_649' title='bbox 553 4573 695 4657; x_wconf 81' lang='lat' dir='ltr'><strong>quos</strong></span> <span class='ocrx_word' id='word_1_650' title='bbox 740 4586 1096 4642; x_wconf 87' lang='lat' dir='ltr'><strong>incredulitas</strong></span> <span class='ocrx_word' id='word_1_651' title='bbox 1138 4584 1419 4656; x_wconf 89' lang='lat' dir='ltr'><strong>deputavit</strong></span> <span class='ocrx_word' id='word_1_652' title='bbox 1460 4582 1695 4654; x_wconf 68' lang='lat' dir='ltr'><strong>poenalis</strong></span> <span class='ocrx_word' id='word_1_653' title='bbox 1736 4579 1936 4635; x_wconf 89' lang='lat' dir='ltr'><strong>inferni</strong></span> <span class='ocrx_word' id='word_1_654' title='bbox 1982 4556 2141 4649; x_wconf 79' lang='lat' dir='ltr'><strong>erga-</strong></span> <span class='ocrx_word' id='word_1_655' title='bbox 2242 4592 2396 4639; x_wconf 81' lang='lat' dir='ltr'><strong>trans</strong></span> <span class='ocrx_word' id='word_1_656' title='bbox 2419 4556 2568 4637; x_wconf 67' lang='lat' dir='ltr'><strong>mare</strong></span> <span class='ocrx_word' id='word_1_657' title='bbox 2598 4575 3091 4651; x_wconf 85' lang='lat' dir='ltr'><strong>peregrinationem</strong></span> <span class='ocrx_word' id='word_1_658' title='bbox 3120 4584 3217 4641; x_wconf 91' lang='lat' dir='ltr'><strong>pro</strong></span> <span class='ocrx_word' id='word_1_659' title='bbox 3240 4564 3464 4622; x_wconf 89' lang='lat' dir='ltr'><strong>Christo</strong></span> <span class='ocrx_word' id='word_1_660' title='bbox 3489 4556 3612 4657; x_wconf 73' lang='lat' dir='ltr'><strong>velle</strong></span> <span class='ocrx_word' id='word_1_661' title='bbox 3635 4559 3767 4657; x_wconf 52' lang='grc' dir='ltr'><strong>ωεξιέ</strong></span> 
     </span>
    </p>
   </div>
   <div class='ocr_carea' id='block_1_49' title="bbox 554 4633 3769 4747">
    <p class='ocr_par' dir='ltr' id='par_1_49' title="bbox 554 4633 3769 4747">
     <span class='ocr_line' id='line_1_49' title="bbox 554 4633 3769 4747; baseline -0.007 -14"><span class='ocrx_word' id='word_1_662' title='bbox 554 4633 732 4741; x_wconf 64' lang='grc' dir='ltr'><strong>έιυιο,</strong></span> <span class='ocrx_word' id='word_1_663' title='bbox 771 4682 857 4731; x_wconf 80' lang='lat' dir='ltr'><strong>est</strong></span> <span class='ocrx_word' id='word_1_664' title='bbox 892 4677 1073 4747; x_wconf 89' lang='lat' dir='ltr'><strong>aliqua</strong></span> <span class='ocrx_word' id='word_1_665' title='bbox 1114 4633 1238 4731; x_wconf 79' lang='lat' dir='ltr'><strong>fider</strong></span> <span class='ocrx_word' id='word_1_666' title='bbox 1258 4633 1563 4740; x_wconf 58' lang='lat' dir='ltr'><strong>confessrio,</strong></span> <span class='ocrx_word' id='word_1_667' title='bbox 1603 4680 1689 4728; x_wconf 91' lang='lat' dir='ltr'><strong>est</strong></span> <span class='ocrx_word' id='word_1_668' title='bbox 1722 4672 1905 4742; x_wconf 87' lang='lat' dir='ltr'><strong>aliqua</strong></span> <span class='ocrx_word' id='word_1_669' title='bbox 1941 4633 2143 4726; x_wconf 62' lang='lat' dir='ltr'><strong>sanctae</strong></span> <span class='ocrx_word' id='word_1_670' title='bbox 2243 4691 2371 4747; x_wconf 89' lang='lat' dir='ltr'><strong>pere</strong></span> <span class='ocrx_word' id='word_1_671' title='bbox 2412 4633 2679 4745; x_wconf 57' lang='lat' dir='ltr'><strong>prieditiit.</strong></span> <span class='ocrx_word' id='word_1_672' title='bbox 2708 4633 2871 4725; x_wconf 54' lang='grc' dir='ltr'><strong>διαθι-</strong></span> <span class='ocrx_word' id='word_1_673' title='bbox 2916 4633 3147 4736; x_wconf 74' lang='lat' dir='ltr'><strong>diligens</strong></span> <span class='ocrx_word' id='word_1_674' title='bbox 3193 4660 3365 4715; x_wconf 91' lang='lat' dir='ltr'><strong>ﬁlium</strong></span> <span class='ocrx_word' id='word_1_675' title='bbox 3414 4650 3573 4747; x_wconf 69' lang='lat' dir='ltr'><strong>nimis</strong></span> 
     </span>
    </p>
   </div>
   <div class='ocr_carea' id='block_1_50' title="bbox 552 4734 3767 4838">
    <p class='ocr_par' dir='ltr' id='par_1_50' title="bbox 552 4734 3767 4838">
     <span class='ocr_line' id='line_1_50' title="bbox 552 4734 3767 4838; baseline -0.01 -17"><span class='ocrx_word' id='word_1_676' title='bbox 552 4775 606 4821; x_wconf 82' lang='lat' dir='ltr'><strong>et</strong></span> <span class='ocrx_word' id='word_1_677' title='bbox 647 4765 940 4822; x_wconf 67' lang='lat' dir='ltr'><strong>individua:</strong></span> <span class='ocrx_word' id='word_1_678' title='bbox 966 4734 1249 4823; x_wconf 65' lang='lat' dir='ltr'><strong>&#39;i‘rinitatis</strong></span> <span class='ocrx_word' id='word_1_679' title='bbox 1271 4766 1549 4838; x_wconf 80' lang='lat' dir='ltr'><strong>cognitio?</strong></span> <span class='ocrx_word' id='word_1_680' title='bbox 1577 4764 1644 4819; x_wconf 86' lang='lat' dir='ltr'><strong>Et</strong></span> <span class='ocrx_word' id='word_1_681' title='bbox 1671 4764 1760 4820; x_wconf 92' lang='lat' dir='ltr'><strong>ille</strong></span> <span class='ocrx_word' id='word_1_682' title='bbox 1786 4734 2011 4828; x_wconf 46' lang='lat' dir='ltr'><strong>:—Plane,</strong></span> <span class='ocrx_word' id='word_1_683' title='bbox 2062 4760 2147 4816; x_wconf 83' lang='lat' dir='ltr'><strong>in-</strong></span> <span class='ocrx_word' id='word_1_684' title='bbox 2244 4734 2553 4831; x_wconf 63' lang='grc' dir='ltr'><strong>ξιίῐεοιίοηε,</strong></span> <span class='ocrx_word' id='word_1_685' title='bbox 2576 4777 2740 4834; x_wconf 89' lang='lat' dir='ltr'><strong>quem</strong></span> <span class='ocrx_word' id='word_1_686' title='bbox 2767 4734 3037 4831; x_wconf 78' lang='lat' dir='ltr'><strong>gaudebat</strong></span> <span class='ocrx_word' id='word_1_687' title='bbox 3057 4753 3285 4810; x_wconf 90' lang='lat' dir='ltr'><strong>rediisse</strong></span> <span class='ocrx_word' id='word_1_688' title='bbox 3307 4750 3375 4804; x_wconf 90' lang='lat' dir='ltr'><strong>de</strong></span> <span class='ocrx_word' id='word_1_689' title='bbox 3395 4759 3510 4802; x_wconf 88' lang='lat' dir='ltr'><strong>tam</strong></span> <span class='ocrx_word' id='word_1_690' title='bbox 3536 4734 3767 4838; x_wconf 54' lang='lat' dir='ltr'><strong>longimllta</strong></span> 
     </span>
    </p>
   </div>
   <div class='ocr_carea' id='block_1_51' title="bbox 554 4830 3764 4931">
    <p class='ocr_par' dir='ltr' id='par_1_51' title="bbox 554 4830 3764 4931">
     <span class='ocr_line' id='line_1_51' title="bbox 554 4830 3764 4931; baseline -0.007 -18"><span class='ocrx_word' id='word_1_691' title='bbox 554 4859 694 4931; x_wconf 87' lang='lat' dir='ltr'><strong>quit,</strong></span> <span class='ocrx_word' id='word_1_692' title='bbox 734 4858 894 4915; x_wconf 93' lang='lat' dir='ltr'><strong>nobis</strong></span> <span class='ocrx_word' id='word_1_693' title='bbox 921 4866 1125 4915; x_wconf 70' lang='lat' dir='ltr'><strong>sancta:</strong></span> <span class='ocrx_word' id='word_1_694' title='bbox 1149 4830 1437 4914; x_wconf 65' lang='lat' dir='ltr'><strong>Trinitatis</strong></span> <span class='ocrx_word' id='word_1_695' title='bbox 1461 4857 1702 4931; x_wconf 81' lang='lat' dir='ltr'><strong>cognitio</strong></span> <span class='ocrx_word' id='word_1_696' title='bbox 1722 4865 1827 4924; x_wconf 91' lang='lat' dir='ltr'><strong>est,</strong></span> <span class='ocrx_word' id='word_1_697' title='bbox 1854 4856 1949 4913; x_wconf 89' lang='lat' dir='ltr'><strong>sed</strong></span> <span class='ocrx_word' id='word_1_698' title='bbox 1981 4853 2145 4909; x_wconf 90' lang='lat' dir='ltr'><strong>modo</strong></span> <span class='ocrx_word' id='word_1_699' title='bbox 2246 4830 2709 4931; x_wconf 78' lang='lat' dir='ltr'><strong>peregrinatione,</strong></span> <span class='ocrx_word' id='word_1_700' title='bbox 2732 4830 2906 4908; x_wconf 87' lang='lat' dir='ltr'><strong>voluit</strong></span> <span class='ocrx_word' id='word_1_701' title='bbox 2929 4850 3087 4905; x_wconf 82' lang='lat' dir='ltr'><strong>home</strong></span> <span class='ocrx_word' id='word_1_702' title='bbox 3106 4845 3227 4915; x_wconf 77' lang='lat' dir='ltr'><strong>eius</strong></span> <span class='ocrx_word' id='word_1_703' title='bbox 3246 4836 3514 4897; x_wconf 84' lang='lat' dir='ltr'><strong>voluntati</strong></span> <span class='ocrx_word' id='word_1_704' title='bbox 3536 4830 3764 4931; x_wconf 54' lang='lat' dir='ltr'><strong>comm:</strong></span> 
     </span>
    </p>
   </div>
   <div class='ocr_carea' id='block_1_52' title="bbox 553 4916 3770 5021">
    <p class='ocr_par' dir='ltr' id='par_1_52' title="bbox 553 4916 3770 5021">
     <span class='ocr_line' id='line_1_52' title="bbox 553 4916 3770 5021; baseline -0.008 -13"><span class='ocrx_word' id='word_1_705' title='bbox 553 4968 678 5008; x_wconf 89' lang='lat' dir='ltr'><strong>eam</strong></span> <span class='ocrx_word' id='word_1_706' title='bbox 723 4960 1029 5008; x_wconf 89' lang='lat' dir='ltr'><strong>nosse-aut</strong></span> <span class='ocrx_word' id='word_1_707' title='bbox 1066 4950 1314 5006; x_wconf 89' lang='lat' dir='ltr'><strong>conﬁteri</strong></span> <span class='ocrx_word' id='word_1_708' title='bbox 1348 4951 1484 5006; x_wconf 73' lang='lat' dir='ltr'><strong>nihil</strong></span> <span class='ocrx_word' id='word_1_709' title='bbox 1514 4950 1675 5007; x_wconf 91' lang='lat' dir='ltr'><strong>nobis</strong></span> <span class='ocrx_word' id='word_1_710' title='bbox 1720 4950 1943 5021; x_wconf 85' lang='lat' dir='ltr'><strong>prodest</strong></span> <span class='ocrx_word' id='word_1_711' title='bbox 1982 4966 1997 5003; x_wconf 87' lang='lat'><strong>:</strong></span> <span class='ocrx_word' id='word_1_712' title='bbox 2033 4947 2146 5003; x_wconf 92' lang='lat' dir='ltr'><strong>imo</strong></span> <span class='ocrx_word' id='word_1_713' title='bbox 2246 4916 2339 5019; x_wconf 61' lang='lat' dir='ltr'><strong>iit,</strong></span> <span class='ocrx_word' id='word_1_714' title='bbox 2366 4916 2707 5021; x_wconf 61' lang='lat' dir='ltr'><strong>praecurrens</strong></span> <span class='ocrx_word' id='word_1_715' title='bbox 2724 4945 2792 5001; x_wconf 91' lang='lat' dir='ltr'><strong>ad</strong></span> <span class='ocrx_word' id='word_1_716' title='bbox 2817 4941 2988 4998; x_wconf 89' lang='lat' dir='ltr'><strong>maris</strong></span> <span class='ocrx_word' id='word_1_717' title='bbox 3014 4939 3190 5003; x_wconf 88' lang='lat' dir='ltr'><strong>littus,</strong></span> <span class='ocrx_word' id='word_1_718' title='bbox 3217 4931 3419 4990; x_wconf 87' lang='lat' dir='ltr'><strong>amotis</strong></span> <span class='ocrx_word' id='word_1_719' title='bbox 3447 4916 3770 5021; x_wconf 53' lang='lat' dir='ltr'><strong>usquequaqff</strong></span> 
     </span>
    </p>
   </div>
   <div class='ocr_carea' id='block_1_53' title="bbox 555 5007 3769 5117">
    <p class='ocr_par' dir='ltr' id='par_1_53' title="bbox 555 5007 3769 5117">
     <span class='ocr_line' id='line_1_53' title="bbox 555 5007 3769 5117; baseline -0.011 -16"><span class='ocrx_word' id='word_1_720' title='bbox 555 5045 687 5117; x_wconf 84' lang='lat' dir='ltr'><strong>quia</strong></span> <span class='ocrx_word' id='word_1_721' title='bbox 721 5045 779 5101; x_wconf 92' lang='lat' dir='ltr'><strong>in</strong></span> <span class='ocrx_word' id='word_1_722' title='bbox 808 5044 919 5099; x_wconf 90' lang='lat' dir='ltr'><strong>vita</strong></span> <span class='ocrx_word' id='word_1_723' title='bbox 953 5058 1076 5100; x_wconf 83' lang='lat' dir='ltr'><strong>eam</strong></span> <span class='ocrx_word' id='word_1_724' title='bbox 1104 5058 1269 5098; x_wconf 92' lang='lat' dir='ltr'><strong>nosse</strong></span> <span class='ocrx_word' id='word_1_725' title='bbox 1300 5042 1601 5111; x_wconf 89' lang='lat' dir='ltr'><strong>noluimus,</strong></span> <span class='ocrx_word' id='word_1_726' title='bbox 1631 5041 1937 5098; x_wconf 89' lang='lat' dir='ltr'><strong>mortaliter</strong></span> <span class='ocrx_word' id='word_1_727' title='bbox 1964 5040 2144 5096; x_wconf 85' lang='lat' dir='ltr'><strong>obest.</strong></span> <span class='ocrx_word' id='word_1_728' title='bbox 2255 5007 2488 5100; x_wconf 76' lang='lat' dir='ltr'><strong>navibus</strong></span> <span class='ocrx_word' id='word_1_729' title='bbox 2511 5082 2526 5108; x_wconf 90' lang='lat'><strong>,</strong></span> <span class='ocrx_word' id='word_1_730' title='bbox 2577 5036 2858 5095; x_wconf 73' lang='lat' dir='ltr'><strong>interdixit</strong></span> <span class='ocrx_word' id='word_1_731' title='bbox 2902 5028 3150 5106; x_wconf 83' lang='lat' dir='ltr'><strong>potenter</strong></span> <span class='ocrx_word' id='word_1_732' title='bbox 3196 5024 3384 5082; x_wconf 89' lang='lat' dir='ltr'><strong>nautis</strong></span> <span class='ocrx_word' id='word_1_733' title='bbox 3428 5013 3685 5117; x_wconf 48' lang='lat' dir='ltr'><strong>omnibus.</strong></span> <span class='ocrx_word' id='word_1_734' title='bbox 3705 5007 3769 5117; x_wconf 45' lang='grc' dir='ltr'><em>Ξ</em></span> 
     </span>
    </p>
   </div>
   <div class='ocr_carea' id='block_1_54' title="bbox 563 5100 3769 5210">
    <p class='ocr_par' dir='ltr' id='par_1_54' title="bbox 563 5100 3769 5210">
     <span class='ocr_line' id='line_1_54' title="bbox 563 5100 3769 5210; baseline -0.009 -18"><span class='ocrx_word' id='word_1_735' title='bbox 563 5137 690 5196; x_wconf 76' lang='grc' dir='ltr'><strong>1ιίεο</strong></span> <span class='ocrx_word' id='word_1_736' title='bbox 719 5153 934 5210; x_wconf 90' lang='lat' dir='ltr'><strong>precor,</strong></span> <span class='ocrx_word' id='word_1_737' title='bbox 962 5144 1022 5192; x_wconf 89' lang='lat' dir='ltr'><strong>ut</strong></span> <span class='ocrx_word' id='word_1_738' title='bbox 1051 5135 1245 5192; x_wconf 89' lang='lat' dir='ltr'><strong>saltem</strong></span> <span class='ocrx_word' id='word_1_739' title='bbox 1281 5136 1447 5191; x_wconf 92' lang='lat' dir='ltr'><strong>modo</strong></span> <span class='ocrx_word' id='word_1_740' title='bbox 1484 5151 1698 5192; x_wconf 89' lang='lat' dir='ltr'><strong>merear</strong></span> <span class='ocrx_word' id='word_1_741' title='bbox 1724 5133 1942 5195; x_wconf 86' lang='lat' dir='ltr'><strong>renasci</strong></span> <span class='ocrx_word' id='word_1_742' title='bbox 1968 5134 2149 5203; x_wconf 89' lang='lat' dir='ltr'><strong>bapti-</strong></span> <span class='ocrx_word' id='word_1_743' title='bbox 2257 5135 2383 5207; x_wconf 89' lang='lat' dir='ltr'><strong>quis</strong></span> <span class='ocrx_word' id='word_1_744' title='bbox 2420 5100 2611 5189; x_wconf 69' lang='lat' dir='ltr'><strong>eorum</strong></span> <span class='ocrx_word' id='word_1_745' title='bbox 2652 5130 2766 5185; x_wconf 90' lang='lat' dir='ltr'><strong>ﬁlio</strong></span> <span class='ocrx_word' id='word_1_746' title='bbox 2802 5100 2921 5184; x_wconf 41' lang='lat' dir='ltr'><strong>suo-</strong></span> <span class='ocrx_word' id='word_1_747' title='bbox 2947 5123 3261 5181; x_wconf 88' lang='lat' dir='ltr'><strong>facultatem</strong></span> <span class='ocrx_word' id='word_1_748' title='bbox 3290 5100 3769 5210; x_wconf 74' lang='lat' dir='ltr'><strong>transfretandi</strong></span> 
     </span>
    </p>
   </div>
   <div class='ocr_carea' id='block_1_55' title="bbox 561 5190 3769 5300">
    <p class='ocr_par' dir='ltr' id='par_1_55' title="bbox 561 5190 3769 5300">
     <span class='ocr_line' id='line_1_55' title="bbox 561 5190 3769 5300; baseline -0.012 -9"><span class='ocrx_word' id='word_1_749' title='bbox 561 5226 684 5290; x_wconf 84' lang='lat' dir='ltr'><strong>smo</strong></span> <span class='ocrx_word' id='word_1_750' title='bbox 716 5190 942 5289; x_wconf 65' lang='lat' dir='ltr'><strong>salutari</strong></span> <span class='ocrx_word' id='word_1_751' title='bbox 967 5249 981 5285; x_wconf 91' lang='lat'><strong>:</strong></span> <span class='ocrx_word' id='word_1_752' title='bbox 1008 5240 1068 5286; x_wconf 91' lang='lat' dir='ltr'><strong>ut</strong></span> <span class='ocrx_word' id='word_1_753' title='bbox 1103 5228 1199 5300; x_wconf 90' lang='lat' dir='ltr'><strong>qui</strong></span> <span class='ocrx_word' id='word_1_754' title='bbox 1229 5229 1495 5285; x_wconf 90' lang='lat' dir='ltr'><strong>hactenus</strong></span> <span class='ocrx_word' id='word_1_755' title='bbox 1524 5228 1818 5284; x_wconf 87' lang='lat' dir='ltr'><strong>damnatus</strong></span> <span class='ocrx_word' id='word_1_756' title='bbox 1855 5226 1938 5282; x_wconf 80' lang='lat' dir='ltr'><strong>fui</strong></span> <span class='ocrx_word' id='word_1_757' title='bbox 1975 5190 2152 5282; x_wconf 76' lang='lat' dir='ltr'><strong>morte</strong></span> <span class='ocrx_word' id='word_1_758' title='bbox 2257 5190 2428 5284; x_wconf 57' lang='lat' dir='ltr'><strong>staret</strong></span> <span class='ocrx_word' id='word_1_759' title='bbox 2461 5225 2827 5295; x_wconf 88' lang='lat' dir='ltr'><strong>aliquatenus.</strong></span> <span class='ocrx_word' id='word_1_760' title='bbox 2873 5217 2982 5275; x_wconf 88' lang='lat' dir='ltr'><strong>Sed</strong></span> <span class='ocrx_word' id='word_1_761' title='bbox 3009 5215 3092 5270; x_wconf 90' lang='lat' dir='ltr'><strong>vir</strong></span> <span class='ocrx_word' id='word_1_762' title='bbox 3120 5208 3437 5284; x_wconf 72' lang='lat' dir='ltr'><strong>apostolica:</strong></span> <span class='ocrx_word' id='word_1_763' title='bbox 3472 5202 3604 5261; x_wconf 62' lang='lat' dir='ltr'><strong>vita,</strong></span> 
     </span>
    </p>
   </div>
   <div class='ocr_carea' id='block_1_56' title="bbox 529 5279 3766 5395">
    <p class='ocr_par' dir='ltr' id='par_1_56' title="bbox 529 5279 3766 5395">
     <span class='ocr_line' id='line_1_56' title="bbox 561 5279 3173 5300; baseline -0.004 -6"><span class='ocrx_word' id='word_1_764' title='bbox 561 5279 682 5290; x_wconf 66' lang='grc' dir='ltr'>-..ω</span> <span class='ocrx_word' id='word_1_765' title='bbox 716 5279 942 5289; x_wconf 59' lang='grc' dir='ltr'><strong>πη--.-</strong></span> <span class='ocrx_word' id='word_1_766' title='bbox 967 5279 980 5285; x_wconf 88' lang='grc'><strong><em>-</em></strong></span> <span class='ocrx_word' id='word_1_767' title='bbox 1011 5279 1067 5286; x_wconf 73' lang='grc'><strong>--</strong></span> <span class='ocrx_word' id='word_1_768' title='bbox 1107 5279 1198 5300; x_wconf 68' lang='grc' dir='ltr'><strong>τ--</strong></span> <span class='ocrx_word' id='word_1_769' title='bbox 1231 5279 1492 5285; x_wconf 68' lang='lat'><strong>__-----_-</strong></span> <span class='ocrx_word' id='word_1_770' title='bbox 1529 5279 1815 5284; x_wconf 44' lang='lat' dir='ltr'><strong>ww---&quot;</strong></span> <span class='ocrx_word' id='word_1_771' title='bbox 1856 5279 1938 5282; x_wconf 46' lang='grc' dir='ltr'><strong><em>νη</em></strong></span> <span class='ocrx_word' id='word_1_772' title='bbox 2257 5279 2423 5284; x_wconf 48' lang='grc' dir='ltr'><strong>τη---</strong></span> <span class='ocrx_word' id='word_1_773' title='bbox 2466 5279 2475 5281; x_wconf 15' lang='grc' dir='ltr'>ἡ</span> <span class='ocrx_word' id='word_1_774' title='bbox 2554 5279 2571 5295; x_wconf 80' lang='grc'><em>,</em></span> <span class='ocrx_word' id='word_1_775' title='bbox 3155 5279 3173 5284; x_wconf 84' lang='grc'><strong>-</strong></span> 
     </span>
     <span class='ocr_line' id='line_1_57' title="bbox 529 5279 3766 5395; baseline 0.001 -50"><span class='ocrx_word' id='word_1_776' title='bbox 529 5325 826 5391; x_wconf 71' lang='lat' dir='ltr'><strong>.aeternali,</strong></span> <span class='ocrx_word' id='word_1_777' title='bbox 845 5324 960 5395; x_wconf 86' lang='lat' dir='ltr'><strong>jam</strong></span> <span class='ocrx_word' id='word_1_778' title='bbox 986 5339 1135 5378; x_wconf 90' lang='lat' dir='ltr'><strong>nunc</strong></span> <span class='ocrx_word' id='word_1_779' title='bbox 1159 5321 1369 5392; x_wconf 88' lang='lat' dir='ltr'><strong>possim</strong></span> <span class='ocrx_word' id='word_1_780' title='bbox 1391 5319 1510 5375; x_wconf 90' lang='lat' dir='ltr'><strong>erui</strong></span> <span class='ocrx_word' id='word_1_781' title='bbox 1535 5320 1604 5375; x_wconf 90' lang='lat' dir='ltr'><strong>ab</strong></span> <span class='ocrx_word' id='word_1_782' title='bbox 1628 5319 1853 5375; x_wconf 89' lang='lat' dir='ltr'><strong>interitu</strong></span> <span class='ocrx_word' id='word_1_783' title='bbox 1874 5317 2151 5375; x_wconf 89' lang='lat' dir='ltr'><strong>infernali.</strong></span> <span class='ocrx_word' id='word_1_784' title='bbox 2259 5319 2553 5376; x_wconf 89' lang='lat' dir='ltr'><strong>Dominum</strong></span> <span class='ocrx_word' id='word_1_785' title='bbox 2582 5313 2908 5388; x_wconf 76' lang='lat' dir='ltr'><strong>przecepisse</strong></span> <span class='ocrx_word' id='word_1_786' title='bbox 2934 5330 2948 5366; x_wconf 92' lang='lat'><strong>:</strong></span> <span class='ocrx_word' id='word_1_787' title='bbox 2980 5328 2999 5362; x_wconf 71' lang='grc' dir='ltr'><strong><em>ι</em></strong></span> <span class='ocrx_word' id='word_1_788' title='bbox 3034 5306 3092 5363; x_wconf 89' lang='lat' dir='ltr'><strong>Si</strong></span> <span class='ocrx_word' id='word_1_789' title='bbox 3118 5306 3343 5361; x_wconf 77' lang='lat' dir='ltr'><strong>dextera</strong></span> <span class='ocrx_word' id='word_1_790' title='bbox 3371 5306 3578 5354; x_wconf 88' lang='lat' dir='ltr'><strong>manus,</strong></span> 
     </span>
    </p>
   </div>
   <div class='ocr_carea' id='block_1_57' title="bbox 558 5361 3765 5485">
    <p class='ocr_par' dir='ltr' id='par_1_57' title="bbox 558 5361 3765 5485">
     <span class='ocr_line' id='line_1_58' title="bbox 559 5361 3625 5395; baseline -0.006 -14"><span class='ocrx_word' id='word_1_791' title='bbox 559 5361 826 5391; x_wconf 68' lang='grc' dir='ltr'><strong>ωυυιηαιι,</strong></span> <span class='ocrx_word' id='word_1_792' title='bbox 845 5361 960 5395; x_wconf 57' lang='grc' dir='ltr'>δα...</span> <span class='ocrx_word' id='word_1_793' title='bbox 988 5361 1135 5378; x_wconf 71' lang='grc' dir='ltr'>..μην</span> <span class='ocrx_word' id='word_1_794' title='bbox 1160 5361 1369 5392; x_wconf 60' lang='grc' dir='ltr'><strong>γυναι...</strong></span> <span class='ocrx_word' id='word_1_795' title='bbox 1391 5361 1510 5375; x_wconf 71' lang='grc' dir='ltr'>νη..</span> <span class='ocrx_word' id='word_1_796' title='bbox 1535 5361 1603 5375; x_wconf 71' lang='grc' dir='ltr'><strong>υ.-</strong></span> <span class='ocrx_word' id='word_1_797' title='bbox 1629 5361 1853 5375; x_wconf 79' lang='lat'><strong>.....,.....</strong></span> <span class='ocrx_word' id='word_1_798' title='bbox 1874 5361 2151 5375; x_wconf 77' lang='lat'><strong>.....,........</strong></span> <span class='ocrx_word' id='word_1_799' title='bbox 2259 5361 2553 5376; x_wconf 74' lang='grc'>-.,,..........</span> <span class='ocrx_word' id='word_1_800' title='bbox 2582 5361 2906 5388; x_wconf 62' lang='lat'><strong>,...--,----</strong></span> <span class='ocrx_word' id='word_1_801' title='bbox 2934 5361 2947 5366; x_wconf 77' lang='lat'><strong>-</strong></span> <span class='ocrx_word' id='word_1_802' title='bbox 2993 5361 2997 5362; x_wconf 36' lang='grc' dir='ltr'><em>ν</em></span> <span class='ocrx_word' id='word_1_803' title='bbox 3051 5361 3060 5363; x_wconf 81' lang='lat'><strong>-</strong></span> <span class='ocrx_word' id='word_1_804' title='bbox 3598 5375 3625 5388; x_wconf 47' lang='grc' dir='ltr'>η</span> 
     </span>
     <span class='ocr_line' id='line_1_59' title="bbox 558 5361 3765 5485; baseline -0.005 -8"><span class='ocrx_word' id='word_1_805' title='bbox 558 5413 799 5477; x_wconf 87' lang='lat' dir='ltr'><strong>Sanctus</strong></span> <span class='ocrx_word' id='word_1_806' title='bbox 826 5415 944 5484; x_wconf 89' lang='lat' dir='ltr'><strong>Dei,</strong></span> <span class='ocrx_word' id='word_1_807' title='bbox 968 5415 1054 5473; x_wconf 90' lang='lat' dir='ltr'><strong>his</strong></span> <span class='ocrx_word' id='word_1_808' title='bbox 1080 5413 1303 5479; x_wconf 88' lang='lat' dir='ltr'><strong>auditis,</strong></span> <span class='ocrx_word' id='word_1_809' title='bbox 1342 5410 1646 5485; x_wconf 89' lang='lat' dir='ltr'><strong>ingreditur</strong></span> <span class='ocrx_word' id='word_1_810' title='bbox 1669 5410 1815 5467; x_wconf 87' lang='lat' dir='ltr'><strong>viam</strong></span> <span class='ocrx_word' id='word_1_811' title='bbox 1842 5410 2156 5483; x_wconf 76' lang='lat' dir='ltr'><strong>apostolica:</strong></span> <span class='ocrx_word' id='word_1_812' title='bbox 2258 5413 2344 5467; x_wconf 75' lang='lat' dir='ltr'><strong>vel</strong></span> <span class='ocrx_word' id='word_1_813' title='bbox 2373 5412 2570 5467; x_wconf 90' lang='lat' dir='ltr'><strong>oculus</strong></span> <span class='ocrx_word' id='word_1_814' title='bbox 2601 5405 2936 5464; x_wconf 87' lang='lat' dir='ltr'><strong>scandalizat</strong></span> <span class='ocrx_word' id='word_1_815' title='bbox 2962 5410 3038 5461; x_wconf 85' lang='lat' dir='ltr'><strong>te.</strong></span> <span class='ocrx_word' id='word_1_816' title='bbox 3075 5412 3208 5455; x_wconf 86' lang='lat' dir='ltr'><strong>erue</strong></span> <span class='ocrx_word' id='word_1_817' title='bbox 3247 5407 3398 5458; x_wconf 66' lang='lat' dir='ltr'><strong>cum.</strong></span> <span class='ocrx_word' id='word_1_818' title='bbox 3431 5395 3485 5443; x_wconf 69' lang='grc' dir='ltr'><strong>ει</strong></span> <span class='ocrx_word' id='word_1_819' title='bbox 3508 5361 3765 5485; x_wconf 37' lang='lat' dir='ltr'><strong>NQ”???</strong></span> 
     </span>
    </p>
   </div>
   <div class='ocr_carea' id='block_1_58' title="bbox 560 5451 3768 5578">
    <p class='ocr_par' dir='ltr' id='par_1_58' title="bbox 560 5451 3768 5578">
     <span class='ocr_line' id='line_1_60' title="bbox 565 5451 3751 5485; baseline -0.005 -12"><span class='ocrx_word' id='word_1_820' title='bbox 565 5451 799 5472; x_wconf 69' lang='grc' dir='ltr'><strong>ιυαιιυιυδ</strong></span> <span class='ocrx_word' id='word_1_821' title='bbox 829 5451 944 5484; x_wconf 64' lang='grc' dir='ltr'><strong>νει,</strong></span> <span class='ocrx_word' id='word_1_822' title='bbox 968 5451 1054 5473; x_wconf 68' lang='grc' dir='ltr'><strong>μισ</strong></span> <span class='ocrx_word' id='word_1_823' title='bbox 1080 5451 1303 5479; x_wconf 57' lang='lat' dir='ltr'><strong>“cum,</strong></span> <span class='ocrx_word' id='word_1_824' title='bbox 1344 5451 1637 5485; x_wconf 58' lang='grc' dir='ltr'>...δ-νων..</span> <span class='ocrx_word' id='word_1_825' title='bbox 1679 5451 1815 5467; x_wconf 63' lang='grc' dir='ltr'>νη...</span> <span class='ocrx_word' id='word_1_826' title='bbox 1842 5451 2155 5483; x_wconf 50' lang='lat' dir='ltr'><strong>urvum“...</strong></span> <span class='ocrx_word' id='word_1_827' title='bbox 2269 5451 2344 5467; x_wconf 67' lang='grc' dir='ltr'><strong>νυ.</strong></span> <span class='ocrx_word' id='word_1_828' title='bbox 2374 5451 2570 5467; x_wconf 61' lang='grc' dir='ltr'>πων..</span> <span class='ocrx_word' id='word_1_829' title='bbox 2601 5451 2936 5464; x_wconf 62' lang='grc' dir='ltr'>υνκ....-.....-</span> <span class='ocrx_word' id='word_1_830' title='bbox 2963 5451 3038 5461; x_wconf 67' lang='grc' dir='ltr'><strong>η-</strong></span> <span class='ocrx_word' id='word_1_831' title='bbox 3083 5451 3156 5455; x_wconf 48' lang='grc' dir='ltr'><strong>τη</strong></span> <span class='ocrx_word' id='word_1_832' title='bbox 3193 5451 3196 5452; x_wconf 40' lang='grc' dir='ltr'><em>ν</em></span> <span class='ocrx_word' id='word_1_833' title='bbox 3384 5451 3395 5458; x_wconf 85' lang='grc'><strong>.</strong></span> <span class='ocrx_word' id='word_1_834' title='bbox 3513 5451 3524 5454; x_wconf 89' lang='grc'><strong>-</strong></span> <span class='ocrx_word' id='word_1_835' title='bbox 3600 5470 3610 5480; x_wconf 86' lang='lat'><em>_</em></span> <span class='ocrx_word' id='word_1_836' title='bbox 3742 5451 3751 5461; x_wconf 88' lang='lat'><strong>.</strong></span> 
     </span>
     <span class='ocr_line' id='line_1_61' title="bbox 560 5451 3768 5578; baseline -0.009 -16"><span class='ocrx_word' id='word_1_837' title='bbox 560 5507 1006 5578; x_wconf 64' lang='lat' dir='ltr'><strong>pratdicationis,</strong></span> <span class='ocrx_word' id='word_1_838' title='bbox 1052 5515 1108 5563; x_wconf 90' lang='lat' dir='ltr'><strong>et</strong></span> <span class='ocrx_word' id='word_1_839' title='bbox 1149 5521 1278 5562; x_wconf 89' lang='lat' dir='ltr'><strong>eum</strong></span> <span class='ocrx_word' id='word_1_840' title='bbox 1334 5504 1610 5561; x_wconf 88' lang='lat' dir='ltr'><strong>initiatum</strong></span> <span class='ocrx_word' id='word_1_841' title='bbox 1660 5512 1716 5560; x_wconf 91' lang='lat' dir='ltr'><strong>et</strong></span> <span class='ocrx_word' id='word_1_842' title='bbox 1760 5504 2154 5561; x_wconf 85' lang='lat' dir='ltr'><strong>catechizatum</strong></span> <span class='ocrx_word' id='word_1_843' title='bbox 2250 5514 2311 5564; x_wconf 85' lang='lat' dir='ltr'><strong>.te</strong></span> <span class='ocrx_word' id='word_1_844' title='bbox 2343 5505 2562 5578; x_wconf 74' lang='lat' dir='ltr'><strong>(Matth.</strong></span> <span class='ocrx_word' id='word_1_845' title='bbox 2598 5502 2753 5571; x_wconf 78' lang='lat' dir='ltr'><strong>xviii)</strong></span> <span class='ocrx_word' id='word_1_846' title='bbox 2785 5519 2799 5555; x_wconf 91' lang='lat'><strong>:</strong></span> <span class='ocrx_word' id='word_1_847' title='bbox 2833 5519 2851 5551; x_wconf 76' lang='grc' dir='ltr'><strong><em>ι</em></strong></span> <span class='ocrx_word' id='word_1_848' title='bbox 2892 5495 3085 5553; x_wconf 88' lang='lat' dir='ltr'><strong>maluit</strong></span> <span class='ocrx_word' id='word_1_849' title='bbox 3119 5491 3273 5549; x_wconf 86' lang='lat' dir='ltr'><strong>solus</strong></span> <span class='ocrx_word' id='word_1_850' title='bbox 3315 5484 3384 5541; x_wconf 85' lang='lat' dir='ltr'><strong>ad</strong></span> <span class='ocrx_word' id='word_1_851' title='bbox 3419 5481 3575 5578; x_wconf 53' lang='lat' dir='ltr'><strong>vitam</strong></span> 
     </span>
    </p>
   </div>
   <div class='ocr_carea' id='block_1_59' title="bbox 564 5554 3766 5670">
    <p class='ocr_par' dir='ltr' id='par_1_59' title="bbox 564 5554 3766 5670">
     <span class='ocr_line' id='line_1_62' title="bbox 564 5554 3657 5578; baseline -0.004 -2"><span class='ocrx_word' id='word_1_852' title='bbox 564 5554 1006 5578; x_wconf 65' lang='grc' dir='ltr'><strong>τ-η--ν---ν--υν</strong></span> <span class='ocrx_word' id='word_1_853' title='bbox 1055 5554 1107 5563; x_wconf 70' lang='grc' dir='ltr'><strong>ν-</strong></span> <span class='ocrx_word' id='word_1_854' title='bbox 1153 5554 1278 5562; x_wconf 62' lang='grc' dir='ltr'><strong>υπ-</strong></span> <span class='ocrx_word' id='word_1_855' title='bbox 1667 5554 1713 5560; x_wconf 59' lang='grc' dir='ltr'>η</span> <span class='ocrx_word' id='word_1_856' title='bbox 1765 5554 2154 5561; x_wconf 40' lang='grc' dir='ltr'><strong>ηψπ-ηρ*</strong></span> <span class='ocrx_word' id='word_1_857' title='bbox 2250 5554 2311 5564; x_wconf 56' lang='grc' dir='ltr'><strong>ι--</strong></span> <span class='ocrx_word' id='word_1_858' title='bbox 2368 5554 2562 5560; x_wconf 53' lang='lat' dir='ltr'><strong>um---</strong></span> <span class='ocrx_word' id='word_1_859' title='bbox 3648 5554 3657 5564; x_wconf 95' lang='lat'><strong>.</strong></span> 
     </span>
     <span class='ocr_line' id='line_1_63' title="bbox 564 5554 3766 5670; baseline -0.015 -15"><span class='ocrx_word' id='word_1_860' title='bbox 564 5600 852 5656; x_wconf 70' lang='lat' dir='ltr'><strong>catholicae</strong></span> <span class='ocrx_word' id='word_1_861' title='bbox 892 5599 1017 5655; x_wconf 83' lang='lat' dir='ltr'><strong>fidei</strong></span> <span class='ocrx_word' id='word_1_862' title='bbox 1044 5599 1390 5665; x_wconf 80' lang='lat' dir='ltr'><strong>rudimentis,</strong></span> <span class='ocrx_word' id='word_1_863' title='bbox 1419 5596 1764 5655; x_wconf 87' lang='lat' dir='ltr'><strong>consecravit</strong></span> <span class='ocrx_word' id='word_1_864' title='bbox 1783 5605 1837 5652; x_wconf 87' lang='lat' dir='ltr'><strong>et</strong></span> <span class='ocrx_word' id='word_1_865' title='bbox 1874 5611 2158 5670; x_wconf 85' lang='lat' dir='ltr'><strong>regenera-</strong></span> <span class='ocrx_word' id='word_1_866' title='bbox 2261 5554 2423 5670; x_wconf 69' lang='lat' dir='ltr'><strong>quam</strong></span> <span class='ocrx_word' id='word_1_867' title='bbox 2475 5610 2600 5653; x_wconf 88' lang='lat' dir='ltr'><strong>eum</strong></span> <span class='ocrx_word' id='word_1_868' title='bbox 2643 5590 2965 5665; x_wconf 90' lang='lat' dir='ltr'><strong>parentibus</strong></span> <span class='ocrx_word' id='word_1_869' title='bbox 3000 5584 3118 5642; x_wconf 86' lang='lat' dir='ltr'><strong>suis</strong></span> <span class='ocrx_word' id='word_1_870' title='bbox 3164 5575 3471 5653; x_wconf 79' lang='lat' dir='ltr'><strong>perniciose</strong></span> <span class='ocrx_word' id='word_1_871' title='bbox 3511 5564 3699 5623; x_wconf 78' lang='lat' dir='ltr'><strong>dilectis,</strong></span> <span class='ocrx_word' id='word_1_872' title='bbox 3732 5554 3766 5593; x_wconf 74' lang='grc' dir='ltr'><strong>ιο</strong></span> 
     </span>
    </p>
   </div>
   <div class='ocr_carea' id='block_1_60' title="bbox 567 5666 3766 5854">
    <p class='ocr_par' dir='ltr' id='par_1_60' title="bbox 567 5666 3766 5854">
     <span class='ocr_line' id='line_1_64' title="bbox 567 5666 3766 5854; baseline -0.013 -81"><span class='ocrx_word' id='word_1_873' title='bbox 567 5710 1171 5854; x_wconf 41' lang='lat' dir='ltr'><strong>caglligzgdhminicum</strong></span> <span class='ocrx_word' id='word_1_874' title='bbox 1196 5711 1474 5770; x_wconf 88' lang='lat' dir='ltr'><strong>hominem</strong></span> <span class='ocrx_word' id='word_1_875' title='bbox 1500 5754 1514 5782; x_wconf 95' lang='lat'><strong>,</strong></span> <span class='ocrx_word' id='word_1_876' title='bbox 1544 5713 1824 5769; x_wconf 81' lang='lat' dir='ltr'><strong>Christum</strong></span> <span class='ocrx_word' id='word_1_877' title='bbox 1869 5710 2037 5777; x_wconf 89' lang='lat' dir='ltr'><strong>dicit,</strong></span> <span class='ocrx_word' id='word_1_878' title='bbox 2077 5710 2222 5781; x_wconf 83' lang='lat' dir='ltr'><strong>quod</strong></span> <span class='ocrx_word' id='word_1_879' title='bbox 2254 5666 2592 5785; x_wconf 45' lang='lat' dir='ltr'><strong>Augustinus</strong></span> <span class='ocrx_word' id='word_1_880' title='bbox 2620 5725 2679 5765; x_wconf 87' lang='lat' dir='ltr'><strong>se</strong></span> <span class='ocrx_word' id='word_1_881' title='bbox 2707 5705 2912 5765; x_wconf 74' lang='lat' dir='ltr'><strong>dixisse</strong></span> <span class='ocrx_word' id='word_1_882' title='bbox 2951 5702 3116 5759; x_wconf 87' lang='lat' dir='ltr'><strong>dolet.</strong></span> <span class='ocrx_word' id='word_1_883' title='bbox 3162 5694 3300 5751; x_wconf 71' lang='lat' dir='ltr'><strong>Vide</strong></span> <span class='ocrx_word' id='word_1_884' title='bbox 3328 5688 3604 5747; x_wconf 80' lang='lat' dir='ltr'><strong>Retractat.</strong></span> <span class='ocrx_word' id='word_1_885' title='bbox 3647 5666 3715 5724; x_wconf 66' lang='grc' dir='ltr'><strong>Ιίὶλ</strong></span> <span class='ocrx_word' id='word_1_886' title='bbox 3739 5672 3766 5717; x_wconf 73' lang='grc' dir='ltr'><strong>¹ν</strong></span> 
     </span>
    </p>
   </div>
  </div>
