3908 6316
133 272 239 347 7δή

1450 284 1610 340 VITA
1649 284 1707 339 S.
1750 282 2106 339 MACLOVII.

3324 272 3429 337 758

131 408 395 480 gehenna
425 376 595 460 mitti.
631 403 860 460 Omnem
890 402 1022 473 ergo
1056 400 1295 455 carnalis
1326 398 1745 455 necessitudinis
1775 406 1820 462 Α
1848 398 1943 454 Dei
1975 398 2153 471 gladio
2178 398 2325 453 verbi
2358 397 2453 452 Dei
2483 396 2718 452 ostendit
2743 410 2907 466 quam
2938 393 3112 450 ﬁdelis
3140 402 3286 450 esset
3327 410 3430 450 suo

132 499 503 555 affectionem
532 506 866 568 postponens
894 492 1097 548 Christi
1122 493 1318 558 amori,
1344 492 1746 547 abrenuntiavit

134 590 300 661 patri,
331 587 757 644 abrenuntiavit
787 595 1025 656 paterna:
1051 584 1315 650 facultati,
1343 584 1746 638 abrenuntiavit

134 680 345 736 etenim
378 679 521 747 sibi,
549 688 607 734 ut
636 678 818 733 nudus
845 686 899 732 et
923 676 1207 747 expeditus
1233 685 1554 747 sequeretur
1579 675 1746 731 disci-

84 749 302 841 .pulus
335 770 579 842 vestigia
606 768 875 841 magistri.

133 875 137 879 '
781 859 1012 916 CAPUT
1051 859 1118 915 X.

134 984 139 987 -
205 956 424 1012 Ascitis
460 955 648 1025 itaque
676 954 956 1021 omnibus,
982 954 1077 1024 qui
1107 968 1293 1008 secum
1330 960 1586 1008 tenebant
1613 968 1743 1024 pro-
1770 964 1777 965 ’

134 1049 385 1121 positum
413 1048 714 1104 monastici
736 1047 966 1114 ordinis,
991 1047 1222 1118 allegato
1241 1061 1461 1117 quoque
1485 1048 1746 1118 magistro

136 1157 239 1198 suo
269 1141 579 1197 Brendano
621 1141 834 1207 abbate,
868 1140 1020 1195 socio
1045 1139 1244 1211 prioris
1272 1140 1743 1210 peregrinationis,

134 1231 285 1286 venit
307 1231 380 1285 ad
421 1230 584 1287 littus
615 1231 805 1285 maris.
845 1228 950 1284 Ubi
979 1230 1177 1285 amotis
1205 1229 1434 1284 navibus
1462 1239 1518 1284 et
1560 1232 1746 1287 nautis

138 1322 426 1389 omnibus,
473 1322 633 1391 juxta
669 1321 1018 1376 interdictum
1040 1319 1233 1391 "patris
1280 1321 1386 1388 sui,
1434 1337 1559 1377 cum
1596 1323 1745 1380 nulla

136 1420 470 1483 suppeteret
490 1412 580 1467 via
610 1410 1021 1478 transfretandi,
1054 1413 1327 1481 recolebat
1354 1413 1485 1468 illud
1512 1414 1745 1472 Psalmi-

140 1513 273 1559 stre:
306 1523 326 1556 ι
359 1502 588 1560 Bonum
618 1512 703 1560 est
729 1503 1002 1561 conﬁdere
1033 1503 1087 1558 in
1119 1503 1372 1573 Domino,
1405 1522 1571 1577 quam
1606 1524 1743 1564 con-

140 1596 305 1650 ﬁdere
342 1596 404 1650 in
458 1596 688 1651 homine
732 1595 908 1667 (Psal.
951 1596 1144 1667 cxvn).
1175 1614 1195 1648 ι
1249 1578 1643 1673 (Συωίιιιθόοτ
1674 1599 1744 1655 ad

143 1686 312 1743 Deum
363 1687 556 1743 solum
599 1687 973 1758 suspenderet,
1012 1702 1138 1743 ecce
1163 1689 1348 1744 navim
1380 1706 1610 1747 vacuam
1637 1692 1742 1747 ho-

140 1779 388 1834 minibus
430 1788 640 1850 praesto
686 1780 878 1835 adesse
917 1781 1083 1849 videt,
1131 1798 1296 1854 quam
1341 1783 1595 1841 Christus
1630 1785 1744 1855 ipse

143 1872 363 1942 regebat
391 1891 406 1926 :
435 1873 527 1926 vir
559 1882 738 1927 tamen
774 1881 1000 1928 sanctus
1032 1890 1264 1944 puerum
1299 1891 1425 1931 eum
1467 1893 1589 1933 esse
1621 1893 1744 1933 cre-

143 1962 319 2017 debat.
350 1961 462 2029 Qui
495 1978 633 2033 puer
657 1977 784 2016 mox
808 1962 960 2016 illum
988 1964 1056 2018 ad
1083 1966 1450 2037 navigandum
1475 1967 1742 2034 invitavit,

146 2059 197 2104 et
234 2067 516 2121 quorsum
564 2052 665 2108 iter
705 2050 868 2107 vellet
907 2050 1162 2125 dirigere,
1202 2071 1326 2109 eum
1360 2056 1742 2128 interrogavit.

147 2141 448 2212 Respondit
510 2144 646 2211 ille,
704 2157 815 2214 quo
862 2142 1116 2199 voluntas
1167 2144 1385 2201 Domini
1432 2147 1537 2203 iter
1582 2163 1744 2203 suum

148 2233 301 2288 vellet
345 2233 596 2306 dirigere
623 2275 639 2301 ,
673 2247 740 2287 eo
775 2246 833 2286 se
865 2230 1098 2291 libenter
1137 2236 1294 2307 sequi
1329 2236 1483 2292 velle.
1532 2236 1745 2308 Adjecit

149 2339 314 2392 puer:
342 2324 403 2380 In
435 2326 566 2382 sinu
606 2328 771 2399 hujus
801 2331 900 2385 sali
933 2339 1017 2386 est
1046 2330 1295 2401 quaedam
1336 2330 1536 2398 insula,
1577 2346 1741 2402 quam

151 2414 355 2472 habitat
394 2418 485 2472 vir
534 2420 668 2476 satis
710 2422 973 2492 probatus
1018 2422 1075 2476 in
1122 2421 1426 2477 monastica
1470 2423 1600 2478 vita.
1645 2422 1745 2479 Hic

152 2507 328 2563 Aaron
357 2519 636 2566 vocatur:
666 2528 697 2567 a
728 2529 841 2583 quo
890 2513 1056 2569 etiam
1088 2515 1241 2569 locus
1295 2513 1474 2569 insula
1507 2514 1745 2572 Aaronis

154 2602 594 2671 cognominatur.
626 2604 706 2659 Ad
740 2606 887 2661 hunc
910 2613 965 2661 te
991 2606 1245 2677 dirigam,
1285 2614 1341 2661 et
1370 2613 1421 2661 te
1445 2606 1516 2660 ab
1544 2621 1610 2661 eo
1636 2607 1747 2661 olli»

156 2691 455 2750 ciosissime
484 2696 688 2766 excipi,
725 2705 780 2752 et
816 2697 1055 2757 humane
1098 2698 1323 2752 tractari
1364 2697 1581 2754 faciam.
1632 2698 1744 2754 Hac

152 2782 262 2839 vice
302 2800 631 2841 sermonum
665 2788 930 2844 intellexit
968 2789 1187 2845 tandem
1223 2790 1309 2845 vir
1345 2789 1470 2857 Dei,
1511 2806 1742 2862 puerum

156 2873 239 2927 cui
281 2876 724 2959 colloquebatur,
765 2879 919 2934 illum
969 2895 1112 2947 esse,
1160 2896 1324 2951 quem
1372 2881 1740 2949 invocaverat,

156 2961 336 3022 Deum.
369 2966 630 3040 Cumque
656 2972 984 3027 acceleraret
1010 2972 1260 3043 provolvi
1290 2973 1563 3043 loquentis
1587 2974 1742 3046 geni-

158 3054 272 3125 bus,
302 3058 449 3115 dicto
478 3060 650 3117 citius
677 3063 898 3118 evanuit
928 3079 994 3118 ex
1023 3063 1199 3120 oculis
1228 3064 1422 3135 ipsius.

649 3225 652 3227 Α
758 3155 987 3215 CAPUT
1035 3156 1128 3212 x1.

223 3239 382 3312 Igitur
407 3243 679 3303 felicioris
706 3247 1073 3343 navigationis
1100 3249 1244 3305 viam
1277 3265 1589 3321 aggressus,
1618 3266 1742 3321 pro-

161 3335 321 3403 speris
367 3339 555 3395 ventis
605 3335 872 3397 et-recto'
906 3350 1095 3398 tenore
1138 3357 1337 3398 cursus
1380 3342 1450 3398 ad
1502 3344 1739 3400 insulam

162 3425 377 3486 Aaronis
402 3439 490 3486 est
521 3431 785 3500 directus,
826 3442 881 3488 et
917 3432 1080 3504 juxta
1120 3435 1454 3505 promissum
1497 3434 1738 3506 Domini,

160 3516 379 3576 ofﬁciosa
410 3522 757 3579 humanitate
789 3540 820 3580 a
850 3523 1057 3581 famulo
1091 3525 1189 3582 Dei
1220 3534 1305 3582 est
1333 3536 1613 3599 exceptus.
1661 3528 1738 3585 lbi

162 3622 273 3664 eum
302 3624 495 3670 sancto
526 3624 715 3672 sancte
736 3617 970 3684 vivebat,
1002 3627 1055 3673 et
1099 3633 1226 3673 eum
1257 3618 1548 3676 innocente
1574 3620 1738 3676 inno-

164 3710 332 3756 center
357 3706 580 3776 agebat,
619 3713 675 3762 et
713 3706 892 3764 factus
924 3708 1058 3763 alter
1085 3707 1312 3764 alterius
1340 3709 1645 3780 speculum,
1692 3710 1739 3765 si

167 3792 282 3859 quid
310 3794 365 3849 in
395 3798 710 3870 semetipsis
754 3799 1012 3855 videbant
1051 3815 1173 3858 esse
1207 3801 1613 3874 corrigendum,
1646 3813 1742 3859 aut

167 3881 563 3957 adjiciendum,
622 3890 948 3946 charitativa
1006 3892 1357 3949 aemulatione
1416 3896 1742 3953 meliombat

171 3973 291 4029 alter
312 3995 404 4049 per
430 3982 691 4037 alterum.
733 3982 809 4038 lbi
838 3999 967 4056 ergo
1005 3986 1197 4040 mundi
1228 3985 1394 4056 hujus
1418 3989 1740 4060 peregrinus

172 4073 447 4131 permansit
477 4074 882 4145 aliquantulum
913 4077 1196 4148 temporis,
1228 4078 1402 4134 donec
1433 4080 1636 4149 placuit
1663 4081 1743 4136 di-

175 4156 297 4213 vina:
322 4165 747 4237 omnipotentiae,
766 4168 931 4224 etiam
961 4169 1014 4224 in
1048 4170 1155 4226 hoc
1174 4172 1399 4239 saeculo,
1430 4172 1481 4228 ei
1512 4174 1740 4230 reddere

173 4256 454 4312 mercedem
484 4259 710 4345 laboris,
735 4260 790 4315 in
818 4260 1004 4317 futuro
1027 4278 1253 4320 servans
1271 4264 1321 4319 ei
1348 4264 1739 4335 plenitudinem

175 4356 633 4413 remunerationis.

753 4448 983 4505 CAPUT
1017 4448 1134 4505 ΧΠ.

180 4617 193 4630 .
237 4528 346 4589 1am
392 4535 539 4594 fama
584 4554 784 4595 nomen
832 4541 953 4612 ejus
995 4542 1208 4598 celebre
1257 4540 1459 4599 fecerat
1509 4542 1734 4614 ubique,

173 4634 274 4687 iam
299 4631 442 4683 omni
468 4632 674 4701 populo
701 4640 821 4711 erat
852 4632 909 4688 in
953 4648 1069 4701 ore,
1108 4634 1254 4706 quod
1283 4635 1604 4707 peregrinus
1645 4635 1736 4691 ille

178 4712 545 4777 miraculorum
587 4723 812 4794 polleret
849 4733 1138 4796 potestate,
1177 4734 1231 4782 et
1267 4742 1432 4797 supra
1482 4726 1736 4784 homines

180 4799 416 4903 doctrinae
445 4814 690 4871 alllueret
731 4818 996 4874 ubermte.
1028 4818 1148 4874 Jam
1180 4822 1363 4877 omnis
1408 4821 1642 4892 populus
1678 4821 1734 4878 in

180 4897 284 4960 eius
320 4897 680 4961 declinaverat
722 4922 990 4978 amorem,
1032 4925 1099 4966 eo
1137 4911 1285 4982 quod
1312 4913 1522 4969 videret
1565 4913 1622 4967 in
1667 4928 1735 4968 eo

182 4995 285 5040 esse
310 4998 368 5045 et
406 4994 478 5064 pii
522 4999 693 5068 patris
734 5000 1100 5070 affectionem,
1139 5010 1194 5059 et
1237 5002 1458 5060 facundi
1495 5005 1735 5063 doctoris

184 5080 555 5178 seueritatem.
590 5088 861 5157 Quocirca
901 5102 1228 5165 cooperante
1257 5096 1360 5151 sibi
1392 5096 1577 5153 divina
1607 5113 1733 5169 gra-

187 5172 267 5266 ξίε,
287 5172 520 5266 fecerunt
531 5196 657 5239 eum
679 5183 1038 5242 inthronizari
1061 5188 1117 5242 in
1137 5188 1434 5260 episcopali
1450 5190 1732 5256 cathedra,

188 5265 235 5352 ll}
257 5265 379 5323 urbe
399 5286 518 5341 qum
558 5283 787 5329 vocatur
812 5275 1028 5346 Aletha,
1073 5293 1194 5349 quae
1222 5294 1333 5333 non
1360 5280 1522 5352 longe
1546 5280 1734 5334 aberat

189 5348 248 5450 ξιξ
285 5354 501 5420 Aaronis
550 5365 750 5421 insula.
801 5365 952 5423 Hanc
1004 5348 1193 5426 urbem
1238 5348 1483 5439 fluvius;
1512 5372 1733 5427 nomine

189 5435 408 5542 ξξξκῖῑξιε,
450 5470 516 5511 ex
552 5472 665 5512 uno
706 5457 895 5525 latere,
941 5475 1009 5515 ex
1058 5461 1231 5517 altero
1276 5435 1516 5518 alluebat
1560 5477 1731 5517 mare.

326 5537 377 5595 in
414 5547 654 5614 Partibus
695 5523 890 5606 adhuc»
912 5550 1221 5607 daemonum
1261 5553 1545 5623 squalebat
1572 5569 1734 5625 spur--

193 5627 321 5726 ῗξθῗο
358 5639 409 5686 εί
438 5635 546 5705 iam
588 5639 794 5709 passim
828 5638 1103 5712 Evangelii
1138 5651 1400 5714 regnante
1431 5645 1624 5716 gratia,
1662 5644 1736 5698 ibi

196 5721 469 5782 restiterant
496 5729 811 5815 idololatriae
846 5732 1092 5804 vestigia.
1124 5734 1417 5792 Accinctus
1446 5737 1631 5809 itaque
1656 5738 1737 5793 vir

1850 492 1960 564 regi
1978 507 2079 563 pro
2100 492 2220 561 ejus
2245 505 2433 545 amore
2451 504 2741 561 aggressus
2765 489 3035 544 debellare
3054 502 3284 560 regnum
3311 487 3431 542 dia-

1848 585 1956 641 boli
1986 603 1998 639 :
2026 600 2127 640 nec
2158 592 2282 639 ante
2308 582 2536 650 destitit,
2567 596 2734 652 quam
2763 580 3059 635 inﬁdelium
3091 580 3275 648 corda,
3318 580 3429 635 vir-

1847 682 2022 730 tutum
2052 675 2415 742 miriﬁcentia,
2442 683 2497 729 et
2522 673 2783 729 doctrinae
2813 671 3086 727 afﬂuentia
3112 672 3181 726 ad
3207 671 3431 727 creden-

1844 769 1976 824 dum
2018 767 2244 835 inflexit,
2294 776 2349 821 et
2388 782 2420 822 a
2464 781 2634 838 regno
2693 763 2895 820 diaboli
2951 763 3175 819 abactos
3224 761 3430 819 Christi

1842 861 1974 934 jugo
2001 860 2252 930 subjecit.
2299 858 2359 915 In
2408 859 2515 915 hac.
2544 856 2745 914 vicinia
2779 864 3005 913 sanctus
3039 853 3275 909 Samson
3312 869 3433 908 ma-
3534 916 3537 919 Α

1845 954 2028 1019 nebat,
2059 952 2153 1023 qui
2197 952 2344 1007 beati
2382 949 2631 1007 Maclovit
2673 947 3119 1019 consanguineus
3147 954 3283 1001 erat.
3330 943 3430 1000 Hic

1846 1046 1902 1101 in
1935 1044 2209 1100 territorio
2233 1043 2407 1112 urbis,
2440 1043 2500 1098 in
2532 1058 2639 1113 qua
2682 1041 3055 1112 episcopatum
3084 1026 3437 1092 administra-~

1844 1139 1958 1205 bat,
2008 1152 2119 1193 non
2170 1137 2518 1193 mediocriter
2557 1135 2803 1190 laborem
2852 1130 3218 1202 impendebat,
3257 1138 3319 1183 ut
3362 1129 3431 1183 de

1844 1246 2013 1302 regno
2057 1229 2274 1285 Domini
2323 1228 2411 1284 sui
2452 1227 2766 1283 exturbaret
2811 1223 3215 1295 paganismum,
3261 1228 3316 1276 et
3360 1219 3430 1274 ad

1843 1326 2059 1381 laudem
2103 1323 2200 1378 Dei
2244 1322 2532 1393 ampliaret
2572 1316 3093 1376 Christianismum;
3125 1314 3218 1370 Sic
3254 1314 3307 1368 in
3343 1329 3432 1368 re-

1844 1417 2004 1488 gione
2046 1416 2137 1470 illa
2173 1430 2270 1485 per
2311 1412 2482 1478 fortes
2524 1412 2725 1483 milites
2753 1408 2983 1475 Christi,
3027 1407 3299 1461 diminuta
3347 1412 3432 1460 est

1844 1507 2088 1562 adversae
2109 1505 2280 1577 partis
2303 1504 2566 1576 potentia,
2596 1511 2651 1558 et
2673 1502 2898 1557 dilatata
2923 1509 3007 1557 est
3028 1500 3189 1571 longe
3216 1499 3433 1568 lateque

1843 1599 2276 1657 Christianitatis
2303 1595 2723 1670 magniﬁcentia.

2428 1688 2660 1746 CAPUT
2696 1686 2833 1742 Χῐῐῐ.

1772 1760 1818 1821 Β
1918 1786 2167 1859 Vigiliam
2192 1784 2420 1841 Paschm
2446 1783 2796 1839 Christianus
2835 1781 3070 1852 pepulus
3102 1781 3429 1848 celebrabat,

1845 1887 1900 1934 et
1924 1878 1977 1933 in
2010 1876 2349 1933 celebrandis
2380 1875 2561 1931 missae
2589 1872 2863 1946 mysteriis
2892 1870 3150 1927 sacerdos
3189 1870 3433 1927 intentus

1844 1978 1980 2026 erat.
2008 1968 2074 2024 Et
2115 1983 2242 2024 ecce
2283 1966 2466 2023 tristes
2494 1964 2737 2022 defuncti
2768 1965 3100 2020 exhibentur
3135 1963 3430 2033 exsequias,

1845 2069 1900 2116 et
1946 2060 2162 2115 animos
2208 2058 2550 2114 audientium
2599 2057 2668 2113 ad
2718 2056 3161 2133 compatiendum
3209 2064 3434 2110 movent

1844 2152 2217 2224 plangentium
2273 2152 2546 2223 lacrymze.
2583 2149 2715 2205 Plus
2736 2149 2949 2205 cunctis
2969 2158 3220 2204 movetur
3238 2159 3294 2205 et
3317 2149 3434 2219 ipse

1844 2244 2124 2311 sacerdos,
2153 2244 2248 2315 qui
2277 2251 2428 2298 totus
2456 2242 2656 2298 eratin
2681 2241 3080 2307 misericordia,
3123 2249 3178 2296 et
3204 2248 3434 2311 praesto—

1844 2335 1947 2390 lari
1989 2334 2161 2405 jubet,
2194 2318 2602 2389 dum‘ﬁniatur
2643 2330 2835 2387 missa.
2882 2329 3287 2386 Circumstante
3323 2328 3434 2384 fre-

1844 2429 2067 2499 quentia
2096 2427 2303 2499 populi,
2334 2433 2521 2480 monet
2548 2440 2742 2480 omnes
2770 2423 3042 2494 appellare
3084 2422 3432 2478 clementiam

1845 2520 2061 2575 Domini
2088 2538 2100 2573 :
2126 2527 2208 2587 ut,
2255 2518 2351 2589 qui
2384 2516 2700 2573 dominatur
2730 2515 2895 2571 morti
2921 2523 2976 2570 et
2999 2514 3144 2581 vitae,
3187 2514 3437 2584 dignare-

1844 2621 1937 2668 tur
1980 2629 2076 2683 per
2121 2611 2370 2667 membra
2414 2609 2645 2681 rigentia
2691 2606 2911 2664 vitalem
2954 2605 3152 2661 animae
3191 2606 3431 2661 calorem

1845 2702 2153 2759 refundere.
2184 2697 2295 2757 Nec
2336 2702 2559 2773 longum
2590 2698 2728 2767 fuit;
2760 2706 2816 2753 et
2855 2697 2952 2768 qui
2976 2696 3116 2751 dixit
3142 2715 3155 2751 :
3187 2716 3205 2749 ε
3236 2695 3433 2751 Omnia

1840 2795 2127 2868 possibilia
2157 2802 2287 2851 sunt
2305 2792 2551 2849 credenti
2583 2791 2778 2863 (Marc.
2806 2794 2908 2861 1x),
2937 2809 2955 2841 ι
2990 2788 3268 2845 devotioni
3297 2788 3432 2844 ﬁde-

1844 2888 1979 2944 lium
2014 2887 2189 2943 adfuit
2213 2905 2226 2941 :
2248 2886 2486 2956 resurgit
2514 2894 2787 2951 mortuus,
2827 2892 2883 2938 et
2912 2883 3196 2938 horrorem
3240 2881 3437 2937 incutit

1845 2978 2124 3045 omnibus,
2159 2986 2213 3032 et
2244 2977 2423 3048 palam
2466 2974 2595 3032 fecit
2627 2976 2853 3030 omnino
2878 2973 3052 3029 Deum
3086 2972 3269 3029 favere
3302 2973 3436 3029 ﬁde-

1769 3106 1810 3164 ο
1847 3071 1971 3126 liter
2017 3070 2346 3140 petentibus.
2378 3068 2450 3123 Ut
2487 3068 2647 3125 vivus
2674 3068 2867 3134 astitit,
2898 3068 3159 3137 poculum
3185 3065 3299 3120 vini
3328 3065 3435 3121 sibi

1841 3161 2047 3234 porrigi
2072 3162 2245 3231 petiit.
2274 3160 2416 3229 Quid
2438 3171 2663 3215 sanctus
2685 3160 2770 3215 vir
2791 3159 3029 3215 faceret?
3055 3157 3256 3213 Vinum
3285 3158 3434 3228 quod

1841 3252 2051 3309 sitienti
2096 3251 2433 3322 porrigeret,
2473 3265 2584 3305 non
2623 3249 2905 3305 habebat:
2944 3263 3105 3318 aqum
3152 3247 3431 3318 poculum,

1840 3342 1988 3415 quod
2032 3342 2380 3415 porrigebat,
2431 3349 2655 3412 tangere
2698 3340 2891 3396 sitiens
2938 3339 3178 3395 nolebat.
3230 3336 3434 3393 Iterum

1841 3433 2182 3492 confortatus
2226 3433 2283 3488 in
2329 3433 2454 3499 ﬁde,
2486 3431 2725 3487 recurrit
2764 3431 2833 3486 ad
2878 3429 3087 3486 fontem
3117 3430 3437 3486 misericor—

1839 3527 1964 3591 diae,
2010 3535 2219 3597 petens,
2266 3533 2329 3581 ut
2374 3524 2470 3595 qui
2519 3522 2759 3579 orationi
2806 3522 3048 3578 ﬁdelium
3094 3522 3435 3592 impenderat

1840 3619 2043 3690 majus,
2078 3618 2398 3690 dignaretur
2428 3615 2744 3686 impendere
2772 3623 2828 3670 et
2867 3615 2943 3681 id,
2988 3613 3135 3684 quod
3163 3619 3282 3667 erat
3328 3611 3434 3666 mi-

1840 3728 1965 3767 nus.
2010 3709 2133 3766 Mox
2175 3709 2381 3764 habens
2415 3707 2484 3763 ad
2522 3722 2749 3761 manum
2790 3721 2888 3762 vas
2923 3719 3318 3771 marmoreum,
3351 3703 3432 3758 le-

1841 3804 1965 3858 v'ata
1993 3818 2159 3856 manu
2198 3800 2329 3855 illud
2354 3797 2703 3863 benedicens,
2734 3797 2903 3852 vertit
2943 3796 2999 3850 in
3026 3810 3125 3850 vas
3148 3794 3383 3849 vitreum
3415 3812 3428 3848 :

1840 3902 1895 3950 et
1922 3894 2216 3950 infundens
2240 3892 2357 3949 vasi
2385 3907 2586 3963 aquam
2616 3907 2713 3962 per
2740 3890 2999 3946 virtutem
3027 3896 3233 3945 sanctae
3260 3889 3432 3943 bene-

1840 3986 2097 4043 dictionis
2131 3984 2366 4040 mutavit
2391 3991 2447 4039 et
2479 3983 2629 4038 illam
2667 3982 2723 4037 in
2757 3980 2872 4036 vini
2911 3987 3187 4035 naturam.
3231 3977 3433 4050 Sicque

1832 4081 1898 4136 in
1923 4094 2055 4137 vase
2079 4079 2258 4135 vitreo
2296 4077 2585 4148 porrigens
2628 4074 2839 4130 homini
2865 4071 3118 4128 redivivo
3146 4072 3275 4128 novi
3316 4073 3432 4128 vini
3518 4058 3527 4069 ’

1838 4174 2097 4245 poculum
2121 4213 2137 4240 ,
2181 4186 2295 4227 non
2344 4169 2637 4225 minimum
2684 4166 2887 4222 divine
2934 4165 3153 4237 pietatis
3191 4165 3433 4222 ostendit

1840 4265 2098 4321 omnibus
2140 4262 2490 4319 miraculum.
2545 4259 2591 4316 0
2626 4275 2756 4316 vere
2790 4259 2943 4330 pium
2980 4266 3035 4313 et
3073 4256 3431 4326 magniﬁcum

1840 4358 2106 4415 cultorem
2142 4362 2347 4411 sanctae
2380 4352 2695 4420 Trinitatis,
2729 4365 2894 4423 quem
2929 4350 3233 4407 secundum
3267 4350 3430 4405 ﬁdem

1763 4450 1814 4510 ι)
1838 4452 2022 4510 cordis
2056 4450 2143 4508 sui
2170 4451 2225 4506 in
2257 4465 2364 4505 una
2393 4448 2484 4504 die
2507 4447 2694 4504 divina
2722 4447 2900 4502 virtus
2930 4446 3108 4501 tribus
3134 4445 3434 4501 illustravit

1838 4544 2142 4612 miraculis,
2168 4543 2301 4599 dum
2328 4542 2386 4596 in
2414 4540 2639 4595 nomine
2671 4547 2727 4595 et
2754 4539 2955 4594 virtute
2991 4544 3195 4594 saan
3241 4536 3430 4592 Trini-

1835 4638 1965 4693 tatis
2012 4633 2300 4692 suscitavit
2336 4639 2639 4696 mortuum,
2686 4638 2743 4687 et
2784 4646 2853 4686 ex
2897 4645 3172 4685 marmore
3199 4628 3429 4697 vitrum,

1837 4738 1892 4786 et
1919 4745 1987 4784 ex
2015 4743 2158 4799 aqua
2186 4725 2316 4782 fecit
2343 4725 2553 4780 vinum.
2587 4723 2776 4795 Itaque
2807 4738 2973 4795 quem
3005 4721 3203 4778 alienis
3245 4721 3430 4777 mani-

1837 4821 1942 4876 bus
1968 4834 2196 4875 carruca
2227 4816 2295 4873 ad
2325 4815 2696 4888 sepeliendum
2737 4817 2866 4872 illuc
2891 4815 3128 4883 advexit,
3159 4816 3278 4887 ipse
3306 4831 3431 4871 eam
3482 4804 3483 4807 “

1839 4913 2000 4968 laetus
2028 4910 2254 4967 domum
2292 4908 2531 4975 reduxit,
2560 4916 2616 4963 et
2649 4908 2830 4979 quoad
2858 4908 3011 4977 vixit,
3051 4908 3285 4965 idoneus
3315 4922 3433 4963 sua:

1840 5005 2259 5064 resurrectionis
2289 5004 2442 5061 testis
2462 5002 2689 5059 exstitit.

2431 5094 2662 5152 CAPUT
2695 5093 2838 5152 XIV.

1913 5191 2013 5247 Vir
2036 5205 2179 5261 serpe
2199 5189 2535 5256 nominatus,
2560 5189 2617 5242 in
2640 5203 2751 5259 quo
2773 5187 2906 5243 ﬁdes
2929 5202 3029 5257 per
3045 5186 3188 5241 bona
3216 5184 3431 5240 vivebat

1841 5301 2027 5357 opera,
2060 5284 2115 5339 in
2146 5281 2329 5354 parvis
2359 5282 2582 5353 quidem
2609 5281 2777 5336 rebus
2803 5295 2914 5335 non
2943 5293 3111 5349 parva
3137 5277 3289 5333 dedit
3318 5277 3428 5332 mi-

1840 5376 2055 5441 racula,
2095 5383 2157 5430 ut
2198 5388 2294 5444 per
2334 5388 2461 5427 eum
2509 5371 2566 5426 in
2608 5370 2867 5425 omnibus
2906 5367 3113 5423 Christi
3158 5376 3433 5425 cresceret

1839 5466 2029 5538 gloria.
2067 5461 2205 5518 Dum
2233 5461 2529 5533 aliquando
2558 5459 2929 5515 Britannicam
2965 5457 3228 5513 circuiret
3254 5457 3433 5528 regio-

1838 5571 2001 5623 nem,‘
2032 5558 2094 5609 ut
2139 5551 2192 5607 in
2240 5567 2372 5623 agro
2414 5549 2713 5605 Dominicze
2754 5547 2985 5603 cultura;
3026 5562 3212 5602 semen
3255 5546 3428 5601 divini

1836 5646 1989 5702 verbi
2019 5650 2242 5708 sereret,
2274 5640 2498 5696 oﬁ‘endit
2520 5638 2812 5696 subulcum
2836 5638 2892 5692 in
2921 5654 3074 5710 agro,
3117 5653 3281 5709 quem
3312 5646 3429 5692 tor-

1840 5737 2041 5808 quebat
2074 5750 2270 5804 magna
2298 5729 2533 5787 tristitiae
2558 5729 2888 5785 amaritudo.
2924 5730 3256 5787 Custodiens
3276 5731 3427 5785 enim
