3908 6316
486 295 589 353 739

1624 287 1982 345 SIGEBERTI
2019 286 2545 343 GEMBLACENSIS

3631 291 3725 349 ἠδ

487 424 701 482 gregem
747 420 1061 478 porcorum,
1110 421 1267 460 suem
1312 403 1468 459 avide
1512 411 1567 458 et
1614 380 1923 473 importune
1968 418 2059 457 va-
2095 403 2142 463 A
2169 410 2223 457 et
2251 403 2495 473 gaudens
2529 417 2656 458 cum
2684 402 2952 475 magistro
2987 412 3043 460 et
3088 402 3323 460 Domino
3362 421 3468 460 suo
3504 404 3602 461 sibi
3630 423 3727 467 ess

487 507 722 554 stantem
752 507 993 569 segetes,
1029 496 1160 552 dum
1192 496 1388 551 nititur
1411 510 1599 550 arcere
1640 510 1671 550 a
1708 495 1911 550 damno
1937 494 2073 551 vici-

486 606 705 656 norum,
730 589 1008 645 occiderat
1049 602 1171 644 eam
1198 604 1293 659 per
1319 588 1599 643 incautum
1644 587 1840 659 lapidis
1877 588 2069 643 ictum.

487 681 593 738 Pro
643 678 751 737 hac
793 681 1001 738 offensa
1050 681 1334 737 dominum
1382 694 1546 735 suum
1606 679 1853 747 timebat,
1911 679 2072 750 cujus

487 776 627 830 iram
658 776 729 830 ob
758 776 864 829 hoc
888 773 1128 829 maxime
1160 773 1472 843 exasperari
1503 773 1775 840 credebat,
1808 772 1955 843 quod
1982 788 2072 828 se-

485 876 632 938 ptem
662 867 775 922 nati
813 866 1155 932 aberrantes,
1195 865 1358 921 solito
1396 865 1540 920 circa
1587 865 1755 920 ubera
1802 864 2074 920 defuncta:

392 1014 401 1021 ,
487 958 683 1014 matris
698 949 798 1013 'lac
822 957 1020 1012 elicere
1047 957 1322 1024 volebant,
1360 957 1453 1012 sed
1484 957 1690 1012 nullam
1720 957 1845 1012 vita:
1879 957 2074 1013 alimo-

487 1051 639 1105 niam
666 1046 719 1105 in
749 1044 1079 1121 prtemortuo
1125 1065 1365 1121 corpore
1384 1050 1630 1105 invenire
1658 1058 1930 1120 poterant.
1960 1049 2074 1105 Ma-

489 1143 721 1212 clovius,
766 1138 929 1213 quem
962 1142 1065 1198 sibi
1102 1151 1273 1197 totum
1312 1141 1687 1198 vindicaverat
1718 1141 1923 1213 pietas,
1962 1157 2073 1198 non

488 1236 669 1307 potuit
723 1235 843 1291 sine
894 1233 1153 1305 lacrymis
1208 1233 1391 1289 videre
1419 1234 1633 1289 subulci
1680 1234 1951 1305 lacrymas
1978 1252 1991 1288 :
2020 1241 2076 1289 et

490 1327 612 1383 fusa
637 1327 885 1382 oratione
907 1327 973 1382 ad
1005 1325 1200 1391 Deum,
1228 1326 1348 1381 auri
1370 1324 1640 1380 defunctae
1668 1324 1784 1379 suis
1814 1323 2075 1394 imposuit

489 1418 751 1474 baculum
780 1434 943 1475 suum
970 1436 993 1473 β
1012 1426 1067 1473 et
1098 1418 1419 1474 resuscitata
1445 1433 1511 1473 ea
1539 1417 1607 1473 ad
1637 1416 1815 1472 solum
1844 1424 2071 1484 tactum,

489 1510 747 1567 maerenti
778 1510 1017 1565 reddidit
1045 1509 1321 1580 gaudium.
1355 1508 1630 1564 Subulcus
1655 1523 1770 1564 rem
1805 1508 1872 1564 ad
1898 1508 2074 1564 domi-

488 1618 621 1683 num
654 1601 859 1669 retulit,
888 1610 942 1656 et
972 1602 1243 1672 praeconia
1281 1602 1424 1657 servi
1456 1600 1550 1656 Dei
1580 1616 1678 1671 per
1704 1614 1799 1656 ora
1825 1601 2072 1656 omnium

486 1694 720 1749 ditl‘udit.
764 1693 1030 1748 Dominus
1074 1710 1306 1749 ascenso
1326 1709 1491 1764 equo,
1539 1708 1635 1748 ore
1668 1693 1735 1748 ad
1775 1708 1839 1748 os
1869 1693 2072 1763 gratias

486 1785 598 1855 egit
616 1788 806 1839 sancto
828 1785 968 1851 viro,
986 1793 1040 1839 et
1061 1785 1242 1839 villam
1255 1800 1424 1840 unam
1453 1784 1685 1839 contulit
1711 1784 1977 1854 ecclesiae,
2005 1784 2073 1839 ad
2104 1750 2147 1810 Β

488 1893 624 1934 usus
653 1894 939 1935 servorum
975 1877 1071 1934 Dei
1107 1880 1210 1934 sub
1240 1896 1325 1936 eo.

1085 1971 1314 2027 CAPUT
1363 1972 1479 2028 XV.

559 2064 739 2120 Gessit
761 2073 816 2120 et
841 2064 988 2120 aliud
1013 2065 1273 2136 quiddam
1295 2065 1494 2132 simile,
1524 2066 1609 2120 vel
1637 2080 1736 2135 pro
1760 2064 1877 2120 solo
1900 2072 2075 2134 pieta-

486 2158 561 2215 tis
586 2157 785 2213 intuitu
816 2158 949 2213 satis
976 2159 1340 2229 praedicabile.
1387 2158 1637 2214 Imitatus
1672 2157 1901 2213 Paulum
1943 2172 2076 2227 apo—

487 2252 689 2307 stolum
725 2253 866 2325 (Act.
904 2254 1016 2323 xx),
1045 2253 1133 2308 cui
1163 2268 1360 2308 manus
1399 2268 1514 2308 suae
1539 2250 1818 2321 operando
1851 2250 2073 2320 supple—

486 2344 638 2413 bant,
687 2345 733 2400 si
781 2344 913 2415 quid
948 2344 1051 2400 sibi
1095 2345 1321 2401 deerat:
1348 2353 1403 2400 et
1450 2344 1554 2415 ipsi
1594 2344 1781 2398 labore
1810 2356 2072 2397 manuum

487 2448 713 2491 suarum
739 2436 1072 2503 intendebat,
1105 2437 1327 2506 quando
1362 2437 1432 2493 ab
1459 2435 1867 2507 evangelizandi
1899 2432 2074 2489 olIicio

482 2528 747 2583 vacabat-
778 2527 915 2582 Cum
960 2527 1195 2597 quadam
1227 2527 1317 2582 die
1347 2528 1403 2582 in
1431 2526 1672 2598 putanda
1708 2526 1878 2593 ,vinea
1921 2526 2099 2597 labe-3

484 2623 633 2668 raret
665 2630 789 2668 cum
821 2614 1105 2681 fratribus,
1144 2613 1446 2684 depositam
1477 2629 1703 2684 cappam
1734 2612 1980 2682 reposuit
2017 2610 2074 2666 in

485 2703 691 2770 abdito,
741 2715 801 2759 ut
845 2706 1060 2775 operari
1098 2714 1284 2775 posset
1320 2705 1645 2775 expeditius.
1681 2703 1860 2760 Finito
1888 2718 2072 2775 opere,

484 2811 613 2851 cum
646 2811 874 2866 cappam
902 2797 1065 2851 vellet
1107 2798 1371 2868 recipere,
1419 2798 1690 2853 avieulam
1718 2812 1884 2868 quam
1910 2797 2075 2869 vulgo

485 2886 779 2941 bitrionem
805 2894 1025 2954 vocant,
1049 2888 1254 2943 invenit
1280 2904 1444 2959 super
1467 2904 1591 2945 eam
1615 2905 1779 2945 ovum
1802 2890 2071 2960 posuisse.

485 2975 595 3043 Qui
642 2977 823 3033 sciens
868 2993 970 3033 nec
1014 2978 1242 3035 aviculis
1281 2980 1472 3035 deesse
1518 2979 1610 3035 Dei
1653 2980 2072 3051 providentiam,

2174 488 2487 551 communia
2512 537 2528 563 ,
2577 496 2667 551 cui
2720 497 2953 553 subdola
3000 497 3349 554 confessione
3394 498 3731 556 acclamabant

2172 587 2439 665 daemonia
2470 607 2483 643 :
2515 607 2535 641 ι
2564 588 2707 656 Quid
2745 590 2906 646 nobis
2933 597 2988 645 et
3020 590 3139 656 tibi,
3178 589 3335 661 Iesu,
3371 588 3472 643 Fili
3501 589 3591 653 Dei
3615 592 3732 646 viri?

2184 681 2383 736 venisti
2431 690 2557 738 ante
2600 689 2820 759 tempus
2868 682 3097 752 perdere
3145 683 3280 737 nos?
3311 702 3331 733 ι
3386 681 3599 751 (Matth.
3634 685 3729 755 rm)

2172 774 2421 844 exemplo
2455 774 2755 829 Dominiea:
2784 760 3195 844 increpationis,
3242 774 3632 843 comprimebat
3652 774 3765 831 [ει-⁸

2174 865 2351 920 sitatis
2383 864 2715 936 vaniloquia.
2769 864 3074 936 Sciensque
3121 866 3228 921 hoc
3264 864 3596 920 daemonium
3633 856 3733 923 esse

2173 957 2241 1013 de
2289 958 2383 1013 illo
2432 973 2647 1031 genere,
2695 959 2764 1014 de
2806 974 2918 1029 quo
2960 958 3162 1014 dicitur
3209 974 3241 1013 a
3290 957 3567 1012 Domino:
3600 978 3617 1010 ε
3642 957 3732 1035 [Ioc

2175 1067 2346 1123 genus
2374 1067 2484 1107 non
2511 1060 2692 1123 potest
2725 1050 2870 1121 ejici,
2917 1051 3043 1115 nisi,
3067 1052 3143 1117 in.
3164 1051 3420 1107 oratione
3465 1059 3521 1105 et
3555 1051 3733 1121 jejunio

2176 1142 2396 1216 (Matth.
2432 1142 2601 1214 xvu);
2634 1163 2653 1196 ι
2690 1142 2812 1199 fusa
2846 1158 3012 1214 super
3051 1159 3252 1214 aquam
3294 1143 3594 1198 exorcismi
3634 1159 3735 1199 ora-

2174 1236 2343 1304 tione,
2371 1248 2426 1292 et
2449 1237 2629 1292 addita
2651 1237 2946 1307 episcopali
2974 1236 3359 1299 benedictione
3388 1245 3595 1306 potum,
3616 1237 3736 1292 dedit

2172 1327 2383 1396 puellae.
2408 1325 2513 1383 Per
2532 1343 2690 1397 aquae
2715 1327 3015 1405 benedictae
3042 1328 3322 1398 poculum,
3357 1326 3543 1383 infusa
3568 1328 3735 1384 virtute

2173 1418 2571 1476 benedictionis
2600 1412 2970 1490 per'membra
3000 1421 3213 1490 puellm,
3253 1420 3531 1475 diabolica
3559 1418 3737 1494 immis-

2174 1514 2329 1570 sione
2359 1514 2452 1571 diu
2484 1517 2741 1580 contrita,
2778 1512 2974 1571 cecidit
3017 1512 3072 1567 in
3109 1524 3313 1568 terram
3358 1512 3574 1583 puella,
3603 1512 3734 1581 quasi

2174 1614 2412 1660 mortua.
2450 1604 2621 1663 Paulo
2645 1611 2770 1674 post
2798 1611 3081 1674 resumpto
3108 1603 3330 1673 spiritu,
3363 1602 3605 1658 surrexit
3628 1618 3735 1658 sana

2175 1705 2229 1753 et
2253 1698 2397 1763 laeta,
2420 1696 2658 1766 ell‘ugato
2680 1695 2906 1766 pessimi
2938 1694 3247 1766 pervaseris
3276 1694 3601 1765 impetu,~et
3622 1694 3733 1750 lni-

2176 1788 2358 1865 ficavit
2404 1788 2542 1846 alios
2592 1802 2694 1858 pro
2743 1787 2956 1867 integro
3000 1794 3325 1861 restaurata)
3376 1784 3736 1841 incolumitatis

2142 1876 2148 1881 ’
2175 1890 2341 1938 statu.
2374 1880 2536 1936 Pater
2564 1879 2758 1935 videns
2786 1876 3127 1935 satisfactum
3156 1876 3455 1933 desideriis
3495 1876 3623 1942 suis,
3659 1892 3736 1947 pro

2174 1973 2476 2044 gratiarum
2519 1971 2734 2027 actione
2784 1970 2980 2026 ditavit
3023 1978 3270 2025 sanctam
3318 1967 3622 2023 Ecclesiam
3660 1965 3736 2022 Dei

2172 2062 2392 2133 praediis
2435 2069 2489 2117 et
2528 2061 2706 2116 xeniis
2745 2060 3023 2131 pretiosis.
3078 2058 3217 2126 Quia
3260 2058 3442 2131 gloria
3485 2068 3576 2114 aut
3617 2073 3735 2123 raro,

2173 2165 2269 2211 aut
2307 2170 2591 2224 nunquam
2628 2161 2779 2209 caret
2819 2152 3047 2218 invidia,
3086 2166 3199 2206 non
3242 2149 3479 2220 pertulit
3518 2150 3609 2204 diu
3643 2158 3738 2203 tan-

2172 2256 2286 2303 tam
2326 2247 2576 2313 Maclovii
2620 2246 2849 2317 gloriam
2891 2245 3103 2316 antiqui
3144 2243 3324 2300 hostis
3366 2241 3735 2299 versutia:sed

2173 2355 2244 2395 ne
2292 2340 2345 2394 in
2387 2355 2557 2411 regno
2592 2337 2797 2394 Christi
2829 2338 3187 2394 invalesceret
3229 2337 3479 2407 amplius
3512 2336 3630 2392 boni
3655 2334 3736 2388 mi-

2173 2429 2287 2485 litis
2327 2430 2521 2502 gratia,
2567 2428 2857 2485 suscitavit
2899 2437 3088 2483 contra
3128 2442 3257 2483 eum
3298 2428 3496 2482 hostes
3532 2435 3737 2480 armatos

2172 2522 2302 2578 dolo
2347 2512 2639 2593 injustitia',
2681 2521 2908 2592 insuper
2941 2519 3107 2575 fultos
3145 2534 3256 2575 non
3284 2519 3738 2575 mediocritas»

2173 2611 2348 2669 culari
2393 2611 2652 2682 potentia.
2954 2646 2957 2651 ι

2748 2700 2978 2757 CAPUT
3016 2698 3183 2755 XVII.

2245 2794 2475 2851 Hailoch
2510 2795 2757 2866 quidam,
2804 2794 2900 2865 qui
2935 2800 3185 2864 potenter
3221 2790 3637 2861 principabatnr
3665 2787 3739 2842 toti

2173 2887 2490 2953 Britanniae,
2529 2887 2846 2942 stimulatus
2886 2884 3152 2941 instinctu
3192 2884 3491 2939 diabolicae
3533 2881 3738 2944 malitia,

2175 2981 2339 3051 erepit
2380 2979 2666 3036 basilicam
2705 2979 3007 3057 destruere,
3040 2992 3209 3047 quam
3249 2976 3454 3031 beatus
3482 2972 3742 3028 Hadoviu

484 3071 687 3141 quippe
720 3086 954 3141 quarum
999 3073 1149 3141 nulla
1206 3073 1325 3129 sine
1373 3072 1535 3129 Patre
1575 3072 1689 3130 Deo
1727 3073 1871 3130 cadit
1913 3088 2075 3144 super
2101 3095 2144 3154 ρ
2176 3072 2499 3154 fundaverat
2537 3074 2592 3129 in
2636 3070 2843 3147 praedio
2884 3086 2999 3127 sure
3030 3069 3324 3140 parochiaa.
3374 3067 3475 3122 Vir
3507 3066 3740 3136 Dei-apud

485 3167 689 3216 terram
728 3159 943 3231 (Matth.
993 3161 1073 3233 x),
1109 3161 1315 3219 dimisit
1363 3162 1564 3219 ibidem
1625 3176 1856 3233 cappam
1902 3163 2076 3220 donec

485 3249 615 3307 fotis
638 3251 850 3319 ovibus,
869 3248 1049 3323 pullos
1072 3260 1313 3325 tempore
1326 3255 1636 3311 excluderet
1649 3255 1879 3312 avicula.
1893 3254 1952 3311 In
1967 3270 2076 3327 qua

489 3357 550 3397 re
584 3351 639 3397 et
667 3343 800 3398 illud
834 3343 1084 3400 mirabile
1111 3344 1233 3411 fuit,
1262 3347 1411 3417 quod
1438 3356 1648 3417 quanto
1678 3357 1922 3418 tempore
1966 3348 2078 3425 illic

486 3449 659 3504 eappa
683 3434 878 3504 jacuit,
909 3435 1057 3490 nulla
1081 3436 1269 3506 'pluvia
1299 3436 1449 3493 illam
1478 3438 1721 3494 violavit.
1754 3438 1912 3505 Quod
1952 3439 2077 3509 qui-

486 3540 707 3595 cunque
740 3527 1063 3595 audierunt,
1106 3527 1162 3582 in
1190 3526 1303 3584 Deo
1332 3529 1589 3604 virtutem
1617 3545 1745 3585 cum
1774 3528 2077 3601 gratiarum

488 3616 707 3673 actione
753 3619 1263 3691 magniﬁcaverunt,
1308 3618 1364 3674 in
1410 3620 1639 3677 homine
1681 3619 1778 3676 Dei
1819 3621 2075 3692 pietatem

489 3710 865 3768 laudaverunt.
1164 3760 1169 3763 .

1075 3803 1305 3859 CAPUT
1343 3803 1485 3859 XVI.

560 3896 621 3952 In
654 3912 795 3969 pago
828 3896 986 3954 urbis
1022 3895 1249 3965 Alethae,
1279 3897 1350 3967 in
1391 3913 1499 3968 qua
1536 3895 1833 3952 antistabat
1876 3894 2079 3953 Maclo-

486 3987 610 4043 vius
638 3986 989 4052 venerabilis,
1021 3985 1190 4040 filiam
1239 3986 1474 4042 habebat
1499 3985 1584 4041 vir
1613 3984 1837 4055 quidam
1866 3999 2079 4055 praeno-

491 4080 636 4145 bilis,
672 4092 840 4148 quam
872 4076 1257 4132 miserabiliter
1285 4078 1516 4134 vexabat
1543 4077 1826 4134 diabolicae
1848 4076 2076 4133 infesta-

491 4170 660 4223 tionis
688 4166 879 4237 passio
913 4166 1288 4235 intolerabilis.
1334 4165 1536 4225 Omnes
1562 4167 1710 4223 enim
1757 4183 1817 4224 se
1859 4168 2077 4224 contin-

488 4269 679 4329 gentes
734 4249 1062 4315 attreetabat
1102 4259 1428 4329 morsibus,
1487 4274 1588 4316 nec
1632 4260 1767 4330 ipsis
1822 4261 2079 4331 parcebat

490 4352 832 4423 parentibus.
866 4348 977 4408 Nec
1008 4351 1299 4423 comprimi
1330 4360 1427 4408 aut
1455 4352 1635 4408 sedari
1671 4361 1885 4423 poterat
1911 4353 2077 4424 hujus

2178 3180 2342 3220 aures
2396 3164 2662 3236 principis
2713 3163 2908 3235 agebat
2947 3160 3205 3233 lacrymis
3246 3168 3302 3215 ct
3368 3160 3652 3230 precibus,
3696 3166 3743 3210 ut

2177 3258 2492 3328 dignaretur
2547 3257 2811 3312 desistere
2862 3270 2895 3311 a
2946 3252 3321 3328 destructione
3384 3249 3741 3307 ecclesiastica

2177 3318 2396 3404 dovmus.
2450 3347 2557 3403 Sed
2611 3348 2702 3403 ille
2756 3345 3016 3407 eﬂ‘eratus
3032 3318 3161 3414 .per
3204 3352 3534 3413 conceptam
3574 3338 3743 3410 iniqui-

2180 3440 2306 3496 tatis
2349 3439 2729 3505 insolentiam,
2774 3453 2885 3493 non
2923 3445 3138 3507 poterat
3179 3434 3431 3506 mitigari
3472 3434 3557 3490 vel
3598 3431 3740 3489 refre-

2178 3532 2298 3587 nari
2332 3548 2430 3603 per
2467 3533 2708 3602 aliquam
2730 3530 2835 3601 pia:
2858 3527 3254 3586 admonitionis
3286 3528 3545 3601 gratiam.
3572 3526 3740 3583 Contra

2178 3623 2495 3693 hujusmodi
2548 3622 2826 3679 saecularis
2873 3620 3272 3677 dominationis
3314 3625 3653 3693 potentiam,
3687 3618 3741 3672 ad

2177 3715 2459 3770 munimen
2489 3723 2543 3791 et
2566 3714 3109 3780 firmamentumsui,
3144 3711 3317 3768 solam
3353 3714 3648 3770 Maelovius
3670 3725 3742 3764 as-

2178 3806 2414 3877 sumpsit
2459 3806 2795 3877 patientiam.
2854 3803 2963 3863 Sed
3017 3810 3113 3879 qui
3162 3809 3232 3864 ad
3283 3821 3423 3863 suos
3468 3805 3645 3861 ﬁdeles
3678 3802 3743 3856 lo-

2179 3900 2368 3970 quitur
2410 3914 2507 3969 per
2556 3899 2854 3969 prophetas
2902 3918 2917 3956 :
2970 3920 2990 3953 ι
3020 3900 3143 3967 Qui.
3183 3900 3358 3972 tangit
3413 3914 3547 3965 vos,
3591 3893 3735 3964 tangit

2181 3991 2330 4048 oculi
2360 3992 2465 4047 mei
2494 3992 2760 4063 pupillam
2804 3992 2991 4063 (Zaclt.
3030 3992 3124 4064 tl);
3152 4013 3172 4046 ι
3217 4001 3273 4049 et
3305 4011 3322 4048 :
3372 4011 3393 4045 ι
3424 3992 3559 4048 Mihi
3593 3985 3741 4043 vindi-

2179 4094 2345 4151 ctam,
2379 4092 2435 4140 et
2471 4099 2574 4155 ego
2620 4085 2919 4141 retribuam
2960 4084 3143 4156 (Deut.
3171 4086 3384 4154 xxx");
3419 4104 3439 4137 ι
3476 4098 3585 4139 non
3609 4076 3742 4135 dimi-

2180 4177 2253 4234 sit
2291 4176 2522 4232 inultam
2564 4192 2865 4247 pauperum
2907 4191 3137 4233 suorum
3162 4176 3445 4247 .injuriam
3488 4194 3503 4230 :
3538 4182 3591 4230 et
3626 4172 3743 4227 sicut

2182 4269 2410 4335 Saulum
2459 4269 2895 4326 recalcitrantem
2932 4268 3203 4339 percussit
3231 4268 3490 4323 triduana
3531 4264 3739 4321 excitate

2181 4360 2341 4432 (Act.
2390 4342 2627 4431 1x),.ut
2663 4368 2852 4431 postea
2905 4366 3083 4414 totum
3126 4357 3399 4429 mundum
3444 4354 3742 4412 illuminant

489 4449 647 4504 malm
688 4448 1017 4505 valetudinis
1047 4449 1386 4506 vehementia
1410 4492 1425 4515 ,
1473 4450 1579 4506 nisi
1630 4448 1822 4515 ferreis
1867 4451 2077 4516 catenis
2109 4434 2155 4495 ί)
2181 4460 2383 4508 aeterna
2430 4451 2679 4507 claritate
2703 4470 2717 4506 :
2744 4450 3016 4522 percussit
3051 4458 3108 4506 et
3146 4450 3296 4505 hunc
3343 4447 3625 4519 temporali
3659 4458 3742 4498 c2-

490 4549 790 4596 aretaretur
810 4550 922 4596 tam
946 4540 1204 4597 immanis
1226 4540 1461 4598 insania.
1483 4540 1663 4609 Pater,
1685 4542 1845 4613 cujus
1869 4543 2074 4612 animo,

489 4632 600 4686 tilia
626 4641 943 4704 aegrotante,
972 4634 1109 4691 nihil
1133 4643 1346 4704 poterat
1369 4650 1493 4691 esse
1519 4634 1845 4703 jucundum,
1878 4636 1946 4690 ad
1968 4650 2080 4690 me-

489 4724 883 4782 dendum'ﬁliae
931 4735 1062 4782 sum"
1074 4724 1289 4782 felicem
1318 4727 1514 4783 invitat
1536 4725 1883 4793 Maelovium,
1913 4743 2075 4797 quem

489 4816 620 4871 olim
658 4816 903 4873 audierat
942 4818 1001 4873 in
1039 4820 1389 4875 curationum
1418 4818 1662 4874 emeacia
1709 4834 1831 4875 esse
1874 4819 2077 4891 glorio-

474 4924 634 4964 sum.
683 4906 794 4964 Nec
829 4909 1011 4966 ditIert
1052 4911 1143 4967 ille
1191 4910 1648 4986 misericordiam,
1700 4911 1795 4967 sed
1846 4910 2077 4967 credens

489 5000 619 5072 quia
650 4998 810 5056 facile
874 5009 959 5057 est
1009 5000 1121 5056 Deo
1155 5011 1415 5072 praestare
1460 5002 1689 5057 ﬁdeliter
1723 5001 1926 5073 petenti
1962 5017 2078 5073 me-

488 5093 687 5160 delam,
721 5092 903 5164 pergit
927 5092 994 5148 ad
1029 5094 1266 5163 puellam
1293 5112 1306 5148 :
1335 5100 1390 5148 et
1418 5092 1607 5149 volens
1635 5092 1919 5149 diabolicae
1960 5108 2079 5147 ma-

470 5186 1011 5258 .Iitim'comprimere
1034 5186 1242 5252 dolum,
1270 5184 1557 5241 sudarium
1582 5200 1743 5241 suum
1770 5184 1996 5259 projeeit
2020 5184 2076 5239 in

489 5278 722 5339 furentis
753 5281 947 5353 puella:
974 5278 1196 5335 collum.
1237 5276 1394 5333 Tunc
1422 5292 1551 5333 vero
1574 5277 1855 5348 potuisses
1876 5276 2076 5349 audire

490 5372 780 5429 horribiles
804 5389 969 5429 voces
996 5372 1329 5437 daemonum,
1366 5385 1526 5426 servo
1554 5368 1651 5426 Dei
1692 5369 1748 5424 in
1774 5371 1891 5443 haec
1911 5370 2079 5426 verba

490 5465 938 5534 exprobrantium
969 5486 982 5520 :
1014 5486 1034 5519 ι
1061 5464 1107 5521 Ο
1139 5464 1506 5521 transmarina
1535 5463 1732 5538 ineola,
1764 5478 1873 5518 non
1903 5462 2082 5534 potuit

495 5562 546 5609 te
591 5548 863 5612 sustinere
910 5559 1085 5627 patria
1132 5569 1245 5625 tua,
1296 5559 1391 5628 qui
1440 5556 1638 5612 venisti
1684 5557 1791 5611 huc
1835 5571 2080 5627 quaerere

472 5644 689 5712 aliena,
717 5657 770 5701 et
798 5663 900 5701 nos
940 5650 1207 5717 expellere
1241 5650 1307 5704 de
1342 5648 1566 5719 regione
1593 5659 1800 5703 nostra.
1837 5668 1856 5700 ι
1898 5647 2077 5703 Disci-

490 5738 655 5807 pulus
696 5739 923 5808 Christi,
955 5740 1293 5811 vilipendens
1328 5742 1445 5799 btec
1479 5741 1687 5797 inimici
1727 5739 2075 5811 improperia,

2184 4544 2383 4610 citate,
2432 4552 2494 4598 ut
2541 4559 2641 4614 per
2672 4543 2926 4598 tenebras
2975 4541 3322 4598 transitorias
3367 4540 3681 4597 liberaretur
3714 4548 3739 4586 ε

2184 4650 2532 4711 peccatorum
2562 4637 2919 4709 obscuritate.
2946 4635 3233 4705 Extemplo
3270 4635 3340 4690 ad
3374 4650 3472 4689 eor
3497 4642 3738 4689 reversus.

2183 4740 2239 4786 et
2268 4730 2606 4801 paenitudine
2633 4727 2976 4799 praecordiali
3005 4717 3391 4796 compunctus,
3440 4722 3509 4778 ad
3550 4715 3739 4777 satisfa-

2181 4821 2434 4878 ciendum
2475 4822 2793 4891 episcopum
2833 4818 3078 4888 cucurrit
3119 4816 3471 4889 quantocius,
3508 4830 3566 4870 se
3612 4822 3739 4866 reum

2177 4930 2300 4970 esse
2346 4906 2665 4983 'protestans
2709 4911 2921 4986 amaris.
2956 4910 3210 4976 fletibus,
3257 4924 3320 4964 se
3365 4907 3561 4963 merita
3596 4915 3741 4959 exc»

2181 5018 2364 5062 catum
2417 5021 2540 5060 esse
2598 5005 2865 5075 confitens
2930 5002 3257 5074 lacrymosis
3296 4999 3600 5071 questibus.
3646 4992 3736 5056 ωε,

2183 5097 2278 5168 qui
2322 5096 2586 5153 didicerat
2642 5111 2673 5150 a
2704 5094 2968 5165 magistro
3009 5108 3241 5149 summa:
3280 5089 3563 5165 bonitatis,
3601 5085 3737 5151 etim

2170 5190 2423 5263 (inimicis
2465 5204 2591 5245 esse
2631 5186 3116 5252 benefaciendum,
3161 5194 3217 5239 et
3258 5200 3361 5255 pro
3392 5172 3738 5263 persequenti-

2181 5280 2287 5336 bus
2328 5287 2385 5335 et
2426 5278 3049 5353 calumniantibusnos
3080 5291 3204 5345 esse
3244 5276 3513 5331 orandum
3549 5262 3734 5343 (Held.

2182 5372 2262 5443 v),
2294 5372 2404 5438 cito
2433 5381 2488 5447 et
2513 5352 2937 5439 misericorditer
2963 5369 3192 5424 indulsit
3218 5354 3505 5439 paenitenti
3534 5369 3733 5418 reatum.

2179 5464 2266 5531 Et,
2289 5464 2582 5535 providens
2627 5463 2677 5517 ei
2714 5460 3287 5531 utrinsquehominis
3332 5459 3576 5520 salutem,
3619 5459 3735 5518 aqua

2178 5555 2462 5611 benedicta
2503 5570 2627 5610 eum
2670 5552 2927 5624 perfudit,
2976 5560 3031 5607 et
3069 5552 3199 5617 oleo
3234 5567 3396 5610 sacro
3429 5547 3604 5604 octdos
3637 5539 3733 5610 eius

2178 5647 2457 5717 perunxit,
2500 5628 2672 5702 et‘ita
2718 5645 2769 5698 ei
2813 5644 3107 5714 pristinum
3147 5644 3326 5698 visum
3371 5636 3732 5700 restituit.pt0

2177 5740 2419 5818 admissa
2446 5749 2627 5794 tamen
2660 5737 2963 5817 temeritate
2978 5751 3300 5808 _congruum
3333 5726 3613 5808 ι)ωηίωῶ
3639 5732 3728 5778 που
