3956 6416
207 326 291 386 πί
526 262 541 275 ⁹
1452 302 1613 389 ἯΤΑ
1632 301 1715 393 ⁶5.

1849 298 2107 357 .CLOVII.

3336 296 3443 354 τη

199 445 310 498 dum
338 431 538 491 indixit.
562 428 906 495 Dux,videns
932 437 986 483 et
1010 427 1208 482 animae
1234 433 1288 480 et
1315 416 1532 492 corpori
1558 390 1745 474 utilem
1776 419 1824 475 A
1852 416 2021 470 maris
2047 458 2061 483 ,
2086 390 2091 395 ε
2117 414 2504 470 absorberetur
2561 412 2615 467 in
2674 411 3027 495 profundum.
3083 396 3446 468 Abstulernnt

196 546 299 588 esse
329 539 474 581 suam
500 520 950 586 satisfactionem,
994 518 1239 574 ecclesiae
1265 515 1359 571 Dei
1386 529 1494 567 non
1523 524 1750 582 parvam

195 618 431 688 delegavit
460 623 726 669 terrarum
754 612 1145 675 haereditatem,
1193 618 1259 689 et~
1279 606 1557 677 copiosam
1594 603 1649 656 in
1692 615 1749 654 re

196 707 406 777 mancipi
427 704 656 759 contulit
679 701 1132 758 benedictionem.
1163 697 1367 751 Deinde
1389 692 1570 765 quoad
1594 689 1747 757 vixit,

195 814 406 858 servum
432 795 525 850 Dei
573 795 649 850 uti
688 802 897 864 patrem
934 792 1078 846 filius
1116 790 1278 844 unico
1319 802 1504 841 amore
1540 783 1746 848 dilexit,

193 895 330 964 eique
372 888 591 959 suisque
630 894 776 942 tutor
816 895 869 941 et
910 884 1127 954 adjutor
1163 888 1504 952 opportunus
1547 876 1650 931 fuit
1695 873 1749 928 in

194 983 440 1040 omnibus.
984 1025 993 1051 ς

732 1066 959 1124 CAPUT
996 1062 1166 1120 XVIII

253 1164 335 1223 Sic
362 1165 618 1234 antiquus
662 1162 837 1217 hostis
875 1161 979 1214 hoc
1024 1159 1202 1228 primo
1244 1169 1541 1227 congressu
1571 1152 1750 1207 vietus

191 1256 435 1322 discessit,
451 1255 545 1309 sed
572 1269 680 1307 non
705 1250 1031 1328 defatigatus
1053 1247 1235 1303 cessit.
1267 1244 1420 1300 Sicut
1442 1244 1586 1299 enim
1617 1239 1748 1297 olim

191 1351 279 1421 ipsi
321 1347 550 1402 Domino
590 1360 917 1415 congressus
953 1339 1170 1411 (Matth.
1219 1338 1324 1409 IV),
1370 1352 1479 1390 non
1528 1333 1753 1389 recessit

186 1443 341 1515 prima
371 1437 671 1493 tentatione
707 1436 904 1502 victus,
936 1434 1031 1489 sed
1056 1429 1297 1488 secundo
1322 1436 1377 1483 et
1402 1426 1562 1483 tertio
1599 1440 1752 1479 arma

188 1535 474 1599 restaurare
520 1536 605 1584 est
647 1543 817 1583 ausus
861 1544 875 1580 :
920 1525 977 1579 in
1023 1523 1199 1595 prima
1235 1536 1453 1592 quoque
1500 1516 1750 1573 Maelovii

186 1621 388 1679 victoria
424 1636 534 1675 non
561 1619 769 1675 destitit
796 1635 826 1673 a
855 1618 970 1673 suis
1017 1615 1304 1670 conatibus
1341 1614 1452 1668 dux
1499 1610 1747 1675 llailoch,

186 1713 266 1782 qui
310 1727 364 1766 se
417 1720 592 1763 totum
643 1708 919 1763 humiliter
972 1705 1329 1759 inclinaverat
1377 1701 1445 1756 ad
1503 1699 1750 1755 Maclovii

1852 500 2014 559 etiam
2047 520 2221 575 equos
2256 519 2389 559 suos
2436 509 2626 558 sancto
2660 500 2802 566 viro,
2835 518 2901 556 ne
2932 498 3007 555 illi
3038 510 3221 572 posset
3251 502 3444 557 adesse

1853 582 2117 653 subsidio.
2160 596 2343 652 Solam
2377 596 2634 666 episcopo
2668 594 3006 664 reliquerunt
3035 610 3255 665 equam,
3292 594 3442 650 testi-

1853 699 2065 746 mantes
2088 706 2147 746 se
2173 706 2269 761 per
2290 690 2397 744 hoc
2416 688 2466 743 ei
2498 686 2679 742 facere
2705 684 2984 755 injuriam,
3008 686 3228 741 sivilem
3254 702 3444 741 ascen—

1852 786 2004 841 deret
2033 800 2252 854 equam.
2289 781 2578 848 Sacerdos,
2610 779 2755 857 quod
2786 779 2962 834 solum
2995 781 3191 848 potuit,
3218 769 3437 849 pericli-

1854 874 1989 930 tanti
2044 872 2249 949 famulo
2306 870 2516 926 orando
2578 868 2753 924 adfuit
2802 888 2815 923 :
2864 865 3222 937 Omnipotens
3260 868 3440 923 oranti

1853 967 2110 1037 episeopo
2138 980 2247 1019 non
2276 962 2451 1018 abfuit
2477 981 2489 1017 :
2517 962 2675 1032 cujus
2708 961 2811 1015 fide
2836 970 2890 1015 et
2917 958 3164 1014 oratione
3191 960 3300 1025 ille,
3347 959 3443 1029 qui

1852 1061 1908 1115 in
1939 1059 2171 1115 articulo
2202 1059 2393 1113 mortis
2433 1057 2669 1128 jacehat,
2711 1054 3034 1109 mirabiliter
3070 1038 3260 1107 evasit.
3296 1050 3444 1106 Nutu

1852 1154 1997 1209 enim
2024 1152 2162 1222 ejus,
2199 1150 2286 1206 cui
2332 1149 2512 1206 omnis
2557 1156 2754 1202 natura
2801 1132 2986 1212 servit,
3031 1145 3273 1213 undique
3315 1144 3441 1198 mil-

1852 1246 2011 1300 liario
2041 1260 2151 1299 uno
2174 1245 2330 1314 longe
2360 1257 2389 1297 a
2414 1241 2629 1312 jacente
2658 1239 2862 1310 pistore
2888 1246 3084 1292 mstum
3115 1236 3284 1290 maris
3314 1234 3445 1289 reti-

1854 1335 2073 1399 nuit,'et
2102 1348 2331 1404 puerum
2358 1331 2674 1385 innocenter
2700 1327 2863 1383 morti
2887 1326 3200 1397 oppositum
3227 1323 3444 1380 contin-

1854 1443 1979 1499 gere
2013 1426 2212 1481 timuit.
2243 1424 2449 1480 Praesul
2475 1436 2733 1494 ergonpro
2760 1420 2845 1476 sui
2875 1406 3002 1491 odio
3031 1426 3287 1481 vexatum
3324 1415 3444 1472 sine

1854 1534 2006 1573 mora
2039 1517 2228 1572 adiens
2257 1516 2539 1586 pistorem,
2569 1513 2776 1568 invenit
2806 1527 2933 1567 eum
2964 1510 3319 1577 incolumem,
3349 1521 3439 1563 se-

1854 1625 2089 1680 cumque
2118 1607 2333 1662 reduxit
2360 1605 2615 1660 alacrem.
2697 1629 2703 1635 ο

2452 1693 2680 1750 CAPUT
2716 1693 2833 1750 XX.

187 1759 533 1872 dbsequelam,
578 1808 632 1855 et
662 1815 763 1871 pro
791 1799 911 1868 ejus
955 1797 1129 1870 gratia
1177 1812 1235 1850 se
1279 1802 1454 1849 totum
1488 1788 1750 1864 potenter
1783 1759 1826 1814 Β
1922 1790 2175 1847 Pontifex
2210 1788 2541 1857 Maclovius,
2588 1788 2683 1859 qui
2724 1796 2849 1844 ante
2892 1786 3059 1842 Deum
3090 1796 3145 1844 et
3190 1786 3445 1842 homines

184 1890 407 1965 erexerat
432 1892 502 1945 ad
527 1890 783 1946 Ecclesiae
811 1888 905 1944 Dei
942 1888 1187 1953 tutelam,
1219 1894 1508 1956 postquam
1539 1885 1750 1955 ingres-

186 2000 266 2039 sus
289 1992 366 2038 est
393 1983 661 2038 universae
688 1980 870 2037 carnis
895 1980 1064 2045 viam,
1089 1987 1265 2032 morte
1295 1994 1393 2032 sua
1421 1972 1599 2032 laeum
1625 1975 1750 2031 fecit

187 2074 365 2145 iniquis
395 2073 738 2144 opprimendi
779 2070 1096 2128 Ecclesiam.
1148 2068 1398 2123 Surrexit
1432 2069 1575 2122 enim
1627 2075 1751 2138 post

186 2182 293 2220 eum
309 2166 474 2236 impia
486 2164 786 2236 generatio,
807 2179 928 2234 quae
943 2178 1133 2217 aversa
1155 2161 1293 2216 facie
1315 2177 1345 2215 a
1369 2160 1499 2225 Deo,
1524 2159 1751 2215 descivit

185 2256 378 2326 penitus
401 2274 432 2312 a
457 2244 799 2311 rectitudinis
831 2256 1081 2312 consilio.
1114 2252 1252 2309 Ilinc
1280 2264 1474 2309 nactus
1498 2262 1753 2324 opportu-

188 2347 390 2401 nitatem
438 2347 721 2413 diabolus,
772 2354 825 2401 et
870 2346 1067 2401 talibus
1115 2354 1271 2400 utens
1301 2344 1640 2411 ollicialibus,
1692 2343 1748 2397 in

185 2436 340 2489 virum
388 2433 483 2489 Dei
520 2435 668 2490 mille
725 2426 1022 2491 iiisurrexit
1084 2434 1314 2490 artibus.
1380 2434 1502 2488 Filii
1566 2434 1749 2504 itaque

184 2525 326 2581 Belial
362 2525 685 2582 Maclovium
708 2525 1026 2583 infestantes
1058 2528 1377 2582 exsecrabili
1415 2529 1562 2595 odio,
1594 2528 1748 2584 iuve-

180 2616 435 2700 bebantu‘r
487 2620 540 2673 in
579 2635 702 2674 eum
764 2619 1079 2690 hujusmodi
1115 2620 1363 2675 convicio
1409 2638 1421 2673 :
1466 2619 1620 2687 Quis,
1660 2620 1737 2675 in-

185 2712 390 2779 quiunt,
432 2711 525 2767 hic
571 2727 740 2783 regno
784 2719 973 2767 nostro
1020 2711 1301 2782 improbus
1342 2713 1607 2766 successit
1646 2711 1746 2766 ad-

184 2790 325 2869 vena,
375 2802 469 2872 qui
522 2818 920 2874 usquequaque
964 2803 1121 2858 nobis
1170 2803 1409 2859 concitat
1461 2804 1750 2859 scandala?

184 2891 300 2957 Quis
335 2901 417 2947 est
443 2892 547 2947 iste
575 2894 747 2964 pellax
778 2894 1131 2965 sycophanta,
1179 2894 1272 2965 qui
1310 2894 1588 2951 blanditiis
1633 2896 1750 2950 suis

185 2982 403 3039 humana
430 3000 461 3039 a
494 3001 553 3041 se
582 2986 781 3040 alienat
808 2986 1064 3056 pectora?
1095 2976 1229 3052 Quis
1257 2986 1359 3041 iste
1395 2995 1479 3042 est
1519 2987 1748 3056 cupidus

1850 1888 1970 1945 sine
1987 1886 2207 1957 querela
2214 1884 2482 1956 justitiam
2510 1891 2694 1938 tenere
2714 1883 2949 1949 volebat,
2975 1882 3207 1953 pusillos
3233 1881 3439 1936 Christi

1850 1980 1986 2035 adeo
2010 1978 2080 2033 ah
2107 1977 2290 2048 impiis
2317 1975 2672 2032 seandalizari
2730 1976 2951 2047 gravius
2981 1991 3143 2045 quam
3173 1975 3280 2030 dici
3313 1991 3444 2044 pos-

1851 2072 1922 2128 sit
1978 2070 2203 2126 ferebat.
2256 2068 2364 2123 Pro
2414 2068 2523 2123 illis
2586 2067 2751 2121 etiam
2793 2067 3095 2138 sacrilegis,
3134 2075 3246 2121 tam
3283 2074 3445 2121 acuto

1851 2160 2091 2216 avaritia:
2113 2158 2336 2215 stimulo
2356 2156 2652 2228 instigatis,
2676 2156 2840 2211 nimis
2867 2156 3104 2223 dolebat,
3128 2170 3268 2226 quos
3300 2154 3469 2231 apud,

1850 2252 2022 2307 Deum
2061 2252 2207 2305 nulla
2240 2249 2565 2323 ignorantia:
2594 2248 2876 2303 excusatio
2921 2246 3255 2311 absolvebat,
3304 2260 3447 2315 quos

1849 2344 2096 2401 videntes
2121 2351 2174 2399 et
2207 2342 2454 2397 volentes
2494 2339 2765 2410 cupiditas
2796 2338 2850 2392 in
2883 2353 3124 2408 przeceps
3166 2336 3437 2392 trahebat.

1849 2433 1978 2491 Inde
2005 2434 2153 2489 enim
2180 2448 2415 2504 nequam
2443 2439 2498 2487 et
2527 2431 2754 2486 lividum
2783 2428 2986 2484 invidia
3016 2429 3235 2484 oculum
3267 2428 3443 2482 habe-

1849 2529 2000 2593 bant,
2026 2526 2169 2581 unde
2192 2535 2374 2596 patres
2400 2539 2592 2581 eorum
2607 2522 2739 2578 boni
2766 2521 3001 2577 fuerant.
3032 2520 3221 2576 Patres
3241 2521 3443 2591 quippe

1839 2608 2038 2674 eorum
2066 2625 2287 2688 peccata
2317 2632 2438 2683 sua,
2471 2602 2851 2686 eleemosynas
2876 2612 3147 2673 faciendo.
3190 2611 3440 2666 redeme-

1848 2715 1973 2762 rant
2019 2726 2032 2761 :
2066 2706 2183 2774 isti,
2215 2706 2577 2777 eleemosynis
2605 2703 2939 2776 derogando,
2971 2709 3189 2772 peccata
3220 2717 3319 2756 sua
3345 2716 3444 2756 cu-

1849 2801 2209 2856 mulaverant.
2263 2799 2359 2856 Ille
2392 2799 2588 2855 doetus
2620 2798 2674 2853 in
2715 2796 2976 2867 patientia
3016 2810 3115 2849 sua
3160 2793 3443 2864 possidere

1849 2893 2089 2949 animam
2127 2908 2325 2949 suam:
2358 2911 2377 2944 ί
2401 2890 2489 2958 .Si,
2539 2890 2738 2961 inquit,
2782 2888 3048 2943 Dominus
3090 2902 3245 2941 meus
3284 2883 3447 2941 Jesus

1850 2983 2107 3056 fugiendo
2154 2984 2450 3040 declinavit
2485 2982 2799 3039 Judaaornm
2848 2981 3165 3052 perfidiam,
3217 2994 3317 3035 cur
3342 2993 3444 3051 ego

186 3074 627 3147 lueredipeta,qui
653 3093 719 3132 ex
756 3078 966 3133 nostris
992 3078 1353 3134 incommodis
1378 3094 1475 3133 sua
1500 3077 1588 3134 hic
1608 3095 1752 3134 com—
1779 3102 1820 3160 ρ
1853 3077 2224 3132 homunculus
2282 3091 2392 3131 non
2446 3075 2682 3131 devitem
2738 3073 2979 3129 cedendo
3019 3073 3250 3129 istorum
3287 3072 3446 3126 mali-

187 3176 323 3235 parat
391 3168 721 3224 commoda?
763 3166 902 3223 Cum
955 3168 1218 3239 apostolis
1270 3177 1323 3224 et
1373 3171 1745 3240 apostolorum

188 3260 579 3314 successoribus
624 3260 757 3313 nihil
804 3260 859 3314 in
905 3270 1047 3327 terra
1081 3260 1150 3315 sit
1198 3260 1611 3330 possidendum,
1661 3262 1751 3316 hic.

190 3350 278 3404 sub
316 3348 533 3404 obtentu
564 3352 935 3421 paupertatis,
972 3353 1115 3406 velat
1159 3353 1474 3423 cupiditatis
1508 3355 1701 3410 vitium
1733 3374 1747 3410 :

189 3448 234 3495 et
271 3441 364 3495 sub
403 3449 665 3511 praetextu
714 3443 1207 3515 eleemosynarum,
1255 3448 1498 3503 avaritia:
1532 3460 1751 3506 exercet

190 3534 593 3588 emolumentum
625 3554 637 3588 :
663 3535 765 3589 sub
793 3535 1015 3591 obtentu
1046 3538 1219 3610 longa:
1248 3539 1529 3607 orationis,
1554 3557 1751 3613 exspo-

190 3622 276 3677 liat
298 3623 481 3678 domos
512 3623 818 3679 viduarum.
848 3623 951 3691 Qui
982 3627 1164 3682 omnia
1198 3644 1256 3683 se
1285 3644 1383 3699 pro
1408 3629 1629 3686 Christo
1658 3648 1748 3688 re-

132 3790 133 3793 ,
191 3712 396 3783 liquisse
433 3716 712 3783 mentitur,
761 3725 815 3772 et
842 3719 1026 3773 omnia
1076 3736 1134 3775 se
1184 3720 1236 3774 in
1286 3720 1506 3793 Christo
1552 3724 1751 3779 habere

194 3802 450 3873 gloriatur,
481 3822 583 3861 nos
611 3816 663 3861 et
692 3807 835 3862 filios
866 3816 1087 3864 nostros
1111 3785 1438 3879 exhwredat,
1482 3821 1535 3868 et
1579 3814 1751 3870 haere—

193 3894 366 3952 ditates
406 3908 622 3953 nostras
668 3899 773 3954 sibi
810 3899 970 3962 avide
1015 3906 1213 3972 eaptat.
1254 3900 1358 3969 Qui
1395 3919 1494 3959 sua
1541 3920 1600 3960 se
1640 3920 1749 3960 non

195 4001 366 4043 curare
409 3990 647 4056 simulat,
695 4006 796 4046 cur
840 3991 1015 4047 aliena
1061 3992 1375 4069 dispensat?
1422 3992 1568 4049 Nihil
1617 4011 1749 4068 ergo

195 4078 337 4134 nobis
365 4081 534 4152 magis
567 4082 719 4151 utile,
752 4099 916 4154 quam
946 4082 1059 4154 jam
1090 4084 1315 4155 jamque
1350 4087 1555 4143 nostris
1590 4087 1751 4161 fessis

197 4171 342 4228 rebus
366 4176 650 4231 consulere
693 4176 929 4231 ethunc
956 4176 1113 4247 longe
1152 4192 1183 4231 a
1228 4192 1396 4249 regno
1440 4187 1630 4234 nostro
1657 4195 1752 4235 ex-

200 4258 411 4333 turbare,
441 4275 494 4321 et
515 4252 859 4322 hrereditates
890 4265 1093 4335 injuste
1132 4252 1378 4321 ecclesiis
1412 4250 1752 4337 mancipatas

198 4352 370 4409 iterum
416 4371 701 4431 occupare.
750 4354 1029 4426 Siquidem
1070 4357 1226 4412 nobis
1271 4366 1325 4413 et
1373 4358 1498 4414 filiis
1547 4359 1751 4414 nostris

1854 3167 2024 3222 tiam?
2054 3165 2194 3222 Ecce
2218 3167 2347 3237 quia
2376 3166 2466 3222 isti
2500 3173 2561 3220 ut
2587 3165 2780 3236 vulpes
2817 3165 3002 3219 foveas
3026 3163 3356 3229 dolositatis,
3387 3171 3444 3218 et

1853 3267 1914 3313 ut
1938 3259 2188 3314 volucres
2210 3258 2423 3331 habent
2450 3256 2609 3312 nidos
2631 3255 2909 3322 vanitatis,
2942 3262 2997 3310 et
3022 3269 3123 3308 nos
3151 3269 3275 3309 cum
3302 3252 3443 3306 Filio

1836 3350 2095 3405 hominis
2118 3365 2229 3405 non
2260 3349 2544 3415 habemus,
2572 3348 2664 3403 ubi
2694 3356 2857 3418 caput
2891 3348 3220 3402 reclinemus
3249 3346 3303 3400 in
3333 3344 3443 3400 illis

1836 3441 2037 3515 '(Joan.
2068 3458 2166 3497 vm
2195 3452 2247 3496 et
2275 3441 2406 3512 xu);
2438 3461 2457 3494 ι
2501 3441 2782 3503 cedamus.
2832 3449 2886 3495 et
2916 3432 3439 3508 occasionem‘pec-
3490 3444 3497 3447 “

1851 3534 2011 3591 candi
2045 3534 2100 3588 in
2140 3550 2264 3600 nos,
2306 3534 2498 3589 saltem
2544 3531 2801 3605 fugiendo
2837 3531 3113 3585 tollamus.
3149 3528 3442 3583 Excutien-

1851 3626 1955 3680 dus
1989 3633 2074 3679 est
2111 3625 2291 3694 pulvis
2332 3624 2399 3678 de
2446 3623 2675 3701 pedibus
2712 3622 2917 3678 nostris
2963 3620 3018 3674 in
3062 3619 3439 3675 testimonium

1851 3718 1978 3772 illis.
2000 3715 2085 3784 Et,
2108 3717 2238 3787 quia
2266 3731 2374 3770 non
2405 3723 2533 3795 sunt
2557 3716 2646 3770 hic
2672 3714 2767 3769 ﬁlii
2794 3715 2969 3785 pacis,
2997 3714 3137 3785 apud
3167 3732 3307 3787 quos
3333 3729 3440 3784 pax

1834 3796 2053 3892 'Christi
2081 3808 2410 3879 requiescat,
2432 3822 2537 3878 pax
2568 3814 2753 3861 nostra
2784 3806 2850 3861 ad
2875 3821 2975 3860 nos
3002 3806 3186 3861 redeat
3216 3804 3434 3877 (Matth.

1830 3900 2214 3983 'x).'quando
2265 3900 2403 3957 dixit
2454 3898 2721 3955 Dominus
2771 3907 2958 3954 noster
3003 3896 3203 3953 Jesus:
3242 3917 3261 3949 ι
3296 3895 3437 3952 Cum

1850 3994 2120 4065 persecuti
2151 4008 2248 4049 vos
2283 3991 2486 4048 fuerint
2511 3993 2565 4047 in
2598 3991 2817 4047 civitate
2846 3991 2970 4058 ista,
2999 3989 3167 4062 fugite
3195 3989 3250 4045 in
3271 3990 3436 4045 aliam

1852 4084 2066 4156 (ibid.);
2093 4103 2111 4136 ›
2133 4084 2378 4154 prazvidit
2396 4082 2641 4154 profecto
2652 4083 2793 4138 hanc
2817 4080 3059 4153 fugiendi
3088 4082 3434 4136 occasionem

1850 4174 2178 4245 quandoque
2205 4174 2363 4229 nobis
2395 4173 2786 4229 incutiendam.
2808 4171 3067 4242 'Agamus
3091 4171 3293 4240 itaque,
3324 4167 3436 4224 fra-

1854 4274 1984 4332 tres,
2020 4265 2328 4332 instanter;
2355 4264 2639 4332 cedamus,
2684 4279 2892 4334 quaeso,
2928 4262 3214 4332 patienter.
3247 4258 3326 4315 Ita
3352 4260 3438 4315 vir

1849 4356 1974 4427 pius
2013 4365 2331 4412 exsecratus
2376 4356 2524 4411 illam
2559 4356 2855 4426 pessimam
2893 4355 3320 4426 generationem,
3352 4353 3439 4408 in-

199 4445 316 4499 nihil
342 4448 529 4517 reliqui
558 4446 703 4513 fecit,
732 4447 824 4517 qui
872 4447 974 4502 sibi
1005 4449 1187 4502 omnia
1220 4459 1410 4504 nostra
1443 4450 1744 4520 usurpavit.
1780 4453 1837 4511 D'
1852 4446 1977 4501 tulit
2004 4438 2393 4502 illis'meritam
2414 4446 2873 4512 maledictionem,
2896 4447 3026 4516 quia
3049 4447 3438 4519 elongaverant
3482 4484 3487 4491 .

202 4534 359 4592 Solam
393 4555 539 4610 spem
571 4539 882 4596 futurorum
911 4543 1069 4597 nobis
1090 4544 1265 4613 pretio
1292 4545 1536 4598 omnium
1568 4560 1752 4599 rerum

200 4638 483 4685 nostrarum
529 4633 751 4699 vendit,
797 4650 1030 4704 quarum
1076 4634 1482 4690 usumfructum
1533 4635 1649 4705 ipse
1696 4636 1753 4690 in

199 4723 582 4788 praesentiarum
615 4725 778 4794 capit.
826 4724 978 4796 Saepe
1018 4727 1351 4781 lacessentes
1389 4728 1755 4781 sanctum‘vi-

200 4828 302 4867 rum
327 4824 430 4870 tam
459 4816 742 4886 injuriosis
772 4818 1188 4885 invectionibus,
1229 4819 1377 4873 omni
1407 4834 1601 4890 genere
1631 4836 1754 4890 per-

199 4907 468 4963 secutionis
511 4925 637 4963 eum
680 4908 1027 4981 exasperant,
1066 4919 1121 4966 et
1160 4909 1413 4965 homines
1447 4910 1567 4980 ejus
1597 4911 1754 4967 szevis

196 5000 488 5056 verberibus
517 5010 849 5057 tormentant
879 5020 893 5057 :
918 5002 1066 5057 omni
1091 5018 1273 5058 rerum
1305 5003 1607 5073 direptione
1633 5018 1753 5057 om-

195 5090 309 5142 nino
338 5086 633 5147 Ecclesium
660 5088 756 5146 Dei
780 5093 1083 5147 devastaut.

618 5243 622 5247 ,
758 5182 984 5239 CAPUT
1020 5183 1163 5239 xux.

182 5333 193 5341 ,
254 5268 419 5338 Quam
442 5272 621 5345 gravis
643 5280 697 5328 et
717 5272 1073 5330 intolerabilis
1095 5275 1211 5330 haec
1233 5274 1542 5346 persecutio
1564 5258 1750 5342 fuerit,

192 5374 267 5432 ex,
292 5377 401 5418 uno
442 5363 648 5417 adverti
692 5362 907 5434 poterit.
958 5362 1227 5419 Pistorem
1270 5364 1389 5434 ejus
1414 5406 1429 5431 ,
1478 5364 1747 5419 vocabulo

190 5445 414 5520 Riman,
466 5454 667 5525 injuste
720 5455 1173 5525 comprehensum
1200 5440 1229 5523 ,’
1254 5454 1474 5526 indigne
1519 5470 1745 5523 caesum,

187 5542 426 5601 vimineis
475 5547 709 5603 vinculis
763 5548 1164 5620 quadrupedem
1218 5548 1574 5604 constrictum
1601 5591 1616 5615 ,
1647 5538 1651 5542 ”
1686 5556 1748 5603 ut

190 5636 329 5695 nullo
357 5641 744 5712 posset'juvari
771 5641 946 5697 officio
974 5642 1365 5709 membrorum,
1412 5657 1576 5712 super
1598 5642 1749 5712 ripas

193 5730 357 5798 maris
390 5731 725 5805 reliquerunt
766 5734 964 5791 solum.
1014 5741 1094 5796 ut,
1147 5730 1560 5805 superveniente
1607 5740 1745 5791 aestu

1850 4555 1881 4593 a
1907 4554 1966 4594 se
1990 4522 2443 4595 benedictionem.
2472 4537 2564 4593 Sic
2579 4537 2793 4611 Moyses
2820 4537 2908 4592 ille
2924 4537 3250 4593 mitissimus
3267 4551 3436 4607 super

1836 4644 2042 4686 omnes
2093 4631 2347 4694 homines
2394 4630 2489 4701 qui
2541 4624 2898 4684 morabantur
2946 4624 3002 4683 i'n
3050 4638 3191 4684 terra
3229 4626 3430 4702 (Num.

1830 4724 2028 4796 'cxxi);
2081 4724 2163 4779 sic
2205 4722 2410 4791 Isaias,
2448 4722 2528 4778 sic
2577 4721 2863 4789 Jeremias,
2915 4722 3106 4779 offensi
3153 4722 3432 4778 cervicosa

1849 4814 2049 4885 ingrati
2080 4814 2265 4884 populi
2296 4814 2519 4877 duritia,
2561 4814 2939 4885 obligaverunt
2969 4829 3063 4869 eos
3091 4812 3434 4869 devotatione

1851 4905 2111 4976 pessima,
2143 4905 2351 4961 scilicet
2374 4904 2735 4975 imprecantes
2765 4913 2984 4975 pr0pter
3009 4920 3198 4960 eorum
3234 4906 3431 4975 impai-

1854 4997 2159 5063 nitentiam,
2188 5012 2258 5051 ne
2284 4996 2583 5051 attenderet
2613 4995 2756 5051 Deus
2783 5011 2973 5051 eorum
3004 5005 3130 5052 vota
3157 4996 3241 5052 vel
3270 4994 3437 5052 sacri-

1853 5089 1995 5145 ﬁcia.
2032 5088 2246 5144 Eliseus
2287 5089 2486 5159 quippe
2518 5089 2844 5163 insultantes
2890 5088 2995 5144 sibi
3032 5104 3231 5158 pueros
3259 5087 3431 5141 male-

1852 5180 2008 5246 dixit,
2023 5189 2078 5236 et
2092 5179 2491 5236 maledictionis
2511 5196 2687 5250 poenae
2707 5196 2803 5235 eos
2828 5178 3036 5235 addixit
3057 5178 3111 5251 (1
3125 5178 3168 5233 V
3193 5178 3315 5248 Reg.
3342 5177 3426 5246 ιι).

1852 5270 1995 5340 Quid
2020 5273 2087 5328 de
2120 5262 2472 5327 dominorum
2509 5271 2742 5328 Domino
2767 5272 2967 5339 dicam,
2993 5271 3087 5345 qui
3114 5269 3169 5323 in
3194 5269 3428 5333 ﬁculnea

1848 5373 2071 5437 propter
2100 5363 2546 5420 infecunditatem
2589 5366 2708 5435 ejus
2735 5381 2764 5419 a
2790 5380 2849 5420 se
2885 5363 3193 5429 maledicta,
3229 5369 3283 5415 et
3311 5375 3434 5415 are-

1850 5456 1990 5512 facta
2023 5455 2239 5528 (Matth.
2270 5456 2407 5526 xxr),
2435 5456 2766 5512 devotationi
2802 5455 3034 5524 subjecit
3059 5454 3277 5525 dignam
3314 5468 3434 5508 ma-

1851 5551 2141 5606 ledictione
2174 5549 2485 5604 Judzeorum
2517 5550 2833 5619 perfidiam?
2870 5547 2986 5605 Hoc
3022 5549 3270 5618 exemplo
3301 5546 3430 5600 bea-

1848 5648 1940 5695 tus
1986 5628 2284 5696 Maelovius
2320 5640 2599 5695 maledixit
2632 5639 2769 5706 suis,
2810 5648 2871 5695 ut
2910 5630 3095 5694 traditi
3134 5638 3338 5694 satana:
3375 5636 3431 5691 in

1847 5730 2126 5788 interitum
2152 5731 2353 5798 carnis,
2398 5730 2686 5787 animabus
2713 5739 2896 5786 tamen
2931 5735 3427 5786 eorum-reservata
