3908 6316
555 302 659 358 745

1753 294 2115 353 SIGEBERTI
2155 294 2683 354 GEMBLACENSIS
3677 308 3759 369 7N

549 429 646 485 spe
672 412 885 479 salutis,
916 410 1243 468 desisterent
1274 409 1342 465 ab
1369 424 1534 482 Opere
1565 408 1906 481 iniquitatis;
1949 418 2005 464 et
2043 409 2137 480 qui
2165 411 2212 467 A
2239 409 2363 465 imis
2389 411 2692 466 visceribus
2721 411 3044 482 pestiferum
3079 413 3229 469 virus
3272 413 3422 480 elici,
3450 423 3503 470 et
3527 417 3590 472 ad
3618 418 3762 479 locum

547 515 770 576 propter
814 504 1071 559 duritiam
1113 502 1295 559 cordis
1344 502 1430 557 sui
1481 501 1987 558 thesaurizaverant
2030 500 2132 557 sibi

550 595 648 650 Dei
674 595 833 662 iram,
856 594 1095 661 tandem,
1119 592 1343 648 emolliti
1361 608 1457 664 per
1476 592 1873 663 paenitentiam,
1888 593 2135 650 reconci-

549 687 748 741 liarent
781 686 886 742 sibi
914 684 1012 741 Dei
1042 684 1493 741 misericordiam.

1135 775 1363 833 CAPUT
1400 775 1543 832 XXI.

619 868 763 939 Ergo
794 883 891 939 per
917 866 1173 924 scandala
1202 867 1493 937 impiorum
1516 868 1779 939 expulsus
1812 882 1843 922 a
1873 882 1975 923 suo
2011 865 2132 937 epi-

548 973 771 1034 scopatu
799 1004 814 1030 ,
863 969 1123 1032 apparate
1173 961 1354 1016 omnis
1400 960 1751 1032 profectionis
1800 970 2130 1027 commeatu,

547 1057 777 1112 collecto
829 1069 1049 1125 quoque
1076 1110 1081 1115 ,
1109 1053 1251 1109 fideli
1308 1056 1705 1111 monachorum
1761 1056 2087 1125 discipulatu
2115 1098 2129 1122 ,

548 1150 711 1221 longo
761 1146 1121 1219 navigationis
1170 1157 1363 1203 exacto
1411 1164 1613 1216 cursu,
1662 1147 1881 1203 tandem
1929 1149 2134 1220 potitus

548 1240 857 1310 Aquitaniae
904 1238 1141 1311 regionis
1177 1248 1360 1310 portu,
1408 1250 1463 1296 et
1505 1240 1799 1296 deveniens
1843 1240 1909 1295 ad
1948 1250 2131 1311 partes

549 1332 855 1387 Santonica:
878 1332 1048 1400 urbis,
1070 1332 1249 1402 primo
1271 1332 1517 1388 omnium
1545 1332 1989 1404 interrogandum
2013 1349 2135 1388 esse

546 1425 776 1493 putavit,
807 1425 855 1480 si
883 1424 990 1480 illis
1021 1424 1076 1479 in
1118 1424 1253 1480 locis
1280 1426 1487 1497 vigeret
1518 1425 1654 1481 ritus
1682 1425 2129 1482 Christianitatis.

550 1514 901 1587 Responsum
939 1526 1023 1571 est
1051 1516 1100 1571 ei
1142 1516 1216 1585 id,
1248 1532 1358 1587 quo
1388 1518 1525 1571 nihil
1562 1517 1743 1588 potuit
1785 1517 1974 1572 audire
2005 1534 2131 1588 gra-

549 1608 678 1676 tius,
696 1609 902 1679 passim
930 1609 1003 1664 ibi
1030 1608 1239 1665 fervere
1264 1610 1582 1681 religionem
1604 1609 1905 1666 Christiani
1929 1611 2129 1667 cultus.

543 1699 791 1757 Perrexit
819 1717 1065 1771 quaerere
1085 1702 1179 1773 qui
1210 1702 1585 1773 ibiepiscopali
1607 1703 1925 1781 praesideret
1942 1704 2131 1759 cathe-

544 1794 679 1860 ἀνω,
692 1802 746 1848 et
766 1770 888 1849 laeta
905 1770 1257 1850 audivitaure
1270 1770 1559 1851 Leontium
1584 1770 1733 1867 (968)
1748 1778 2135 1851 ecclesiasticae
2170 1770 2210 1824 Β

545 1884 852 1954 provisioni
890 1885 1357 1955 supcrintendere,
1400 1887 1578 1942 virum
1613 1886 1811 1942 divinae
1854 1887 2134 1959 sapientiae

544 1984 599 2031 et
625 1976 879 2032 humana:
908 1977 1149 2033 scientiae
1177 1978 1463 2048 praeditum
1493 1978 1773 2051 dignitate.
1803 1978 1924 2050 ipse
1945 1981 2132 2035 exsul-

543 2074 688 2133 tans,
720 2068 866 2138 quod
900 2068 1206 2123 arriderent
1253 2069 1357 2124 sibi
1389 2070 1565 2139 prima
1612 2078 1811 2141 optata:
1854 2071 2135 2141 prosperi-

543 2158 674 2214 tatis
696 2159 961 2230 auspicia,
988 2176 1138 2231 spem
1172 2161 1410 2232 concipit
1431 2178 1498 2218 ex
1521 2179 1703 2219 rerum
1729 2164 2129 2233 convenientia,

543 2248 691 2318 quod
719 2248 786 2305 de
814 2259 1011 2307 caetero
1041 2252 1224 2308 omnia
1271 2253 1376 2309 sibi
1417 2253 1612 2311 cedere
1646 2255 1880 2311 debeant
1905 2272 1971 2312 ex
2003 2272 2130 2313 sen-

545 2340 733 2396 tentia.
763 2338 979 2398 Electos
1001 2342 1185 2415 itaque
1206 2360 1274 2399 ex
1298 2344 1415 2401 suis
1440 2345 1648 2416 legatos
1674 2346 1906 2403 ﬁdenter
1930 2347 1998 2403 ad
2023 2348 2134 2420 epi-

543 2448 771 2503 scopum
804 2435 1010 2507 dirigit,
1042 2452 1266 2492 causam
1305 2454 1419 2493 suze
1458 2438 1916 2511 peregrinationis
1943 2457 2008 2495 ex
2039 2455 2131 2495 or-

542 2523 914 2597 dinedigerit,
944 2527 1127 2584 locum
1168 2529 1272 2584 sibi
1303 2530 1371 2585 ad
1412 2530 1768 2586 habitandum
1798 2531 1867 2586 ab
1904 2548 1970 2587 eo
1995 2548 2130 2589 con-

542 2615 662 2670 cedi
688 2616 967 2673 humiliter
984 2620 1206 2690 expetit.
1230 2620 1431 2677 Plenus
1457 2623 1546 2678 ille
1569 2623 1763 2694 spiritu
1789 2625 2127 2695 prophetico,

544 2707 815 2777 gaudebat
842 2710 1028 2766 animo
1054 2727 1114 2767 se
1144 2712 1406 2770 divinitus
1438 2714 1667 2781 visitari,
1702 2725 1994 2784 procurate
2028 2715 2133 2774 fra-

541 2807 712 2854 terna:
756 2801 1036 2857 societatis
1069 2803 1287 2859 solatio.
1325 2804 1634 2877 Exertaque
1676 2806 1923 2862 hilariter
1963 2825 2126 2865 manu

541 2888 882 2946 liberalitatis
911 2907 1046 2960 suae,
1085 2894 1275 2950 tribuit
1306 2895 1356 2951 ei
1393 2886 1572 2954 locum
1610 2901 1964 2961 habitationis
1997 2920 2130 2960 con-

542 2999 710 3054 gruae,
744 2986 1047 3042 secundum
1075 2986 1322 3058 Apostoli
1353 3002 1680 3063 praaceptnm
1715 2996 1805 3067 (11
1834 2996 1957 3053 Cor.
1983 2997 2127 3066 vni),

2238 502 2369 559 folio
2398 504 2612 559 hedera:
2641 504 2939 560 obductum
2964 505 3235 561 contrahi.
3276 504 3436 572 Quod
3465 506 3689 565 stillando
3721 514 3762 568 in

2236 604 2439 652 terram
2462 597 2735 668 guttatim,
2767 613 2966 668 corpus
2986 598 3181 669 puella:
3201 598 3441 654 reddidit
3468 600 3688 657 illaesum.
3707 603 3763 661 lt:

2235 689 2448 744 meritis
2498 688 2746 745 Maelovii
2784 690 3154 762 redintegrata
3182 689 3284 759 Iest
3326 690 3516 761 puellae
3556 693 3763 764 sospitas,

2148 800 2151 803 ν
2235 791 2394 837 aucta
2421 790 2504 838 est
2530 782 2847 853 parentibus
2875 783 3215 854 jucunditas,
3245 792 3479 841 cunctos
3503 784 3768 843 videnteset

2235 874 2519 931 audientes
2557 875 2888 931 confortavit
2934 878 2991 932 in
3040 876 3148 934 fide
3179 878 3389 934 Christi
3435 879 3661 934 miraculi
3692 897 3767 937 Io-

2234 968 2396 1024 vitas.
2431 968 2591 1023 Pater
2615 984 2725 1023 non
2754 968 3000 1040 ingratus
3030 969 3319 1038 beneﬁcio,
3350 972 3532 1027 villam
3555 988 3766 1044 supre-

2233 1058 2482 1129 prietatis
2508 1059 2774 1131 delegavit
2800 1058 2896 1114 Dei
2927 1058 3153 1129 famulo,
3183 1070 3245 1117 ut
3273 1062 3502 1118 haberet
3552 1063 3677 1120 unde
3696 1066 3769 1122 tri-

2233 1148 2425 1204 bueret
2459 1149 2840 1205 necessitatem
2870 1150 3201 1219 patientibus
3226 1166 3335 1223 pro
3369 1151 3600 1209 Christo.

2800 1239 3030 1296 CAPUT
3066 1241 3255 1297 XXIII.

2306 1329 2648 1388 Venerabilis
2698 1329 2960 1388 Leontius
3006 1314 3196 1389 videns
3238 1335 3466 1390 beatum
3503 1334 3767 1394 Maelmin-

2235 1423 2444 1478 meritis
2472 1430 2526 1479 et
2552 1423 2848 1478 virtutibus
2884 1423 3199 1495 glorificari,
3227 1425 3400 1495 erepit
3432 1426 3605 1480 animo
3627 1442 3768 1481 secum

2235 1533 2345 1572 non
2377 1517 2587 1573 modice
2622 1515 2814 1584 laetari,
2844 1516 2991 1587 quod
3024 1515 3207 1572 divina
3234 1518 3416 1589 pietas
3443 1532 3564 1574 eum
3587 1526 3769 1575 tantoa

2235 1611 2329 1665 tali
2360 1610 2574 1679 hospite
2607 1608 2839 1665 voluerit
2871 1610 3165 1668 consolari.
3219 1608 3383 1666 Unde
3428 1625 3578 1666 suam
3612 1610 3767 1664 dime-

2235 1700 2341 1755 sim
2386 1700 2741 1769 lustraturus,
2781 1715 2907 1756 eum
2956 1710 3018 1756 ut
3058 1714 3246 1757 secum
3298 1709 3565 1774 pergeret,
3605 1701 3767 1756 obnixis

2236 1794 2410 1865 coegit
2444 1794 2717 1864 precibus.
2763 1790 3039 1851 Venerunt
3075 1794 3263 1865 itaque
3302 1795 3374 1849 ad
3416 1794 3611 1859 villam,
3642 1808 3763 1864 quau

2236 1883 2534 1953 antiquitas
2577 1883 2867 1954 appellavit
2916 1883 3132 1952 Brcam,
3184 1883 3428 1956 geminis
3476 1883 3694 1940 ecclesiis
3726 1882 3764 1937 in

2236 1975 2501 2030 honorem
2529 1974 2624 2031 Dei
2660 1976 2915 2031 nobiliter
2946 1976 3302 2047 insignatam.
3328 1974 3604 2041 Leontius,
3623 1982 3673 2029 ut
3690 1972 3769 2027 lla-

2234 2066 2470 2122 clovium
2497 2066 2703 2123 arctius
2732 2068 3028 2138 applicaret
3058 2060 3183 2135 sibi,
3232 2083 3412 2123 unam
3456 2083 3630 2123 earum
3656 2067 3767 2122 attri-

2226 2159 2351 2215 ‘buit
2399 2160 2519 2230 ejus
2565 2159 2922 2228 habitationi,
2983 2161 3213 2216 alteram
3268 2161 3503 2217 retinnit
3542 2176 3631 2216 suo
3666 2160 3761 2230 juri.

2234 2250 2395 2319 Quod
2424 2260 2691 2323 quantum
2727 2250 2840 2307 Deo
2874 2253 3160 2322 placuerit,
3188 2267 3256 2308 ex
3290 2268 3361 2309 eo
3396 2253 3529 2308 satis
3554 2251 3764 2322 apparuit,

2233 2344 2380 2415 quod
2410 2344 2664 2415 praesenti
2690 2344 2959 2401 miraculo
2990 2344 3192 2400 ibidem
3227 2361 3331 2402 eos
3364 2344 3614 2399 Dominus
3635 2342 3764 2398 laetiﬁ-

2232 2435 2394 2491 cavit.
2442 2435 2791 2492 lllucescente
2821 2436 2911 2492 die
2936 2453 3061 2492 cum
3088 2437 3264 2492 lavari
3313 2437 3481 2493 vellet
3522 2436 3763 2507 episcopus,

2231 2546 2367 2600 puer
2384 2530 2670 2586 familiaris
2684 2531 2752 2586 ad
2768 2530 3122 2587 hauriendam
3136 2548 3240 2602 aqu
3249 2547 3345 2586 am
3381 2530 3612 2587 cucurrit
3635 2528 3762 2583 ocius.

2232 2621 2337 2691 Qui
2366 2623 2497 2678 dum
2544 2623 2761 2679 incaute
2806 2623 3009 2689 haurit,
3052 2623 3240 2693 elapso
3290 2620 3453 2693 pede,
3494 2622 3547 2675 in
3589 2626 3759 2690 puteum

2232 2713 2458 2780 corruit,
2501 2720 2556 2768 et
2598 2728 2868 2783 aquarum
2907 2712 3050 2767 mole
3087 2727 3394 2783 oppressus
3437 2710 3644 2768 interiit.
3680 2706 3759 2760 Ex-

2230 2815 2386 2862 ortus
2411 2812 2496 2859 cst
2524 2805 2705 2860 subito
2736 2805 2943 2861 clamor
2969 2814 3024 2861 et
3050 2805 3314 2876 gemitus,
3353 2805 3414 2859 fit
3446 2804 3662 2873 undique
3685 2798 3763 2854 fre-

2231 2898 2639 2970 quenspopuli
2684 2912 3009 2979 concursus.
3056 2898 3317 2953 Accurrit
3366 2904 3518 2967 pater
3556 2891 3761 2965 lugubris

2232 3008 2343 3047 non
2375 3002 2624 3046 moratur
2650 2990 2843 3047 adesse
2870 2999 3046 3045 mater
3075 2989 3434 3056 miserabilis,
3465 2987 3647 3043 inculta
3664 2982 3762 3039 facie

540 3085 765 3145 paratus
796 3093 863 3133 ex
894 3094 992 3134 sua
1024 3080 1182 3151 copia
1211 3081 1357 3139 illius
1388 3083 1626 3155 inopiam
1659 3089 1931 3159 supplere.
1956 3089 2132 3160 Popu-
2158 3112 2200 3171 α
2232 3094 2287 3140 et
2310 3085 2515 3141 nudato
2535 3100 2784 3155 corpore,
2815 3078 3130 3154 sparsisque
3153 3083 3376 3153 capillis
3393 3080 3760 3153 compassionem

540 3169 687 3225 lares
711 3185 930 3243 quoque
954 3173 1208 3228 delectati
1232 3175 1399 3232 odore
1425 3176 1545 3248 ejus
1572 3178 1727 3236 bona:
1756 3183 2130 3256 conversatio-
2175 3169 2186 3171 ⁷
2233 3177 2507 3233 incutiens
2536 3176 2811 3232 universis
2866 3175 3047 3230 Movet
3076 3185 3335 3243 cunctos,
3381 3183 3437 3231 et
3472 3173 3675 3229 maxime
3697 3182 3763 3239 μθ

540 3260 650 3327 nis,
692 3262 743 3317 ei
794 3263 1021 3335 suisque
1058 3265 1597 3325 adminiculabantur
1636 3273 1826 3330 multis
1860 3274 2127 3343 donariis,

2230 3284 2434 3343 rentes,
2483 3275 2585 3331 flos
2631 3274 2807 3331 aetatis
2850 3272 3188 3329 delectabilis
3221 3290 3235 3327 :
3282 3281 3406 3328 erat
3447 3269 3629 3343 quippe
3665 3280 3760 3336 puer

540 3353 786 3408 volentes
823 3354 987 3410 etiam
1026 3355 1129 3427 ipsi
1167 3358 1482 3430 participari
1537 3360 1809 3421 fructibus
1845 3366 2009 3422 alieni
2044 3367 2127 3421 la-
2222 3357 2339 3439 jam
2367 3366 2652 3422 duodenis.
2708 3364 2883 3435 Auget
2925 3364 3221 3419 tumultum
3247 3360 3670 3418 concurrentium
3690 3355 3761 3420 frc-

539 3444 692 3500 boris

1116 3540 1346 3598 CAPUT
1381 3543 1547 3602 XXII.

612 3623 888 3717 Agebatur
916 3645 1155 3701 namque
1180 3625 1460 3690 non'casu
1489 3634 1756 3717 fortuito,_
1772 3638 1869 3695 sed
1903 3640 2129 3711 dispen-

549 3716 722 3771 sativo
743 3717 1052 3777 Divinilatis
1083 3725 1339 3790 consilio,
1382 3735 1443 3780 ut
1467 3743 1578 3797 quo
1605 3716 1771 3786 latius
1800 3731 2031 3787 diversis
2072 3731 2129 3787 in

538 3804 674 3863 locis
704 3809 1090 3868 dili‘amabatur
1115 3816 1252 3869 tanti
1292 3816 1396 3869 viri
1434 3820 1821 3890 peregrinatio,
1861 3837 1928 3878 eo
1967 3822 2129 3879 diﬂ‘u—

540 3899 658 3955 sius
686 3903 1128 3973 magnificaretur
1153 3907 1395 3963 nominis
1426 3909 1547 3981 ejus
1578 3912 1840 3981 cognitio.
1872 3913 2010 3969 Filia
2036 3930 2130 3971 co-

2229 3458 2455 3528 quentia
2508 3456 2966 3512 innumerabilis:
2998 3465 3116 3510 erat
3153 3454 3307 3510 enim
3356 3468 3491 3524 puer
3531 3446 3756 3522 parentelc

2228 3549 2450 3605 nobilis.
2483 3548 2746 3605 Leontius
2773 3549 2936 3605 corde
2963 3563 3215 3619 premens
3242 3547 3515 3612 dolorem,
3542 3542 3657 3599 etin
3679 3539 3754 3593 Do-

2228 3640 2380 3697 mino
2410 3642 2654 3697 retinens
2685 3657 2837 3711 spem
2865 3648 2921 3695 et
2960 3640 3161 3694 bonam
3203 3638 3395 3704 fidem,
3434 3636 3591 3708 jussit
3610 3629 3756 3688 deferri

2230 3734 2443 3806 glebam
2472 3734 2715 3790 defuncti
2747 3733 2805 3788 in
2834 3732 3119 3803 templum,
3150 3731 3304 3802 quod
3340 3730 3677 3785 destinarent
3708 3719 3754 3775 ad

2230 3829 2405 3884 sancti
2433 3827 2684 3883 Maclovii
2709 3835 2941 3897 partem.
2975 3822 3158 3895 Usque
3187 3824 3254 3879 ad
3288 3837 3544 3879 auroram
3574 3829 3753 3888 sequen-

2228 3917 2300 3973 tis
2330 3917 2459 3985 diei,
2490 3924 2746 3988 parentes
2773 3916 2920 3971 circa
2956 3931 3156 3985 corpus
3186 3913 3455 3969 excubias
3482 3909 3755 3967 celebrarunt

541 3989 710 4086 mitis,
741 3993 834 4064 qui
863 4010 1004 4066 pago
1037 3993 1336 4053 Santonico
1370 4000 1800 4072 principahatur,
1827 4021 1926 4075 per
1956 4007 2127 4076 patris
2228 4010 2337 4066 ritu
2369 4010 2623 4065 solemni.
2657 4008 2727 4064 At
2754 4006 2895 4078 servi
2939 4006 3035 4063 Dei
3067 4015 3462 4078 pernoctantes
3494 4005 3545 4060 in
3571 3999 3754 4086 οξειίουε

540 4082 627 4136 sui
668 4084 987 4140 viridarium
1027 4102 1151 4142 enm
1196 4090 1539 4162 pcdissequis
1583 4096 1700 4150 suis
1732 4099 2123 4156 exercebatur:
2228 4116 2337 4157 non
2368 4100 2681 4157 diﬂidebant
2700 4099 2767 4156 de
2790 4100 2911 4169 ejus
2938 4098 3194 4155 bonitate.
3228 4098 3393 4154 Mane
3413 4097 3566 4162 facto,
3591 4082 3753 4148 studiis

542 4173 635 4227 ubi
669 4174 797 4228 dum
826 4175 1043 4232 incaute
1074 4178 1294 4247 incedit,
1325 4198 1604 4241 venenoso
1631 4189 1832 4244 occulti
1859 4193 2127 4261 serpentis
2227 4186 2528 4248 Maclovius
2569 4207 2763 4247 omnes
2802 4190 3051 4246 eliminat
3098 4205 3141 4255 an
3172 4190 3403 4261 templo,
3442 4189 3571 4244 duos
3601 4190 3751 4238 ιιιιωιι

514 4264 649 4339 .ietu
675 4265 956 4323 vulnerata
987 4270 1270 4341 ingemuit,
1297 4282 1352 4329 et
1376 4291 1630 4348 magnam
1653 4282 1865 4338 cunctis
1886 4282 2126 4354 ejulandi
2227 4284 2526 4340 monachos
2561 4284 2802 4339 retinens
2841 4298 3049 4348 secum,
3087 4298 3215 4337 cum
3260 4283 3467 4353 quibus
3494 4272 3749 4334 familiarius

458 4424 472 4439 θ
539 4356 885 4413 occasionem
932 4360 1099 4416 dedit.
1147 4361 1309 4420 Pater
1359 4366 1827 4428 inconsolabiliter
1872 4374 2123 4446 lugebat,
2228 4375 2596 4445 interpellaret
2622 4373 2937 4430 Dominum.
2974 4372 3113 4428 Cum
3156 4373 3242 4427 his
3269 4388 3408 4443 ergo
3437 4370 3617 4441 septies
3642 4361 3748 4419 ﬂexi!

539 4453 712 4502 mater
748 4458 994 4505 materno
1018 4452 1192 4508 dolori
1224 4463 1527 4528 temperare
1554 4462 1852 4531 nesciebat,
1890 4456 2015 4535 qua:
2045 4467 2125 4520 vi-
2157 4451 2204 4511 υ
2229 4465 2478 4536 genibus,
2525 4463 2704 4519 oravit
2738 4463 2810 4519 ad
2854 4462 3025 4519 Deum
3057 4478 3223 4534 quam
3255 4463 3440 4533 potuit
3471 4452 3747 4515 aﬂ'ectuosius

538 4545 649 4592 tam
696 4538 817 4596 tiliae
863 4542 1007 4599 inter
1048 4560 1201 4616 spem
1245 4558 1301 4603 et
1344 4560 1552 4607 metum
1586 4550 1851 4613 ﬂuctuum
1884 4546 2119 4614 videbat.

538 4624 728 4683 Omnis
759 4627 964 4717 familia
993 4634 1414 4707 lamentabatur,
1466 4651 1578 4697 tota
1621 4643 1814 4702 civitas
1856 4644 2011 4701 ferali
2032 4647 2124 4717 ju-

538 4717 687 4772 stitio
717 4716 1066 4780 afficiebatur.
1098 4726 1338 4786 Tandem
1375 4733 1483 4789 hoc
1512 4735 1687 4790 solum
1715 4735 1874 4793 dolor
1903 4716 2125 4796 admisit

537 4809 849 4880 consilium,
895 4824 956 4869 ut
982 4818 1111 4886 quia
1158 4822 1293 4877 nihil
1338 4824 1645 4881 humanum
1686 4838 1896 4898 poterat
1941 4831 2121 4889 valere

535 4898 825 4966 auxilium,
856 4918 887 4958 a
916 4903 1075 4961 beato
1102 4906 1365 4968 Maclovio
1394 4916 1637 4972 divinum
1670 4930 2008 4990 quaereretur
2032 4937 2123 4978 so-

534 4991 750 5049 latium.
796 4992 886 5050 Uti
930 5000 1241 5057 consultum
1277 5015 1383 5074 est,
1433 5008 1509 5063 ita
1556 5019 1611 5065 et
1650 5010 1853 5068 factum
1893 5023 1997 5069 est.
2037 5014 2119 5069 At]

532 5084 700 5155 pedes
726 5085 975 5145 Maclovii
998 5101 1221 5149 ventum
1247 5106 1351 5165 est,
1378 5107 1434 5154 et
1459 5110 1646 5157 votum
1677 5103 1906 5161 fideliter
1932 5114 2121 5176 peten-

532 5176 669 5234 tium
712 5179 1035 5239 frustratum
1079 5203 1189 5243 non
1237 5198 1337 5245 est.
1391 5189 1695 5265 Episcopus
1741 5197 1810 5253 ad
1853 5198 2121 5256 orationis

533 5269 839 5327 subsidium
869 5274 1133 5349 confugit,
1162 5295 1362 5350 aquam
1398 5285 1766 5342 exorcizatam
1795 5288 2073 5346 benedixit
2102 5308 2116 5345 :

531 5374 599 5414 ex
626 5375 691 5416 ea
721 5361 911 5420 folium
950 5366 1165 5425 hederae
1200 5372 1458 5443 perfudit,
1490 5376 1680 5434 folium
1709 5380 1832 5437 loco
1873 5383 2119 5441 vulneris

530 5458 900 5525 superposuit.
939 5457 1141 5517 Contra
1190 5462 1300 5518 vim
1360 5481 1531 5523 sacrae
1565 5470 1961 5535 benedictionis
2006 5488 2117 5530 non

528 5544 708 5614 potuit
751 5550 1048 5607 subsistere
1082 5554 1166 5609 vis
1212 5570 1497 5614 venenosae
1543 5561 1734 5631 pestis.
1787 5561 2010 5620 Videres
2049 5580 2115 5621 ex

2228 4556 2403 4613 donec
2424 4557 2597 4612 sensit
2623 4556 2862 4611 animam
2891 4554 3203 4610 innocentis
3230 4554 3392 4625 pueri
3419 4547 3613 4608 refundi
3634 4555 3749 4599 ωοωο

2227 4646 2347 4707 bris
2389 4647 2712 4720 rigentibus.
2763 4646 3099 4717 Assurgente
3144 4661 3340 4716 puero,
3378 4652 3434 4700 et
3486 4646 3666 4697 astante
3698 4629 3742 4685 al

2228 4739 2604 4795 testimonium
2654 4737 2944 4805 miraculi,
2995 4736 3128 4808 quid
3178 4735 3481 4793 alacritatis
3520 4724 3742 4788 habuerint

2227 4830 2491 4902 episcopi,
2522 4830 2654 4901 quid
2689 4828 2932 4900 stuporis
2980 4828 3130 4899 passi
3162 4829 3270 4885 sint
3312 4834 3548 4884 astantes
3585 4815 3737 4892 populi.

2226 4935 2368 4992 quas
2395 4928 2577 4990 grates
2613 4934 2805 4975 omnes
2851 4934 2959 4974 una
3000 4934 3135 4974 voce
3179 4917 3513 4974 reddiderint
3543 4908 3743 4975 Omnipo-

2227 5012 2381 5079 tenti,
2418 5011 2754 5082 superfluum
2784 5018 2870 5067 est
2898 5010 3177 5067 inculcare
3213 5024 3465 5066 sermone
3502 4994 3737 5068 multiplici.

2229 5105 2550 5162 Miraculum
2593 5106 2739 5161 enim
2784 5106 2954 5177 quod,
2997 5122 3098 5176 pro
3141 5099 3563 5161 commendanda
3600 5088 3739 5153 famuli

2225 5199 2312 5256 sui
2358 5199 2648 5256 sanctitate
2696 5204 3099 5253 monstraverat
3134 5195 3425 5263 Divinitas,
3458 5192 3603 5249 latius

2226 5291 2411 5345 mahat
2446 5288 2791 5346 ressuseitati
2822 5292 2979 5361 pueri
3004 5287 3286 5354 nobilitas,
3320 5295 3377 5341 et
3416 5282 3603 5357 gratius
3637 5286 3737 5328 κου’

2224 5382 2407 5452 pichat
2431 5380 2726 5437 affectuosa
2759 5390 3048 5452 parentum
3074 5380 3335 5437 charitas.
3380 5375 3426 5436 0
3463 5377 3616 5430 virum
3639 5378 3735 5438 με·

2222 5473 2511 5529 dicabilem
2539 5488 2635 5543 per
2670 5473 2885 5528 omnia!
2921 5470 2966 5528 Ο
3004 5481 3259 5528 sanctum
3296 5470 3492 5541 sanctis
3511 5460 3731 5522 coan

2222 5565 2352 5621 dum
2402 5565 2458 5619 in
2502 5565 2900 5620 miraculorum
2951 5564 3396 5637 magnificentia!
3444 5558 3529 5633 qui
3568 5562 3612 5609 et
3651 5548 3729 5619 ἱρεε

601 5698 750 5772 (968)
790 5700 1071 5764 Leontius.
1103 5706 1523 5782 Burdcgalensis
1551 5712 1859 5784 episcopus.
1898 5714 1970 5771 De
2011 5716 2116 5773 hoc
2144 5715 2374 5774 Venant.
2406 5717 2693 5774 Fortunat.
2724 5734 2919 5787 carm.,
2950 5719 3045 5773 lib.
3077 5736 3092 5774 ι
3118 5723 3175 5777 et
3205 5737 3260 5775 Iv
3288 5732 3434 5775 nova.-
3458 5713 3569 5771 edit.
