3908 6316
190 360 254 420 ‘s
432 367 434 372 -
1446 355 1607 416 VITA
1643 361 1671 419 ε

1770 362 2087 426 IACLOVII.

179 452 399 523 exemplo
427 446 551 506 Iesu
581 429 796 510 Domini
834 450 924 512 sui
966 467 1078 517 tres
1125 463 1410 524 suscitavit
1451 483 1717 546 mortuos,

171 533 222 592 in
249 533 508 596 Trinitatis
534 541 876 603 invocatione
903 549 1296 614 elﬁcacissima.

693 699 923 760 CAPUT
965 706 1155 766 XXIV.

221 799 321 860 Nec
346 803 472 861 illud
501 809 818 870 subtraham
849 818 915 874 de
943 828 1218 880 tantarum
1247 828 1511 887 virtutum
1555 844 1710 891 cata-

161 888 286 963 logo,
331 897 472 966 quod
511 900 694 958 adhuc
735 917 946 976 gestum
991 921 1077 969 est
1119 915 1176 970 in
1209 933 1348 991 pago
1391 888 1704 984 Santonico.

159 981 331 1040 Mulier
348 989 610 1059 quaedam,
639 996 860 1054 nomine
883 998 1052 1070 Bona,
1080 1019 1203 1075 quae
1225 1008 1392 1065 vitam
1418 1029 1574 1070 suam
1597 1017 1710 1072 lau-

157 1074 381 1132 dabiliter
405 1083 596 1151 agebat
620 1085 674 1141 in
700 1088 979 1149 viduitatis
1001 1098 1356 1170 continentia,
1387 1107 1546 1163 annis
1569 1124 1706 1181 qua-

155 1169 426 1226 tuordecim
470 1172 648 1233 fuerat
693 1182 936 1240 caecitate
979 1187 1193 1245 obruta.
1234 1169 1368 1260 Quae
1416 1169 1698 1259 obtutibus

153 1258 305 1312 sancti
329 1260 426 1315 viri
457 1263 686 1324 ﬁdeliter
713 1282 1056 1344 pmsentata,
1081 1277 1188 1335 luci
1211 1258 1454 1352 pristinae
1478 1297 1562 1344 est
1587 1291 1704 1346 red-

151 1347 263 1403 dita.

682 1515 913 1574 CAPUT
963 1522 1129 1581 XXV.

200 1612 358 1673 Porro
389 1619 640 1682 homines
680 1628 778 1698 illi,
817 1635 910 1703 qui
958 1635 1013 1690 in
1055 1638 1329 1697 Britannia
1370 1646 1549 1704 virum
1596 1650 1689 1734 Dei

200 1709 569 1734 -ΑΑ-1.----..--...
627 1725 667 1734 ,Α
699 1719 713 1731 ο
877 1725 890 1734 .
915 1727 927 1734 .
1102 1731 1115 1734 -
1195 1732 1204 1734 μ

138 1709 592 1783 exacerbaverunt,
616 1725 670 1773 et
697 1719 1042 1791 improbitate
1065 1731 1444 1794 obstinationis
1473 1755 1586 1797 suae
1608 1726 1688 1812 se,

139 1807 419 1872 terramque
447 1812 714 1877 suam,ah
742 1829 808 1869 eo
839 1818 1088 1877 maledici
1130 1827 1485 1899 pertulerunt,
1518 1807 1688 1892 male;
1724 1829 1765 1888 Β

135 1887 360 1948 dictionis
391 1896 689 1957 vindictam
727 1905 964 1978 eﬁ‘ugere
1008 1887 1485 1987 non-potuerunt:
1521 1923 1687 1985 Terra

133 1982 258 2037 enim
284 1984 337 2039 in
364 2002 530 2058 opere
553 1992 847 2065 impiorum
870 1982 1305 2081 maledicta,ij
1330 2015 1386 2070 in
1413 2016 1684 2091 frugibus,

129 2086 273 2142 quam
302 2076 354 2131 in
381 2082 565 2149 pomis
595 2089 840 2145 omnium
872 2109 1164 2170 generum,
1193 2106 1397 2165 sterilis
1422 2119 1476 2166 et
1503 2112 1683 2169 infru-

128 2174 292 2224 ctuosa
347 2182 429 2228 est
490 2179 721 2237 reddita.
777 2182 1125 2250 Habitatores
1183 2211 1314 2255 vero
1359 2201 1480 2272 ejus
1532 2207 1683 2264 mil-le

126 2259 278 2316 modis
300 2265 616 2325 morborum
643 2273 925 2351 devoratif,
962 2282 1055 2338 alii
1081 2259 1454 2349 membrorum
1480 2297 1676 2354 debili-

124 2357 218 2406 tate
257 2369 536 2426 coeperunt
571 2369 842 2437 contrahi,
885 2373 979 2428 alii
1016 2377 1167 2449 lepra
1202 2385 1544 2459 squalebant,
1583 2392 1678 2448 alii

122 2441 222 2497 visu
252 2447 448 2514 privari
480 2452 890 2519 dolebant:isti
940 2441 1279 2530 oris-ollicio
1324 2493 1384 2534 se
1428 2441 1672 2554 destitui,

119 2533 195 2588 alii
222 2551 274 2591 se
301 2540 488 2597 auditu
519 2545 846 2619 plangebant
879 2555 1132 2616 diminui.
1177 2562 1288 2621 Nec
1327 2533 1673 2641 ειίρῖιῖζξῖέξ

118 2627 353 2698 omnium,
399 2634 498 2704 qni
539 2638 775 2699 caelestis
819 2644 1070 2706 vindicta:
1101 2653 1359 2728 eﬁ‘ugeret
1379 2627 1666 2732 judicium.

118 2713 325 2777 Tandem
353 2740 450 2795 per
470 2729 644 2800 culpm
670 2734 969 2796 vindictam
994 2713 1530 2816 cognoscentessero
1552 2760 1670 2814 cul-

115 2820 216 2875 pam
248 2828 417 2884 suam,
443 2835 548 2876 nec
573 2824 837 2893 volentes,
871 2847 974 2889 nec
999 2837 1241 2896 valentes
1269 2844 1411 2901 ultra
1438 2848 1666 2910 suﬁ‘erre

114 2901 482 2966 maledictionis
530 2920 586 2968 et
628 2916 855 2975 ultionis
889 2925 1218 2999 molestiam,
1259 2941 1664 2999 communicato

110 2995 307 3051 consilio
331 2999 767 3065 deliberaverunt
823 3028 856 3068 a
885 3027 1076 3074 sancto
1110 3023 1227 3079 viro
1260 3025 1539 3087 humiliter
1565 3035 1664 3090 im-

109 3079 293 3146 plorare
317 3091 555 3148 veniam.
585 3093 754 3154 Missa
785 3101 971 3176 itaque
1000 3110 1070 3170 ad
1095 3127 1220 3170 eum
1250 3116 1536 3191 legatione,
1568 3141 1660 3196 po-

3194 457 3196 460 .
3287 351 3404 448 ’τω

1749 485 1797 542 Α
1825 481 2015 538 utilem
2057 485 2364 546 severitatis
2399 489 2862 568 benevolentiam,
2900 512 2959 560 ut
2996 520 3093 576 per
3129 509 3275 571 bane
3301 532 3404 574 ne;

1819 571 2129 628 eessitatem
2180 577 2372 634 saltem
2421 581 2574 638 inviti
2621 587 2964 648 traherentur
2996 571 3081 652 —ad
3125 605 3391 672 pmniten-

1820 661 1972 718 tiam.
2020 664 2265 725 Britanni
2311 673 2547 746 denique
2579 690 2858 752 compotes
2902 689 3016 743 voti
3065 661 3150 748 sui
3199 697 3397 770 eﬁ‘ecti,

1815 759 1927 808 tam
1969 758 2222 831 princeps
2261 773 2316 819 et
2352 769 2643 838 optimates
2689 776 2864 847 regni,
2913 797 3078 852 quam
3118 788 3297 848 clerus
3347 758 3397 851 et

1812 846 2054 919 episcopi
2096 851 2152 906 in
2192 870 2361 911 unum
2397 861 2694 933 conjuncti,
2732 866 2945 928 felicem
2979 876 3157 934 virum
3199 896 3397 952 posce-

1809 935 1944 993 bant
1976 944 2187 1011 cernui,
2229 955 2290 1003 ut
2333 950 2604 1022 reliquum
2633 955 2759 1015 vitae
2799 977 2913 1020 suae
2947 935 3266 1039 dignaretur
3302 992 3394 1032 se-
3451 982 3456 986 ’

1806 1043 1935 1086 cum
1964 1047 2146 1104 agere,
2175 1046 2236 1094 ut
2267 1056 2365 1111 per
2392 1043 2512 1114 ejus
2545 1050 2858 1110 convictum
2883 1055 2980 1114 Dei
3029 1065 3260 1133 gratiam
3287 1085 3394 1126 me-

1805 1133 2058 1180 rerentur
2084 1131 2387 1201 acquirere.
2435 1135 2530 1196 Ille
2573 1143 2679 1199 hoc
2718 1145 2835 1202 ﬁeri
2883 1131 3054 1222 posse
3089 1157 3300 1226 abnuit,
3339 1174 3392 1218 ct

1802 1211 1968 1269 simul
2014 1217 2474 1290 impossibilitatis
2511 1248 2628 1290 sum
2683 1211 2911 1298 causam
2971 1245 3053 1302 eis
3109 1248 3394 1308 humiliter

1801 1308 2034 1376 aperuit,
2085 1319 2140 1366 et
2168 1318 2474 1377 vocationis
2498 1339 2612 1381 sua:
2663 1335 2879 1402 tempus
2927 1336 3031 1392 sibi
3076 1337 3391 1411 impendere

1798 1399 2068 1472 praedixit,
2120 1413 2176 1462 et
2217 1409 2324 1466 hoc
2371 1415 2514 1483 apud
2564 1399 2836 1480 Santonas
2876 1426 2981 1482 sibi
3026 1399 3228 1490 esse-a

1797 1488 2244 1569 determinatum,
2273 1516 2341 1558 ex
2374 1508 2558 1566 verbis
2594 1515 2772 1584 angeli
2820 1531 2881 1572 se
2916 1519 3172 1580 didicisse
3217 1527 3379 1586 dixit.

1787 1579 2043 1656 Britanni
2067 1585 2260 1647 ﬁentes
2317 1601 2373 1648 et
2400 1595 2654 1657 timentes
2671 1579 2866 1662 adhuc
2889 1579 3133 1668 cmlestis
3154 1579 3263 1672 irae
3290 1633 3386 1675 ve-

1793 1673 1952 1744 stigia
1982 1687 2212 1751 restare,
2243 1685 2337 1755 qui
2368 1705 2470 1747 nec
2499 1693 2556 1748 in
2581 1693 2714 1764 vita,
2763 1712 2866 1754 nec
2909 1699 2965 1756 in
3012 1715 3186 1762 morte
3228 1709 3380 1783 digni

1792 1777 1978 1823 essent
2004 1772 2166 1829 talem
2192 1775 2484 1847 patrOnum
2516 1785 2743 1870 habere,
2766 1805 2893 1846 cum
2924 1796 3122 1865 gaudio
3149 1772 3380 1870 pacisve:

1791 1857 2097 1921 dilectionis
2123 1881 2248 1924 eum
2283 1876 2580 1945 prosecuti,
2607 1877 2698 1935 vix
2728 1857 2952 1940 tandem
2969 1888 3118 1958 passi
3149 1857 3280 1949 sunt
3303 1893 3377 1952 ab

1786 1963 1854 2004 eo
1878 1958 2140 2024 separari.

2344 2117 2576 2178 CAPUT
2609 2121 2800 2181 XXVI.

1851 2219 2021 2292 Igitur
2049 2223 2320 2287 Santonas
2354 2248 2660 2306 regressus,
2687 2246 2744 2295 et
2764 2249 2929 2296 noctu
2954 2252 3010 2300 et
3035 2243 3272 2306 interdiu
3297 2253 3368 2310 ob

1779 2313 1867 2369 sui
1901 2319 2208 2376 custodiam
2237 2338 2303 2379 eo
2337 2326 2623 2387 laborabat
2659 2332 2995 2405 vigilantius,
3034 2354 3145 2412 quo
3181 2341 3370 2400 Domi-

1777 2420 1910 2462 num
1939 2407 1995 2463 in
2020 2412 2272 2480 proximo
2303 2431 2427 2474 esse
2450 2420 2718 2480 didicerat
2737 2427 2961 2496 certius,
2989 2439 3071 2497 ut,
3111 2448 3363 2503 quacun-

1774 2511 1882 2567 que
1909 2498 2045 2558 hora
2078 2503 2308 2575 veniret,
2345 2508 2578 2580 vigilans
2612 2521 2668 2570 et
2704 2527 2927 2586 paratus
2959 2498 3200 2590 pulsanti
3227 2542 3361 2597 ape--

1772 2589 1926 2646 riret.
1969 2591 2077 2660 Qui
2115 2597 2264 2656 enim
2303 2609 2415 2657 tam
2450 2603 2614 2676 longo
2653 2610 2831 2667 aetatis
2872 2620 3116 2687 tempore
3153 2619 3361 2677 bonum

1769 2687 2044 2739 certamen
2073 2695 2395 2760 certaverat,
2425 2701 2480 2748 et
2507 2697 2725 2754 tandem
2756 2717 2981 2760 cursum
3010 2723 3359 2768 consumma-

1767 2779 1957 2840 verat,
1995 2773 2062 2830 de
2114 2777 2376 2850 religione
2430 2799 2692 2844 coronam
2738 2791 2967 2862 justitim
3011 2803 3354 2874 reposcebat,

1765 2877 1931 2932 quam
1963 2865 2066 2923 sibi
2110 2869 2296 2940 justus
2330 2873 2500 2945 judex
2533 2894 2873 2952 reposuerat.
2921 2865 3175 2950 Reddidit
3223 2865 3357 2969 ergo

1765 2962 1924 3013 terra:
1973 2962 2120 3030 quod
2146 2973 2266 3022 erat
2295 2983 2455 3024 suum
2485 2989 2500 3027 :
2525 2973 2648 3030 coeli
2691 2990 2819 3032 cum
2857 2981 3097 3052 tripudio
3135 2962 3356 3046 sancto-

1761 3062 1885 3102 rum
1914 3049 2033 3120 ejus
2063 3067 2395 3127 exceperunt
2438 3062 2713 3133 spiritum.
2757 3066 3096 3143 Recepturus
3135 3094 3350 3136 merce-
3381 3083 3391 3096 ‘

1684 3175 1730 3238 C
1760 3139 1884 3194 dem
1913 3140 2185 3214 laborum,
2212 3148 2481 3210 deductus
2509 3163 2594 3211 est
2622 3156 2680 3213 in
2705 3159 2795 3215 via
2823 3139 3063 3221 mirabili
3090 3171 3348 3228 manibus

1303 3183 1330 3190 '
1523 3183 1534 3191 '
1568 3183 1587 3196 ⁵
1761 3183 1884 3194 *νυ-⁸
1913 3183 2057 3198 ἐὐν-
2071 3183 2185 3214 “ur
2212 3183 2481 3210 “vuum-ua
2509 3183 2594 3211 cas
2622 3183 2680 3213 ιιι
2709 3183 2795 3215 Vta
2823 3183 3063 3221 miramu
3090 3183 3348 3228 manibus

107 3183 241 3230 scunt
263 3193 380 3235 cum
409 3185 598 3242 cordis
629 3195 960 3254 contritione
984 3210 1046 3257 ut
1091 3205 1447 3268 absolvantur
1470 3216 1540 3271 ab
1563 3217 1656 3276 illa
1684 3183 1730 3238 Ε
1761 3234 2102 3305 angelorum.
2130 3237 2235 3306 Qui
2255 3243 2402 3299 enim
2427 3245 2484 3302 in
2507 3249 2668 3306 lenis
2692 3254 2996 3323 angelicam
3025 3257 3191 3315 vitam
3251 3264 3349 3318 du.

107 3265 468 3323 maledictionre-
503 3283 830 3323 :nnnrlnnlms
891 3291 935 3323 is:
968 3309 1062 3323 Α-..
1095 3297 1334 3323 ,ιε-..-μ.

106 3265 470 3344 maledictione,
503 3283 853 3358 spondentes,
890 3291 938 3347 si
968 3309 1064 3352 eos
1093 3297 1409 3372 dignaretur
1436 3325 1535 3368 sua
1564 3329 1655 3369 re-

103 3357 336 3432 versione,
373 3367 632 3444 deinceps
661 3393 721 3434 se
750 3381 801 3436 ei
826 3384 1294 3458 obtemperaturos
1324 3400 1443 3458 sine
1471 3406 1652 3478 aliqua

103 3457 258 3478 ρηηο..-
268 3455 312 3478 .I:
325 3459 383 3478 με
399 3476 411 3478 -
563 3465 578 3478 -
845 3475 854 3478 ‘

101 3455 519 3555 cpntradictione.
548 3465 777 3526 Amator
804 3455 1028 3544 pietatis
1040 3490 1094 3537 et
1115 3485 1504 3551 misericordia:
1532 3455 1650 3555 Ilia-

804 3533 819 3544 _
1003 3533 1014 3535 ,
1047 3533 1092 3537 --
1115 3533 1504 3551 _----..w.......
1532 3533 1650 3555 ιτ...-

100 3533 298 3612 dovius,
323 3549 414 3604 ubi
444 3557 824 3623 penitentiam
854 3571 1214 3636 patriotarum
1245 3585 1472 3654 accepit,
1505 3604 1650 3646 sum-

99 3641 218 3738 mam
261 3643 469 3700 consilii
526 3649 593 3704 ad
649 3651 936 3717 Leontium
989 3671 1352 3730 venerabilem
1404 3679 1642 3738 detulit:

929 3716 934 3717 ,
1003 3716 1352 3730 _-__v-_-..c...
1404 3716 1595 3738 υυιιιιιι
1630 3727 1639 3738 .

99 3716 324 3832 ἔζεοιιιὶιιε
352 3735 498 3794 hanc
522 3742 589 3796 ad
620 3744 797 3825 ipsum
829 3750 997 3823 Deum
1031 3759 1374 3822 referendum
1407 3776 1639 3832 censuit.

640 3807 654 3815 ,
885 3807 897 3823 τ
1031 3807 1045 3812 -
1065 3807 1374 3822 ---.-.........
1407 3807 1639 3832 censu...

97 3807 320 3924 Uterque,
352 3826 559 3887 indicto
585 3824 694 3892 sibi
719 3843 970 3904 triduano
1007 3851 1240 3924 jejunio,
1284 3875 1512 3920 exorant
1539 3869 1642 3924 sibi

94 3907 286 4026 Ir‘evelari
315 3930 345 3969 a
376 3915 610 3979 Domino
650 3929 779 3997 quid
838 3949 1004 4006 super
1037 3938 1144 3998 hoc
1190 3945 1293 4001 sibi
1324 3961 1470 4008 esset
1502 3971 1641 4026 opus

110 4003 209 4026 tlnln
258 3998 396 4026 l-.n.._
429 4023 510 4026 ___
579 4013 594 4026 1
863 4024 874 4026 -

669 3985 682 3997 _
840 3985 993 4006 -_r--
1037 3985 1144 3998 --.ιν
1190 3985 1293 4001 υιυι
1324 3985 1470 4008 pauco
1502 3985 1536 4009 U
1557 3985 1638 4014 rus

91 3985 226 4051 facto.
257 3998 396 4059 Inter
421 4013 693 4070 orandum
720 4024 947 4093 angelus
987 4026 1204 4088 Domini
1234 4035 1499 4098 Maclovio
1537 3985 1638 4102 ἒιό-

91 4083 218 4153 stitit,
254 4094 404 4186 eique
442 4117 513 4158 ex
547 4119 642 4163 ore
680 4107 776 4166 Dei
823 4113 941 4174 haec
979 4126 1250 4194 suggessit
1297 4129 1575 4203 :Oportet,
1601 4155 1635 4194 ο

391 4178 402 4186 .
1048 4178 1248 4194 ⁹υ⁷”’”
1297 4178 1310 4184 ’
1344 4178 1470 4203 'r‘"
1485 4178 1575 4203 ww,
1602 4178 1635 4194 ν

87 4178 235 4236 amice
259 4183 367 4256 Dei,
395 4192 739 4258 Britanniam
770 4208 1025 4280 revisere,
1061 4230 1279 4275 omnem
1306 4225 1637 4284 maledictio-

1759 3331 1916 3378 xerat
1939 3365 1955 3391 ,
1995 3327 2160 3384 modo
2207 3330 2264 3387 in
2311 3334 2468 3394 cmlis
2496 3338 2579 3394 eis
2623 3342 2962 3402 convivendo
3015 3353 3346 3409 aeternaliter

1755 3415 2010 3471 exsultat.
2043 3416 2191 3476 Vixit
2215 3432 2434 3482 centum
2469 3429 2693 3503 triginta
2717 3437 2899 3506 annis,
2926 3439 3059 3499 obiit
3091 3458 3202 3499 xvn
3232 3444 3342 3501 Ka-

1753 3502 1941 3561 lendas
1968 3504 2326 3579 Septembris.

2293 3674 2523 3734 CAPUT
2562 3667 2778 3741 XXVII.

1818 3777 2079 3840 Leontius
2112 3785 2402 3860 episcopus
2443 3795 2687 3865 gaudens
2725 3815 2890 3870 super
2931 3802 3192 3859 thesauro
3227 3805 3335 3862 sibi

1745 3872 1960 3928 cmlitus
1983 3875 2273 3946 destinato,
2309 3890 2365 3937 et
2399 3887 2631 3955 posteris
2673 3890 2790 3946 suis
2831 3895 3166 3951 :eternaliter
3192 3913 3325 3967 pro-

1741 3960 1946 4031 futuro,
1995 3966 2235 4025 decrevit
2279 3987 2406 4028 eum
2459 3976 2765 4048 gloriﬁcare
2813 3983 3118 4045 honoriﬁco
3172 4006 3330 4061 sepe-

1739 4052 1903 4110 liendi
1932 4056 2108 4114 oliicio
2133 4079 2146 4116 :
2174 4073 2599 4140 constructaque
2638 4089 2779 4130 nova
2819 4079 3083 4148 ecclesia,
3128 4099 3328 4154 corpus

1736 4145 1878 4216 ejus,
1906 4159 1967 4204 ut
2016 4150 2252 4226 Spiritus
2295 4161 2473 4216 sancti
2518 4179 2807 4239 organum,
2855 4170 2908 4225 in
2961 4172 3051 4227 illa
3069 4145 3328 4245 sepelivit

1735 4251 1861 4293 cum
1889 4241 2101 4298 decenti
2127 4252 2450 4309 reverentia.
2491 4253 2603 4312 Nec
2625 4261 2802 4328 potuit
2828 4262 3089 4321 abscondi
3123 4241 3179 4323 in
3198 4278 3322 4324 ’ter-

1730 4331 1834 4400 ris.
1883 4334 1972 4389 cui
2018 4338 2202 4393 meriti
2245 4343 2410 4398 modo
2451 4355 2598 4404 esset
2641 4349 2697 4406 in
2726 4353 2900 4410 cmlis.
2940 4355 3146 4415 Eodem
3173 4363 3322 4418 enim

1720 4708 1894 4757 tracto
1904 4703 2121 4760 cuidam
2137 4710 2389 4766 restituta
2405 4722 2488 4768 est
2499 4716 2731 4781 medela.
2749 4729 2899 4776 muto
2912 4723 3146 4796 loquela.
3163 4728 3315 4787 Post-

1721 4794 1942 4851 modum
1968 4813 2099 4855 vero
2121 4803 2333 4860 meritis
2361 4808 2538 4863 sancti
2585 4809 2834 4870 Maclovii
2866 4817 3012 4876 tanta
3045 4820 3310 4882 Dominus

1719 4887 1885 4956 gessit
1915 4888 2115 4948 ibidem
2144 4896 2431 4966 miracula,
2479 4912 2685 4972 quanta
2717 4923 2818 4963 nec
2842 4925 3068 4970 narrare
3096 4915 3306 4989 lingua,

1717 4991 1817 5033 nec
1844 4982 2124 5040 continere
2152 4989 2296 5044 valet
2323 4993 2662 5051 membrana.
2697 4998 3087 5073 Multiplicibus
3112 4982 3306 5064 ac‘fre;

1714 5071 2008 5137 quentibus
2043 5078 2218 5133 sancti
2260 5080 2425 5152 hujus
2472 5071 2962 5150 intercessionibus
3013 5097 3303 5153 subveniat

1713 5161 1872 5218 nobis
1910 5167 2259 5239 omnipotens
2299 5171 2474 5243 Deus,
2513 5179 2836 5251 cunctisque
2869 5183 2990 5254 ejus
3023 5201 3296 5256 praeconia

1713 5251 2114 5313 celebrantibus
2139 5277 2151 5312 :
2180 5261 2275 5330 qui
2305 5263 2440 5320 vivit
2465 5274 2520 5322 et
2549 5278 2740 5341 regnat
2767 5286 2865 5346 per
2888 5251 3093 5331 aeterna
3126 5292 3297 5335 saecu-

1711 5340 1889 5399 lorum
1919 5349 2136 5404 saecula.
2177 5349 2369 5410 Amen.

1537 5537 1778 5559 ἡ

336 5847 574 5920 ΡΑτκοι
656 5864 838 5928 CLX.

2865 5931 2960 5999 12’s-
