3908 6316
577 375 683 429 747

777 501 902 506 _..--.—...
910 501 934 505 --
953 501 968 506 -
979 499 1018 506 ι-..
1029 499 1097 506 ..4-
1107 500 1128 504 ι.
1143 499 1246 505 ..ρ-ο..
1255 500 1294 505 ,-.
1301 499 1400 506 .-.--
1407 498 1446 505 α-
1453 498 1610 504 ...ν-.-
1619 497 2050 505 —-——————_—_—.—

793 513 1453 522 “Am-”—
1461 511 1790 520 ——————.—

570 514 792 524 ———-—

1768 369 1871 425 SIG
1881 370 2128 426 EBERTI
2169 371 2584 429 GEMBLACEN
2593 371 2694 429 SIS
3367 448 3390 466 .
3711 378 3791 436 7J8

1799 499 3148 524 __.________.___._________=____:
3280 501 3290 524 ε

1229 705 1611 840 VITA
1674 619 2239 835 SANCTI
2303 705 3228 838 THEODARDI

1596 967 1908 1025 EPISCOPI
1948 966 2462 1025 TRAJECTENSIS
2499 968 2859 1029 MARTYRIS

946 1163 1573 1260 AUCTORE
1646 1133 2436 1254 SIG'EBERTO
2510 1133 3474 1262 GEMBLACENSI

1393 1391 1684 1463 (Bormum.
1717 1391 1846 1445 Acta
1880 1390 2219 1457 Sanctorum,
2248 1388 2396 1462 Sept.
2423 1400 2463 1446 t.
2495 1389 2582 1458 III,
2611 1391 2698 1447 die
2731 1409 2788 1460 ι,
2817 1408 2871 1463 p.
2905 1393 3055 1466 580.)

1033 1727 1039 1734 ’
1089 1744 1318 1802 CAPUT
1359 1743 1652 1799 PRIMUM.

583 1842 704 1899 Vita
728 1852 849 1898 ante
876 1842 1236 1912 episcopatum
1272 1837 1688 1912 Trajecteusem;
1713 1838 1952 1904 virtutes,
1978 1837 2166 1906 quibus

997 1907 1272 1966 ecclesiam
1301 1926 1451 1963 suam
1479 1907 1738 1962 illustrat.

644 2035 843 2091 Beatus
876 2031 1254 2097 Theodardus,
1289 2041 1452 2086 natus
1482 2031 1538 2085 in
1569 2029 1763 2096 Gallia,
1796 2029 2037 2085 clarebat
2070 2045 2168 2100 pro

576 2128 746 2186 nobili
779 2135 1066 2199 parentum
1113 2124 1392 2196 prosapia,
1443 2123 1596 2196 regni
1639 2124 1806 2179 decus
1829 2131 1884 2178 et
1913 2121 2170 2179 Ecclesiae

575 2221 748 2289 gloria
779 2219 1018 2274 futurus.
1045 2217 1122 2273 Eo
1146 2228 1389 2287 tempore
1421 2231 1651 2288 regnum
1703 2214 2042 2270 Francorum
2080 2231 2168 2270 re-

572 2313 733 2385 gebat
751 2311 1048 2382 Chilperici
1083 2311 1228 2366 ﬁlius
1258 2309 1550 2365 Lotharius
1573 2307 2087 2380 (969-70),nomine
2117 2317 2170 2362 et

574 2400 894 2459 fortitudine
936 2400 1181 2456 referens
1207 2415 1369 2454 avum
1413 2415 1575 2454 suum
1607 2397 1950 2465 Lotharium,
1995 2398 2167 2452 ﬁlium

573 2495 840 2551 Ludovici
897 2493 1072 2565 (971),
1127 2494 1220 2564 qui
1257 2500 1472 2564 gentem
1510 2490 1872 2558 Francorum,
1913 2505 2097 2546 secum
2138 2505 2169 2546 a

573 2589 734 2642 beato
788 2587 1037 2658 Remigio
1081 2586 1230 2659 (972)
1276 2585 1630 2655 baptizatam,
1684 2583 1814 2638 fecit
1862 2583 2063 2641 ascribi
2101 2582 2172 2638 ad

571 2681 762 2752 aeterni
787 2680 932 2751 regis
967 2680 1240 2739 militiam.
1278 2678 1448 2748 Igitur
1486 2678 1589 2733 sub
1635 2676 1895 2732 Lothario
1928 2677 2170 2732 secundo

573 2771 954 2838 Theodardus,
991 2788 1019 2826 a
1046 2771 1278 2842 pueritia
1308 2784 1484 2840 usque
1512 2769 1578 2824 ad
1609 2769 1817 2824 bivium
1854 2770 2171 2824 adolescen-

574 2865 668 2920 tiae
702 2873 1016 2936 provectus,
1050 2863 1380 2933 contempsit
1407 2862 1574 2916 latam
1595 2862 1764 2929 viam,
1791 2862 1847 2916 in
1886 2877 1994 2933 qua
2023 2862 2169 2916 mul-

575 2968 662 3014 tos
705 2966 934 3013 vocatos
981 2955 1366 3012 sinistrorsum
1395 2954 1613 3026 evagari
1637 2955 1892 3021 videbat;
1922 2965 1976 3010 et
2008 2954 2172 3026 elegit

573 3061 781 3108 arctam
810 3051 976 3118 viam,
995 3066 1093 3122 per
1114 3065 1280 3121 quam
1309 3049 1470 3120 pauci
1494 3049 1651 3105 electi
1678 3049 2024 3105 dextrorsum
2051 3057 2172 3104 ten-

2195 1753 2242 1809 Α
2273 1747 2312 1802 ti
2345 1747 2494 1819 (974)
2524 1757 2768 1820 tempore
2794 1750 3138 1818 invaserant;
3172 1751 3360 1807 Asiam
3387 1768 3515 1809 vero
3546 1765 3594 1810 et
3616 1754 3795 1811 Africam

2273 1843 2437 1898 modo
2467 1842 2671 1911 Persis,
2716 1844 2881 1899 modo
2913 1843 3205 1901 Saracenis
3235 1847 3652 1916 incursantibus,
3688 1851 3794 1914 sols,

2272 1949 2412 2004 quas
2436 1934 2632 1991 Franci
2655 1937 2984 2003 incolebant,
3004 1935 3363 1993 Galliaaﬁrma
3383 1954 3514 2010 pace
3536 1941 3793 2012 gaudebant,

2273 2034 2327 2080 et
2352 2027 2564 2100 eteteris
2591 2029 2847 2099 gentibus
2882 2045 2981 2100 pro
3025 2031 3202 2095 salute
3247 2033 3628 2104 pugnantibus,
3652 2033 3793 2088 Franci

2272 2133 2372 2188 pro
2395 2120 2569 2190 gloria
2599 2123 2934 2193 pugnabant.

2341 2209 2396 2265 2.
2438 2210 2544 2268 Sed
2570 2213 2675 2269 hoc
2700 2230 2810 2270 non
2835 2224 3048 2270 tantum
3077 2216 3340 2273 humana:
3361 2218 3565 2285 virtuti,
3592 2228 3792 2290 quantum

2271 2305 2471 2361 divinae
2497 2307 2684 2377 pietati
2729 2318 2813 2364 est
2855 2310 3264 2378 ascribendum,
3294 2327 3421 2382 qua:
3451 2321 3574 2368 tunc
3599 2311 3792 2381 temporis

2272 2413 2529 2468 proceres
2570 2400 2724 2471 regni
2766 2409 2819 2455 et
2854 2401 3114 2458 Ecclesia:
3151 2405 3466 2460 armaverat
3499 2405 3738 2476 prudentia
3757 2411 3791 2455 et

2273 2486 2614 2557 fortitudine,
2644 2493 2935 2546 sanctitate
2964 2503 3019 2548 et
3046 2494 3340 2564 sapientia,
3367 2505 3428 2551 ut
3457 2511 3550 2567 per
3573 2512 3653 2551 eos
3681 2495 3790 2564 longe

2271 2579 2490 2652 lateque
2538 2594 2954 2654 prosperaretur
3009 2603 3240 2659 regnum
3296 2598 3353 2643 et
3405 2588 3648 2644 Ecclesia.
3687 2586 3789 2652 Quos

2272 2675 2462 2744 quanti
2505 2674 2711 2732 faceret
2757 2677 2902 2734 Deus
2946 2689 3094 2736 totus
3134 2697 3274 2751 pene
3306 2683 3545 2738 mundus
3587 2680 3787 2744 sensit,in

2272 2765 2379 2822 hoc
2419 2767 2656 2824 maxime
2684 2771 2832 2840 quod
2873 2787 2939 2826 eo
2971 2781 3214 2846 tempore
3256 2773 3542 2832 Heraclius
3568 2776 3789 2844 imperator

2273 2860 2670 2930 Romanorum,
2723 2864 2903 2921 victis'
2932 2864 3138 2935 Persis,
3176 2883 3400 2924 crucem
3433 2865 3636 2934 Christi,
3672 2881 3786 2938 quam

2271 2952 2452 3010 Persae
2487 2955 2710 3010 incensa
2743 2953 3082 3012 Hierusalem
3135 2968 3476 3029 asportatam
3507 2977 3659 3016 annos
3675 2959 3787 3029 quin-

2273 3047 2448 3103 decim
2493 3056 2800 3117 tenuerant,
2853 3052 3058 3115 revexit
3102 3052 3156 3106 in
3202 3051 3562 3121 Hierusalem,
3605 3062 3649 3108 et
3685 3052 3784 3107 diem

571 3145 728 3198 dunt.
755 3143 834 3198 Ex
866 3120 1154 3199 devotione
1180 3141 1382 3213 quippe
1411 3150 1700 3212 parentum
1732 3156 1960 3198 suorum
2009 3157 2169 3196 man—
2203 3120 2246 3179 Β
2275 3139 2637 3198 Exaltationis
2687 3142 2808 3214 ejus
2858 3145 3120 3200 celebrari
3175 3146 3377 3203 indixit
3409 3149 3569 3218 (975).
3600 3145 3656 3202 Et
3694 3145 3784 3199 ς,ςίι-
3878 3139 3879 3161 ‘

569 3235 786 3306 cipatus
819 3233 1195 3290 monasteriali
1242 3229 1564 3304 disciplinae,
1591 3233 1897 3288 voluntarie
1920 3233 2173 3303 portabat

571 3328 689 3382 leve
713 3318 906 3398 jugum
934 3321 1163 3382 Ch'risti.
1191 3324 1257 3380 Et
1279 3312 1406 3396 quia
1429 3325 1584 3396 juxta
1606 3340 1796 3380 vocem
1829 3324 2170 3379 Dominicam

571 3426 677 3475 non
706 3428 920 3492 poterat
946 3421 1107 3475 arbor
1142 3419 1277 3474 bona
1309 3404 1516 3490 fructus
1549 3420 1716 3473 malos
1748 3419 1921 3490 facere
1947 3417 2165 3487 (Matth.

569 3529 670 3578 vn,
702 3511 815 3583 18),
842 3510 1166 3568 ostendebat
1195 3509 1252 3566 in
1296 3508 1430 3565 ﬂore
1450 3509 1748 3565 crescentis
1778 3510 1954 3564 aetatis
2002 3525 2167 3580 quam

575 3617 801 3657 suavem
835 3609 890 3657 et
913 3617 1080 3672 quam
1127 3600 1352 3656 uberem
1384 3598 1622 3655 fructum
1665 3600 1820 3655 daret
1844 3601 1898 3654 in
1925 3610 2169 3671 tempore

571 3710 696 3752 suo.
741 3693 948 3766 Nempe
996 3695 1172 3767 gratia
1213 3680 1332 3762 Dei,
1375 3709 1498 3765 qua:
1549 3710 1676 3750 eum
1715 3705 2049 3764 przevenerat
2109 3705 2168 3752 ut

569 3786 714 3842 bona
741 3785 923 3854 vellet,
951 3786 1389 3856 subsequebatur
1433 3785 1600 3840 etiam
1637 3794 1697 3841 ut
1746 3785 2005 3854 perlicere
2040 3802 2167 3856 pos-

570 3888 674 3935 set.
712 3877 870 3936 Sicut
890 3878 1058 3945 enim,
1083 3878 1360 3932 arridente
1410 3877 1642 3952 tempori
1677 3877 1822 3932 bona
1848 3878 1990 3933 aeris
2024 3889 2164 3933 tem-

569 3973 742 4045 perie,
766 3971 991 4028 uberius
1015 3979 1159 4026 terra
1184 3968 1508 4039 Iructiﬁcat;
1536 3971 1606 4025 ita
1630 3980 1874 4040 tempore
1897 3971 2038 4041 regis
2061 3969 2166 4026 Lo—

569 4064 738 4120 tliarii
779 4063 952 4136 (973),
985 4062 1263 4118 arridente
1300 4077 1485 4118 rerum
1527 4062 1944 4132 tranquillitate,
1977 4072 2163 4118 sancta

571 4154 815 4211 Ecclesia
867 4153 923 4207 in
965 4153 1174 4210 sanctis
1206 4152 1302 4208 Dei
1331 4153 1554 4209 uberius
1587 4151 1976 4220 fructiﬁcabat;
2024 4168 2164 4223 quos

568 4247 816 4303 exterius
845 4246 993 4302 nulla
1024 4253 1121 4300 aut
1168 4261 1296 4301 rara
1326 4260 1510 4302 rerum
1540 4244 1776 4323 procella
1801 4244 2158 4315 inquietabat.

568 4337 707 4395 Nam
741 4329 1080 4396 ferventibus
1112 4340 1267 4396 bellis
1297 4355 1392 4410 per
1420 4348 1592 4397 totum
1620 4355 1757 4411 pene
1778 4341 1965 4396 orbem
1992 4349 2162 4396 tena-

2274 3249 2399 3290 mus
2445 3244 2648 3303 autem,
2701 3237 2796 3306 qui
2843 3235 3047 3292 fuerint
3093 3239 3192 3305 illi,
3225 3255 3464 3310 quorum
3497 3239 3704 3311 exemplo
3729 3235 3782 3289 vel
3876 3229 3877 3245 ‘

2273 3326 2526 3384 instituto
2563 3327 2922 3384 Theodardus
2947 3331 3172 3386 meliora
3205 3333 3534 3389 charismata
3561 3330 3780 3388 :emulaha-
3874 3313 3875 3327 “

2273 3429 2391 3489 tur,
2425 3436 2456 3475 a
2485 3421 2676 3491 paucis
2707 3423 2932 3491 multos,
2973 3439 3003 3477 a
3025 3423 3223 3480 vicinis
3270 3425 3606 3499 longinquos,
3637 3439 3661 3477 a
3682 3421 3779 3475 notis

2272 3516 2594 3587 colligamus
2641 3517 2874 3587 ignotos.
2927 3516 2987 3572 In
3013 3518 3081 3572 iis
3113 3520 3501 3589 praeminebat
3539 3516 3778 3586 Arnulphus

2270 3625 2334 3664 ex
2366 3609 2572 3679 majore
2609 3610 2806 3665 domus
2850 3609 3176 3665 Metensium
3209 3613 3500 3684 episcopus
3533 3611 3673 3684 (976),
3701 3607 3773 3660 Eli-

2271 3703 2393 3774 gius
2415 3718 2481 3757 ex
2517 3702 2741 3760 auriﬁce
2767 3712 2892 3773 post
2937 3701 3325 3761 Noviomensis
3363 3708 3646 3778 episcopus,
3661 3701 3773 3755 Joan-

2270 3814 2368 3853 nes
2399 3798 2564 3853 etiam
2609 3797 2944 3870 Tungrensis
2970 3814 3037 3854 ex
3065 3799 3206 3854 laico
3235 3799 3290 3853 in
3329 3800 3622 3871 episcOpum
3640 3794 3770 3850 eodem
3862 3829 3863 3833 η

2270 3892 2447 3961 signo,
2484 3906 2595 3960 quo
2623 3891 2837 3962 primus
2865 3891 3071 3959 Aaron,
3103 3908 3134 3946 a
3167 3890 3280 3947 Deo
3320 3894 3546 3959 electus;
3582 3892 3682 3946 dum
3705 3887 3768 3939 bur
3860 3913 3861 3917 η

2262 3981 2355 4052 jus
2405 3998 2625 4053 quoque
2646 3983 2817 4054 virga,
2859 4000 3023 4054 quam
3062 4001 3229 4040 manu
3277 3987 3537 4058 gestabat,
3565 3984 3767 4038 interram
3855 3989 3859 4058 ς

2262 4069 2423 4141 jussu
2455 4072 2633 4144 angeli
2654 4073 2829 4128 deﬁxa
2856 4073 3106 4140 reviruit,
3137 4073 3406 4143 fronduit,
3431 4075 3611 4139 ﬂoruit,
3636 4068 3764 4126 fructi-

2265 4163 2466 4219 ﬁcavit.
2493 4163 2652 4220 Tales
2678 4164 3036 4223 Tbeodardus
3057 4167 3326 4224 imitando
3358 4170 3410 4224 in
3439 4168 3627 4241 gemina
3646 4163 3763 4219 scien-

2264 4257 2339 4312 tia
2383 4258 2725 4328 proliciebat;
2779 4259 2979 4315 borum
3042 4260 3200 4316 lateri
3246 4261 3545 4328 adhaerens,
3580 4253 3762 4331 palatinis

2265 4351 2605 4422 principibus
2639 4361 2802 4408 notus
2825 4361 2879 4408 et
2917 4353 3120 4410 charus
3147 4365 3265 4410 erat
3291 4356 3460 4429 (977).

568 4450 714 4503 rum,
739 4432 1111 4506 Langobardis
1144 4433 1356 4489 Italiam
1396 4435 1741 4501 vexantibus,
1774 4449 1938 4504 quam
1966 4431 2236 4533 recen—‘C
2337 4443 2388 4496 '5,
2420 4441 2542 4496 Jam
2590 4441 2735 4498 fama
2770 4442 2836 4499 de
2889 4445 3110 4501 nomine
3152 4445 3273 4516 ejus
3315 4446 3609 4503 ascenderat
3635 4438 3758 4494 adso-

641 4591 894 4664 (969-ο70)
920 4592 1107 4649 Sancti
1123 4595 1256 4649 Acta
1280 4609 1310 4648 a
1327 4591 1610 4664 Sigeberto
1633 4590 2164 4664 monacboGembla-

570 4663 721 4719 censi
773 4666 1105 4736 conscripta,
1153 4665 1248 4736 qui
1305 4663 1410 4736 sub
1468 4664 1633 4736 linem
1684 4663 1870 4719 saeculi
1901 4671 2049 4736 xtet
2069 4679 2156 4718 se-

610 4736 789 4790 uentis
812 4733 1028 4789 initium
1071 4733 1275 4800 ﬂoruit,
1316 4735 1404 4790 hic
1432 4735 1770 4792 recuduntur
1811 4751 1878 4788 ex
1920 4733 2158 4788 editione

616 4805 739 4870 urii,
773 4821 939 4874 quam
971 4822 1036 4860 ex
1061 4805 1276 4862 duobus
1319 4823 1453 4862 mss.
1526 4806 1656 4860 hinc
1685 4806 1810 4860 inde
1831 4803 2153 4859 emendabo.

511 4925 514 4928 ί
572 4876 662 4932 Sic
688 4891 756 4932 ex
786 4891 922 4930 mss.
953 4876 1060 4947 illis
1091 4879 1196 4932 hoc
1227 4879 1349 4932 loco
1383 4876 1541 4947 posui
1578 4875 1867 4944 Chilperici
1886 4876 2034 4945 ﬁlius
2053 4874 2160 4947 (Lo-

569 4947 799 5018 thariush
824 4960 924 5018 pro
957 4945 1247 5018 Cliiltterici
1289 4945 1442 5017 ﬁlius
1484 4947 1780 5013 Clotarius,
1807 4947 1907 5018 _uti
1959 4946 2158 5018 legitur

567 5018 712 5088 apud
767 5015 1012 5073 Stirium.
1073 5015 1348 5088 Imprimis
1393 5028 1603 5074 certum
1654 5029 1757 5085 est,
1806 5015 2070 5088 Lotbario
2111 5015 2157 5070 II

615 5087 909 5145 raucorum
947 5088 1083 5160 regi,
1115 5087 1182 5144 de
1230 5104 1340 5159 quo
1381 5090 1468 5145 hic
1493 5090 1704 5160 agitur,
1748 5100 1956 5158 patrem
1987 5087 2158 5143 fuisse

570 5160 933 5216 Suessionum
968 5175 1172 5230 regem,
1210 5161 1432 5216 nomine
1471 5159 1863 5230 Chilpericum,
1892 5174 2001 5214 non
2023 5175 2155 5215 vero

567 5230 1159 5288 Cbildericum.Malui
1199 5241 1382 5286 autem
1411 5246 1480 5286 ex
1518 5231 1680 5287 dictis
1727 5247 1862 5287 mss.
1913 5230 2154 5286 scribere

567 5302 856 5358 Lat/rarius
879 5319 1046 5374 quam
1091 5302 1384 5368 Clotarius,
1414 5303 1544 5372 quia
1583 5303 1734 5372 prior
1756 5302 1928 5374 lectio
1963 5301 2126 5374 primi

603 5375 727 5430 enia
767 5373 1159 5439 mihi’videtur,
1198 5389 1324 5430 cum
1355 5374 1409 5428 in
1445 5374 1709 5444 Sigeberti
1742 5373 2153 5429 Gemblacensis

614 5445 842 5501 bronico
873 5454 928 5501 et
952 5446 1075 5501 aliis
1109 5446 1228 5516 ejus
1259 5445 1965 5516 lucubrationibusubique
1997 5444 2151 5499 inve-

569 5517 745 5572 nerim
781 5516 1089 5571 Lat/carius.
1126 5517 1388 5587 Regnavit
1410 5517 1478 5570 ab
1517 5532 1664 5570 anno
1690 5515 1816 5581 584,
1859 5530 1971 5586 quo
1997 5523 2148 5584 pater

567 5588 688 5656 ejus
741 5587 1085 5660 Cbilpericus
1128 5587 1448 5646 interfectus
1478 5587 1602 5651 fuit,
1631 5601 1807 5660 usque
1825 5587 1913 5660 _ad
1943 5601 2149 5660 annum

567 5660 694 5724 628,
723 5674 834 5712 non
861 5657 993 5714 vero
1033 5659 1103 5714 ab
1147 5675 1294 5715 anno
1328 5659 1432 5714 587
1475 5674 1652 5728 usque
1692 5659 1764 5728 ad
1787 5657 1912 5728 651,
1949 5665 2007 5710 ut
2035 5657 2150 5711 vult

569 5729 887 5798 Sigcbertus
941 5731 998 5784 in
1046 5731 1359 5785 Chronico:
1401 5731 1495 5800 qui
1536 5726 1696 5784 etiam
1743 5726 1969 5800 fallitur,
2017 5728 2146 5782 dum

566 5800 820 5854 eumdem
850 5800 1170 5856 Lotliarium
1202 5800 1245 5853 II
1272 5798 1542 5856 annoth
1570 5801 1736 5856 totius
1765 5798 2010 5855 Franciae
2033 5813 2150 5852 mo-

567 5870 858 5924 uarebium
892 5881 1246 5930 consecutum
1281 5872 1450 5928 fuisse
1480 5873 1582 5940 ait;
1615 5872 1664 5925 id
1690 5871 1837 5926 enim
1871 5885 2017 5924 anno
2043 5869 2148 5922 615

2264 4591 2511 4664 contigit.

2337 4661 2488 4735 (971)
2520 4662 2636 4735 Seu
2663 4661 2919 4735 Clodevei
2938 4663 2978 4719 Ι.

2360 4733 2488 4792 972)
2519 4733 2747 4790 Dabitur
2775 4735 2799 4788 1
2827 4733 3102 4792 Octobris.

2337 4666 2457 4735 (971
2528 4666 2636 4718 Seu
2663 4666 2919 4720 Clodevei
2938 4666 2978 4719 Ι.

2360 4734 2466 4791 972
2519 4733 2747 4790 Dabitur
2775 4735 2799 4788 1
2827 4733 3102 4792 Octobris.

2334 4666 2488 4878 i973;
2518 4803 2811 4883 Sequentia
2840 4806 2908 4861 ad
2935 4805 3182 4883 Lotbarii
3213 4807 3590 4883 monarcbiatp,
3614 4816 3683 4883 seu
3710 4794 3750 4850 ad

2260 4876 2500 4950 tempus,
2531 4877 2680 4947 quod
2705 4877 2776 4932 ab
2801 4891 2948 4932 anno
2974 4877 3080 4932 615
3114 4893 3292 4950 usque
3334 4881 3400 4935 ad
3424 4878 3521 4934 628
3539 4876 3672 4936 ﬂuxit,
3695 4883 3747 4921 rt‘

2261 4946 2481 5004 ferenda
2514 4946 2664 5003 sunt.
3200 4946 3219 4950 ”

2261 5019 2482 5144 56974)
2536 5017 2882 5091 Langobardi
2939 5018 2997 5074 in
3062 5017 3276 5089 Italiam
3330 5020 3612 5091 irruperunt
3651 5022 3746 5065 In“

2261 5088 2482 5231 56(83575)
2505 5159 2745 5218 Consule
2767 5161 2958 5218 obvios
2981 5175 3167 5216 rerum
3188 5160 3636 5219 ecclesiasticarum
3656 5145 3741 5206 scr?

2257 5240 2481 5373 ?t?§916(i)
2539 5301 2732 5358 Sancti
2768 5302 2936 5373 hujus
2989 5303 3128 5360 Acta
3177 5304 3442 5361 illustrat:
3471 5308 3580 5373 sunt
3616 5291 3664 5348 ad
3695 5283 3738 5373 13

2256 5356 2406 5447 Julii,
2439 5356 2538 5430 ubi
2557 5356 2616 5428 in
2644 5356 3442 5447 _camm'.sataaaf'sr£via"§'§‘
3454 5356 3680 5447 probaturi
3693 5356 3734 5447 1}:

2257 5445 2370 5527 lum
2394 5439 2530 5502 ante
2571 5445 2946 5560 episcopatum
2979 5439 3246 5527 majorem
3294 5439 3478 5501 domus

2257 5514 2449 5560 Γιιιςςρ-
2503 5515 2562 5560 S-
2611 5515 2759 5560 Armt
2788 5517 2896 5560 nhn
2939 5518 3030 5560 hm
3076 5517 3471 5560 euhinnmmmr
3497 5511 3544 5560 S.
3625 5511 3730 5560 ιιιυεν

2257 5514 2450 5572 fuisse.
2503 5515 2563 5572 S.
2603 5511 2896 5641 Arnulfiho
2939 5516 3030 5571 hic
3068 5511 3471 5605 subjunguntur
3497 5511 3544 5566 S.
3576 5511 3730 5572 Ειίῑιυδν

2257 5586 2472 5641 dandus
2501 5587 2570 5641 ad
2595 5586 2740 5641 diem
2829 5586 3166 5641 Decembris.
3199 5601 3252 5641 et
3279 5595 3334 5641 δ.
3363 5585 3568 5641 Joannes
3587 5579 3727 5641 Αδηυδν

2255 5586 2472 5669 dandus
2493 5579 2803 5669 ‘adudi‘erni
2829 5579 3252 5656 Decembrisfet
3279 5579 3334 5644 Β.
3363 5585 3568 5642 Joannes
3587 5579 3727 5645 Αειιυδν

2256 5657 2417 5714 datus
2442 5659 2510 5714 ad
2530 5658 2602 5713 25
2629 5656 2780 5712 Julii.
3636 5713 3644 5722 .

2328 5728 2478 5799 (97⁷)
2529 5729 2838 5784 Αάῐῐὶοάιιῐῐι
2873 5738 3128 5798 suspecta
3163 5730 3298 5786 mihi
3327 5737 3463 5793 sunt,
3489 5736 3585 5793 qua
3607 5716 3667 5769 hic
3684 5704 3726 5756 de

2258 5799 2314 5855 S.
2342 5799 2666 5857 Theodardo
2698 5809 3041 5856 asseruntur.
