3908 6316
137 328 231 384 719

1414 317 1574 373 VITA
1613 319 1669 374 S.
1714 317 2132 377 THEODARDI.

3287 315 3391 372 750

131 440 253 495 lium
285 434 568 506 Dagoberti
617 431 788 502 (978),
822 439 948 503 post
993 441 1201 502 patrem
1247 428 1568 485 Lotharium
1614 445 1703 486 re-
1733 434 1780 494 Α
1809 432 1952 488 citur
2012 430 2491 487 Malmundarium.
2552 429 2651 498 lli,
2701 431 3110 488 communicato
3161 433 3394 492 consilio

130 529 335 602 gnantis
360 545 374 580 :
403 535 458 581 et
480 533 602 595 post
628 523 832 578 famam
867 522 1070 577 veritas
1093 521 1171 576 rei
1203 521 1270 575 ad
1300 521 1544 575 animum
1569 536 1707 591 quo-

131 635 228 690 que
249 615 390 688 regis
427 616 579 669 illum
634 613 976 684 admittebat.
1029 611 1260 682 Jamque
1293 610 1455 676 Deus,
1482 611 1578 680 qui
1610 625 1701 681 po-

131 719 242 762 tens
288 715 426 771 erat,
453 714 512 759 ut
559 705 612 758 in
641 720 800 759 servo
830 719 933 760 suo
970 702 1292 757 Theodardo
1331 717 1548 756 omnem
1580 718 1708 772 gra-

131 802 250 855 tiam
299 797 579 852 abundare
601 795 826 863 faccret,
879 795 1110 866 parabat
1156 809 1404 861 causam,
1460 803 1522 847 ut
1568 793 1711 848 inter

132 891 276 947 multi
301 888 540 944 nominis
569 889 720 942 viros
744 888 892 942 hunc
915 900 1134 957 quoque
1169 885 1344 939 multo
1371 884 1594 938 nomine
1628 883 1711 938 di-

131 999 286 1057 gnum
312 982 534 1037 faceret.
571 978 853 1050 Siquidem
883 978 986 1034 sub
1018 976 1324 1048 Dagoberto
1351 990 1450 1045 pro
1479 973 1711 1030 feliciori

132 1077 377 1148 temporis
433 1075 581 1131 illius
625 1088 885 1129 successu
932 1071 1104 1125 multo
1155 1069 1338 1142 plures
1385 1067 1714 1123 accendebat

133 1171 293 1243 gratia
325 1168 564 1240 Spiritus
618 1166 816 1233 sancti,
849 1173 908 1220 ut
933 1181 1031 1236 pro
1059 1162 1338 1217 lucrandis
1364 1160 1476 1216 Deo
1502 1161 1714 1215 anima-

133 1251 466 1333 bus-operam
484 1261 677 1316 darent
705 1260 758 1314 in
791 1256 1084 1313 fundandis
1109 1254 1478 1310 monasteriis.
1495 1251 1714 1307 Primus

135 1355 316 1410 horum
367 1353 608 1408 occurrit
636 1351 794 1406 nobis
829 1348 1182 1414 Landelinus,
1229 1345 1323 1416 qui
1351 1360 1419 1400 ex
1460 1344 1715 1415 pradone

139 1446 190 1499 in
223 1459 526 1516 praconem
551 1443 674 1498 tidei
694 1441 978 1506 alteratus,
1001 1438 1271 1494 Lobiense
1297 1437 1609 1494 coenobium
1637 1435 1716 1491 fe-

134 1539 203 1594 cit
224 1553 342 1592 esse
389 1535 808 1592 fundamentum
841 1549 956 1590 sua
996 1530 1324 1587 devotionis.
1379 1528 1715 1601 Aldegundis

136 1627 420 1681 thalamum
472 1641 587 1680 sua
637 1624 972 1696 virginitatis
1019 1637 1226 1693 sponso
1248 1636 1351 1677 suo
1401 1621 1624 1676 Christo
1658 1621 1715 1675 in

136 1717 478 1774 Malbodiensi
511 1717 765 1773 canobio
791 1716 1006 1772 locavit.
1045 1713 1216 1770 Soror
1243 1713 1364 1784 ejus
1390 1711 1710 1768 Waldetru-

1809 540 1936 579 cum
1995 522 2254 580 Remaclo
2291 523 2694 595 Tungrensium
2740 523 2998 594 episcopo
3040 534 3094 580 et
3129 522 3398 582 Cuniber-

1811 626 1868 670 to
1901 616 2050 688 (981)
2093 615 2407 672 Coloniensi
2461 617 2738 686 episcopo,
2769 617 2836 671 ad
2865 633 3098 687 quorum
3131 618 3398 674 diaceses

1811 706 1933 761 loca
1983 706 2073 759 illa
2121 707 2519 776 appendebant,
2563 707 2775 768 nullum
2843 708 3018 778 magis
3070 707 3398 764 Theodardo

1813 794 2066 866 idoneum
2093 795 2436 861 invenerunt,
2461 811 2623 865 quem
2647 795 2784 851 locis
2805 795 2913 854 illis
2943 797 3300 866 praiicerent,
3340 806 3401 852 ut

1813 894 2207 955 superponeret
2225 887 2509 956 spirituale
2546 887 2949 958 fundamentum
2975 890 3028 943 in
3057 907 3264 944 summa
3298 909 3400 946 an-

1813 977 1991 1048 gulari
2016 977 2194 1048 lapide
2223 977 2436 1038 Christo
2462 978 2590 1034 Jesu
2624 979 2840 1052 (Ep/tes.
2883 998 2943 1049 ιι,
2972 981 3079 1052 10).

1883 1068 1936 1122 5.
1973 1065 2328 1123 Theodardus
2348 1085 2475 1124 vero
2504 1071 2683 1126 sciens
2711 1071 2864 1141 quod.
2880 1087 3042 1139 onus,
3067 1088 3175 1128 non
3201 1073 3401 1142 honor,

1816 1161 2116 1231 imponitur
2143 1177 2380 1230 praeesse
2411 1163 2696 1230 nescienti,
2722 1164 2959 1220 malebat
2979 1180 3101 1220 esse
3120 1181 3287 1236 quam
3307 1182 3404 1221 vo-

1817 1253 1928 1306 cari
1952 1252 2142 1319 abbas,
2175 1261 2254 1320 ut,
2285 1253 2469 1307 omnia
2495 1255 2753 1310 omnibus
2794 1253 2992 1323 factus,
3023 1270 3217 1312 omnes
3238 1257 3406 1311 lucri-

1816 1342 2038 1398 faceret.
2069 1343 2353 1400 Postremo
2389 1347 2553 1400 talem
2605 1361 2666 1401 se
2700 1347 2971 1414 exhibuit,
3007 1356 3066 1402 ut
3093 1363 3125 1402 a
3155 1363 3324 1419 regno
3350 1357 3407 1402 et

1817 1437 1888 1490 ab
1907 1437 2137 1492 ecclesia
2184 1437 2382 1493 merito
2407 1437 2682 1494 diceretur
2701 1439 2750 1494 ei
2782 1456 2796 1492 :
2829 1437 3004 1509 Major
3033 1449 3116 1495 est
3137 1440 3406 1510 sapientia

1816 1538 1910 1584 tua
1940 1537 1996 1584 et
2037 1529 2249 1600 majora
2273 1545 2439 1600 opera
2464 1539 2580 1599 tua,
2617 1547 2784 1602 quam
2827 1547 3019 1588 rumor
3063 1548 3228 1602 quam
3257 1533 3324 1588 de
3354 1542 3409 1589 te

1818 1619 2146 1677 audivimus.
2178 1619 2470 1678 Remaclus
2498 1638 2598 1693 pro
2622 1621 2886 1693 regimine
2926 1621 3262 1694 Tungrensis
3288 1624 3408 1695 epi-

1818 1722 2076 1784 scopatus
2095 1722 2319 1784 paterna
2343 1715 2564 1785 quidem
2589 1715 2954 1772 sollicitudine
2981 1716 3288 1784 laborabat,
3312 1717 3410 1773 sed

136 1813 213 1868 dis
225 1811 626 1881 sexagesimum
647 1809 1003 1865 continentia
1031 1807 1270 1864 fructum
1294 1806 1350 1860 in
1377 1805 1714 1861 monasterio
1749 1785 1790 1844 Β
1818 1807 1922 1862 hoc
1945 1822 2070 1862 eum
2099 1807 2240 1863 male
2269 1807 2523 1874 habebat,
2538 1808 2697 1878 .quod
2725 1807 2868 1863 male
2890 1808 2993 1864 sibi
3016 1809 3413 1879 responderent

137 1902 510 1960 Castrilocensi
556 1901 864 1958 seminavit.
904 1900 1076 1972 Cujus
1123 1913 1362 1970 sponsus
1395 1895 1716 1954 Vincentius

138 1996 456 2067 triumphato
511 1995 738 2062 mundo,
792 1994 1052 2050 vexillum
1109 1992 1221 2047 Deo
1272 1991 1329 2045 in
1377 1988 1719 2045 Alto-Monte

139 2092 313 2149 erexit.
347 2091 562 2163 Ecquid
591 2107 720 2147 vero
763 2105 904 2160 opus
931 2099 1016 2144 est
1051 2086 1348 2159 praedicare
1377 2083 1718 2140 nobilitatem

140 2184 407 2241 Gertrudis
447 2181 794 2248 Nivellensis,
835 2181 994 2252 cujus
1033 2178 1274 2234 nominis
1302 2176 1476 2248 gloria
1498 2185 1582 2232 est
1608 2173 1718 2231 dif-

143 2277 324 2346 fusior,
347 2293 517 2349 quam
557 2285 666 2332 tota
694 2274 902 2330 Gallia?
932 2272 1027 2329 llis
1049 2270 1354 2328 cultoribus
1383 2269 1508 2324 ﬁdei
1540 2268 1722 2323 Domi-

145 2386 262 2426 num
290 2371 486 2427 messis
509 2367 855 2440 rogantibus,
879 2377 939 2422 ut
972 2366 1026 2420 in
1051 2366 1282 2421 multam
1313 2380 1548 2422 messem
1574 2362 1689 2418 mul
1713 2389 1721 2403 ι

143 2469 220 2515 tos
247 2459 525 2530 operarios
557 2458 818 2523 mitteret,
849 2457 1170 2528 peregrinos
1199 2456 1482 2527 operarios
1523 2453 1723 2510 direxit

147 2567 173 2605 ει
215 2550 593 2606 transmarinis
648 2549 896 2620 partibus
948 2549 1310 2616 Bertuinum,
1365 2548 1618 2604 Ettonem
1668 2557 1722 2602 et

147 2644 287 2711 alios,
315 2643 622 2698 Foillanum
664 2657 790 2697 cum
821 2641 1083 2697 fratribus
1119 2642 1238 2697 suis
1259 2640 1488 2697 Ultrano
1508 2650 1564 2696 et
1584 2639 1724 2696 Fur-

148 2755 259 2806 seo;
287 2755 347 2794 ex
382 2739 588 2810 quibus
618 2737 902 2795 Foillanus
939 2736 1207 2792 Fossense
1259 2736 1573 2792 canobium
1598 2734 1723 2790 fun-

149 2832 278 2887 davit
299 2840 350 2886 et
371 2831 639 2902 martyrio
673 2844 776 2885 suo
812 2829 1052 2884 sacravit
1081 2827 1253 2898 (979).

211 2923 546 2983 1.,Pravidit
581 2938 712 2978 vero
734 2922 933 2978 divina
959 2920 1388 2990 dispensationis
1409 2921 1624 2988 oculus,
1655 2937 1725 2976 ne

151 3015 276 3070 inter
300 3024 375 3070 tot
398 3025 452 3071 et
485 3016 630 3071 tales
659 3014 809 3069 viros
841 3013 1042 3068 dilecto
1088 3027 1190 3067 suo
1215 3009 1539 3067 Theodardo
1565 3013 1723 3068 dees-

154 3116 226 3162 set
257 3109 422 3176 locus,
449 3108 506 3162 in
551 3123 664 3178 quo
689 3114 745 3161 et
770 3106 909 3176 ipse,
933 3112 1118 3160 erecto
1146 3102 1357 3158 fornice
1385 3102 1723 3173 triumphali,

153 3202 387 3258 victorias
409 3161 543 3257 suas
561 3161 908 3270 depingeret,
927 3206 982 3252 et
1003 3196 1177 3268 spolia
1197 3195 1267 3251 de
1295 3161 1726 3264 hostibus‘capta
1751 3161 1800 3225 θ

157 3291 385 3364 adigeret.
415 3291 736 3364 Sigebertus
772 3296 898 3360 post
919 3296 1132 3358 patrem
1161 3303 1324 3343 suum
1355 3285 1727 3358 Dagobertum

159 3400 369 3454 regnans
392 3385 444 3440 in
471 3383 721 3449 Austria,
746 3381 1047 3452 potentiam
1071 3378 1307 3450 regalem
1333 3376 1732 3434 honorificabat

159 3476 327 3532 aﬂectu
355 3479 554 3533 divina
584 3474 888 3547 religionis,
921 3481 984 3528 ut
1010 3472 1266 3542 probaret
1295 3484 1404 3524 non
1433 3483 1555 3524 esse
1596 3468 1732 3523 otio-ﬁ

160 3583 284 3636 Sum,
305 3571 444 3641 quod
466 3570 618 3626 Deus
647 3569 714 3624 de
735 3582 802 3623 eo
839 3563 1172 3629 ostenderat,
1205 3562 1550 3617 miraculum.
1591 3559 1728 3615 Nam

162 3676 268 3716 cum
312 3673 529 3720 sanctus
578 3661 862 3716 Amandus
911 3657 1276 3716 catechizaret
1295 3672 1444 3722 eum,
1470 3655 1562 3710 vix
1589 3670 1728 3725 qua-

163 3751 384 3826 draginta
414 3757 534 3812 dies
567 3772 597 3809 a
621 3753 905 3810 nativitate
931 3752 1244 3816 habentem,
1282 3749 1434 3805 ﬁnita
1460 3747 1726 3812 oratione,

165 3862 270 3901 cum
320 3866 475 3905 nemo
528 3845 1008 3904 circumstantium
1071 3841 1428 3914 responderet
1499 3839 1672 3895 Amen
1712 3883 1725 3906 ,

167 3943 353 4009 aperuit
379 3942 523 4000 Deus
551 3957 618 3998 os
645 3942 786 4012 ejus,
815 3949 897 4008 et,
927 3939 1141 3995 cunctis
1181 3936 1554 4004 audientibus,
1583 3935 1730 3991 clam

166 4043 281 4086 voce
320 4032 635 4103 respondit:
667 4031 842 4086 Amen
898 4027 1069 4101 (980).
1109 4026 1210 4082 Hic
1255 4026 1428 4082 Deum
1463 4026 1730 4096 adoptans

169 4120 258 4176 sibi
300 4139 477 4180 rerum
527 4139 757 4181 suarum
804 4122 1097 4187 haredem,
1128 4119 1418 4176 duodecim
1445 4118 1731 4174 constituit

169 4217 504 4285 monasteria;
563 4217 659 4272 sed
705 4216 759 4270 in
791 4214 1073 4269 fundando
1119 4211 1432 4268 Stabulensi
1476 4210 1730 4266 coenobio

171 4303 441 4375 impensius
472 4309 734 4374 instabat,
783 4315 1122 4378 cooperante
1151 4305 1256 4360 sibi
1292 4304 1502 4374 majore
1531 4303 1730 4358 domus

171 4391 454 4454 Grimoaldo
476 4399 531 4454 in
559 4397 882 4454 adilicando
902 4395 1241 4452 monasterio
1264 4395 1319 4448 in
1350 4394 1470 4448 loco
1513 4393 1608 4463 qui
1642 4393 1728 4448 di-

231 4591 363 4660 (978)
404 4594 533 4653 Post
563 4595 884 4651 Lotharium
929 4593 972 4647 11
1003 4610 1146 4648 anno
1188 4593 1292 4647 628
1326 4603 1602 4648 mortuum
1634 4610 1724 4648 re-

175 4663 333 4736 gnavit
377 4664 547 4736 ipsius
594 4666 738 4721 ﬁlius
783 4665 1124 4736 Dagobertus
1159 4663 1177 4716 1
1209 4679 1387 4736 usque
1423 4665 1725 4736 adranknum

174 4731 280 4806 938,
321 4731 425 4804 quo
473 4739 698 4792 ineunte
749 4731 902 4792 obiit.
947 4735 1173 4790 Mortem
1225 4731 1512 4806 Dagoberti
1569 4733 1725 4806 Sige-

174 4799 412 4878 bertusjin
435 4806 710 4863 Chronico
734 4822 1017 4877 perperam
1045 4807 1214 4878 illigat
1243 4799 1390 4859 ειιῆιο
1419 4803 1544 4860 645.

235 4871 366 4949 (979)
394 4877 690 4949 Plerosque
716 4871 935 4934 sanctos
976 4878 1084 4949 hoc
1126 4871 1356 4949 numero
1386 4889 1728 4949 memoratos

176 4939 411 5018 dederunt
458 4939 694 5018 majores
744 4949 947 5011 nostri;
976 4947 1244 5002 Furseum
1275 4947 1346 5018 ad
1368 4947 1513 5001 diem
1549 4949 1612 5004 16
1631 4949 1728 5005 Ja-

179 5015 352 5094 nuarii,
387 5015 761 5094 Aldggundem
791 5019 863 5094 _ad
908 5019 988 5094 59
1021 5018 1286 5094 ejusdem,
1311 5016 1636 5094 Gertrudem
1661 5023 1730 5094 ad

179 5079 443 5158 17__Martii,
489 5079 896 5145 Waldetrudem
925 5089 993 5144 ad
1035 5079 1068 5143 9
1097 5079 1318 5158 Aprilis,
1373 5087 1635 5146 Ultanum
1660 5093 1731 5148 ad

180 5151 734 5233 ‘1“Maii,‘Land_elinum
769 5162 835 5215 ad
869 5161 935 5214 15
961 5151 1422 5233 _Jut_iii,:Etlonem
1455 5160 1523 5215 ad
1546 5163 1613 5216 10
1633 5162 1732 5217 Ju-

181 5220 490 5304 liiudeniquc
516 5231 894 5304 V'iucentium‘
911 5231 978 5285 ad
999 5231 1079 5304 11
1120 5220 1368 5304 ejusdem
1396 5233 1622 5304 mensis.
1656 5233 1734 5290 De

184 5289 622 5378 {aulaeo-agetur
653 5303 719 5357 ad
749 5303 812 5356 51
862 5289 1242 5378 Ogtobrisfde
1276 5299 1540 5378 Bertuino
1566 5304 1636 5378 ad_
1666 5289 1725 5359 11

182 5358 498 5441 Eovembris'.’
516 5373 593 5428 Ex
633 5372 1002 5436 monasteriis,
1026 5358 1149 5441 qua
1186 5368 1504 5441 Sigebertus
1537 5358 1731 5430 eodem

188 5430 504 5526 numero
542 5446 644 5526 sub
691 5430 1001 5526 Dagoberto
1026 5430 1289 5526 licoiidit‘a
1320 5439 1492 5526 fuisse
1515 5445 1726 5526 scribit,

187 5505 367 5562 nullum
397 5522 497 5580 est,
535 5516 694 5586 cujus
723 5505 1018 5586 primordia
1047 5519 1162 5568 tuto
1194 5511 1406 5586 credas
1453 5505 1731 5572 anteriora

187 5586 288 5656 esse
309 5591 469 5656 morte
518 5581 675 5642 istius
703 5581 846 5656 regis
886 5600 982 5641 seu
1009 5598 1156 5638 anno
1184 5581 1540 5656 658Aiueuntc
1573 5605 1584 5639 :
1621 5587 1731 5644 imo

189 5639 285 5728 iere
314 5652 494 5728 ausim,
508 5639 717 5728 dicere,
739 5639 838 5712 tot,
857 5639 1074 5711 errores
1093 5652 1448 5728 commisisse
1480 5639 1734 5728 Sigeber:

188 5719 305 5840 mla.
323 5726 569 5850 hic
589 5719 787 5787 asserit
809 5724 1143 5783 monasteria
1167 5725 1271 5780 sub
1293 5723 1439 5780 dicto
1463 5719 1588 5800 rege
1611 5728 1733 5784 fun-

1760 4513 1808 4571 D

1816 1908 2114 1971 proventus
2138 1898 2600 1956 fructuum.Unde
2627 1910 2890 1971 pertasus
2920 1901 3192 1969 laborum,
3220 1917 3411 1958 recur-

1803 1993 1972 2062 trebat
1999 1993 2185 2048 animo
2218 1993 2287 2048 ad
2325 2003 2545 2063 portum
2587 1995 2847 2050 solitaria
2875 1995 3033 2062 vitae;
3060 1995 3204 2050 unde
3228 2010 3260 2049 a
3286 2009 3412 2066 rege

1818 2084 2126 2157 Dagoberto
2155 2085 2306 2158 (982)
2327 2094 2630 2152 extractus,
2663 2087 2844 2141 navim
2881 2086 3140 2143 Ecclesia
3166 2102 3416 2157 suscepe-

1821 2186 1905 2234 rat
1927 2181 2242 2251 regendam.
2288 2179 2490 2252 Regem
2525 2178 2871 2252 Sigebertum
2904 2181 3038 2247 adit,
3072 2189 3128 2236 et
3151 2179 3412 2252 impossi-

1819 2272 2046 2329 bilitatis
2066 2289 2181 2328 sua
2205 2289 2404 2330 causas
2417 2273 2780 2344 pratendens,
2797 2273 3113 2329 missionem
3141 2273 3245 2329 sibi
3272 2273 3413 2339 dari,

1819 2375 1875 2420 et
1898 2366 2145 2422 ecclesia
2177 2367 2442 2422 canonica
2491 2364 2815 2422 auctoritate
2852 2375 3125 2436 pastorem
3157 2366 3416 2421 substitui

1821 2460 1974 2531 petit.
2011 2458 2119 2516 Res
2141 2476 2170 2514 a
2193 2460 2396 2530 palatio
2425 2461 2494 2514 ad
2559 2459 2818 2516 Ecclesia
2844 2458 3114 2529 judicium
3150 2457 3412 2513 defertur.

1823 2548 2066 2605 Ecclesia
2089 2551 2295 2621 palatio
2320 2558 2642 2626 assentitur.
2695 2548 2989 2605 Remaclus
3015 2564 3184 2604 onere
3205 2549 3421 2620 episco-

1821 2643 1964 2714 palis
2006 2643 2238 2699 sarcina
2283 2643 2586 2714 expeditus,
2626 2652 2680 2698 et
2721 2634 3118 2712 de'naufragio
3147 2641 3336 2696 mundi
3359 2656 3419 2696 se

1822 2746 2076 2801 enatasse
2097 2736 2332 2802 latatus,
2367 2745 2586 2805 portum
2617 2733 2962 2790 Stabulensis
2991 2733 3228 2790 eoenohii
3257 2749 3420 2804 expe—

1824 2829 1930 2895 tiit,
1971 2837 2024 2885 et
2074 2828 2522 2898 contemplationi
2552 2842 2776 2894 vacans,
2818 2826 3085 2881 habitavit
3111 2841 3319 2881 secum.
3345 2825 3420 2879 De

1823 2922 2084 2992 episcopo
2137 2920 2524 2978 substituendo
2555 2921 2610 2974 in
2643 2935 2937 2975 commune
2964 2917 3109 2974 facta
3150 2919 3417 2974 delibera-

1827 3015 1996 3080 tione,
2051 3014 2118 3070 ad
2169 3013 2556 3068 Theodardum
2596 3013 2922 3080 recurritur,
2967 3021 3024 3068 et
3063 3028 3129 3066 ex
3164 3012 3422 3068 omnibus

1829 3106 1979 3161 solus
2029 3106 2225 3175 placet,
2279 3106 2372 3175 qui
2403 3105 2565 3176 digne
2616 3105 2873 3160 erunibus
2931 3119 3168 3174 praesse
3205 3105 3418 3160 debeat.

1830 3197 1970 3264 Quia
2010 3199 2178 3265 enim,
2209 3199 2512 3253 secundum
2536 3199 2882 3269 Apostolum,
2915 3198 3052 3252 bene
3076 3199 3424 3254 ministrave-

1831 3301 1936 3358 rat,
1979 3292 2188 3347 bonum
2220 3292 2454 3362 gradum
2501 3291 2606 3346 sibi
2656 3291 2988 3362 acquisierat
3015 3290 3164 3362 (985)
3201 3289 3256 3361 (Ι
3283 3289 3420 3346 Tim.

1833 3401 1916 3451 tn,
1958 3385 2068 3456 15).
2119 3383 2246 3438 Pari
2279 3399 2412 3455 ergo
2447 3400 2722 3440 consensu
2765 3383 3028 3440 Ecclesia:
3051 3392 3108 3439 et
3140 3384 3325 3454 palatii
3368 3392 3426 3440 et

1832 3477 2078 3532 unanimi
2129 3478 2396 3548 applausu
2424 3477 2557 3532 cleri
2595 3487 2652 3532 et
2701 3477 2890 3548 populi
2918 3476 3277 3533 Theodardus
3309 3478 3422 3533 ele-

1831 3579 1974 3634 ctus,
1996 3575 2053 3623 et
2085 3585 2116 3624 a
2144 3566 2445 3622 Cuniberto
2474 3567 2734 3639 episc0po
2773 3567 2826 3621 in
2863 3568 3181 3638 episc0puni
3229 3584 3425 3624 conse-

1831 3669 2038 3726 cratus,
2057 3660 2312 3730 praesedit
2332 3659 2591 3717 Ecclesia
2612 3659 2948 3731 Trajectensi
2965 3661 3261 3716 vicesimus
3274 3676 3425 3715 octa—

1832 3772 1934 3810 vus
1963 3771 1995 3810 a
2027 3755 2272 3812 Materno
2305 3756 2455 3827 (984)
2485 3755 2664 3826 primo
2700 3755 3107 3828 Tungrensium
3139 3756 3421 3827 episcopo.

1905 3845 1958 3900 6.
1990 3845 2097 3912 Qui
2128 3847 2392 3917 quoniam
2425 3847 2568 3902 sicut
2601 3847 2668 3902 de
2689 3846 2890 3902 virtute
2919 3847 2973 3902 in
3000 3847 3256 3902 virtutem
3288 3847 3421 3916 ibat,

1833 3939 1907 3993 ita
1938 3937 2005 3993 de
2031 3937 2244 3993 honore
2279 3938 2347 3993 ad
2380 3939 2647 3994 honorem
2695 3951 2980 4009 promotus
3005 3949 3141 4010 erat,
3174 3954 3276 4012 pro
3306 3956 3428 4010 spe-

1831 4029 1956 4084 culo
1993 4028 2317 4098 praferebat
2346 4029 2400 4082 in
2449 4029 2635 4084 animo
2665 4045 2766 4084 suo
2810 4026 3040 4086 Paulum
3089 4032 3422 4101 apostolum,

1831 4119 1926 4190 qui
1975 4119 2156 4190 qualis
2183 4118 2374 4174 debeat
2414 4135 2538 4175 esse
2580 4120 2892 4192 episcopus,
2917 4122 3039 4177 viva
3091 4123 3272 4179 adhuc
3291 4138 3426 4180 voce

1832 4209 2126 4285 eloquitur.
2163 4208 2276 4264 Hoc
2305 4211 2652 4281 magisterio,
2680 4212 2810 4282 quia
2835 4227 2894 4267 se
2924 4214 3182 4269 omnibus
3201 4213 3424 4270 confor-

1833 4301 2296 4366 mabat,omnium
2315 4301 2540 4358 aﬁ‘ectus
2563 4303 2616 4356 in
2644 4318 2703 4357 se
2725 4301 3090 4358 transferebat
3114 4324 3127 4358 :
3153 4315 3206 4360 et
3227 4321 3424 4376 quamo

1833 4394 1916 4449 vis
1945 4409 2137 4448 omnes
2188 4393 2357 4464 gloria
2409 4393 2662 4459 anteiret,
2705 4395 2962 4452 omnibus
3010 4407 3189 4452 tamen
3220 4399 3425 4454 cbarus

1907 4591 2056 4663 (980)
2084 4591 2160 4646 De
2189 4590 2248 4663 S.
2265 4590 2518 4663 Amando
2541 4601 2722 4648 actum
2748 4591 2851 4648 fuit
2875 4593 2940 4648 ad
2959 4593 3103 4650 diem
3125 4594 3158 4649 6
3181 4593 3424 4651 Februa-

1834 4661 1936 4730 rii,
1963 4663 2056 4717 ubi
2088 4663 2142 4717 in
2183 4662 2356 4736 ipsius
2386 4661 2514 4736 Vita
2531 4679 2567 4736 ρ
2590 4663 2981 4736 Baudemundo
3007 4665 3277 4736 discipulo
3299 4683 3426 4722 con-

1835 4736 2039 4804 scripta
2084 4732 2267 4805 capIA
2297 4751 2451 4788 num.
2497 4732 2561 4786 17
2608 4735 2750 4789 idem
2796 4735 3127 4792 miraculum
3149 4732 3420 4803 refertur;

1836 4806 1983 4863 quod
2055 4804 2371 4863 Sigebertus
2444 4803 2857 4862 Gemblacensis
2924 4809 3090 4862 etiam
3139 4818 3328 4863 narrat
3364 4809 3422 4862 in

1875 4822 1983 4861 uou
2055 4822 2110 4860 δι
2151 4822 2371 4861 euertus
2444 4822 2857 4862 uemmacensrs
2924 4822 3090 4862 etiam
3139 4822 3328 4863 narrat
3364 4825 3422 4862 ιιι

1836 4822 1961 4931 Qiita
2003 4875 2060 4930 S.
2097 4822 2363 4949 Sgigeberti
2393 4875 2644 4949 regis__ad
2685 4876 2710 4931 1
2752 4876 3039 4934 Februarii
3069 4879 3213 4935 edita
3243 4896 3364 4949 cap.
3388 4879 3424 4932 9.

1837 4964 1990 5002 num.
2026 4949 2078 5014 5,
2126 4946 2203 5002 uti
2232 4947 2399 5002 etiam
2437 4946 2492 5002 in
2517 4946 2792 5004 Chronico
2820 4950 2889 5004 ad
2931 4965 3136 5004 annum
3165 4946 3424 5016 655;'sed

1837 5019 2235 5090 illudtriennio
2270 5017 2437 5076 citius
2473 5019 2770 5090 Contigisse
2795 5020 3092 5074 tenendum
3118 5029 3220 5074 est.

1908 5087 2057 5161 (981)
2102 5088 2490 5161 Martyrologio
2530 5087 2781 5146 Romano
2829 5091 3149 5147 inscribitur
3182 5091 3251 5146 ad
3277 5090 3423 5146 diem

1836 5160 1905 5215 12
1919 5158 2276 5215 Novembris.

1910 5229 2150 5303 (982)1n
2199 5247 2300 5286 suo
2328 5241 2510 5288 tamen
2548 5231 2825 5303 Chronico
2864 5231 3178 5303 Sigebertus
3215 5229 3427 5303 5.711e-

1841 5301 2079 5374 macluin
2126 5313 2250 5372 post
2282 5315 2510 5359 mortem
2551 5302 2840 5374 Dagoberti
2875 5302 2902 5374 il
2933 5301 3427 5374 'episcopum‘fl‘r'a—

1833 5371 2136 5442 jectensem
2161 5389 2308 5428 anno
2339 5375 2442 5430 646
2470 5371 2782 5429 ordinatum
2809 5371 2989 5429 fuisse
3019 5371 3228 5428 scribit.
3256 5372 3424 5428 Utro-

1839 5443 2288 5514 biqueaberrat;
2336 5461 2460 5500 nam
2489 5456 2716 5500 sanctus
2764 5445 2854 5499 ille
2892 5445 3094 5514 prasul
3130 5459 3238 5498 non
3271 5445 3425 5514 prius

1839 5514 1896 5568 in
1925 5513 2186 5569 cathedra
2217 5513 2453 5586 Tungris
2476 5515 2788 5584 Trajectum
2813 5513 3076 5571 translata
3097 5513 3288 5571 sedere
3310 5531 3424 5572 ca-

1839 5587 1940 5656 pit,
1971 5601 2138 5658 quam
2159 5601 2306 5640 anno
2326 5587 2430 5658 b‘_50
2457 5587 2541 5641 vel
2569 5596 2851 5658 sequente.
2907 5588 2919 5601 '

1913 5657 2062 5726 (985)
2095 5653 2153 5710 ln
2189 5671 2292 5712 ms.
2345 5655 2547 5712 Ruhea
2577 5653 2746 5712 Vallis
2783 5657 2899 5712 hac
2947 5657 3224 5713 adduntur
3251 5676 3264 5714 :
3291 5667 3344 5714 et
3373 5659 3426 5712 in

1841 5743 2014 5797 pauca
2044 5726 2239 5798 ﬁdelis,
2268 5726 2465 5798 dignus
2501 5737 2619 5782 erat
2657 5744 2822 5798 super
2843 5729 3012 5784 multa
3035 5730 3317 5787 constitui.

1913 5797 2066 5868 (984)
2103 5795 2178 5854 De
2209 5813 2273 5854 eo
2292 5795 2482 5869 agetur
2511 5798 2580 5855 ad
2608 5799 2675 5856 14
2712 5795 3070 5870 Septembris.
