3908 6316
470 321 570 382 ’151

1643 321 2002 380 SlGEBERTl
2040 321 2564 379 GEMBLACENSIS

3618 331 3714 390 752

463 426 600 473 erat.
623 415 813 472 Potens
836 426 952 472 erat
967 414 1236 468 exhortari
1267 416 1321 468 in
1342 398 1730 469 doctrinasana
1751 424 1801 469 et
1823 424 2042 470 eontra-
2075 425 2113 478 Α
2147 424 2332 469 ctuum
2380 421 2675 484 proventus
2722 413 3026 469 alleviabat.
3075 415 3213 470 Cum
3248 431 3380 487 ergo
3427 421 3594 475 multa
3624 440 3713 492 per

464 511 709 566 dicentes
756 508 1083 578 redarguere
1121 506 1253 578 (’l'it.
1291 523 1328 574 ι,
1373 508 1462 578 9);
1531 508 1656 578 quia
1697 507 1841 577 quod
1883 507 2044 562 doce—

464 601 559 656 bat
603 600 798 664 verbo,
845 598 1166 652 ostendebat
1203 599 1469 667 exemplo.
1493 597 1766 666 Prmcepto
1793 596 1939 650 enim
1989 604 2044 650 et

464 691 713 761 exemplo
736 688 1116 756 DominiJesu,
1142 689 1268 759 quia
1293 689 1467 758 major
1495 697 1612 742 erat
1637 688 1904 754 omnium,
1927 695 2043 741 erat

465 784 715 839 omnium
766 798 958 852 servus
1005 792 1058 836 et
1105 781 1394 835 minister:
1431 789 1556 834 ante
1586 779 1771 834 omnia
1818 778 2042 834 indutus

465 883 800 928 armaturam
831 873 950 940 Dei,
982 873 1295 928 succinctus
1331 871 1533 925 lumbos
1564 886 1696 926 suos
1720 871 1775 924 in
1798 871 2038 937 veritate,

467 965 690 1020 indutus
727 964 950 1017 loricam
983 963 1237 1033 justitiaz,
1260 963 1534 1018 calceatus
1571 961 1721 1031 pedes
1744 961 1800 1014 in
1829 977 2039 1032 prwpa-

466 1055 672 1107 ratione
698 1050 975 1122 Evangelii
1019 1053 1205 1122 pacis;
1229 1051 1381 1122 galea
1425 1051 1617 1104 salutis
1649 1059 1702 1105 et
1729 1059 1884 1106 scuto
1915 1051 2039 1105 lidei

463 1153 518 1199 et
564 1143 744 1216 gladio
797 1144 1040 1212 spiritus,
1082 1143 1221 1213 quod
1258 1151 1337 1196 est
1379 1143 1590 1196 verbum
1633 1141 1751 1208 Dei,
1795 1143 2040 1197 munitus

463 1237 876 1293 confortabatur
904 1238 959 1290 in
991 1236 1216 1290 Domino
1241 1245 1288 1289 et
1317 1237 1372 1288 in
1402 1237 1637 1306 potentia
1663 1237 1872 1288 virtutis
1902 1237 2037 1304 ejus,

464 1339 525 1385 ut
547 1338 734 1400 posset
754 1339 896 1384 stare
917 1329 1166 1382 adversus
1188 1328 1414 1381 insidias
1442 1327 1666 1395 diaboli,
1687 1335 1740 1382 et
1773 1328 2040 1383 debellare

462 1422 771 1493 spiritualia
822 1421 1074 1492 nequitia:
1125 1421 1182 1473 in
1229 1419 1522 1473 caelestibus
1572 1418 1786 1490 (Ephes.
1814 1435 1892 1486 Vl,
1925 1419 2036 1491 10).

463 1514 638 1582 Quem
668 1514 898 1584 urgebat
937 1512 1197 1568 instantia
1227 1526 1324 1566 sua
1352 1511 1688 1582 quotidiana,
1731 1511 2038 1567 sollicitudo

463 1606 672 1662 scilicet
693 1605 937 1658 omnium
963 1603 1352 1670 ecclesiarum;
1385 1602 1521 1656 nihil
1551 1602 1766 1658 remissi
1798 1603 2038 1672 patieba-

461 1705 575 1762 tur,
623 1695 831 1750 nullum
863 1694 1042 1748 locum
1074 1693 1238 1748 dabat
1268 1691 1511 1758 desidiae,
1545 1693 1638 1748 sed
1667 1700 1826 1748 nocte
1849 1708 1914 1749 ac
1950 1693 2038 1749 die

2146 505 2240 561 Dei
2287 507 2515 577 gratiam
2547 513 2601 560 et
2638 520 2794 560 suam
2842 506 3166 561 industriam
3210 517 3575 578 restauraret;
3607 514 3713 569 haue

2144 611 2274 650 cura
2308 611 2433 651 eum
2470 595 2817 650 remordebat
2835 597 3040 663 acrius,
3071 597 3216 666 quod
3241 598 3528 666 passiones
3547 603 3713 656 eccle-

2144 687 2239 746 sia:
2268 703 2380 742 sua:
2405 703 2440 741 a
2465 687 2784 742 domesticis
2813 688 3068 742 hostibus
3108 695 3162 742 et
3187 687 3391 758 iniquis
3414 694 3716 760 raptoribus

2142 777 2383 846 direptas
2413 784 2660 842 noverat,
2688 785 2743 831 et
2773 777 3074 846 multojam
3109 787 3353 847 tempore
3386 779 3459 832 ab
3479 783 3718 840 ecclesia

2142 870 2404 924 alienatas
2422 869 2546 938 jure
2574 869 2629 922 in
2648 869 2742 938 jus
2773 869 3084 938 iniquorum
3109 874 3363 928 cessisse.

2207 961 2259 1016 8.
2319 960 2434 1016 Hoc
2481 961 2746 1015 accidisse
2799 961 3016 1016 dolebat
3060 978 3127 1017 ex
3158 970 3288 1017 nota
3337 973 3647 1034 temporum
3668 975 3716 1020 et

2141 1055 2412 1125 majorum
2445 1070 2674 1110 suorum
2721 1055 3048 1125 negligentia
3075 1074 3088 1110 :
3140 1072 3207 1112 ex
3231 1068 3360 1112 nota
3389 1066 3715 1126 temporum,

2141 1148 2265 1217 quia
2294 1147 2558 1203 securitas
2585 1162 2651 1202 ex
2672 1147 2838 1220 longo
2863 1149 3012 1218 pacis
3031 1149 3145 1203 otio
3162 1160 3441 1205 contracta
3467 1152 3671 1206 multos
3689 1171 3717 1206 a

2140 1247 2391 1309 respectu
2437 1238 2610 1293 divini
2658 1239 2870 1294 timoris
2918 1249 3209 1305 averterat,
3245 1250 3300 1295 et
3335 1257 3402 1295 ex
3425 1257 3612 1296 rerum
3639 1242 3717 1295 at.

2139 1331 2360 1386 ﬂuentia
2396 1333 2688 1403 irrepserat
2723 1332 2993 1387 bonorum
3035 1348 3253 1387 morum
3293 1335 3645 1406 negligentia,
3671 1345 3720 1388 et

2139 1424 2483 1479 cessantibus
2505 1424 2745 1479 externis
2789 1424 2967 1492 bellis,
3013 1424 3287 1481 intestinis
3317 1427 3474 1480 hellis
3517 1427 3721 1480 animu-

2140 1531 2264 1568 rum
2293 1517 2757 1586 periclitabantur.
2790 1514 2918 1571 inde
2951 1517 3154 1588 passim
3190 1527 3379 1572 contra
3419 1518 3721 1573 Ecclesiam

2139 1606 2236 1662 Dei
2259 1609 2571 1664 dominante
2614 1609 2905 1680 injustitia,
2927 1625 3051 1680 quae
3077 1625 3293 1678 semper
3326 1610 3537 1679 primos
3560 1610 3726 1679 impe-

2141 1705 2230 1752 tus
2266 1698 2439 1752 exerit
2462 1705 2654 1754 contra
2687 1699 2957 1754 bonorum
2992 1698 3383 1763 innocentiam,
3409 1714 3520 1752 non
3545 1701 3724 1768 opitu-

392 1777 400 1781 ’
463 1761 698 1842 salutem
753 1801 910 1840 suam
954 1787 1299 1856 operabatur.
1341 1785 1640 1840 Attendens
1683 1785 1848 1840 etiam
1893 1785 2040 1855 quod
2069 1761 2113 1820 Β
2139 1789 2359 1845 labatur
2375 1789 2740 1846 EcclesiteDei
2763 1789 2997 1860 alicujus
3013 1761 3415 1860 justitia,nulla
3437 1789 3487 1843 ei
3511 1761 3720 1860 princi-

462 1881 608 1936 Deus
644 1897 742 1952 per
761 1879 1096 1935 Ezechielem
1123 1879 1442 1949 prophetam
1471 1879 1832 1934 comminetur
1852 1886 2040 1949 pasto-

459 1974 738 2044 ribus,qui
758 1973 1062 2042 semetipsos
1085 1980 1251 2025 etnon
1273 1988 1443 2042 regem
1471 1970 1569 2025 Dei
1587 1981 1807 2041 pascunt
1821 1970 2035 2042 (Ezeclt.

461 2081 649 2132 xxxiv,
675 2065 763 2135 2);
807 2063 1064 2134 pascebat
1107 2078 1325 2134 gregem
1381 2062 1473 2116 Dei
1523 2063 1821 2118 secundum
1845 2061 2036 2129 Deum,

460 2173 571 2214 non
597 2159 773 2227 turpis
804 2155 939 2210 lucri
992 2155 1186 2226 gratia,
1211 2155 1306 2210 sed
1331 2155 1670 2222 voluntarie;
1713 2170 1822 2210 non
1858 2155 2006 2210 domi
2026 2185 2038 2196 -

464 2265 607 2305 nans
654 2250 709 2303 in
753 2249 899 2304 clero
925 2248 1017 2302 sed
1058 2247 1232 2302 forma
1273 2245 1449 2302 factus
1507 2247 1686 2318 gregis
1740 2261 1808 2301 ex
1856 2247 2040 2302 animo

461 2341 516 2415 (Ι
550 2341 694 2395 Petr.
731 2341 786 2411 v)
817 2356 830 2391 :
865 2349 922 2394 tu
959 2354 1082 2394 cum
1113 2337 1322 2393 veniret
1349 2337 1598 2407 princeps
1618 2346 1898 2407 pastorum
1925 2351 2042 2407 per-

464 2435 672 2504 ciperet
694 2430 1206 2487 immarcescibilem
1242 2429 1428 2500 gloriae
1449 2443 1730 2485 coronam.

1017 2601 1032 2616 ,
1089 2543 1318 2601 CAPUT
1341 2543 1406 2600 ιι.

461 2640 690 2718 Instruit
813 2638 1189 2718 Lambertum;
1219 2652 1314 2718 pro
1345 2633 1660 2718 recipiendis
1702 2634 1852 2689 rebus
1874 2633 2041 2716 eccle-

528 2711 766 2790 siasticis
804 2709 1165 2790 regem‘adit;
1195 2706 1259 2760 ab
1295 2706 1490 2776 iniquis
1521 2721 1703 2760 earum
1723 2706 2040 2774 possessori-

530 2783 626 2835 bus
651 2779 911 2849 martyrio
933 2779 1161 2849 aﬂicitur

533 2893 585 2948 7.
609 2892 936 2949 Lambertus
965 2891 1120 2945 bonae
1143 2888 1336 2944 indolis
1363 2889 1468 2943 hoc
1496 2895 1737 2958 tempore
1765 2887 1819 2941 in
1841 2887 2040 2943 bonam

463 2997 615 3053 spem
644 2981 1007 3045 adolescebat,
1029 2995 1192 3049 quem
1217 2987 1370 3048 pater
1395 2982 1515 3050 ejus
1534 2980 1618 3034 vir
1638 2979 2041 3036 illustrissimus

467 3073 610 3143 Aper
658 3069 1007 3127 commiserat
1027 3069 1147 3122 viro
1171 3068 1266 3124 Dei
1292 3067 1606 3123 Landoaldo
1645 3068 1815 3140 (985),
1845 3067 2043 3122 Aman-

464 3165 520 3220 di
559 3163 801 3234 episcopi
828 3161 1319 3232 archipresbytero,
1355 3168 1414 3215 ut
1442 3161 1562 3231 ejus
1589 3160 1825 3231 pueriles
1866 3174 2041 3214 annos

461 3257 748 3326 disciplina
771 3253 1008 3325 regulari
1033 3261 1088 3308 et
1110 3253 1358 3308 doctrina
1385 3251 1594 3307 liberali
1624 3251 1910 3305 imbueret.
1938 3248 2043 3304 Pa-

463 3355 548 3402 ter
567 3346 829 3417 gaudens.
853 3345 1026 3400 illium
1068 3343 1398 3400 rudimentis
1427 3344 1712 3413 utriusque
1739 3343 1982 3398 scientia:
2009 3357 2041 3396 a

464 3439 782 3495 Landoaldo
807 3439 876 3494 ad
905 3447 1090 3494 votum
1119 3453 1281 3493 suum
1319 3453 1441 3493 esse
1481 3437 1776 3504 initiatum,
1807 3436 2040 3492 commi-

462 3532 534 3587 sit
555 3547 681 3586 eum
710 3531 874 3586 etiam
906 3529 1214 3585 Theodardi
1237 3529 1570 3602 magisterio,
1598 3537 1660 3584 ut
1679 3545 1789 3600 quo
1807 3529 2042 3599 amplius

461 3624 530 3678 de
556 3625 852 3682 multorum
885 3623 1129 3677 hauriret
1177 3622 1428 3691 scientia,
1449 3637 1514 3678 eo
1535 3621 1785 3692 ampliori
1815 3621 2042 3694 proﬁce-

462 3726 544 3771 ret
569 3717 762 3788 gratia.
787 3714 1032 3783 Qualiter
1053 3722 1338 3784 argentum
1368 3714 1703 3780 melioratur,
1723 3714 1942 3784 quando
1972 3713 2041 3768 ab

461 3809 686 3864 auriﬁce
723 3808 1040 3873 deauratur,
1072 3807 1253 3861 taliter
1290 3805 1612 3862 Lambertus
1654 3805 1918 3861 naturalis
1951 3806 2039 3860 in-

425 3901 609 3972 .genii
658 3908 883 3971 argento
936 3897 1316 3966 resplendens,
1363 3898 1493 3952 dum
1533 3912 1601 3952 ex
1636 3896 1821 3951 addito
1863 3895 2040 3953 Theo-

461 3993 616 4048 dardi
665 3989 982 4061 magisterio
1031 3987 1370 4055 melioratur,
1398 3988 1555 4058 quasi
1599 4003 1665 4042 ex
1699 3988 2038 4058 superposita

461 4081 583 4136 auri
604 4081 832 4136 materia
867 4078 1102 4150 amplius
1128 4079 1435 4134 decoratur.
1482 4077 1835 4134 Theodardus
1863 4078 1916 4132 in
1948 4094 2037 4134 se-

462 4173 584 4242 ipso
610 4178 894 4241 expertus,
915 4169 1166 4241 quoniam
1186 4167 1525 4240 diligentibus
1547 4167 1714 4222 Deum
1745 4169 1922 4222 omnia
1945 4185 2036 4223 co-

463 4271 752 4333 operantur
776 4263 833 4316 in
859 4263 1050 4322 bonum
1077 4259 1254 4332 (Rom.
1286 4275 1405 4326 vni,
1432 4259 1546 4332 28),
1569 4260 1834 4331 gaudebat
1852 4261 2036 4316 omnia

460 4370 719 4427 prospere
758 4355 861 4412 sibi
905 4355 1120 4422 cedere,
1167 4361 1223 4409 ct
1247 4352 1486 4408 laborem
1526 4368 1686 4408 suum
1709 4353 1889 4408 bonus
1922 4351 2032 4408 fru-

531 4510 682 4649 §985g
703 4509 859 4568 Hunc
887 4520 1135 4567 sanctum
1171 4510 1422 4566 dedimus
1458 4511 1526 4566 ad
1557 4511 1623 4565 l9
1651 4509 1849 4566 Martii.

553 4581 657 4635 986
718 4580 832 4636 Hoc
875 4598 1106 4638 numero
1158 4598 1262 4636 non
1305 4582 1481 4636 solum
1532 4579 1690 4648 falsa,
1738 4582 1830 4636 sed

553 4579 680 4648 986)
718 4580 832 4636 Hoc
875 4598 1106 4638 numero
1158 4598 1262 4636 non
1305 4582 1481 4636 solum
1532 4579 1690 4648 falsa,
1738 4582 1830 4636 sed
1862 4581 2027 4637 etiam

461 4650 668 4722 sanctis
694 4652 956 4722 injuriosa
985 4653 1229 4708 obtrudit
1256 4651 1569 4722 Sigebertus
1599 4650 2024 4707 Gemblaccnsis.

460 4721 708 4792 Doluisse
733 4722 805 4774 ait
824 4720 880 4776 S.
907 4720 1479 4792 Theodardum,_quod
1531 4722 1728 4791 partim
1772 4740 1792 4772 ι
1817 4738 1884 4777 ex
1913 4738 2029 4776 ma-

453 4791 638 4862 jorum
685 4805 915 4871 suorum
961 4793 1284 4871 negligentia
1321 4791 1745 4871 {acciderittut
1770 4808 2024 4871 magnam

457 4861 888 4931 possessionnm_
923 4861 1154 4931 suarum
1189 4862 1458 4931 jacturam
1515 4861 1703 4916 iecerit
1745 4871 1798 4916 et
1843 4861 2030 4919 multis

457 4929 620 4985 annis
645 4929 828 5001 tulerit
851 4929 1086 5001 Ecclesia
1115 4929 1499 5001 Trajectensis.
1527 4931 1646 4998 Quo
1681 4947 1812 4987 vero
1838 4933 2026 4987 didici-

457 5001 563 5056 lius
603 4999 894 5082 intelligas,
927 5000 1048 5082 illos
1091 4999 1248 5082 culpa
1277 5003 1428 5082 omni
1481 5017 1725 5082 vacasse,
1757 5003 2025 5058 bonorum

457 5086 739 5126 sacrorum
767 5070 1148 5125 alienationem
1189 5070 1379 5125 iisdem
1411 5081 1594 5125 notam
1620 5071 1789 5127 fuisse
1828 5087 2026 5141 suppe-

457 5088 739 5126 sacrorum
767 5088 1148 5125 alienationem
1189 5088 1379 5125 nsaem
1411 5088 1594 5125 natam
1620 5088 1789 5127 tuisse
1828 5088 2026 5194 suppe-

456 5141 559 5204 nit,
591 5149 645 5210 et
671 5149 906 5210 tamen}
948 5155 1042 5210 per
1081 5141 1304 5210 triginta
1346 5141 1562 5196 circiter
1589 5157 1785 5208 annos,
1814 5143 2026 5196 nulum

455 5225 555 5280 pro
579 5209 834 5265 Ecclesia
861 5207 975 5282 Lei}
992 5209 1141 5282 jure_
1159 5207 1491 5282 repugnasse
1517 5212 1600 5266 vel
1627 5207 1821 5282 saltem
1850 5212 2025 5266 recla-

456 5277 638 5335 inasse
670 5299 686 5330 ι
716 5277 1050 5350 pronuntiat.
1099 5277 1765 5336 Tantae'dissimulationis
1805 5297 2024 5348 causas,

455 5365 595 5414 quas
651 5350 950 5419 subjungit,
985 5365 1090 5403 non
1137 5365 1353 5405 omnem
1388 5351 1624 5420 penitus,
1675 5361 1734 5405 ut
1776 5352 2027 5405 conside-

457 5421 596 5474 ranti
625 5427 794 5491 patet,
816 5421 1135 5490 abstergunt
1160 5420 1495 5491 negligentia:
1526 5421 1834 5491 uiiiuimque
1855 5421 2024 5476 animi

454 5488 775 5560 dejectionis
827 5488 1117 5555 maculam,
1147 5488 1485 5560 quam—prius
1517 5488 1573 5544 S.
1602 5488 1904 5545 Theodardi
1932 5492 2026 5545 de-

456 5559 768 5632 cessoribus
805 5560 1130 5629 asperserat.
1169 5559 1278 5616 His
1316 5559 1373 5616 S.
1419 5560 1786 5632 Landoaldum
1846 5561 2026 5615 archi-

458 5629 829 5718 l‘,resbyt'erutn
860 5639 1152 5718 accennset,
1199 5646 1363 5712 quem
1410 5629 1669 5685 vicariam
1725 5646 1816 5710 per
1845 5647 2024 5711 novem

355 5729 370 5743 -
457 5698 635 5771 annos
671 5699 924 5771 Ecclesia:
984 5698 1347 5771 Trajectensis
1403 5715 1591 5771 curam
1647 5698 1881 5771 geSsisse
1926 5701 2023 5771 ait,

456 5767 742 5848 gostquam
780 5767 838 5823 S.
863 5767 1146 5825 Amandus
1164 5770 1468 5826 abdicasset
1495 5767 1892 5841 episcopatum,
1922 5770 2026 5824 Da-

2137 1896 2266 1952 pum
2303 1881 2752 1950 patrocinabatur
2784 1881 3045 1952 potentia.
3083 1879 3182 1936 Hic
3209 1880 3367 1935 dolor
3388 1895 3500 1935 non
3523 1895 3726 1950 paruis

2139 1971 2461 2028 Theodardo
2507 1971 2726 2043 praesuli
2773 1972 3141 2039 incumbebat,
3185 1971 3595 2042 Trajectensem
3634 1972 3726 2026 Ec-

2138 2060 2361 2117 clesiam
2415 2076 2613 2132 magna
2665 2061 3079 2131 possessionum
3134 2076 3360 2116 suarum
3416 2063 3728 2132 quantitate

2138 2167 2262 2211 esse
2291 2152 2620 2220 mutilatam,
2650 2161 2704 2206 et
2727 2168 2823 2222 per
2856 2152 3080 2224 triginta
3127 2153 3349 2208 circiter
3395 2169 3576 2208 annos
3606 2155 3725 2207 nul-

2139 2245 2252 2300 lum
2275 2261 2373 2315 pro
2402 2244 2660 2300 Ecclesia:
2682 2243 2777 2300 Dei
2798 2246 2922 2317 jure
2949 2261 3282 2317 repugnasse
3304 2247 3389 2301 vel
3415 2247 3611 2302 saltem
3648 2264 3725 2300 re-

2139 2338 2427 2393 clamasse.
2487 2336 2771 2394 Amandus
2809 2339 2979 2406 enim,
3015 2340 3176 2409 cujus
3215 2339 3476 2395 sanctitas
3535 2340 3731 2410 paucis

2138 2433 2350 2488 laudari
2379 2448 2489 2487 non
2516 2432 2696 2500 debet,
2733 2448 2834 2503 pro
2865 2449 2931 2489 eo
2969 2435 3117 2504 quod
3157 2451 3340 2506 regem
3376 2433 3727 2505 Sigebertum

2139 2523 2434 2595 baptizavit
2469 2531 2524 2579 et
2566 2523 2633 2578 de
2685 2522 2836 2580 fonte
2866 2526 3126 2595 suscepit,
3158 2534 3385 2580 coactus
3414 2534 3498 2580 est
3542 2524 3724 2595 Daga-

2137 2615 2278 2671 berti
2302 2617 2446 2687 regis
2475 2615 2730 2685 precibus
2779 2625 2859 2683 ut,
2901 2615 3110 2672 Joanne
3135 2617 3395 2688 episcopo
3441 2615 3728 2680 defuncto,

2123 2709 2512 2779 episcopatum
2539 2709 2944 2780 Trajectensem
2974 2709 3296 2778 susciperet.
3338 2707 3464 2772 Sed,
3504 2709 3729 2761 irruen-

2067 3106 2108 3164 C

2141 2799 2288 2855 tibus
2315 2801 2552 2870 undique
2590 2801 2645 2855 in
2670 2799 2927 2856 Ecclesiae
2967 2799 3151 2854 navim
3180 2808 3567 2869 tempestatum
3591 2816 3725 2870 pro-

2140 2890 2312 2956 cellis,
2344 2890 2593 2961 cogitans
2614 2890 2760 2960 quod
2790 2891 2868 2944 ait
2889 2889 3204 2959 Apostolus,
3231 2891 3362 2960 quia
3400 2906 3554 2942 nemo
3582 2890 3727 2942 mili-

2142 2989 2261 3036 tans
2293 2981 2402 3036 Deo
2432 2982 2672 3053 implicat
2717 2998 2772 3036 se
2815 2983 3036 3053 negotiis
3085 2982 3434 3037 sazcularibus
3461 2980 3552 3051 (11
3584 2969 3756 3036 Τίηιο’

2143 3089 2204 3140 ιι,
2227 3073 2305 3144 At),
2339 3081 2464 3143 post
2501 3073 2817 3140 triennium,
2867 3073 3184 3144 episcopatu
3231 3073 3444 3136 relicto,
3483 3072 3542 3125 in
3591 3088 3726 3142 por-

2142 3175 2258 3222 tum
2297 3174 2494 3236 optata:
2514 3167 2714 3237 quietis
2735 3182 2794 3222 se
2815 3165 3035 3236 recepit.
3076 3165 3248 3235 Cujus
3275 3163 3424 3219 vices
3454 3163 3728 3218 Landoal-

2142 3259 2246 3314 dus
2292 3257 2724 3330 archipresbyter
2753 3274 2887 3314 suus
2917 3265 3222 3327 opportune
3269 3272 3367 3326 per
3397 3273 3595 3310 novem
3622 3273 3726 3309 an-

2142 3363 2244 3403 nos
2281 3357 2595 3415 exsecutus,
2637 3363 2737 3418 pro
2757 3347 2985 3403 ecclesia
3021 3355 3167 3401 stare
3202 3363 3309 3401 non
3364 3347 3564 3416 potuit,
3596 3348 3726 3417 quia

2121 3441 2280 3495 nihil
2298 3439 2624 3510 pontiﬁcalis
2643 3440 2784 3510 juris
2811 3439 3062 3494 habebat.
3097 3437 3172 3493 Ea
3199 3439 3383 3493 omnia
3413 3441 3726 3509 raptoribus

2142 3533 2533 3604 opportuniora
2563 3540 2740 3587 erant.
2775 3531 2851 3587 De
2893 3531 3170 3598 Remaelo,
3219 3531 3346 3601 quia
3397 3547 3507 3585 non
3541 3543 3722 3602 potae

2125 3632 2227 3679 -rat
2266 3624 2489 3678 brachia
2516 3624 2736 3678 tendere
2770 3633 2959 3678 contra
3005 3630 3301 3678 torrentem
3330 3624 3718 3678 inundantium

2068 4443 2113 4503 D

2142 3715 2436 3782 malorum,
2462 3713 2816 3768 Theodardus
2861 3713 2980 3768 suis
3007 3713 3186 3767 oculis
3205 3721 3261 3766 et
3281 3712 3512 3768 auribus
3531 3715 3720 3768 crede—

2140 3807 2234 3861 bat
2269 3805 2438 3878 (986).
2489 3804 2608 3876 lpse
2666 3812 2922 3874 suscepto
2970 3803 3266 3858 Dominicze
3315 3804 3476 3858 navis
3525 3805 3720 3874 gub-r-

2140 3897 2750 3963 naculu,inconstantia:
2781 3905 2961 3950 notam
2986 3894 3228 3961 timebat,
3251 3894 3297 3949 si
3322 3894 3588 3964 periculis
3615 3895 3716 3948 im-

2139 3989 2332 4060 pulsus
2353 3989 2472 4044 loco
2497 3988 2732 4043 cederet.
2788 4045 2791 4047 _

2142 4131 2148 4136 .
2209 4081 2262 4136 9.
2294 4079 2371 4135 Ne
2396 4095 2524 4152 ergo
2567 4079 2778 4134 diutina
2816 4076 3100 4149 injustitiaa
3147 4077 3448 4146 impunitas
3482 4077 3717 4147 aplius

2139 4173 2478 4238 inolesceret,
2509 4171 2744 4226 accinxit
2771 4185 2831 4225 se
2858 4169 3086 4225 viriliter
3113 4176 3168 4223 et
3211 4178 3366 4224 stans
3395 4184 3495 4239 pro
3519 4170 3714 4223 castris

2137 4263 2641 4320 ecclesiae'clamare
2670 4277 2778 4317 non
2805 4261 3052 4316 cessabat
3080 4277 3092 4312 :
3127 4259 3286 4330 quasi
3315 4259 3448 4313 tuba
3468 4259 3712 4312 exaltans

2138 4373 2326 4414 vocem
2361 4373 2520 4412 suam
2551 4355 2909 4410 annuntiabat
2935 4353 3136 4424 populo
3164 4353 3374 4408 scelera
3417 4367 3628 4416 eorum,
3656 4360 3710 4402 et

2137 4510 2370 4582 goberti_
2393 4509 2578 4582 regis,_
2609 4524 2754 4582 anno
2793 4507 2900 4562 008
2943 4506 3198 4582 mortui,_
3219 4506 3479 4582 precibus
3526 4519 3704 4560 susce-

2174 4589 2307 4635 tum.
2331 4574 2491 4634 Certo
2509 4578 2644 4634 falsa
2681 4579 2794 4633 hzec
2817 4587 2944 4634 sunt
2969 4596 2982 4630 :
3011 4576 3134 4630 nam
3165 4574 3231 4631 S.
3248 4574 3540 4630 Remaclus
3567 4589 3706 4628 anno

2174 4598 2307 4635 tum.
2331 4598 2491 4634 uerto
2509 4598 2644 4634 tatsa
2681 4598 2794 4633 naec
2817 4598 2944 4634 sunt
2969 4598 2982 4630 :
3011 4598 3134 4630 nam
3167 4598 3540 4631 autumamus
3567 4598 3696 4628 anno

2135 4598 2241 4706 £50
2275 4650 2357 4704 vel
2388 4665 2504 4719 seq.
2545 4653 2789 4719 proxime
2837 4647 3101 4703 successit
3147 4645 3202 4700 S.
3238 4647 3696 4719 Alnando,_quem

2134 4729 2365 4776 exeunte
2415 4714 2566 4773 anno
2607 4719 2710 4774 649
2755 4719 2960 4772 sedisse
3012 4726 3247 4781 constat,
3290 4732 3469 4785 neque
3506 4714 3704 4769 diutius

2134 4807 2300 4866 quam
2325 4790 2435 4866 fere
2457 4789 2869 4866 peetriennium
2900 4789 3001 4866 sub
3025 4786 3082 4840 S.
3117 4787 3404 4866 Sigeberto
3418 4802 3542 4866 rege
3570 4801 3697 4854 pra:-

2136 4852 2326 4916 l'uisse.
2379 4852 2662 4914 ln'éodem
2715 4875 2870 4913 num.
2913 4857 2981 4911 27
3007 4866 3061 4911 et
3100 4852 3252 4926 seqq.
3287 4852 3538 4926 probavi,
3564 4852 3699 4926 anno

2132 4931 2236 4986 668
2263 4931 2344 4986 vel
2369 4930 2473 4984 669
2495 4945 2714 4995 passum
2738 4927 2907 4984 fuisse
2933 4927 2990 4981 S.
3023 4924 3427 4991 Theodarduzn,
3453 4926 3592 4995 quod
3614 4924 3695 4974 Si-

2132 5000 2458 5072 gebertus_in
2485 4995 2756 5072 Chronico
2790 5013 3071 5072 perperam
3103 5012 3250 5072 anno
3281 4995 3695 5072 658cqntigisse

2131 5065 2344 5126 asserit.
2384 5069 2599 5141 Tamin
2630 5065 2814 5141 nostra
2843 5065 3025 5141 quam
3037 5068 3096 5141 in
3125 5067 3432 5141 aberrantis
3457 5065 3692 5141 Sig-her:

2133 5142 2172 5195 ti
2211 5141 2480 5195 sententia
2529 5138 2598 5192 '50
2659 5139 2786 5192 anni
2819 5137 2927 5191 nan
2976 5138 3302 5192 ellluxerunt
3339 5137 3487 5190 inter
3531 5137 3691 5189 sancti

2133 5210 2305 5265 nostri
2331 5210 2655 5281 martyrium
2677 5217 2731 5263 et
2753 5207 2974 5281 obitum
2998 5206 3068 5281 S._
3083 5206 3311 5281 Joannis
3334 5207 3497 5281 Agni.
3521 5205 3691 5281 Itaque

2132 5289 2187 5335 et
2217 5280 2311 5334 hic
2339 5274 2716 5360 adjungendus
2768 5275 2998 5359 e.st.SS.
3045 5274 3690 5360 Amando‘etﬂtemdo:

2131 5364 2368 5420 quorum
2393 5345 2731 5420 negligentia?
2757 5348 3044 5416 nimiaeque
3072 5345 3688 5420 d_is§im_ulationi_apeite

2131 5414 2362 5491 imputat
2410 5414 2562 5473 idem
2595 5418 2933 5491 Sigebertus,
2958 5414 3114 5486 quod
3155 5414 3210 5468 S.
3240 5414 3689 5491 Theodardusec-

2130 5483 2353 5545 clésiam
2381 5505 2576 5559 magna
2607 5483 3010 5560 possessionum
3054 5495 3210 5560 parte
3234 5486 3520 5560 spoliatam
3545 5483 3683 5554 inre-

2134 5560 2292 5615 nerit.
2348 5560 2418 5613 At
2462 5555 2624 5613 unde'
2649 5568 2839 5612 auctor
2889 5558 2991 5611 iste
3033 5557 3243 5621 didicit,
3288 5555 3339 5608 id
3389 5560 3682 5608 memoratis

2132 5631 2338 5684 sanctis
2366 5629 2638 5698 episcopis
2665 5629 2796 5682 vitio
2839 5628 3076 5681 dandum
3107 5626 3264 5698 esse}
3291 5624 3449 5698 parte
3500 5634 3678 5686 anony-

2134 5715 2258 5754 mus
2290 5694 2422 5753 Vita:
2445 5698 2502 5754 S.
2535 5694 2839 5752 Theodardi
2874 5698 3105 5767 scriptor
3131 5695 3270 5767 nihil
3293 5694 3474 5767 habet,
3492 5706 3551 5744 ex
3574 5701 3679 5755 quo

2135 5770 2265 5825 illud
2304 5769 2528 5825 extundi
2573 5770 2762 5839 possit.
2799 5787 2816 5820 ‹
2871 5763 3290 5832 His—omnibus,
3334 5763 3499 5832 inquit
3523 5771 3673 5826 supra
