3908 6316
235 392 328 450 757

1487 387 1649 442 νιΤΑ
1689 386 1746 442 S.
1789 385 2180 442 THEODARDI

3346 388 3453 443 733i

233 505 526 577 raptoribus
549 511 764 573 peccata
801 518 1012 558 eorum.
1037 502 1204 570 Quasi
1235 503 1415 573 aquila
1438 512 1589 559 stans
1618 519 1782 573 super
1811 507 1854 564 Α
1884 505 2111 560 arrectis
2141 503 2376 573 lanceis,
2403 503 2456 558 in
2501 518 2692 560 necem
2740 503 3046 559 innocentis
3088 503 3317 573 proruit.
3362 503 3455 558 Ille

230 601 440 654 domum
471 595 562 650 Dei
585 595 834 649 acumine
861 595 1144 650 oculorum
1173 597 1440 650 versutias
1468 595 1780 666 iniquorum

233 687 562 760 pravidebat,
585 696 638 741 et
662 687 933 758 unguibus
955 703 1012 742 se
1051 686 1392 743 defendebat.
1419 687 1484 742 Et
1503 688 1629 758 quia
1667 697 1784 742 erat

227 782 273 836 ei
295 780 568 850 integritas
603 779 743 845 vitae,
786 788 841 834 et
867 779 1091 834 verbum
1135 795 1330 834 sanum
1364 788 1420 835 et
1443 779 1783 850 irreprehen-

225 873 398 938 sibile;
426 872 493 938 is,
517 871 607 941 qui
639 887 706 926 ex
735 871 964 926 adverso
987 879 1122 937 erat,
1153 872 1500 928 reverebatur
1522 886 1671 938 eum,
1700 870 1783 924 ni-

225 966 295 1019 hil
316 964 516 1020 habens
552 963 679 1018 mali
703 964 770 1018 de
805 979 872 1018 eo
893 963 1091 1019 dicere.
1118 962 1421 1019 Tutabatur
1442 979 1565 1019 eum
1593 973 1780 1018 contra

220 1071 403 1112 omnes
451 1054 605 1110 favor
632 1054 897 1126 Sigeberti
945 1056 1094 1126 (987)
1129 1056 1292 1128 regis,
1341 1055 1434 1126 qui
1467 1064 1679 1110 amator
1700 1056 1781 1109 di-

222 1148 352 1200 vinae
379 1146 655 1218 religionis
684 1148 876 1204 oculos
907 1148 1141 1203 habebat
1165 1146 1488 1203 columbina:
1515 1147 1779 1218 simplici-

221 1242 358 1294 tatis.
385 1238 506 1306 Quo
547 1239 824 1308 defuncto,
870 1259 1097 1311 regnum
1146 1241 1464 1310 Austrasite,
1511 1241 1653 1312 quod
1702 1249 1780 1296 te-

222 1339 418 1393 nuerat,
469 1329 616 1384 dedit
668 1331 834 1386 frater
877 1332 997 1400 ejus
1037 1333 1341 1389 Clodoveus
1371 1333 1480 1388 ﬁlio
1527 1349 1628 1388 suo
1669 1332 1780 1387 1111-

219 1419 361 1473 drico
396 1419 564 1490 (988).
599 1420 737 1476 Tum
792 1438 921 1477 vero
969 1424 1149 1479 omnis
1177 1425 1386 1480 malitia
1438 1433 1492 1480 et
1516 1425 1780 1495 injustitia

219 1510 268 1562 in
298 1526 458 1581 regno
487 1514 788 1582 prmvaluit,
835 1523 888 1568 et
911 1523 1102 1570 contra
1146 1513 1444 1572 Ecclesiam
1477 1517 1652 1587 gravis
1677 1517 1779 1572 do-

221 1602 447 1656 mestica:
506 1604 845 1673 tempestatis
907 1605 1066 1658 turbo
1115 1605 1370 1660 intonuit.
1426 1605 1781 1666 Theodardus

217 1700 410 1759 autem,
460 1694 588 1763 quia
645 1695 1018 1750 mercenarius
1066 1713 1175 1750 non
1232 1705 1370 1765 erat,
1419 1713 1528 1752 non
1578 1697 1714 1770 fugit
1748 1714 1779 1752 a

216 1783 344 1839 facie
376 1785 666 1854 luporum;
701 1788 792 1841 sed
824 1803 921 1857 pro
958 1788 1154 1843 ovibus
1199 1789 1314 1844 suis
1343 1790 1684 1844 constantius
1711 1806 1778 1844 ex

214 1874 432 1930 adverso
485 1877 654 1931 stetit.
689 1877 755 1932 Et
807 1878 932 1947 quia
975 1888 1163 1948 pastor
1212 1879 1572 1935 essentialiter
1605 1881 1780 1936 bonus

210 1966 448 2020 dixerat:
488 1966 749 2036 Majorem
797 1969 895 2022 hac
937 1970 1271 2024 dilectionem
1324 1988 1472 2025 nemo
1514 1971 1690 2038 habet,
1722 1981 1780 2026 ut

211 2060 434 2113 animam
487 2077 644 2114 suam
668 2072 831 2132 ponat
860 2080 977 2133 quis
1011 2080 1106 2133 pro
1132 2065 1318 2117 amicis
1343 2066 1454 2118 suis
1484 2063 1663 2136 (Joan.
1691 2081 1778 2132 xv,

214 2149 324 2218 15);
350 2166 446 2206 nec
471 2151 528 2206 in
557 2152 661 2207 hoc
687 2153 887 2208 surdus
911 2155 1124 2210 auditor
1145 2153 1268 2222 fuit,
1298 2164 1521 2226 paratus
1542 2171 1641 2227 pro
1663 2157 1780 2211 ovi-

211 2238 304 2294 bus
331 2240 574 2296 animam
610 2258 830 2312 ponere.

275 2329 355 2386 10.
382 2331 485 2387 Sed
530 2350 599 2388 ne
628 2335 758 2404 quid
779 2335 1122 2406 inexpertum
1149 2337 1497 2408 relinqueret,
1517 2337 1779 2395 deliberat

211 2439 375 2495 regem
418 2424 721 2482 Hildrieum
757 2429 904 2483 adire
929 2439 980 2485 et
1010 2439 1135 2485 ante
1157 2447 1282 2486 eum
1305 2447 1468 2502 super
1493 2432 1775 2502 injustitiis

209 2517 439 2574 ecclesia:
479 2520 652 2576 illatis
705 2521 950 2592 legaliter
993 2524 1360 2594 expostulare,
1402 2526 1448 2581 si
1497 2525 1637 2581 forte
1683 2543 1778 2598 per

209 2624 483 2666 censuram
539 2614 774 2685 regalem
818 2615 1046 2671 ecclesia
1092 2618 1466 2687 possessiones
1489 2636 1616 2674 suas
1639 2621 1779 2676 reci-

212 2710 350 2769 peret
381 2712 471 2758 :et
515 2703 778 2761 divinitus
824 2707 1051 2764 edoctus
1081 2725 1113 2764 a
1143 2711 1340 2766 mentis
1373 2728 1489 2768 sure
1531 2714 1773 2778 oraculo,

207 2796 477 2854 imminere
525 2799 629 2854 sibi
675 2809 887 2871 tempus
939 2804 1232 2873 passionis,
1272 2805 1542 2876 disposuit
1591 2808 1774 2864 domui

208 2903 329 2955 suae,
355 2897 408 2944 et
429 2891 696 2947 omnibus
731 2892 984 2949 ultimum
1005 2895 1124 2950 vale
1144 2897 1353 2965 dicens,
1384 2913 1622 2969 ovesque
1649 2916 1777 2956 suas

208 2980 276 3034 illi
316 2985 711 3042 commendans
749 2987 844 3058 qui
879 2988 983 3044 sibi
1037 2990 1158 3045 illas
1198 2993 1616 3058 commendavit,
1640 2993 1778 3050 duce

209 3074 390 3131 mentis
443 3078 780 3146 constantia,
815 3095 937 3135 cum
972 3082 1162 3151 paucis
1205 3082 1307 3136 iter
1327 3082 1574 3153 arripuit.
1605 3082 1777 3140 Porro

209 3162 296 3219 ﬁlii
325 3163 519 3264 Delial,
801 3171 1002 3227 duritia
1033 3172 1423 3243 imptenitentis
1449 3174 1628 3229 cordis
1656 3175 1774 3229 the-
1804 3208 1845 3264 ο

208 3258 552 3314 saurizabant
573 3261 679 3316 sibi
707 3262 867 3329 iram,
899 3264 1050 3318 nullo
1081 3265 1243 3320 modo
1264 3274 1555 3335 potuerunt
1583 3267 1777 3321 adduci

211 3347 270 3402 ad
298 3350 542 3422 aliquam
568 3352 928 3423 resipiscendi
955 3355 1120 3410 viam.
1151 3355 1257 3423 Qui
1286 3357 1540 3425 scientes,
1571 3358 1697 3428 quia
1722 3357 1776 3412 in

207 3443 343 3498 nullo
369 3445 469 3500 sibi
503 3447 853 3518 responderet
876 3448 1112 3520 justitia,
1147 3451 1192 3506 si
1219 3452 1286 3507 de
1314 3453 1660 3523 pmsumptis
1687 3468 1776 3508 re-

208 3532 300 3591 bus
325 3535 592 3594 Ecclesiaa
628 3555 817 3596 coram
862 3542 1121 3611 palatinis
1177 3552 1428 3615 ageretur
1462 3554 1778 3600 controver-

206 3625 300 3693 sia,
337 3629 481 3684 mala
516 3629 676 3687 malis
697 3632 1068 3700 accumulant,
1091 3642 1145 3689 et
1171 3649 1237 3689 ex
1271 3632 1666 3704 desperationis
1687 3649 1780 3705 pe-

206 3716 370 3774 riculo
397 3721 463 3775 de
494 3730 672 3776 morte
710 3723 1019 3780 innocentis
1047 3725 1296 3794 praesulis
1323 3733 1574 3792 tractant,
1597 3734 1652 3780 et
1679 3726 1780 3782 iter

209 3807 320 3878 ejus
349 3809 647 3884 diligenter
679 3814 987 3883 explorant.
1023 3813 1117 3870 Vir
1149 3825 1371 3872 sanctus
1411 3816 1546 3887 justi
1584 3833 1781 3888 propo-

211 3899 294 3955 siti
317 3910 470 3958 tenax
489 3946 504 3971 ,
529 3920 693 3974 quem
721 3906 971 3962 armabat
996 3907 1152 3964 vivus
1182 3917 1236 3963 et
1256 3909 1442 3964 eﬂicax
1475 3924 1656 3964 sermo
1685 3909 1778 3965 Dei

205 3989 422 4050 dicentis
453 4014 465 4049 :
503 3993 684 4050 Nolite
715 3997 898 4051 timere
923 4015 1012 4052 eos
1065 3999 1156 4069 qui
1183 3999 1429 4053 occidunt
1463 3999 1637 4055 solum
1663 4017 1778 4053 cor-

208 4097 296 4150 pus
333 4085 553 4156 (Matth.
612 4103 677 4154 x,
714 4088 843 4160 28),
891 4088 1007 4160 jam
1059 4089 1312 4146 dioecesis
1356 4107 1470 4146 suae
1517 4091 1780 4147 terminos

210 4175 357 4248 longe
379 4190 712 4246 excesserat,
749 4189 805 4236 et
851 4181 906 4236 in
942 4197 1100 4254 pago,
1129 4199 1292 4254 quem
1314 4183 1598 4238 Alisatiam
1619 4184 1780 4257 vulgo

211 4267 410 4337 dicunt,
437 4271 601 4326 bonis
627 4271 808 4328 adhuc
845 4274 1198 4343 proventibus
1221 4275 1448 4346 gradum
1478 4277 1696 4342 fixerat;
1726 4285 1780 4331 et

212 4375 330 4419 ecce
355 4379 568 4421 cuneus
611 4364 960 4422 inimicorum
1002 4365 1096 4422 Dei
1121 4367 1189 4422 de
1212 4367 1426 4422 insidiis
1475 4384 1778 4440 emergens,

210 4639 323 4705 cap.
357 4626 393 4705 l_
414 4642 574 4705 num.
600 4624 656 4691 8,
682 4641 750 4681 ex
797 4626 1005 4705 ordine
1028 4629 1354 4698 prosecutis,
1385 4629 1658 4700 rebusque
1679 4645 1776 4700 pa-

210 4697 334 4770 riter
354 4697 712 4770 fideliterque
733 4697 1060 4770 supputatis’,
1091 4708 1428 4769 compertum
1474 4697 1586 4765 est,
1605 4697 1774 4770 quos-

1881 598 2127 654 munitus
2173 605 2290 673 tuto
2314 595 2588 667 patient-ite
2613 596 2821 668 clypeo,
2847 611 2943 652 eos
2971 596 3037 650 ad
3068 595 3216 665 pacis
3249 595 3454 650 bonum

1881 689 2112 745 invitare
2137 689 2383 758 volebat;
2413 688 2509 744 sed
2530 688 2657 760 quia
2680 704 2790 743 non
2815 697 2970 742 erant
2995 687 3086 741 lilii
3123 685 3293 757 pacis,
3323 701 3450 756 pax,

1879 797 1990 835 non
2033 780 2317 836 inveniens
2365 781 2421 835 in
2457 781 2538 837 eis
2580 779 2675 836 ubi
2706 779 3090 850 requiesceret,
3118 779 3186 833 ad
3213 777 3452 846 amicum

1879 875 2031 944 pacis
2073 890 2289 932 reversa
2312 882 2415 929 est.
2438 871 2512 929 Ut
2541 873 2653 944 lupi
2681 888 2882 944 agnum
2909 871 3059 941 impii
3098 871 3454 926 circumstant

1880 967 2052 1036 pium,
2073 968 2336 1038 illumque
2357 967 2548 1022 oculos
2570 966 2638 1021 ad
2660 965 2858 1021 caelum
2887 965 3159 1019 tollentem
3181 971 3232 1017 et
3256 977 3354 1032 pro
3375 961 3452 1016 eis

1879 1067 2125 1114 orantem
2173 1059 2420 1130 exemplo
2464 1057 2593 1114 Jesu
2649 1057 2703 1112 in
2742 1073 2903 1112 cruce
2943 1055 3224 1126 pendentis
3258 1062 3453 1108 contu-

1879 1149 2058 1206 meliis
2104 1148 2364 1217 alliciunt,
2403 1149 2555 1204 humi
2601 1156 2988 1220 prosternunt;
3017 1155 3070 1201 et
3107 1145 3233 1216 quia
3265 1143 3455 1214 nequit

1879 1242 2018 1296 iram
2040 1241 2256 1312 explere
2282 1250 2544 1312 potestas,
2568 1250 2733 1313 caput
2767 1251 2959 1298 sancto
2989 1240 3108 1295 oleo
3131 1245 3454 1309 perunctum

1881 1336 1934 1390 in
1981 1335 2156 1391 frusta
2201 1341 2408 1402 secant,
2435 1351 2636 1406 corpus
2661 1343 2910 1390 sanctum
2946 1331 3288 1387 membratim
3319 1329 3457 1384 dila-

1880 1429 2053 1483 niant.

1950 1519 2036 1573 ll.
2069 1517 2238 1573 Terra
2286 1517 2505 1589 quidem
2541 1517 2622 1573 sic
2657 1517 2782 1573 data
2820 1525 2905 1572 est
2941 1517 2994 1570 in
3034 1530 3230 1569 manus
3258 1511 3455 1584 impio-

1879 1627 2037 1678 rum;
2078 1611 2306 1681 spiritus
2337 1618 2518 1664 autem
2551 1610 2621 1665 ab
2668 1609 2816 1664 omni
2855 1618 3012 1664 terrae
3054 1607 3248 1662 rudere
3295 1619 3458 1663 exco-

1880 1712 2002 1758 ctus
2035 1719 2130 1772 per
2178 1703 2356 1773 ignem
2404 1701 2676 1773 passionis
2725 1711 2777 1756 et
2813 1711 2872 1756 ut
2906 1716 3100 1754 aurum
3149 1699 3205 1752 in
3237 1696 3458 1752 fornace

1883 1794 2140 1863 probatus
2184 1792 2343 1846 rediit
2367 1792 2434 1846 ad
2464 1791 2777 1856 Dominum,
2803 1790 2897 1860 qui
2928 1789 3055 1844 fecit
3087 1788 3261 1842 illum.
3297 1786 3456 1841 Fides

1884 1881 2162 1947 nimirum,
2180 1897 2300 1950 qua:
2323 1879 2708 1952 protomartyri
2735 1879 3010 1949 Stephano
3035 1877 3246 1948 aperuit
3265 1877 3454 1942 coelos,

1882 1982 1941 2028 ut
1964 1973 2170 2027 videret
2190 1971 2370 2026 Iesum
2394 1989 2425 2024 a
2453 1972 2656 2024 dextris
2683 1969 2782 2024 Dei
2825 1978 3049 2023 stantem
3077 1968 3218 2039 (Act.
3241 1983 3339 2033 vn,
3363 1966 3455 2036 55)

1881 2065 1948 2119 ad
1989 2063 2363 2122 auxiliandum
2402 2063 2526 2130 sibi,
2555 2063 2670 2118 haec
2710 2079 2930 2134 quoque
2959 2061 3282 2116 Theodardo
3312 2074 3458 2113 mar-

1881 2157 1986 2228 tyri
2015 2157 2184 2212 caelos
2205 2155 2440 2225 aperuit,
2476 2170 2711 2224 eumque
2742 2154 3002 2210 ferentem
3051 2153 3303 2222 stigmata
3327 2149 3456 2206 Jesu

1881 2250 1935 2304 in
1974 2249 2111 2304 libro
2149 2248 2273 2304 vita:
2317 2264 2441 2304 cum
2483 2247 2816 2319 martyribus
2861 2243 3060 2300 ascribi
3111 2241 3256 2297 fecit.
3294 2240 3455 2307 Deus,

1880 2342 1973 2412 qui
2001 2341 2212 2396 notavit
2236 2340 2672 2395 incredulitatem
2695 2333 3262 2405 Judmorum,quando
3286 2331 3454 2388 dixit:

1884 2433 2007 2487 Nisi
2043 2434 2194 2504 signa
2223 2442 2272 2486 et
2301 2433 2544 2502 prodigia
2589 2431 2849 2496 videritis,
2886 2445 2988 2482 non
3021 2427 3238 2481 creditis
3271 2423 3454 2496 (Joan.

1881 2541 1952 2589 tv,
1990 2524 2116 2594 48),
2151 2533 2301 2578 notat
2343 2534 2588 2578 nostram
2615 2536 2832 2592 quoque
2871 2516 3324 2582 incredulitatem,
3363 2513 3457 2584 qui

1879 2616 2072 2671 merita
2107 2614 2218 2670 Deo
2267 2615 2594 2685 placentium
2633 2629 2744 2668 non
2791 2611 3130 2668 azstlmamus
3165 2625 3231 2662 ex
3259 2607 3459 2661 virtute

1879 2724 2125 2778 operum,
2159 2708 2254 2764 sed
2297 2723 2364 2762 ex
2406 2706 2719 2763 ostensione
2756 2704 3034 2776 signorum
3070 2701 3269 2772 :signa
3309 2698 3454 2754 enim

1878 2816 1984 2853 non
2012 2798 2220 2854 faciunt
2271 2797 2546 2852 hominem
2577 2797 2794 2852 beatum
2848 2793 2943 2852 sed
2989 2808 3114 2848 eum
3144 2791 3314 2846 beata:
3333 2789 3459 2845 vitae

1881 2891 2050 2948 fuisse
2074 2891 2390 2956 ostendunt,
2423 2898 2476 2945 et
2509 2906 2576 2944 ex
2599 2890 2839 2945 novitate
2857 2903 3043 2971 rerum
3070 2901 3169 2940 nos
3196 2884 3262 2938 ad
3291 2896 3457 2938 vene-

1880 2987 2146 3041 rationem
2193 2993 2508 3040 sanctorum
2559 2983 2854 3036 adducunt.
2906 2979 3048 3034 Ecce
3079 2976 3456 3040 'l‘heodardus,

1879 3079 1973 3148 qui
2006 3077 2182 3133 fuerat
2231 3093 2497 3148 organum
2533 3074 2772 3145 Spiritus
2795 3073 2968 3129 sancti
2993 3072 3062 3126 ab
3096 3070 3275 3140 impiis
3299 3069 3460 3122 inter-

1880 3170 2074 3238 fectus,
2126 3169 2342 3240 jacebat
2381 3167 2539 3238 quasi
2588 3167 2714 3223 vilis
2767 3173 2822 3222 et
2864 3165 3173 3233 despectus,
3205 3170 3260 3216 et
3301 3160 3461 3232 quasi

1877 3277 2171 3332 percussus
2205 3276 2234 3314 a
2265 3259 2375 3315 Deo
2405 3267 2460 3314 et
2508 3257 2848 3312 humiliatus.
2912 3254 3017 3308 Sed
3065 3253 3246 3307 divina
3289 3251 3460 3321 pietas

1878 3361 2052 3408 totum
2088 3351 2155 3406 de
2191 3366 2257 3406 eo
2282 3348 2599 3405 scandalum
2623 3345 2938 3401 hominibus
2960 3343 3205 3410 abstulit,
3227 3341 3355 3396 dum
3393 3339 3460 3395 ad

1879 3444 2252 3500 testimonium
2298 3435 2608 3498 sanctitatis
2645 3438 2764 3509 ejus
2785 3435 3055 3493 evidentia
3091 3435 3244 3507 signa
3271 3442 3458 3489 osten-

1879 3537 1979 3593 (Μ’
2498 3601 2730 3660 CAPUT
2752 3601 2840 3658 111.

1881 3697 2077 3752 Mulier
2095 3695 2334 3751 carcitatc
2366 3695 2555 3766 punita
2581 3694 2794 3766 etaiam
2831 3693 2880 3748 ei
2907 3689 3178 3766 redditus;
3199 3685 3460 3766 estquia

1951 3785 1984 3822 a
2021 3757 2517 3838 frequentegpopulo
2566 3765 2871 3838 celebrator;
2920 3759 3186 3815 miracula
3235 3760 3303 3838 in.
3343 3757 3459 3838 lace

1949 3827 2135 3963 prima?
2163 3827 2450 3907 sepultura:
2473 3852 2487 3866 ·
2525 3852 2715 3906 corpus
2754 3827 2874 3890 inde
2921 3839 3159 3886 avectam
3186 3837 3235 3884 et
3274 3827 3460 3882 Leodii

1985 3919 2264 3980 epositum.

1952 4000 2037 4056 12.
2079 4001 2221 4056 Puer
2248 4015 2280 4056 e
2316 3998 2589 4056 famulitio
2633 3997 2808 4054 sancti
2849 3994 3116 4069 praesulis,
3160 3991 3254 4063 qui
3283 3991 3457 4056 solus,

1879 4093 2090 4149 caeteris
2122 4091 2176 4146 in
2207 4091 2392 4163 fugam
2425 4090 2623 4155 versis,
2659 4088 2965 4146 excubabat
2992 4086 3059 4141 ad
3090 4098 3290 4155 corpus
3330 4097 3459 4137 exa-

1883 4185 2050 4251 nime,
2075 4183 2265 4238 dolens
2295 4198 2419 4238 esse
2447 4181 2672 4252 disiecta
2695 4195 2728 4236 a
2759 4195 2817 4236 se
2837 4178 2983 4234 beati
3011 4175 3259 4247 corporis
3290 4189 3460 4228 mem-

1879 4277 1997 4342 bra,
2024 4276 2297 4330 nitebatur
2317 4282 2378 4330 ut
2398 4290 2461 4330 ea
2496 4287 2720 4345 quoquo
2764 4273 2927 4328 modo
2959 4270 3174 4325 uniret:
3206 4275 3260 4322 et
3288 4280 3462 4320 mem-

1880 4369 2041 4424 brum
2091 4367 2310 4440 quidem
2337 4366 2586 4422 membro
2632 4375 2727 4420 aut
2759 4371 2970 4434 partem
2999 4359 3141 4432 parti
3171 4365 3458 4430 coaptans,

1879 4630 2009 4694 dum
2059 4639 2142 4685 est
2175 4629 2243 4685 de
2282 4628 2340 4683 8.
2379 4626 2659 4693 Remaclo,
2695 4625 2812 4697 qui,
2843 4639 2971 4681 eum
3009 4621 3069 4678 S.
3111 4620 3456 4697 Sigebertum

1878 4693 2058 4770 regem
2083 4700 2184 4755 sibi
2217 4699 2653 4770 addictissimum
2682 4693 2877 4752 nactus
2906 4704 3071 4770 esset,
3089 4693 3461 4770 quemadmo-

210 4765 325 4840 dam
348 4765 548 4823 fundos
576 4782 608 4820 a
631 4766 746 4822 suis
774 4765 1020 4840 patribus
1052 4765 1234 4824 minus
1277 4770 1424 4840 justc
1447 4765 1769 4826 obtinuisse.
1805 4769 1852 4828 D
1878 4765 2010 4824 du'm
2057 4769 2341 4834 beneficia,
2393 4768 2593 4840 quibus
2647 4783 2776 4840 eum
2827 4765 3149 4830 cumulavit,
3201 4771 3458 4840 testatum

209 4832 316 4915 liae
335 4853 616 4915 vero_cura
640 4853 735 4915 pro
760 4832 899 4892 male
935 4840 1178 4915 multatis
1207 4832 1452 4895 ecclesia:
1477 4842 1780 4915 possessio-

212 4906 364 4961 nibus
402 4907 545 4962 infra
599 4909 685 4962 sui
721 4924 921 4962 arcana
958 4911 1140 4965 cordis
1184 4906 1494 4976 recursans,
1527 4911 1776 4966 dubitare

213 4977 390 5046 coepit,
443 4979 576 5048 quid
612 4979 818 5042 mallet,
868 4989 1075 5045 utrum,
1109 4988 1170 5034 ut
1201 4989 1397 5036 nactus
1439 4990 1544 5047 est,
1578 4982 1808 5041 sineret.

211 5059 556 5122 permanere;
583 5065 654 5104 an
697 5065 863 5122 super
893 5051 996 5122 lnge
1022 5051 1238 5122 negotio
1287 5060 1537 5122 pergeret
1571 5052 1649 5106 ire
1677 5067 1777 5105 au-

213 5130 294 5170 res
330 5119 506 5192 regias
555 5121 898 5189 compellare.
935 5119 1176 5176 Tandem
1225 5119 1304 5174 in'
1332 5119 1562 5177 Domino
1589 5131 1773 5192 prote-

212 5193 352 5242 ctore
373 5189 634 5261 conlisus,
677 5206 853 5261 neque
883 5201 1152 5257 metuens,
1204 5192 1334 5261 quid
1374 5189 1640 5247 faceretei
1671 5193 1772 5246 ho-

214 5271 318 5327 mo,
339 5259 489 5313 stetit
515 5259 816 5326 sententiae,
854 5281 873 5313 1
907 5264 974 5316 ad
1012 5259 1380 5318 Childericum
1406 5262 1450 5316 ll
1472 5262 1776 5318 Austrasiaa

215 5341 388 5412 regem
440 5330 716 5412 profectus
759 5332 895 5412 etin
936 5333 1130 5390 itinere
1167 5335 1489 5412 cgesusfuit.
1524 5333 1602 5389 Ex
1621 5334 1772 5412 Ad'ata

212 5401 461 5521 auonErni
503 5401 768 5482 relatione
790 5411 844 5456 et
871 5418 937 5485 εξ
960 5419 1046 5484 eo,
1070 5405 1214 5485 quod
1243 5403 1586 5485 Childericus
1615 5403 1647 5458 6
1677 5403 1772 5457 Se-

213 5474 349 5521 Dtem
391 5485 467 5521 ris
496 5486 624 5521 anm
670 5471 774 5521 667
809 5470 1042 5521 Traiecti
1073 5491 1126 5521 In
1159 5490 1261 5521 sum
1302 5475 1502 5521 nnlatm
1525 5483 1772 5521 versatus

213 5469 467 5550 ptembris
490 5471 624 5550 anni
809 5470 1043 5543 Trajecti
1073 5469 1128 5528 in
1159 5490 1261 5529 suo
1302 5475 1502 5544 palatio
1525 5483 1772 5550 versatus

213 5533 390 5621 fuerit,
413 5541 551 5621 satis
580 5540 872 5621 colligitur,
903 5533 1160 5621 sanctum
1191 5533 1437 5600 nostrum
1484 5545 1772 5621 praesulem

213 5612 426 5683 nonnisi
465 5621 587 5683 post
626 5612 833 5667 dictum
887 5614 1030 5669 diem
1075 5623 1130 5670 et
1157 5623 1362 5670 annum
1417 5614 1770 5683 comperisse,

214 5673 348 5759 bona
375 5673 613 5759 ecclesiae
640 5699 769 5759 sua:
816 5683 885 5759 ab
933 5684 1152 5759 iniquis
1174 5673 1585 5759 possessoribus
1629 5673 1771 5759 deti:

215 5748 346 5830 neri.
372 5747 692 5830 Prpﬂollieio
717 5769 825 5830 suo
845 5754 998 5830 haud
1027 5747 1191 5830 dubie
1237 5755 1400 5830 c_it_ius
1432 5770 1493 5808 ea
1528 5753 1773 5823 repetiis-

215 5824 313 5881 set,
341 5821 386 5873 si
414 5821 574 5879 citius
600 5822 731 5878 illud
760 5824 860 5894 ipsi
893 5824 1238 5880 innotuisset.
1265 5824 1409 5881 Idem
1435 5821 1770 5894 praesumen-

1880 4839 2110 4905 faciunt,
2173 4832 2428 4894 alienata'
2462 4837 2620 4892 facile
2670 4838 2813 4892 bona
2867 4849 3242 4905 recuperasse.
3272 4832 3460 4905 Neque

1879 4911 2034 4965 aliter
2059 4902 2402 4965 sentiendum
2426 4909 2494 4962 de
2524 4907 2581 4962 S.
2611 4907 2881 4974 Amando,
2907 4902 3058 4976 quia
3085 4905 3318 4960 Martino
3348 4902 3452 4955 PP.

1879 4979 2301 5035 lliberationem
2345 4979 2414 5033 ab
2462 4993 2629 5034 onere
2678 4978 2972 5048 episcopali
3013 4977 3334 5048 efﬂagitans,
3388 4988 3458 5048 ne

1877 5051 2057 5132 verbo.
2081 5049 2300 5132 quidem
2336 5049 2667 5132 mentionem
2702 5042 2846 5132 :fecit
2870 5042 2973 5132 ’(111Δ
3013 5042 3186 5132 rebus
3211 5042 3457 5132 ecclesiae

1878 5136 1993 5175 sua:
2043 5111 2245 5189 injuste
2280 5119 2582 5188 occupatis,
2625 5117 2719 5174 sed
2754 5127 3044 5189 corruptos
3075 5111 3456 5170 tantummodo

1879 5190 2010 5245 cleri
2033 5205 2216 5244 mores
2245 5189 2445 5260 attigit.
2485 5188 2598 5245 Etsi
2637 5188 2776 5245 forte
2805 5205 2834 5243 a
2860 5189 2918 5243 S.
2939 5187 3148 5260 Joanne
3170 5184 3326 5260 Agno
3349 5182 3456 5260 mi-

1881 5277 1977 5314 nus
2006 5261 2154 5330 juste
2176 5250 2376 5316 fundos
2397 5260 2566 5330 aliqui
2589 5259 2920 5330 acceperint,
2948 5274 3013 5313 ac
3031 5255 3158 5330 dein
3181 5250 3322 5330 niala
3347 5250 3458 5330 fide

1878 5321 2241 5401 possederint,
2274 5346 2383 5384 non
2413 5321 2534 5385 ideo
2562 5321 2742 5384 tamen
2775 5321 3000 5401 sanctus
3029 5327 3118 5401 ille
3151 5321 3457 5401 culpandus

1878 5397 1988 5468 est;
2042 5417 2167 5455 nam
2218 5400 2411 5455 fraude
2460 5398 2844 5455 circumveniri
2893 5397 3089 5468 potuit,
3134 5409 3299 5466 quam
3338 5398 3458 5448 tan-
3507 5401 3512 5403 ’

1877 5471 1999 5527 dem
2025 5471 2287 5526 detexerit
2320 5469 2378 5525 S.
2412 5468 2786 5524 Theodardus.

1949 5543 2099 5614 (987)
2120 5542 2370 5614 Sanctus
2396 5549 2584 5614 noster
2612 5554 2721 5614 non
2753 5536 2892 5593 sedit
2923 5534 3029 5590 sub
3049 5549 3176 5605 rege
3203 5531 3456 5604 Sigeber-

1880 5609 2088 5678 to,'nisi
2112 5610 2253 5667 forte
2285 5611 2434 5666 brevi
2461 5609 2753 5678 admodum
2777 5615 3042 5677 tempore.

1949 5672 2098 5753 (988)
2123 5681 2251 5753 Post
2273 5681 2605 5753 Clodoveum
2631 5677 2673 5753 l_l
2689 5672 3024 5753 Francorum
3048 5673 3344 5753 monarcha
3371 5672 3454 5725 fa-
3505 5705 3524 5722 ι

1874 5745 1997 5807 ctus
2017 5745 2101 5807 est
2125 5752 2244 5821 ejus
2290 5751 2435 5821 titius
2467 5745 2862 5821 Clotariuslll,
2897 5746 2993 5821 qui
3042 5746 3344 5821 Austrasne
3371 5757 3460 5797 re-.

1881 5838 2050 5893 gnum
2082 5813 2235 5877 fratri
2261 5836 2362 5876 suo
2389 5819 2696 5876 Childerico
2732 5817 2776 5875 ll
2800 5813 2964 5876 cessit
2984 5832 3131 5874 anno
3151 5813 3275 5874 660.
