3908 6316
1834 255 1862 267 κ

404 411 510 467 735

1578 416 1936 475 SlGEBERTl
1975 417 2501 476 GEMBLACENSIS

3576 418 3675 482 756

394 540 503 579 non
535 523 773 579 habebat
796 523 941 580 unde
968 540 1031 580 ea
1058 511 1355 598 colligaret.
1399 525 1599 600 Nempe
1632 532 1837 587 inimici
1855 532 1969 601 jus-
2010 537 2057 592 A
2084 534 2357 605 colligata,
2388 530 2638 604 agnoscit
2664 530 2882 586 tandem
2917 539 3183 602 quantum
3212 533 3520 603 peccaverit
3555 550 3677 605 qus

394 618 528 673 titia:
556 617 764 672 scelere
808 627 1118 688 perpetrato
1146 615 1337 677 omnes
1375 623 1539 677 etiam
1570 625 1815 681 sarcinas
1848 625 1983 681 diri-

388 720 643 780 puerant.
687 709 845 779 Quod
877 712 1055 769 solum
1091 715 1265 785 potuit
1298 731 1434 787 puer
1459 715 1603 784 fecit,
1636 728 1689 774 et
1713 728 1983 791 quotquot

387 803 636 858 membra
658 802 819 859 unire
842 806 1019 875 potuit
1045 806 1247 863 institis
1264 808 1379 864 suis
1399 810 1702 882 colligabat.
1721 811 1859 867 Cum
1886 813 1982 868 ad-

386 896 499 951 huc
534 895 585 951 ei
620 912 736 952 suae
767 912 877 951 non
909 898 1218 955 sufﬁcerent
1246 900 1464 969 instita},
1490 903 1652 973 εαξρῆ
1677 904 1863 959 animo
1884 905 1981 960 de-
2008 918 2023 921 ·

384 987 571 1055 ﬁcere,
604 997 659 1044 et
689 990 859 1044 multa
891 1006 1076 1046 secum
1110 994 1416 1063 revolvens,
1448 1012 1516 1051 ex
1549 997 1781 1054 consilio
1812 997 1981 1053 animi

386 1079 475 1134 sui
524 1080 713 1136 villam
761 1098 885 1153 quae
942 1084 1192 1154 proxima
1237 1096 1354 1142 erat
1408 1088 1584 1158 petiit,
1626 1105 1854 1161 sperans
1881 1089 1979 1146 Dei

386 1173 653 1228 auxilium
679 1174 783 1229 sibi
809 1192 916 1230 non
946 1176 1262 1233 defuturum
1298 1199 1311 1234 :
1342 1196 1442 1237 nec
1465 1198 1591 1253 spes
1613 1198 1738 1238 eum
1767 1181 1977 1251 fefellit;

385 1280 514 1319 nam
536 1263 678 1321 inter
698 1268 958 1323 eumdum
981 1269 1203 1328 offendit
1224 1272 1625 1343 mulierculam,
1644 1276 1698 1331 in
1727 1292 1858 1332 cura
1884 1294 1982 1348 pa-

385 1358 714 1415 scendarum
739 1361 923 1417 ovium
952 1374 1273 1436 occupatam
1308 1377 1363 1423 et
1401 1368 1580 1424 nendo
1633 1369 1978 1426 diducentem

387 1447 455 1503 de
480 1449 603 1504 colo
623 1449 733 1505 ﬁla.
753 1450 1034 1510 Mulierem
1056 1457 1368 1527 compellat,
1392 1466 1448 1512 et
1470 1458 1573 1514 sibi
1595 1458 1685 1514 ﬁla
1708 1460 1828 1514 dari
1848 1476 1980 1531 sup-

384 1539 509 1609 plex
533 1543 797 1612 postulat,
828 1552 882 1598 et
910 1561 1010 1600 cur
1034 1547 1273 1616 postulet
1306 1565 1528 1604 causam
1556 1549 1716 1618 dicit;
1750 1566 1977 1622 remque

384 1644 604 1687 omnem
627 1634 818 1689 ordine
839 1637 1048 1706 pandit.
1068 1637 1311 1694 Audiens
1336 1641 1425 1695 illa
1453 1642 1775 1697 exsecrandi
1802 1644 1977 1699 scele-

383 1722 463 1778 ris
508 1724 882 1794 acerbitatem,
933 1730 1112 1798 primo
1158 1730 1485 1788 horrescens
1507 1734 1735 1804 stupuit.
1769 1733 1975 1791 Deinde

2085 626 2339 682 ancillam
2390 625 2737 680 innocentem
2785 632 2840 679 et
2894 634 3088 680 sancto
3135 626 3368 698 martyri
3422 628 3675 683 devotam

2084 716 2434 786 percusserit.
2484 714 2673 771 Fletur
2726 715 2797 771 ab
2845 716 3104 797 omnibus
3152 731 3266 786 prae
3322 716 3536 786 lzetitia,
3566 717 3677 774 Deo

2083 808 2296 876 laudes,
2349 807 2463 864 Deo
2500 806 2707 880 gratias
2755 806 3124 864 clamantibus
3175 808 3438 865 cunctis:
3483 811 3676 866 crescit

2084 903 2267 957 debita
2296 901 2525 974 martyri
2553 900 2897 969 reverentia;
2920 899 3070 957 fama
3100 902 3246 957 volat
3265 917 3365 972 per
3395 911 3567 958 totam
3592 902 3677 957 vi-

2085 993 2321 1061 ciniam;
2347 992 2609 1049 discurrit
2654 992 2874 1064 longius
2904 1007 3001 1063 per
3025 1000 3192 1048 totam
3219 1008 3444 1064 quoque
3465 994 3677 1064 provino

2066 1085 2246 1145 ciam.
2285 1081 2741 1154 Quaquaversum
2790 1082 2983 1138 oculos
3033 1083 3297 1152 ﬁecteres,
3338 1099 3677 1142 concurren-

2082 1177 2221 1232 tium
2254 1176 2446 1232 turbas
2474 1190 2752 1231 cerneres.
2805 1173 3239 1244 Materfamilias,
3270 1193 3397 1248 quae
3427 1192 3598 1234 causa
3625 1184 3681 1234 et

2084 1266 2241 1321 testis
2265 1273 2383 1320 erat
2401 1265 2541 1320 tanti
2571 1264 2848 1332 miraculi,
2871 1273 3045 1324 totam
3074 1281 3134 1323 se
3155 1266 3439 1337 rejieiebat
3463 1267 3520 1322 in
3549 1283 3678 1338 gra-

2082 1356 2215 1410 tiam
2252 1355 2428 1412 sancti
2450 1355 2730 1428 martyris,
2760 1356 2929 1411 verbo
2949 1364 3007 1412 et
3026 1358 3276 1428 exemplo
3301 1372 3411 1413 suo
3439 1357 3682 1414 invitans

2082 1463 2274 1505 omnes
2310 1448 2379 1503 ad
2423 1448 2750 1519 obsequium
2796 1448 3109 1504 celebrandi
3158 1448 3394 1505 funeris.
3441 1449 3681 1506 Docebat

2081 1555 2267 1595 rerum
2289 1538 2611 1596 vicissitudo
2636 1539 2827 1595 dolere
2847 1554 2948 1610 pro
2970 1548 3263 1609 extraneo;
3300 1549 3359 1597 at
3388 1541 3555 1597 insita
3580 1542 3682 1597 ho-

2079 1632 2216 1687 mini
2250 1639 2463 1687 naturae
2482 1631 2659 1702 pietas
2683 1631 2936 1688 eliciebat
2956 1640 3012 1688 et
3030 1632 3325 1705 lacrymas.
3363 1632 3505 1700 Quis
3530 1633 3678 1688 enim

2076 1732 2263 1795 posset
2294 1724 2479 1780 videre
2507 1723 2628 1781 sine
2672 1725 2931 1798 lacrymis
2999 1725 3146 1796 quod
3189 1725 3357 1780 etiam
3390 1725 3679 1797 sepultura

379 1812 740 1874 humanitatis
756 1819 951 1875 aﬁ'ectu
974 1837 1114 1891 pene
1135 1823 1203 1877 ad
1226 1824 1495 1897 lacrymas
1524 1826 1755 1883 adducta
1783 1826 1964 1894 :Quod

2076 1824 2259 1889 egeret
2282 1816 2367 1871 vir
2390 1816 2533 1888 apud
2558 1817 2821 1873 saeculum
2850 1825 3015 1873 tanta:
3038 1816 3318 1888 quondam
3349 1818 3680 1884 nobilitatis,

382 1907 545 1979 petis,
594 1909 791 1980 inquit,
829 1927 863 1966 ο
902 1928 1060 1983 puer,
1099 1912 1278 1971 libens
1304 1916 1491 1972 darem
1515 1958 1531 1985 ,
1562 1917 1657 1973 sed
1698 1927 1783 1975 εει
1826 1927 1974 1975 cem
2006 1899 2050 1954 Β
2077 1914 2243 1962 tanta:
2278 1907 2333 1962 in
2361 1905 2604 1964 Ecclesia
2633 1908 2940 1981 dignitatis,
2971 1918 3140 1965 tanta:
3173 1910 3317 1981 apud
3343 1909 3523 1966 Deum
3550 1927 3679 1967 san-

380 2011 547 2054 causa
571 2008 633 2055 ut
672 2002 956 2075 denegem.
992 2003 1392 2064 Matrifamilias
1417 2009 1638 2080 quippe,
1680 2011 1770 2066 cui
1796 2012 1971 2067 ancil-

380 2087 485 2158 lor,
519 2091 779 2149 diurnum
827 2111 1058 2166 pensum
1106 2099 1307 2167 debeo;
1340 2102 1487 2172 quod
1532 2102 1578 2158 si
1608 2100 1775 2158 fuerit
1802 2103 1975 2160 mino-

382 2193 588 2252 ratum,
634 2203 746 2244 non
779 2189 1001 2260 impune
1037 2190 1232 2262 feram,
1264 2210 1363 2251 nec
1393 2195 1656 2251 damnum
1691 2197 1968 2269 eﬁ'ugiam.

380 2273 549 2345 Dixit,
571 2286 626 2333 et
646 2279 815 2335 animi
840 2284 1274 2354 compassionem
1297 2302 1618 2357 prazponens
1642 2288 1848 2358 timori,
1878 2289 1973 2345 de-

380 2364 463 2420 dit
498 2368 809 2427 voluntarie
837 2372 926 2428 ﬁla
962 2375 1189 2445 petenti.

454 2458 541 2515 15.
573 2460 813 2534 Compos
833 2466 942 2521 voti
966 2483 1101 2537 puer
1122 2469 1417 2540 repedabat
1438 2471 1797 2541 quantocius;
1822 2480 1877 2529 et
1902 2489 1971 2528 ne

378 2564 503 2606 eum
534 2553 741 2626 pigeret
786 2557 1015 2623 laboris,
1062 2560 1328 2630 majorem
1368 2572 1497 2619 voto
1533 2564 1967 2622 consolationem

378 2644 589 2715 accepit
614 2645 900 2706 divinitus.
930 2640 1142 2707 Invenit
1167 2669 1407 2725 namque
1447 2655 1557 2711 duo
1584 2656 1878 2713 luminaria
1901 2659 1969 2713 ad

377 2742 543 2805 caput
570 2744 626 2791 et
664 2739 828 2808 pedes
866 2743 1123 2813 martyris
1162 2744 1489 2801 altrinsecus
1525 2747 1761 2804 lucentia
1790 2768 1803 2804 :
1836 2749 1999 2817 Quis'

376 2840 487 2880 non
534 2828 765 2884 miretur
820 2840 935 2900 tua,
986 2831 1235 2903 Christe,
1273 2838 1582 2909 magnalia?
1608 2838 1748 2906 Quia
1786 2838 1968 2897 Theo-

379 2916 588 2975 dardus
622 2920 715 2974 lux
753 2921 808 2977 in
839 2922 1091 2980 ‘Domino
1122 2924 1318 2993 fuerat,
1343 2930 1490 2984 et‘ut
1518 2930 1664 2987 ﬁlius
1687 2931 1827 2987 lucis
1851 2948 1970 2987 am-

378 3007 690 3077 bulaverat;
721 3020 778 3067 tu
800 3012 895 3067 lux
917 3030 1065 3082 vera,
1084 3030 1301 3072 omnem
1325 3019 1600 3075 hominem
1627 3020 1965 3090 illuminans,

375 3100 701 3172 obsequium
730 3105 955 3162 luminis
980 3123 1078 3177 per
1109 3110 1416 3183 angelicum
1445 3112 1815 3171 ministerium
1834 3131 1965 3187 pro-

374 3194 583 3250 curasti
621 3197 898 3269 exsequiis
925 3199 1094 3268 illius,
1118 3217 1279 3273 quem
1311 3204 1378 3260 de
1410 3206 1599 3262 mundi
1628 3208 1869 3266 tenebris
1895 3210 1963 3264 ad

372 3300 561 3343 veram
602 3297 976 3363 aeternamque
1020 3292 1198 3350 lucem
1238 3311 1553 3355 vocaveras.
1582 3298 1697 3357 Hoc
1724 3301 1963 3359 miracu-

370 3378 488 3436 lum
517 3382 716 3452 majori
741 3384 1010 3442 miraculo
1032 3387 1208 3444 virtus
1236 3389 1421 3446 divina
1464 3392 1775 3461 conﬁrmat,
1806 3402 1869 3449 ut
1891 3393 1965 3450 ci-

374 3477 485 3531 tius
510 3484 567 3531 et
583 3476 839 3535 diﬁ‘usius
866 3494 1067 3535 nomen
1111 3490 1167 3537 et
1219 3483 1475 3539 meritum
1514 3486 1772 3559 martyris
1801 3486 1965 3541 inno-

371 3571 563 3621 tescat.
594 3565 811 3637 Mulier,
854 3585 977 3641 quae
1001 3588 1233 3644 pensum
1265 3589 1428 3631 suum
1469 3590 1570 3647 pro
1598 3576 1865 3648 obsequio
1890 3570 1960 3632 il-

370 3655 481 3714 lius
526 3658 844 3729 minoravit,
876 3666 1090 3736 vesperi
1121 3668 1391 3723 revocatis
1420 3668 1490 3724 ad
1516 3669 1705 3726 caulas
1742 3669 1959 3738 ovibus,

370 3763 604 3820 pensum
644 3752 906 3810 diurnum
947 3757 1189 3814 domina:
1229 3759 1483 3815 reddidit.
1516 3758 1674 3827 Quod
1697 3760 1825 3829 quia
1851 3760 1957 3815 mi-

371 3851 629 3899 noratum
680 3848 854 3904 sensit
881 3849 1126 3918 domina,
1159 3849 1370 3907 fraudis
1414 3851 1669 3907 ancillam
1699 3866 1957 3923 arguens,

371 3943 539 4006 caput
570 3932 718 3994 illius
756 3939 909 4009 gravi
953 3939 1062 3995 ictu
1089 3940 1382 4010 percussit.
1413 3938 1521 3995 Sed
1549 3940 1643 3995 Dei
1673 3940 1848 4011 pietas
1869 3956 1964 3995 an-

369 4025 554 4083 cillam
588 4020 801 4086 fraudis
836 4040 1102 4087 excusat:
1129 4032 1350 4088 domina
1372 4031 1519 4088 enim
1563 4032 1746 4088 subita
1770 4032 1961 4089 oculo-

370 4131 496 4173 rum
526 4121 772 4176 caacitate
812 4137 1071 4192 percussa
1101 4123 1372 4179 exclamat
1404 4140 1528 4181 cum
1556 4123 1763 4196 ejulatu
1792 4125 1859 4181 ad
1875 4124 1960 4182 fa-

370 4212 601 4278 mulam,
632 4213 902 4270 exclamat
928 4226 981 4271 et
1028 4215 1233 4272 famula
1260 4232 1418 4274 suam
1442 4218 1756 4281 miserando
1778 4219 1959 4276 domi-

368 4317 519 4357 nam.
553 4301 663 4359 Res
691 4304 1001 4375 publicatur
1042 4322 1139 4378 per
1165 4305 1467 4377 familiam;
1508 4307 1656 4365 fama
1681 4310 1760 4366 rei
1784 4318 1955 4366 totam

369 4393 553 4450 villam
580 4394 710 4452 facit
733 4400 1041 4455 attonitam.
1057 4401 1267 4457 Ancilla
1289 4417 1474 4458 coram
1499 4403 1713 4460 cunctis
1730 4419 1951 4461 causam

368 4490 631 4547 caecitatis
655 4491 820 4548 illatae
840 4495 1084 4565 exponit,
1114 4507 1169 4551 et
1198 4507 1259 4551 ut
1279 4497 1438 4567 culpa
1461 4496 1557 4553 ﬁat
1574 4498 1805 4555 venialis
1825 4500 1955 4554 hor-

2074 1998 2301 2056 ctitatis.

2146 2091 2234 2147 15.
2288 2090 2533 2149 Instatur
2559 2109 2690 2165 ergo
2719 2093 2788 2150 ab
2825 2093 3108 2161 omnibus,
3139 2103 3201 2150 ut
3240 2094 3506 2153 decenter
3526 2097 3679 2168 justa

2075 2186 2371 2256 sepultura:
2399 2187 2747 2258 expleantur.
2781 2185 2874 2242 Isti
2920 2187 3147 2243 vulnera
3180 2189 3443 2246 mollibus
3477 2190 3680 2261 pannis

2072 2278 2383 2347 exsiccant;
2427 2280 2517 2335 isti
2556 2288 2737 2336 vestes
2784 2279 3055 2351 sanguine
3100 2290 3293 2338 sancto
3340 2280 3581 2338 infectas
3609 2285 3677 2338 ad

2073 2370 2159 2427 sui
2191 2371 2556 2441 patrocinium
2586 2381 2905 2439 reservant;
2943 2373 3190 2428 membra
3218 2373 3358 2429 satis
3392 2374 3593 2431 deﬂeta
3622 2376 3673 2430 in

2072 2464 2373 2535 gestatoria
2421 2472 2655 2535 ponunt,
2700 2472 2755 2521 et
2805 2464 3048 2536 pretiosa
3096 2465 3371 2522 velamina
3412 2482 3681 2539 superpo-

2073 2565 2229 2611 nunt.
2284 2556 2699 2613 Materfamilias
2741 2557 2926 2612 locum
2969 2558 3267 2629 sepultura:
3313 2560 3591 2627 condicit,
3621 2566 3677 2616 et

2067 2648 2222 2718 juxta
2250 2664 2411 2703 suum
2435 2648 2747 2705 condictum
2772 2649 2827 2705 in
2857 2650 2981 2705 loco
3027 2648 3126 2721 qui
3148 2651 3351 2706 dicitur
3369 2650 3485 2708 Nec
3501 2651 3672 2723 (989),

2073 2741 2316 2797 tumbam
2345 2741 2563 2814 disponi
2591 2740 2740 2798 facit.
2776 2741 2980 2798 Levato
3007 2742 3259 2814 corporis
3286 2743 3499 2812 loculo,
3525 2760 3673 2800 nunc

2072 2832 2183 2901 isti,
2210 2849 2357 2890 nunc
2388 2832 2465 2889 illi
2487 2834 2726 2906 gaudent
2753 2835 3051 2891 succedere
3080 2834 3328 2890 vicissim
3353 2836 3517 2891 oneri
3545 2851 3669 2891 oor-

2070 2925 2223 2997 poris
2247 2924 2476 2982 ferendi.
2502 2925 2609 2981 Alii
2637 2941 2769 2983 vero
2815 2924 3174 2997 praececlendo
3201 2927 3397 2999 planas
3434 2928 3559 2984 vias
3585 2929 3673 2983 ba-

2065 3015 2200 3086 julis
2224 3015 2541 3073 ostendunt.
2567 3014 2707 3072 Cum
2736 3024 2892 3072 tanta
2934 3016 3117 3073 omnis
3166 3017 3383 3073 ordinis
3412 3026 3469 3074 et
3493 3019 3669 3076 aetatis

2068 3118 2124 3165 et
2145 3110 2445 3180 promiscui
2476 3124 2642 3167 sexus
2666 3108 2998 3181 frequentia,
3022 3125 3148 3166 cum
3173 3109 3266 3165 tali
3302 3110 3667 3169 humanitatis

2067 3211 2122 3258 et
2158 3202 2468 3258 devotionis
2489 3205 2795 3260 reverentia
2821 3203 3168 3260 celebrantur
3195 3205 3375 3261 sancti
3406 3207 3666 3279 martyris

2066 3294 2362 3365 exsequiae,
2391 3301 2447 3349 et
2485 3308 2687 3366 corpus
2733 3293 3036 3351 honorifice
3075 3292 3406 3352 tumulatur.
3432 3295 3562 3352 Jam
3588 3298 3665 3352 la-

2065 3402 2283 3460 crymas
2342 3388 2591 3443 omnium
2634 3403 2699 3444 ea
2723 3404 2891 3446 causa
2915 3389 3201 3460 repressit,
3232 3391 3380 3462 quod
3414 3392 3661 3464 gauden-

2065 3479 2196 3535 dum
2232 3479 2337 3535 sibi
2367 3495 2490 3535 esse
2530 3480 2845 3548 credebant,
2878 3497 2938 3537 se
2982 3482 3123 3537 tanti
3154 3483 3299 3553 apud
3339 3481 3523 3539 Deum
3566 3484 3662 3539 ha-

2064 3572 2206 3639 beri,
2245 3572 2394 3643 quod
2436 3571 2716 3634 insperato
2758 3573 2838 3629 eis
2862 3581 3155 3644 patronum
3178 3573 3316 3628 tanti
3345 3575 3536 3630 meriti
3560 3575 3661 3630 mi-

2063 3663 2246 3732 sisset,
2277 3664 2373 3734 qui
2423 3664 2527 3719 sibi
2573 3673 2765 3721 contra
2794 3665 2981 3720 omnia
3014 3665 3245 3721 adversa
3275 3666 3540 3737 praesidio
3566 3667 3649 3722 vel

2064 3756 2306 3813 remedio
2329 3766 2496 3812 esset.
2523 3755 2739 3812 Coeunt
2766 3757 3010 3830 undique
3040 3756 3387 3812 inﬁrmorum
3415 3759 3655 3830 agmina,

2063 3866 2162 3921 per
2211 3851 2408 3906 merita
2458 3852 2586 3907 novi
2625 3852 2884 3925 martyris
2928 3854 3267 3924 sperantium
3311 3855 3584 3925 consequi
3623 3870 3654 3909 a

2063 3939 2175 3995 Deo
2202 3941 2522 3996 morborum
2557 3940 2940 3997 medicamina.
2969 3938 3113 4008 Quot
3167 3941 3243 3998 ibi
3271 3942 3498 4015 pietatis
3525 3958 3654 4015 ope-

2061 4048 2145 4100 ra,
2176 4040 2313 4104 quot
2354 4032 2653 4089 sanitatum
2684 4032 2972 4102 beneﬁcia,
3001 4050 3169 4105 quam
3208 4034 3527 4107 frequentes
3555 4050 3656 4091 cat-

2061 4139 2256 4181 corum
2292 4125 2743 4192 illuminationes,
2782 4134 2920 4195 quot
2960 4123 3389 4182 febricitantium
3423 4126 3657 4183 curatio-

2061 4230 2161 4271 nes
2205 4215 2281 4271 ibi
2310 4209 2666 4286 provenerint
2712 4229 2810 4286 per
2849 4212 3160 4271 Theoda'rdi
3204 4216 3548 4287 patrocinia,
3576 4225 3657 4273 te.

2059 4318 2277 4367 stantur
2330 4311 2501 4367 multa
2557 4312 2985 4385 paralyticorum
3037 4312 3299 4370 subsellia
3328 4322 3384 4370 et
3418 4314 3655 4385 plurima

2058 4416 2246 4457 rerum
2289 4413 2668 4472 monumenta,
2700 4419 2825 4476 qua:
2860 4404 3101 4476 pendent
3139 4405 3215 4461 ibi
3259 4406 3330 4461 ah
3356 4406 3560 4464 incolis
3583 4405 3658 4463 af-

2059 4494 2188 4562 ﬁxa,
2231 4503 2291 4550 ut
2339 4511 2437 4566 per
2488 4496 2605 4554 haec
2645 4504 2937 4553 recenseat
2982 4498 3249 4554 memoria
3281 4509 3655 4570 posterorum,

369 4588 517 4637 tatur
545 4591 607 4638 ut
623 4585 917 4654 praesulem
952 4587 1058 4645 sibi
1103 4589 1440 4656 reconciliet,
1473 4599 1535 4645 ut
1560 4590 1770 4658 lumen,
1803 4592 1952 4661 quod
1986 4614 2031 4670 ι)
2059 4597 2266 4658 quanta
2297 4588 2373 4645 ibi
2406 4604 2505 4660 per
2561 4604 2764 4646 nomen
2821 4590 3136 4648 Theodardi
3175 4590 3442 4649 claruerit
3483 4597 3658 4667 gratia

366 4671 593 4730 offensa
622 4675 728 4731 sibi
769 4678 1090 4747 abstulerat,
1121 4680 1411 4752 impetrata
1439 4698 1472 4738 a
1499 4681 1611 4739 Deo
1632 4678 1845 4749 veniat,
1871 4700 1954 4739 re-

367 4774 488 4822 stau
499 4776 597 4824 ret.

439 4857 529 4912 14.
578 4857 739 4931 Cogit
784 4860 1064 4918 dominam
1099 4867 1372 4936 angustia,
1416 4876 1477 4923 ut
1522 4870 1702 4925 verbis
1740 4870 1954 4927 ancillae

364 4950 588 5006 credula
641 4953 894 5007 consulat
921 4970 1037 5009 sum
1084 4957 1338 5015 miseriae.
1385 4959 1530 5016 Duce
1562 4962 1781 5029 ancilla,
1804 4964 1956 5018 venit

364 5046 587 5103 domina
646 5048 715 5104 ad
750 5050 933 5106 locum
978 5052 1073 5108 ubi
1109 5054 1325 5124 jacebat
1362 5073 1561 5129 corpus
1601 5062 1949 5117 venerabile:

363 5139 510 5207 quod
532 5139 608 5197 ita
634 5140 821 5198 videre
855 5141 1149 5214 disjectum
1177 5156 1298 5202 erat
1333 5149 1592 5206 omnibus
1615 5151 1948 5210 miserabile.

362 5228 596 5288 Domina
622 5248 724 5304 pro
768 5250 912 5292 caesa
944 5235 1150 5309 injuste
1177 5238 1375 5296 ancilla
1400 5241 1616 5312 culpam
1644 5241 1866 5311 fatetur,
1896 5254 1952 5301 et

364 5330 421 5377 ut
449 5333 726 5383 mereatur
751 5328 1046 5399 impetrare
1085 5329 1300 5386 veniam
1341 5332 1482 5388 votis
1502 5341 1558 5388 et
1581 5332 1743 5391 donis
1772 5336 1952 5406 placat

362 5414 538 5468 sancti
573 5417 827 5489 martyris
864 5420 1121 5491 gratiam.
1173 5420 1405 5489 Quando
1434 5421 1538 5480 fuit
1584 5424 1800 5482 difﬁcile
1835 5425 1947 5483 Deo

360 5505 621 5563 exaudire
648 5523 840 5578 preces
882 5512 1213 5569 miseron
1244 5513 1475 5570 ﬁdeliter
1502 5515 1571 5571 ad
1619 5531 1679 5571 se
1706 5517 1949 5573 claman-

358 5596 537 5652 tium?
570 5598 783 5669 Mulier,
832 5602 1120 5674 impetrata
1164 5606 1344 5673 venia,
1382 5606 1580 5678 gaudet
1601 5606 1847 5664 redivivo
1871 5609 1949 5663 lu-

359 5682 527 5753 mine,
575 5698 630 5745 et
674 5692 866 5749 videns
915 5694 1163 5751 membra
1194 5696 1371 5753 sancti
1402 5697 1652 5767 corporis
1693 5698 1810 5755 suis
1838 5698 1945 5755 ﬁlis

2061 4679 2179 4736 Dei.

2132 4771 2219 4829 16.
2255 4773 2423 4830 Fama
2454 4776 2617 4849 longe
2642 4777 2857 4847 lateque
2878 4777 3160 4849 evagando
3180 4778 3462 4834 subintrat
3481 4778 3654 4834 Wan-

2057 4868 2282 4939 gionum
2328 4868 2543 4941 urbem,
2571 4885 2697 4940 quae
2743 4884 2893 4926 nunc
2919 4868 3226 4925 Wormatia
3266 4880 3651 4941 nuncupatur;

2057 4969 2114 5014 et
2163 4971 2451 5032 postquam
2513 4958 2864 5032 popularium
2910 4975 3075 5016 aures
3107 4968 3164 5015 et
3210 4960 3430 5032 linguas
3480 4961 3656 5016 multo

2059 5053 2305 5123 implevit
2331 5053 2604 5121 susurrio,
2623 5052 2691 5108 ad
2718 5052 2900 5123 ipsum
2929 5067 3152 5123 quoque
3172 5052 3327 5107 urbis
3360 5054 3650 5123 praesulem

2057 5143 2200 5199 viam
2230 5145 2335 5203 sibi
2369 5143 2516 5201 fecit.
2552 5144 2781 5213 Praesul,
2803 5158 3030 5200 excessu
3058 5143 3203 5200 beati
3235 5143 3417 5200 Patris
3439 5146 3648 5213 audito,

2059 5246 2184 5306 post
2214 5238 2372 5309 longa
2406 5237 2476 5294 ab
2513 5238 2627 5293 imo
2659 5245 2881 5307 pectore
2924 5236 3092 5292 ducta
3126 5236 3363 5307 suspiria
3398 5236 3650 5294 diversus

2059 5328 2165 5383 sibi
2219 5329 2569 5401 agitabatur:
2607 5343 2849 5400 namque
2911 5329 3232 5384 tristabatur
3258 5338 3314 5384 et
3337 5328 3642 5386 latabatur.

2060 5420 2408 5477 Tristabatur
2465 5428 2688 5493 propter
2715 5427 3087 5491 perpetratum
3136 5420 3281 5477 intra
3318 5434 3483 5475 suam
3511 5422 3643 5479 dite-

2056 5514 2229 5570 cesim
2254 5513 2496 5571 immane
2524 5513 2707 5571 scelus
2738 5533 2753 5583 ;
2785 5528 2952 5585 porro
2979 5512 3269 5572 laetabatur
3291 5526 3519 5590 propter
3540 5516 3643 5572 col-

2059 5606 2227 5661 latum
2255 5607 2472 5663 coalitus
2501 5606 2726 5663 dioecesi
2752 5622 2866 5663 suae
2886 5607 3253 5678 patrocinium
3283 5610 3412 5666 novi
3437 5616 3634 5680 marty-

2054 5698 2152 5753 ris.
2181 5696 2477 5769 Progressa
2503 5699 2732 5755 ultcrius
2780 5696 2946 5764 fama,
2977 5697 3153 5772 attigit
3172 5699 3367 5756 urbem
3406 5698 3630 5772 Spirarn,

429 5856 577 5935 (989)
614 5869 772 5926 Circa
826 5871 1178 5940 Landaviam,
1215 5875 1493 5943 imperiale
1517 5846 1776 5944 oppidum
1798 5877 2053 5936 dimcesis
2077 5875 2371 5944 Spirensis.
