3908 6316
180 288 294 342 ’ἕὺῖ

1512 278 1673 337 VlTA
1713 277 1770 333 S.
1813 275 1855 331 Τ
1861 273 2230 332 HEODARDI.

3410 269 3513 326 758

176 412 367 462 quam
393 394 736 467 antiquitas
751 393 1039 450 Nemetum
1069 393 1405 466 appellabat;
1433 409 1533 450 nec
1559 392 1829 448 subtraxit
1857 395 1904 450 A
1930 407 2076 456 cum,
2103 390 2195 445 ubi
2219 389 2417 457 corpus
2437 382 2680 440 defunCti
2710 384 2884 455 patris
2905 383 3374 454 peregrinabatur.
3413 385 3512 446 Ubi
3550 437 3554 460 ι

179 488 398 559 pedem
439 487 525 542 ab
560 487 703 542 urbe
721 484 1040 557 Argentina,
1073 501 1238 556 quam
1282 482 1611 538 Strazborch
1643 483 1824 536 nomi-

179 575 283 633 nat
309 578 659 635 Teutoniea
687 577 1111 650 lingqa.,Totam
1143 577 1442 650 regionem,
1477 592 1645 647 quam
1675 576 1829 631 alluit

181 671 468 739 Rhenus,
531 672 846 742 perlabitur
887 670 1034 726 fama
1065 679 1228 726 vento
1263 670 1536 738 velocius;
1562 685 1661 724 nec
1689 670 1829 725 cele-

179 769 314 820 rius
343 773 457 820 aut
489 765 729 837 longius
767 764 956 820 deﬂuit
977 766 1122 820 unda
1172 764 1370 833 Rheni,
1399 781 1566 836 quam
1587 764 1830 820 decurrit

184 858 348 913 fama
390 856 598 929 hujus
625 858 702 913 rei
733 875 746 912 :
781 873 884 912 nec
910 856 1181 913 citerioris
1215 857 1348 928 ripae
1378 859 1553 928 spatio
1573 867 1830 914 contenta

181 947 420 1018 vagari,
479 945 811 1002 Germania
843 947 1111 1003 terminos
1140 947 1396 1018 utrinque
1441 948 1636 1019 attigit.
1667 948 1832 1004 Wan-

187 1040 440 1111 gionum
466 1039 695 1110 prasul
719 1055 833 1110 pra
859 1040 1072 1095 cunctis
1109 1056 1273 1110 super
1298 1041 1401 1095 hac
1425 1055 1482 1095 re
1503 1055 1827 1110 suspensus,

187 1133 403 1186 invitat
427 1133 510 1187 ad
565 1149 631 1188 se
661 1132 968 1188 vicinarum
1001 1133 1219 1188 urbium
1258 1133 1538 1204 prasules,
1569 1141 1832 1189 convocat

188 1223 378 1279 totius
404 1224 737 1294 provincia
755 1223 1017 1294 primates
1047 1233 1100 1280 et
1121 1225 1440 1294 optimates;
1469 1225 1600 1296 quid
1632 1225 1832 1281 iacien-

186 1316 333 1370 dum
385 1316 510 1371 sibi
540 1317 624 1372 sit
649 1332 814 1388 super
842 1317 946 1372 hoc
975 1316 1160 1384 verbo,
1212 1317 1360 1388 quod
1407 1316 1673 1374 Dominus
1703 1317 1831 1374 fecit

188 1418 251 1466 et
290 1411 575 1467 ostendit
612 1412 715 1480 eis,
747 1427 940 1467 eorum
982 1413 1215 1470 consilio
1253 1415 1564 1483 committit,
1601 1415 1832 1471 liceatne

190 1503 314 1557 sibi
357 1520 595 1575 corpus
638 1507 814 1561 sancti
846 1507 1098 1577 prasulis
1147 1523 1398 1564 amovere
1437 1510 1506 1564 ab
1535 1509 1829 1582 indigniori

196 1597 350 1665 loco,
378 1607 440 1654 et
491 1600 573 1654 ad
621 1599 886 1670 majorem
917 1601 1203 1657 ecclesiam
1228 1611 1620 1673 transportare.
1649 1602 1831 1660 Facile

195 1700 285 1746 est
313 1706 386 1745 eo
417 1691 748 1748 transferre
783 1695 1096 1764 consilium,
1135 1698 1225 1752 ubi
1256 1697 1314 1752 in
1335 1715 1506 1753 unum
1532 1698 1833 1769 transpirat

198 1781 482 1838 voluntas
513 1784 799 1856 omnium.
833 1787 880 1840 Α
909 1788 1190 1843 communi
1239 1790 1474 1845 consilio
1497 1806 1668 1844 unum
1701 1807 1833 1846 con-

200 1874 341 1945 cipit
373 1890 698 1931 assensum
743 1877 960 1935 devotio
997 1881 1267 1948 omnium,
1291 1882 1359 1937 ad
1390 1882 1654 1952 majorem
1688 1898 1835 1938 mar-

201 1967 348 2038 tyris
401 1968 663 2040 gloriam
711 1985 913 2041 corpus
967 1972 1088 2043 ejus
1149 1989 1270 2030 esse
1323 1974 1449 2030 inde
1499 1973 1836 2030 transferen-

203 2061 364 2116 dum.

283 2152 510 2234 l7.lDie
535 2155 616 2210 ad
657 2154 763 2210 hoc
796 2155 1051 2212 condicto
1078 2157 1150 2212 ab
1181 2136 1442 2216 omnibus
1465 2160 1834 2230 concurritur,

208 2254 265 2300 et
305 2263 598 2303 numerus
639 2247 967 2305 conﬂuentis
1010 2251 1192 2321 populi
1217 2266 1327 2306 non
1355 2261 1472 2307 erat
1499 2253 1700 2308 certior
1727 2269 1835 2309 nu-

211 2353 370 2393 mero
395 2340 706 2396 stellarum
728 2342 874 2397 cali.
905 2341 1026 2397 Jam
1058 2358 1118 2398 se
1148 2343 1506 2415 accingebant
1528 2345 1702 2414 operi,
1720 2345 1842 2416 jam’

214 2431 476 2487 tumulus
508 2432 700 2488 sancti
737 2433 996 2505 martyris
1048 2435 1282 2491 debebat
1317 2437 1537 2506 aperiri.
1589 2438 1694 2494 Sed
1724 2454 1837 2493 non

216 2531 302 2578 est
332 2524 512 2593 ratio,
547 2540 663 2578 non
709 2532 787 2579 est
811 2526 1094 2580 consilium
1125 2538 1308 2582 contra
1335 2528 1622 2584 Dominum
1651 2529 1832 2600 (Prov.

220 2632 339 2683 ut,
372 2615 496 2688 50),
525 2616 666 2687 quia
698 2626 896 2673 natura
939 2635 1145 2686 rerum,
1192 2619 1435 2686 militans
1479 2637 1580 2691 pro
1602 2620 1837 2678 Domino

219 2712 434 2778 rerum,
463 2709 703 2766 obsistit
728 2711 830 2781 ipsi
851 2711 1265 2767 obsistentibus.
1287 2711 1505 2768 Caium
1539 2714 1721 2770 subito
1746 2715 1833 2769 in-

226 2800 465 2870 horruit,
493 2811 554 2858 et
583 2799 816 2858 horrore
839 2818 940 2858 suo
978 2813 1179 2858 terram
1209 2804 1542 2873 tremefecit;
1578 2823 1836 2877 pranun-

224 2890 368 2947 tiant
395 2900 799 2963 tempestatem
833 2894 1223 2964 praecurrentia
1249 2904 1540 2950 ventorum
1592 2913 1839 2952 murmu-

230 2999 322 3050 ra;
351 2987 708 3058 prastringit
753 2986 943 3042 oculos
975 3003 1216 3056 prasens
1259 2986 1540 3060 fulgurum
1588 3005 1841 3045 corusca-

1931 491 2223 554 postquam
2275 482 2436 540 solvit
2457 486 2750 553 lacrymas,
2783 494 2923 548 quas
2948 478 3182 538 debebat
3227 481 3372 537 [ilius
3413 497 3514 552 pa-

1931 579 2023 644 tri,
2058 577 2248 648 pandit
2299 579 2492 634 ineolis
2549 588 2708 633 terra
2756 593 2983 632 causam
3017 577 3102 633 sui
3144 578 3429 643 adventus,
3459 588 3515 632 et

1931 672 2082 741 petit,
2118 687 2184 727 ne
2224 673 2348 742 quis
2378 688 2569 728 eorum
2614 687 2715 727 suo
2759 667 3029 725 desiderio
3069 671 3408 726 contradicat
3446 669 3515 725 de

1929 762 2217 818 referendo
2272 779 2502 834 corpore
2544 762 2737 834 patris.
2779 759 2900 816 Uno
2951 760 3200 815 omnium
3251 776 3344 815 ore
3383 776 3516 815 con-

1932 855 2223 911 tradicitur
2271 855 2593 922 Lamberto;
2641 853 3057 911 conclamabant
3122 852 3268 907 enim
3323 868 3515 907 omnes

1932 963 2053 1003 esse
2073 963 2234 1004 suum
2259 947 2382 1017 jure
2408 945 2812 1014 Theodardum,
2841 959 3003 1015 quem
3028 943 3131 998 sibi
3166 958 3265 1013 pro
3288 952 3518 1012 patrono

1933 1038 2079 1095 Deus
2129 1040 2274 1095 ultro
2323 1038 2555 1105 miserit,
2593 1038 2794 1108 quibus
2843 1052 2940 1107 per
2969 1051 3095 1091 eum
3137 1043 3219 1090 tot
3250 1034 3515 1089 miracula

1933 1132 2252 1196 ostenderit,
2286 1140 2339 1186 et
2383 1148 2581 1203 magno
2623 1146 2806 1186 rerum
2848 1129 3114 1185 miraculo
3150 1126 3402 1192 vetuerit,
3451 1142 3519 1180 ne

1933 1225 2002 1280 ab
2035 1224 2306 1296 episc0pis
2337 1225 2634 1296 provincia
2665 1239 2866 1295 corpus
2906 1233 3156 1278 sanctum
3192 1221 3299 1277 alio
3339 1229 3520 1276 trans-

1931 1326 2262 1389 portaretur.
3433 1301 3436 1304 ’

2008 1409 2199 1465 19.1ta
2249 1407 2578 1464 Lambertus
2628 1408 2807 1479 impas
2842 1408 2954 1463 voti
2999 1407 3310 1478 Trajectum
3357 1406 3518 1473 redit,

1933 1511 1993 1558 ut
2019 1518 2145 1558 cum
2197 1501 2346 1558 clero
2377 1510 2431 1558 et
2454 1502 2657 1572 populo
2698 1517 2761 1557 ea
2791 1501 2858 1556 de
2889 1517 2947 1557 re
2977 1509 3120 1572 agat.
3162 1499 3359 1556 Clerus
3389 1515 3521 1555 vero

1933 1605 1987 1651 et
2012 1597 2245 1666 populus
2258 1597 2426 1652 totius
2445 1595 2662 1666 pondus
2686 1595 2766 1650 rei
2785 1593 3078 1650 Lamberto
3095 1593 3346 1663 imponit.
3366 1592 3524 1647 Lam-

1935 1688 2124 1744 bertus
2150 1688 2255 1743 alia
2286 1689 2374 1743 via
2405 1689 2623 1743 vincere
2669 1702 2983 1759 aggressus,
3033 1686 3235 1742 multos
3268 1693 3522 1755 sumptus

1935 1789 1990 1834 et
2018 1789 2357 1836 commeatus
2386 1781 2487 1835 via
2527 1788 2773 1850 apparat,
2822 1781 3054 1835 multum
3091 1779 3213 1834 auri
3236 1786 3291 1834 et
3311 1779 3523 1849 argenti
3624 1794 3626 1796 ·

1936 1882 1991 1930 et
2011 1874 2246 1929 aliarum
2270 1874 2580 1944 specierum
2612 1881 2925 1945 congregat,
2963 1880 3017 1927 et
3039 1871 3256 1942 jactans
3292 1886 3443 1941 spem
3467 1871 3533 1925 in

1938 1964 2190 2033 Domino,
2216 1975 2461 2037 optatum
2489 1967 2670 2022 locum
2707 1966 2918 2036 repetit.
2954 1964 3143 2034 Itaque
3165 1964 3401 2036 indigna
3423 1978 3525 2034 pro

1937 2067 2050 2112 tam
2081 2059 2242 2114 celeri
2273 2059 2393 2130 ejus
2441 2060 2616 2115 reditu
2659 2059 2936 2130 suspensi,
2973 2058 3254 2129 excipiunt
3283 2073 3408 2113 eum
3437 2056 3524 2112 fa—

1937 2150 2166 2205 vorabili
2197 2151 2415 2219 aﬂ‘cctu,
2439 2160 2494 2207 et
2516 2168 2584 2208 ex
2609 2154 2759 2207 vultu
2787 2162 2840 2208 et
2862 2152 3049 2206 habitu
3087 2150 3207 2222 ejus
3238 2151 3525 2206 attenden-

1938 2250 2040 2308 tes,
2081 2258 2204 2313 qua
2241 2245 2544 2298 reverentia
2567 2245 2859 2300 deberetur
2889 2243 2959 2311 ei,
2985 2243 3227 2299 oﬂiciose
3249 2243 3324 2297 illi
3348 2243 3527 2298 adha-

1938 2344 2079 2390 rent.
2106 2335 2431 2392 Lambertus
2455 2353 2586 2392 vero
2628 2354 2724 2394 eos
2763 2337 2983 2408 pietatis
3029 2337 3224 2392 aﬂ'ectu
3267 2337 3371 2392 sibi
3397 2352 3529 2392 con-

1937 2429 2107 2496 ciliat,
2137 2446 2474 2501 causamque
2499 2431 2600 2486 via
2631 2431 2711 2487 eis
2747 2431 3115 2502 ingeminans,
3140 2429 3290 2485 addit
3317 2443 3526 2498 preces,

1940 2531 2001 2578 ut
2031 2539 2232 2594 corpus
2252 2523 2432 2579 Patris
2456 2524 2541 2579 sui
2571 2539 2680 2579 non
2713 2524 2851 2578 ultra
2876 2524 2979 2579 sibi
3001 2524 3289 2593 denegent,
3317 2521 3528 2585 dicens,

1941 2617 2239 2672 absurdum
2289 2634 2411 2674 esse
2464 2623 2676 2689 patrem
2724 2617 2852 2673 iiliis
2875 2625 2929 2672 et
2951 2617 3271 2687 episcopum
3319 2614 3530 2670 civibus

1939 2713 2228 2783 denegari;
2260 2711 2508 2768 suﬂicere
2538 2713 2619 2768 eis
2643 2711 2789 2782 quod
2812 2720 3013 2766 terram
3036 2725 3227 2764 eorum
3263 2707 3532 2778 sanguine

1941 2819 2044 2858 suo
2070 2803 2501 2870 consecraverit;
2537 2818 2646 2857 non
2691 2802 3008 2858 defuturum
3041 2801 3178 2871 ipsis
3213 2799 3388 2856 sancti
3419 2798 3527 2853 Pa-

1942 2896 2042 2950 tris
2072 2895 2459 2965 patrocinium,
2495 2912 2657 2966 quem
2709 2895 2845 2949 tanti
2877 2895 3188 2962 habuerint,
3222 2902 3282 2948 ut
3308 2893 3532 2949 honori-

1944 2987 2044 3043 ﬁce
2073 2988 2424 3043 tumularent.
2455 2986 2576 3042 Jam
2614 2988 2763 3059 rigor
2788 3003 2981 3043 eorum
3022 2986 3362 3054 ﬂectebatur,
3402 2986 3533 3056 quia

229 3075 334 3144 tio,
357 3093 528 3135 aures
561 3088 621 3134 et
652 3080 869 3134 animos
890 3079 1138 3134 omnium
1164 3088 1450 3134 exterrent
1482 3081 1719 3135 tonitrua
1751 3097 1841 3136 so—
1868 3095 1910 3152 ς
1942 3079 2026 3133 vir
2056 3079 2335 3149 angelicus
2375 3095 2476 3135 suo
2505 3080 2766 3135 melliﬂuo
2809 3094 2905 3135 ore
2931 3093 3027 3135 eos
3062 3079 3347 3134 mollierat.
3382 3077 3534 3144 Quos

230 3168 327 3226 lito
380 3172 680 3243 graviora;
736 3173 954 3243 proruit
1003 3180 1113 3227 tam
1145 3173 1474 3244 'procellosa
1526 3172 1856 3230 nimborum

234 3260 551 3332 inundatio,
577 3273 663 3330 ut,
689 3265 736 3320 si
768 3264 962 3322 fuisset
1007 3267 1242 3334 diutina,
1273 3275 1459 3337 posset
1480 3265 1728 3322 suﬂicere
1757 3266 1840 3322 fa-

237 3353 430 3410 ciendo
466 3357 704 3412 diluvio.
733 3356 838 3412 Tot
865 3358 1030 3414 rebus
1051 3368 1375 3430 prasentcm
1403 3369 1634 3415 mortem
1661 3359 1840 3414 inten-

239 3445 506 3515 tautibus,
553 3447 893 3519 diffugerunt
925 3466 1152 3519 omnes;
1190 3451 1460 3507 desistunt
1489 3452 1558 3507 ab
1603 3451 1838 3523 incepto,

237 3537 385 3604 quod
414 3540 485 3594 de
506 3542 682 3596 corde
713 3556 814 3597 suo
841 3540 1147 3613 faciebant;
1172 3559 1335 3614 super
1357 3560 1468 3615 quo
1497 3545 1625 3614 quia
1649 3560 1712 3600 os
1733 3543 1842 3599 Do-

243 3629 374 3683 mini
395 3646 509 3686 non
563 3633 1063 3706 interrogaveram,
1098 3652 1157 3692 se
1181 3647 1372 3693 contra
1397 3637 1568 3692 Deam
1603 3638 1843 3694 sensisse

245 3718 654 3780 intellexerunt.
673 3724 804 3792 Quis
821 3743 1053 3799 unquam
1066 3728 1408 3784 consiliarius
1429 3728 1524 3784 Dei
1539 3730 1674 3801 fuit?
1700 3729 1754 3804 (Ι
1757 3748 1841 3789 sa.

246 3827 332 3879 χι,
374 3814 490 3885 l3.)
550 3816 628 3873 Ut
677 3818 781 3874 hoc
831 3809 1052 3891 quoque
1103 3821 1370 3879 miraculo
1417 3824 1577 3896 longe
1624 3825 1842 3895 lateque

248 3901 576 3962 claresceret
636 3905 946 3964 Theodardi
1000 3910 1196 3982 gloria,
1232 3913 1300 3969 de
1349 3913 1507 3984 longe
1547 3921 1602 3968 et
1628 3914 1738 3970 late
1762 3922 1844 3971 tot

252 3997 577 4066 populorum
604 3999 777 4055 millia
805 4001 860 4055 in
885 4017 1054 4056 unum
1087 4013 1454 4070 contraxerat,
1481 4013 1541 4059 ut
1560 4005 1691 4059 dum
1719 4021 1842 4061 om-

253 4099 345 4141 nes
375 4088 544 4146 unius
574 4090 772 4145 merita
822 4091 1203 4162 pradicarent,
1231 4109 1326 4164 per
1350 4109 1549 4150 nomen
1603 4094 1726 4165 ejus
1747 4095 1844 4154 be-

256 4177 598 4237 nediceretur
625 4182 696 4236 ab
717 4183 973 4238 omnibus
1011 4182 1175 4240 Deus.

323 4269 408 4325 18.
454 4271 841 4344 Trajectenses
863 4275 1147 4332 certiﬂcati
1174 4277 1240 4331 de
1281 4292 1413 4331 nece
1438 4277 1523 4332 sui
1556 4277 1840 4347 antistitis,

260 4366 614 4423 ostendebant
644 4383 711 4423 ex
747 4370 1052 4439 quantitate
1111 4371 1198 4427 sui
1245 4371 1474 4440 doloris,
1504 4389 1615 4444 quo
1652 4391 1841 4432 amore

261 4467 380 4524 erga
403 4473 531 4513 eum
560 4458 857 4516 ferverent.
889 4461 1165 4518 Insidebat
1199 4463 1346 4518 enim
1380 4464 1544 4520 altius
1584 4466 1640 4519 in
1679 4467 1844 4524 corde

265 4557 581 4607 cunctorum
629 4553 721 4623 pia
769 4553 890 4624 ejus
923 4555 1259 4626 paternitas;
1288 4557 1605 4613 recurrebat
1629 4560 1697 4615 ad
1748 4575 1844 4614 eos

266 4649 455 4711 magna
506 4646 683 4715 patris
730 4662 830 4717 pro
869 4631 1241 4706 ecclesiastica
1272 4649 1504 4705 utilitate
1557 4652 1842 4721 sedulitas,

270 4742 364 4796 Pro
409 4750 518 4804 qua
565 4755 743 4811 usque
792 4739 858 4796 ad
901 4735 1222 4812 sanguinem
1268 4743 1540 4798 restiterat
1582 4744 1840 4800 inimicis.

275 4818 376 4879 Sua
410 4829 608 4901 cuique
645 4849 815 4890 causa
859 4835 1067 4902 aderat,
1105 4852 1202 4905 pro
1245 4853 1352 4907 qua
1389 4838 1455 4892 de
1484 4847 1660 4892 morte
1708 4854 1847 4908 pra-

276 4913 402 4970 sulis
435 4917 785 4991 singulariter
817 4925 1071 4996 plangere
1116 4926 1367 4982 habebat.
1393 4928 1472 4981 .At
1498 4928 1848 4998 Lambertus,

277 5006 385 5075 (tui,
414 5011 626 5070 vivente
653 5013 1000 5084 Theodardo,
1040 5027 1158 5073 erat
1188 5034 1312 5088 spes
1333 5019 1499 5075 altera
1538 5020 1851 5091 Trajecten—

282 5092 354 5152 sis
380 5099 650 5176 Ecclesia,
685 5123 752 5163 ex
775 5118 1043 5179 proventu
1089 5111 1247 5166 bona
1278 5111 1474 5168 indolis
1502 5129 1568 5168 eo
1585 5131 1852 5185 pervene-

282 5199 362 5244 rat
387 5202 463 5261 ut,
490 5196 748 5256 defuncto
789 5203 1022 5272 prasule
1053 5220 1175 5271 suo,
1208 5213 1320 5260 tota
1355 5205 1587 5261 ecclesia
1630 5207 1688 5263 in
1721 5223 1848 5263 eum

288 5278 532 5344 inclinata
577 5294 941 5350 recumberet.
997 5294 1098 5351 Hic
1144 5297 1266 5367 plus
1314 5298 1848 5362 omnibusmortem

288 5375 516 5446 magistri
552 5383 798 5453 deﬂebat,
829 5388 957 5457 quia
997 5388 1121 5457 plus
1152 5390 1407 5445 omnibus
1424 5390 1692 5461 magister
1726 5407 1853 5448 eum

241 5475 252 5482 '
293 5475 568 5530 amaverat.
605 5476 712 5534 Sed
747 5487 871 5550 post
911 5482 1112 5540 vulnus
1132 5483 1338 5540 doloris
1379 5483 1643 5540 inﬂictum
1676 5489 1852 5557 cordi,
1895 5509 1898 5512 ·

297 5570 565 5649 assumens
587 5580 803 5628 scutum
844 5576 1188 5641 constantia,
1214 5583 1362 5633 totus
1411 5578 1478 5632 ad
1507 5578 1614 5634 hoc
1641 5577 1855 5634 fereba-

303 5656 380 5751 tur
427 5666 481 5710 ut
513 5661 698 5720 saltem
747 5680 947 5737 corpus
989 5669 1240 5740 magistri
1287 5669 1572 5739 reciperet.
1607 5668 1850 5741 Longam

207 5823 212 5826 _
306 5753 434 5798 viam
476 5753 630 5811 celeri
658 5758 953 5816 voluntatis
977 5761 1158 5817 volatu
1198 5773 1476 5831 emensus,
1502 5762 1650 5818 venit
1678 5764 1744 5818 ad
1771 5765 1852 5822 lo-

1945 3180 2005 3228 ut
2034 3173 2268 3241 amplius
2295 3173 2363 3227 ad
2391 3172 2636 3227 animum
2671 3189 2831 3228 suum
2861 3172 3178 3239 attraheret,
3205 3181 3395 3242 aperto
3419 3186 3534 3226 sua

1943 3265 2213 3336 largitatis
2240 3267 2386 3334 sinu,
2415 3266 2658 3338 singulos
2693 3281 2885 3323 eorum
2931 3267 3168 3322 honorat
3195 3261 3356 3322 donis
3381 3280 3534 3322 eom-

1941 3345 2284 3430 petentibus;
2319 3374 2422 3414 nec
2451 3358 2520 3414 ab
2545 3359 2783 3414 invalida
2809 3359 2965 3430 plebe
2993 3374 3219 3414 manum
3264 3373 3422 3415 suam
3454 3373 3535 3413 re-

1944 3437 2144 3519 trahit;
2185 3460 2241 3507 et
2272 3451 2497 3507 senibus
2527 3460 2580 3506 et
2603 3452 2788 3522 pueris
2821 3451 3091 3523 singulos,
3119 3451 3534 3523 pragnantibus

1947 3559 2074 3600 vero
2099 3539 2438 3600 niidierculis
2465 3544 2713 3615 geminos
2738 3544 2970 3616 porrigit
2997 3559 3276 3602 nummos.
3311 3543 3428 3598 Tali
3460 3542 3538 3599 af.

1943 3636 2087 3692 fectu
2125 3645 2180 3692 et
2210 3636 2484 3693 industria
2505 3637 2701 3704 victos,
2733 3646 2793 3692 ut
2821 3653 2918 3693 eos
2945 3636 3075 3693 fecit
3093 3651 3217 3694 esse
3251 3644 3408 3705 suos,
3431 3652 3532 3707 pro

1943 3730 2101 3785 lihitu
2131 3745 2233 3785 suo
2259 3745 2391 3785 usus
2412 3738 2497 3785 est
2523 3744 2715 3786 eorum
2743 3729 3021 3785 cordibus.

2013 3823 2104 3878 20.
2134 3821 2302 3894 igitur
2329 3823 2437 3879 illis
2465 3823 2581 3894 jam
2610 3837 2721 3878 non
2758 3821 3178 3892 obsistentibus,
3206 3823 3301 3878 sed
3324 3823 3400 3879 ad
3422 3839 3537 3880 om-

1944 3915 2036 3970 nia
2057 3913 2443 3981 oﬂiciantibus,
2476 3913 2709 3971 amabile
2737 3912 2917 3969 Patris
2936 3915 3139 3984 corpus
3160 3914 3304 3981 tulit,
3327 3924 3382 3970 et
3407 3911 3532 3970 cum

1943 4006 2164 4078 hymnis
2190 4014 2247 4062 et
2278 4005 2534 4062 laudibus
2554 4005 2782 4072 revexit,
2815 4014 2869 4060 et
2895 4005 2949 4059 in
2978 3997 3102 4059 vill‘a
3129 4005 3346 4076 publica
3371 4004 3536 4078 Legia

1945 4100 2239 4155 tumulavit
2290 4115 2418 4157 cum
2465 4099 2694 4166 honore,
2736 4099 2916 4169 qualis
2944 4099 3171 4155 decebat
3214 4107 3534 4171 martyrem.

1948 4191 2085 4258 Quis
2112 4208 2222 4247 non
2250 4193 2432 4248 videat
2457 4192 2548 4247 hic
2588 4191 2685 4246 Dei
2714 4191 3220 4262 dispensationem?
3259 4189 3539 4263 Operabar

1947 4293 2038 4342 tur
2065 4285 2120 4338 in
2153 4283 2447 4340 Lamberto
2479 4283 2574 4339 Dei
2598 4284 2965 4354 providentia,
3004 4284 3226 4355 quando
3267 4285 3535 4357 praordi-

1947 4377 2100 4431 navit
2118 4377 2365 4431 decorari
2383 4375 2604 4447 Legiam
2630 4376 2842 4431 tumulo
2858 4375 3167 4432 Theodardi
3192 4393 3206 4430 :
3232 4377 3361 4447 quia
3385 4377 3533 4433 enim

1875 4450 1921 4506 Ῑ)
1947 4467 2241 4523 Lamberto
2267 4468 2342 4523 ibi
2365 4467 2684 4539 designatus
2704 4477 2822 4524 erat
2841 4469 2997 4524 locus
3018 4469 3316 4538 passionis,
3338 4478 3393 4526 et
3417 4469 3536 4541 ipsa

1949 4559 2112 4632 Legia
2138 4576 2236 4632 per
2268 4559 2622 4615 Lambertum
2655 4560 2709 4614 in
2743 4561 2935 4615 urbem
2960 4561 3208 4631 ampliari
3233 4571 3286 4617 et
3316 4562 3533 4634 episco~

1949 4653 2087 4723 palis
2109 4653 2256 4708 sedis
2277 4653 2486 4707 honore
2508 4651 2744 4706 habebat
2766 4653 3019 4720 exaltari,
3045 4654 3218 4710 noluit
3243 4653 3388 4712 Deus
3420 4657 3542 4721 lon-

1952 4762 2017 4818 ge
2045 4762 2076 4801 a
2100 4761 2160 4802 se
2188 4745 2429 4817 disjungi
2456 4744 2690 4812 tumulo,
2724 4761 2866 4816 quos
2885 4747 3046 4803 solos
3070 4763 3101 4802 a
3132 4764 3365 4804 numero
3393 4748 3545 4804 Tun-

1952 4839 2234 4911 grensium
2285 4839 2670 4910 episcoporum
2717 4840 2821 4896 sibi
2874 4840 3115 4911 aquales
3156 4855 3254 4911 per
3293 4841 3542 4912 martyrii

1956 4934 2184 5006 gloriam
2208 4933 2558 5004 pravidebat,
2586 4935 2824 5005 aquales
2855 4933 2971 4990 fore
3004 4935 3168 4990 etiam
3199 4950 3296 5004 per
3317 4933 3546 4990 merito-

1956 5041 2079 5080 rum
2133 5026 2383 5096 gratiam.
2441 5025 2729 5096 Praripuit
2762 5026 3147 5083 tantummodo
3187 5024 3548 5082 Theodardus

1957 5117 2270 5184 Lamberto,
2297 5133 2365 5172 ne
2394 5119 2606 5188 primus
2649 5119 2702 5173 in
2739 5120 2840 5175 hac
2864 5120 3092 5176 ecclesia
3125 5127 3274 5174 esset
3311 5127 3542 5190 martyr,

1958 5210 2242 5281 praripuit
2278 5209 2605 5267 Lambertus
2649 5209 2994 5275 Theodardo.
3030 5225 3098 5265 ne
3152 5208 3304 5265 solus
3336 5208 3392 5262 in
3439 5209 3544 5264 bac

1959 5304 2191 5358 ecclesia
2214 5303 2353 5359 foret
2382 5313 2608 5376 martyr.
2638 5301 2683 5358 Ο
2713 5312 2784 5370 te,
2813 5303 2994 5374 Legia,
3030 5303 3270 5359 felicem!
3307 5317 3546 5374 quorum

1962 5396 2080 5466 pari
2111 5395 2389 5452 decoraris
2414 5397 2697 5468 martyrio,
2730 5381 2922 5451 eorum
2947 5397 3064 5466 pari
3086 5405 3212 5453 ante
3243 5396 3417 5454 Deum
3446 5396 3549 5452 ad-

1956 5489 2170 5559 juvaris
2217 5489 2540 5560 patrocinio.
2588 5488 2701 5544 Nos
2754 5487 2926 5544 Deum
2978 5489 3395 5560 magniﬁcemus
3449 5505 3550 5563 per

1960 5589 2274 5635 sanctorum
2318 5573 2544 5635 suorum
2594 5579 2842 5650 gloriam,
2873 5588 2933 5635 ut
2967 5587 3286 5636 sanctorum
3334 5581 3550 5640 meritis

1958 5672 2104 5728 illius
2149 5673 2504 5743 impetremus
2549 5672 2801 5743 gratiam,
2839 5673 2933 5744 qui
2984 5673 3119 5728 vivit
3171 5682 3227 5729 et
3270 5682 3461 5746 regnat
3490 5689 3546 5728 In

1959 5766 2158 5822 sacula
2195 5765 2542 5822 saeculorum.
2588 5764 2780 5821 Amen.
