3908 6316
531 331 636 414 πω
1716 323 2078 387 SlGEBER’l‘l
2119 287 2643 394 GEMBLACENSIS
2892 356 2905 366 .
3680 326 3758 384 rei

529 449 737 520 gratia;
790 446 1103 504 coelestibus
1147 445 1332 502 animo
1373 446 1664 514 iuhmrens,
1704 461 1824 502 sese
1859 448 2123 502 holocau-
2153 443 2200 499 A
2226 450 2280 496 et
2302 440 2576 495 Lamberti
2610 447 2848 495 mentem
2884 439 3038 510 plus,
3064 440 3249 509 credo,
3274 442 3531 499 omnibus
3558 454 3763 500 conster-

530 550 674 597 gmm
703 539 936 595 Domino
958 539 1255 595 mactabat,
2220 541 2481 599 naverat;
2537 533 2632 588 sed
2685 533 2801 603 ipse
2852 541 3164 604 temperans
3203 534 3468 600 dolorem,
3501 536 3697 608 quippe,
3721 539 3764 595 in

604 631 709 688 Sed
738 632 870 703 quid
896 648 1034 703 opus
1059 642 1142 688 est
1169 633 1299 688 hinc
1330 632 1454 687 inde
1475 632 1720 702 quaesitis
1743 631 2118 685 laudationum
2215 618 2354 694 quo,
2395 633 2520 694 post
2549 623 2719 679 Deum
2740 667 2754 691 ,
2784 631 2902 679 tota
2924 625 3059 679 urbs
3095 625 3351 681 inclinata
3419 629 3764 694 recumbebat,

529 727 669 781 tueis
714 726 863 779 illum
902 729 1148 782 colorare
1183 743 1344 797 quem
1379 725 1644 796 sapientia
1680 725 1814 795 ipsis
1857 724 2120 779 coloravit
2219 718 2287 772 ad
2315 719 2666 788 repetendum
2689 718 2940 789 przesulis
2954 735 3156 790 corpus
3179 735 3237 775 se
3263 721 3525 776 accinxit.
3547 720 3607 776 Et
3626 725 3768 793 primo

535 811 1232 890 virtutibus?Superlluum
1264 829 1346 875 est
1379 829 1529 874 extra
1561 833 1804 888 quaerere
1836 816 2078 872 material

2224 807 2536 874 frustratus,
2567 825 2676 864 non
2701 808 2930 877 destitit,
2949 811 3047 865 sed
3071 818 3186 865 toto
3209 811 3396 866 animo
3424 823 3477 865 et
3503 827 3654 866 sensu
3675 830 3767 878 suo,

528 909 730 978 laudis,
759 928 884 967 cum
906 929 1032 991 eum
1055 912 1282 969 Creator
1315 913 1381 968 ad
1407 921 1616 967 tantam
1645 909 1965 966 formaverit
1991 925 2118 980 gra-
2220 903 2288 956 ad
2341 903 2664 972 explendam
2718 919 2940 973 operam
2981 919 3137 959 Suam
3173 919 3340 972 usus,
3397 919 3510 958 rem
3543 903 3698 960 eﬁ'ecit
3721 921 3771 959 ex

529 1001 662 1059 tiam
697 1013 758 1059 ut
795 1007 848 1060 in
881 996 1415 1080 toto'corporejejus
1458 1005 1548 1061 vix
1579 997 1909 1076 surrepSerit
1938 1003 2121 1075 aliqua
2220 993 2510 1048 sentcntia-

530 1105 740 1152 natura:
770 1099 994 1166 menda;
1026 1099 1080 1156 in
1116 1099 1301 1154 animo
1334 1114 1462 1154 vero
1496 1098 1636 1170 ejus,
1675 1097 1761 1152 vix
1806 1097 1988 1168 aliqua
2017 1109 2073 1149 nt

2291 1083 2542 1140 Relatum
2583 1083 2768 1154 itaque
2819 1085 2995 1140 sancti
3047 1099 3280 1154 corpus,
3310 1083 3367 1138 in
3407 1084 3536 1136 villa
3577 1083 3771 1153 publica,

529 1189 648 1244 θίγε
680 1191 893 1245 macula
917 1191 1251 1261 apparuerit.
2221 1173 2386 1246 Legia
2445 1175 2760 1242 tumulavit,
2814 1175 3112 1244 praeseiens
3161 1174 3306 1244 quod
3358 1190 3484 1228 eam
3539 1174 3774 1234 divinitas,

1153 1282 1383 1338 CAPUT
1429 1281 1489 1337 ν,
2221 1267 2394 1338 ipsius
2431 1268 2595 1323 etiam
2627 1267 2897 1338 sanguine
2937 1277 2990 1322 et
3031 1267 3252 1321 nomine
3283 1265 3592 1338 specialiter
3620 1281 3776 1321 conse-

527 1371 608 1426 De
645 1373 956 1428 habitudine
1004 1375 1238 1444 corporis
1275 1375 1447 1427 sancti
1485 1371 1756 1426 Lamberti
1817 1381 1865 1425 et
1909 1371 2070 1424 dotibt

2232 1359 2506 1427 erandam,
2547 1359 2902 1430 praevidebat,
2930 1368 2985 1414 et
3012 1361 3079 1413 ad
3113 1358 3491 1428 ampliandam
3519 1369 3775 1430 martyrum

1229 1445 1415 1498 animi.
2223 1450 2452 1522 gloriam
2475 1451 2704 1520 parabat
2727 1451 2783 1506 in
2813 1451 3003 1506 urbem
3033 1451 3316 1520 ampliare.

599 1535 739 1603 Quia
773 1545 952 1591 tamen
984 1543 1200 1606 oportet
1222 1552 1349 1590 eum
1380 1536 1626 1606 laudare,
1659 1542 1720 1590 ut
1743 1549 1809 1588 ex
1839 1547 1969 1586 vero
1996 1547 2121 1586 eum
2818 1541 3049 1598 CAPUT
3089 1542 3199 1599 vn,

526 1628 812 1685 laudemus
861 1603 1038 1686 decet:
1073 1628 1125 1686 ls
1155 1629 1248 1700 qui
1299 1603 1676 1684 habitudinem
1715 1625 1965 1696 corporis
2004 1624 2123 1695 ejus
2520 1636 2674 1703 Quod
2706 1638 2776 1691 αά
2821 1639 3185 1708 episcopum".
3213 1637 3414 1692 ειεειαε
3438 1639 3531 1692 εει,

527 1729 622 1776 aut
647 1723 823 1790 novit,
847 1731 941 1778 aut
963 1723 1138 1778 abhis
1165 1723 1260 1793 qui
1284 1737 1409 1778 eum
1439 1728 1710 1776 noverunt
1737 1718 1925 1788 didicit
1951 1717 2067 1790 (991

2296 1728 2432 1795 Quis
2487 1728 2921 1801 Trajectensium
2981 1729 3241 1785 Ecclesia:
3292 1729 3563 1786 substitui
3607 1730 3782 1785 deberet

527 1815 749 1886 scripsit
790 1831 915 1870 eum
964 1813 1134 1870 fuisse
1181 1813 1400 1880 fortem,
1434 1813 1696 1876 velocem,
1729 1809 1961 1865 multum
2008 1823 2070 1884 ag

2239 1823 2540 1892 apiscupus,
2572 1823 2808 1899 multum
2841 1822 3247 1879 deliberabatur
3297 1825 3353 1878 in
3411 1823 3653 1879 Ecclesia
3685 1821 3782 1886 Dei,

526 1907 655 1974 lem,
702 1909 922 1963 ﬁrmum
976 1907 1030 1962 in
1082 1907 1244 1974 bellO,
1290 1905 1467 1960 forma
1506 1905 1865 1976 ιπὲιξθὶβυυῐη,
1910 1909 2124 1957 Slallﬂ‘c1
2224 1911 2458 1967 multum
2483 1927 2649 1982 super
2666 1913 2770 1968 hoc
2792 1912 2847 1966 in
2877 1913 3002 1968 aula
3030 1914 3174 1985 regis
3203 1912 3438 1970 Hildrici
3473 1915 3781 1980 tractabatur,

523 2017 837 2070 procerum,
869 2001 1024 2057 facie
1066 2001 1284 2066 decora,
1333 1999 1543 2055 cesaric
1588 1998 1850 2064 formosa,
1906 1995 2123 2066 inclytis
2224 2005 2340 2076 qui,
2367 2014 2586 2060 πηοτιυο
2619 2015 2817 2076 pan-uo
2841 2021 2945 2061 suo
2982 2006 3287 2078 Sigeberto’
3325 2024 3565 2079 regnum
3593 2011 3780 2061 Αυειη-

527 2093 724 2159 oculis,
758 2093 1014 2147 manibus
1045 2092 1310 2158 honestis,
1345 2090 1526 2161 digitis
1555 2089 1752 2159 longis,
1793 2101 1958 2142 carne
1987 2101 2122 2140 ean-
2225 2100 2321 2154 sim
2341 2116 2370 2154 ε
2396 2109 2550 2170 patre
2575 2115 2678 2156 suo
2699 2100 2977 2156 Clodoveo
3001 2110 3308 2172 acceperat.
3353 2101 3593 2173 Jamque
3634 2104 3784 2172 paula.

527 2181 675 2248 (lida,
712 2191 772 2237 ιιι
817 2197 846 2237 ³
893 2183 1074 2253 Planta
1108 2182 1260 2253 Ρθίίίε
1311 2196 1485 2252 usque
1521 2180 1589 2235 ad
1633 2180 1891 2235 "erucem
1931 2175 2123 2247 Capitis
2223 2190 2322 2245 tim
2349 2206 2555 2257 sermo,
2581 2191 2648 2246 de
2679 2193 2882 2261 palatio
2912 2193 2977 2248 ad
3006 2194 3328 2261 ecclesiam,
3381 2196 3456 2250 ab
3485 2196 3698 2250 ecclesia
3735 2196 3785 2249 ad

527 2282 675 2330 esset
710 2275 1226 2346 irreprehensibilis.
2224 2283 2409 2353 populi
2460 2282 2828 2354 frequentiam
2881 2285 3226 2341 discurrebat
3273 2287 3495 2341 nullum
3540 2286 3785 2342 Lamberte

599 2366 684 2433 Et,
729 2375 794 2422 ut
841 2368 1128 2423 veniamus
1174 2368 1240 2422 ad
1277 2368 1420 2422 bona
1465 2364 1655 2430 animi,
1697 2371 1815 2419 erat
1860 2359 2124 2417 charitate
2224 2373 2510 2428 meliorem
2539 2388 2680 2439 esse,
2717 2389 2781 2430 ac
2808 2390 2907 2445 per
2933 2376 3040 2430 hoc
3073 2377 3284 2430 "unum
3327 2378 3651 2447 episcopatu
3679 2376 3784 2431 Τη-

525 2459 752 2529 plenus,
798 2460 1048 2516 castitate
1083 2460 1445 2530 praecinctus,
1490 2457 1751 2512 fundatus
1802 2455 1859 2508 in
1899 2453 2122 2508 bumili-
2222 2462 2548 2533 jectensium
2573 2480 2695 2520 esse
2726 2465 3054 2537 digniorem,
3104 2467 3154 2531 ei
3202 2479 3544 2538 competere,
3567 2485 3628 2524 ex
3656 2484 3785 2523 cano.

525 2561 657 2619 ῐειιθ,
681 2560 986 2623 Opportune
1020 2552 1278 2618 οΐθῐίοηίν
1313 2561 1618 2622 Opportune
1649 2548 1890 2615 Ῐθοῑῖοηίς
1918 2544 2121 2620 ορβονῆ
2225 2557 2346 2611 nica
2389 2557 2742 2624 auctoritate,
2794 2567 2854 2613 ut
2883 2559 2938 2613 in
2971 2558 3214 2615 Ecclesia
3253 2577 3352 2615 sua
3397 2561 3635 2616 fructum
3673 2561 3784 2614 mili-

526 2653 659 2698 tuue
715 2647 932 2717 negotio
990 2646 1239 2702 saeculari
1281 2645 1366 2699 vel
1411 2643 1489 2698 rei
1545 2641 1803 2697 familiari
1857 2641 2118 2694 intentus.
2225 2649 2314 2704 tia;
2355 2664 2468 2705 sua;
2502 2651 2825 2721 perciperet,
2863 2652 3002 2706 cum
3043 2653 3246 2723 palatio
3287 2656 3594 2709 concordat
3630 2652 3786 2708 ερριε.

528 2735 688 2803 Ecce,
716 2737 871 2793 vides
894 2739 1172 2792 hominem
1205 2738 1340 2793 adeo
1363 2737 1523 2792 donis
1558 2736 1768 2808 gratim,
1797 2735 1933 2789 adeo
1963 2734 2124 2788 donis
2225 2743 2328 2810 sia,
2382 2744 2653 2800 consentit,
2710 2744 2891 2801 clerus
2949 2761 3075 2800 cum
3119 2746 3357 2820 populo,
3427 2763 3600 2801 unum
3638 2756 3788 2816 optant

529 2839 741 2886 natura:
769 2832 1013 2911 ditatum
1048 2841 1108 2887 ut
1146 2833 1298 2887 dicas
1339 2846 1464 2886 eum
1504 2831 1559 2884 in
1602 2831 1781 2884 virum
1820 2827 2122 2898 perfectum
2225 2835 2472 2890 omnium
2514 2837 2703 2903 corda,
2746 2836 2918 2890 millia
2966 2838 3151 2908 populi
3188 2855 3301 2893 uno
3346 2855 3452 2895 ore
3503 2840 3784 2895 acclamant.

529 2923 828 2980 formalum
874 2939 906 2978 ει
934 2923 1068 2979 DCO-
1117 2923 1283 2989 Ecce,
1320 2923 1567 2992 inquam.
1610 2920 1778 2976 habes
1821 2919 2119 2984 hominem,
2227 2925 2297 2982 Se
2319 2927 2394 2981 illi
2415 2929 2569 2983 oneri
2599 2936 2761 2999 negat
2782 2943 2903 2984 esse
2933 2945 3219 2998 parem,ac
3240 2946 3336 3001 per
3364 2932 3481 2987 hoc
3510 2931 3672 3002 magis
3696 2929 3787 2999 cogi

529 3017 706 3074 cuivis
735 3032 986 3088 persona:
1026 3016 1263 3071 habilem
1297 3013 1649 3079 conformari,
1693 3013 1747 3068 in
1793 3028 1922 3083 quo,
1957 3011 2004 3067 si
2035 3019 2122 3066 ει-
2223 3028 2486 3075 meretur.
2518 3019 2762 3076 Tandem
2789 3020 2892 3089 vir,
2925 3021 3130 3077 ditatus
3167 3022 3482 3078 honoribus
3531 3023 3785 3079 sanctimo-

530 3095 722 3165 tcndas
749 3125 812 3164 ea
854 3124 976 3180 quae
1017 3117 1145 3165 sunt
1178 3108 1322 3174 laici,
1364 3107 1496 3178 quid
1526 3109 1592 3162 de
1619 3106 1762 3161 laico
1800 3106 1850 3160 ei
1883 3104 2122 3160 defuisse
2167 3181 2188 3183 _
2224 3109 2359 3177 uiae,
2419 3110 2726 3167 illustratus
2758 3095 3133 3168 commerciis
3189 3115 3584 3183 parcimonize,
3633 3113 3786 3168 annuit

527 3199 713 3255 dicas?
751 3199 796 3255 Si
848 3215 1063 3270 quaaras
1105 3214 1227 3270 qua:
1256 3206 1384 3253 sunt
1407 3197 1610 3261 clerici,
1645 3205 1818 3251 totum
1860 3195 2120 3252 clericum
2149 3181 2192 3242 Ο
2227 3219 2372 3257 unus
2408 3203 2667 3258 omnibus
2707 3205 3053 3276 morigerari,
3099 3214 3158 3260 ut,
3188 3181 3385 3260 names
3435 3207 3504 3262 de
3549 3221 3606 3263 se
3629 3221 3723 3261 uno
3745 3205 3784 3259 il

526 3289 794 3346 invenias.
2225 3294 2446 3350 Christo
2472 3296 2692 3367 gloriari
2727 3307 2974 3366 possent.
3175 3303 3179 3306 ’

599 3381 697 3438 His
726 3385 889 3439 rebus
912 3383 1070 3440 facile
1100 3392 1479 3456 comparatum
1507 3391 1623 3438 erat
1649 3390 1709 3437 ut
1735 3382 1884 3437 omni
1914 3383 2123 3437 honore
2295 3385 2539 3456 Adeptus
2593 3387 2811 3442 culmen
2877 3387 3159 3459 religionis
3235 3397 3522 3458 perpetua:
3543 3431 3558 3456 ,
3620 3387 3784 3444 studuit

528 3477 885 3548 omniumque
913 3494 1100 3548 amore
1132 3478 1330 3549 dignus
1359 3477 1717 3548 judicaretur.
1765 3475 1867 3530 Per
1905 3475 2008 3530 hoc
2047 3474 2121 3530 ita
2223 3474 2445 3544 pietatis
2490 3491 2696 3548 augere
2727 3492 2924 3546 opera,
2972 3477 3068 3547 qui
3105 3478 3410 3548 pontificali
3464 3490 3655 3534 auctus
3697 3487 3784 3533 erat

527 3568 852 3626 Theodardo
895 3571 1152 3642 episcopo
1186 3579 1302 3626 erat
1339 3570 1491 3626 cordi
1527 3579 1588 3624 ut
1626 3575 1953 3640 pranptaret
1994 3583 2120 3624 eum
2225 3564 2418 3621 infula.
2447 3557 2716 3622 Mactabat
2740 3569 2890 3622 omni
2917 3569 3005 3622 die
3029 3569 3418 3625 holocaustum
3451 3570 3674 3626 Domino
3702 3582 3783 3622 non

528 3663 635 3718 sibi
659 3663 859 3736 eligere
907 3679 1309 3731 successorem,
1347 3662 1454 3718 nisi
1485 3662 1649 3718 sciret
1687 3661 1984 3732 apostolica
2024 3677 2122 3714 au-
2223 3669 2291 3710 ex
2330 3672 2525 3726 pecore
2555 3659 2755 3714 alieno.
2799 3657 3108 3715 Consilium
3152 3668 3378 3731 etopus
3420 3678 3587 3718 suum
3613 3674 3783 3730 semper

525 3756 778 3812 ctoritate
807 3772 929 3812 esse
962 3757 1239 3811 decretum
1273 3755 1422 3827 (992)
1455 3771 1521 3809 ne
1547 3754 1859 3810 sacerdotes
1885 3753 2123 3809 audeant
2223 3748 2292 3802 ad
2336 3747 2508 3804 Deum
2562 3751 2951 3819 convertebat,
2982 3767 3080 3807 cor
3129 3760 3184 3807 et
3228 3754 3396 3823 pedes
3443 3749 3782 3837 dirigebat.“

526 3849 685 3916 alios,
713 3847 1012 3921 designatis
1042 3849 1379 3916 nominibus,
1405 3848 1509 3904 sibi
1546 3847 1864 3918 subrogare,
1893 3863 1963 3902 ne
2001 3847 2116 3917 epi-
2222 3842 2704 3912 evangelizandam
2727 3859 2940 3913 pacem.
2973 3843 3192 3914 Septem
3225 3846 3434 3916 quippe
3469 3848 3611 3903 dona
3649 3843 3783 3915 Spiri-

527 3951 785 4012 scopatus
808 3956 917 3996 non
945 3942 1191 3997 divinum
1216 3957 1440 4009 munus,
1468 3941 1563 3996 sed
1585 3940 1984 3995 haereditarium
2015 3956 2084 4010 pu
2104 3969 2120 3982 ο
2225 3943 2312 3989 tus
2342 3935 2518 3990 sancti
2547 3952 2670 4006 qua:
2695 3935 2918 3992 Christo
2955 3937 3391 3993 substantialiter
3450 3940 3660 4005 insunt,
3686 3937 3782 3992 huic

525 4037 672 4086 tetur
704 4047 828 4087 esse
866 4031 1272 4102 compendium,
1315 4043 1370 4088 et
1416 4049 1484 4088 ne
1519 4034 1813 4105 quisquam
1848 4033 1994 4104 quod
2025 4031 2118 4087 Dei
2221 4043 2442 4098 quoque
2467 4070 2480 4095 ,
2525 4045 2626 4098 pro
2652 4037 2812 4100 captu
2842 4031 3106 4098 humano,
3141 4026 3556 4088 accidentaliter
3575 4033 3778 4086 aderant.

523 4130 612 4179 est
652 4131 805 4194 putet.
846 4124 1057 4180 homini
1106 4117 1311 4182 deberi,
1349 4126 1523 4183 Ροιιιιο
1564 4128 1620 4182 in
1667 4127 1791 4182 aula
1826 4128 1970 4199 regis
2009 4143 2118 4183 non
2223 4118 2461 4190 Spiritus
2483 4122 2701 4176 consilii
2732 4122 2787 4176 in
2812 4138 2878 4178 eo
2906 4122 3123 4194 vigebat
3162 4123 3412 4194 egregie;
3450 4134 3508 4181 et
3558 4121 3779 4195 quidquid

524 4212 662 4270 levis
702 4224 821 4271 erat
862 4218 1124 4274 tetimatio
1153 4219 1221 4276 de
1263 4218 1541 4275 Lambeni
1583 4220 1824 4288 nomine,
1871 4235 2031 4290 quem
2066 4228 2120 4275 ei
2221 4212 2435 4284 agebat,
2464 4213 2659 4283 spiritu
2691 4213 2973 4284 sapientia:
2991 4213 3329 4269 moderabat.
3368 4213 3492 4270 Rex
3523 4231 3644 4271 vero
3692 4210 3779 4266 Hilo

524 4305 727 4377 regalis
758 4308 1069 4366 sollicitudo
1099 4320 1153 4366 et
1181 4326 1470 4382 procerum
1511 4311 1803 4370 multitudo
1831 4301 2116 4368 revereha-
2220 4304 2426 4371 dl‘iCIlS,
2447 4305 2640 4360 Videtis
2669 4319 2794 4360 eum
2818 4305 3032 4360 ουηοῐίε
3056 4314 3340 4375 praesum.
3363 4307 3544 4376 ριιιτὶε
3562 4321 3674 4362 eum
3701 4304 3777 4356 ha‘

525 4403 638 4454 tur.
2220 4397 2383 4452 hebat
2413 4397 2629 4453 cunctis
2654 4397 2808 4468 regni
2855 4397 3194 4468 primoribus
3235 4398 3488 4469 ipsisque
3525 4394 3773 4469 episcopis.

1141 4491 1373 4549 CAPUT
1403 4493 1493 4550 Vl.
1552 4583 1609 4586 ﬂ
1717 4585 1723 4586 γ
1819 4585 1822 4586 ν
2141 4525 2196 4586 Β
2221 4493 2382 4564 eique
2412 4496 2556 4565 apud
2595 4496 2844 4550 animum
2869 4511 3030 4551 suum
3049 4538 3064 4564 ,
3098 4496 3243 4566 apud
3267 4512 3434 4552 aures
3461 4507 3518 4553 et
3542 4514 3604 4552 os
3625 4508 3772 4555 suum,

771 4580 850 4637 De
890 4581 1058 4638 relato
1097 4601 1310 4654 corpore
1340 4586 1520 4639 sancti
1548 4583 1866 4640 Theodardi.
2141 4580 2184 4586 ”
2218 4587 2464 4654 primum
2498 4588 2680 4644 locum
2716 4589 2908 4657 dabat,
2949 4599 3005 4644 et
3039 4590 3200 4660 cujus
3229 4605 3326 4645 cor
3357 4592 3614 4648 credebat
3639 4586 3774 4659 Spiri-

595 4671 922 4731 Theodardo
961 4678 1197 4747 praesule
1231 4695 1327 4748 per
1374 4679 1703 4735 innocentia:
1725 4679 1868 4734 viam
1899 4680 1968 4734 ad
1996 4679 2115 4750 glo—
2222 4687 2311 4736 tus
2356 4681 2532 4735 sancti
2563 4681 2846 4739 oraculum
2877 4695 3000 4736 esse
3021 4723 3036 4748 ,
3065 4681 3339 4752 cujusque
3371 4682 3616 4755 linguam
3639 4679 3772 4733 habe

522 4765 662 4821 riam
705 4776 1005 4840 martyrum
1045 4772 1340 4842 perducto,
1381 4771 1725 4846 Vangiones,
1773 4773 1843 4828 iu
1878 4789 2114 4844 quorum
2218 4772 2313 4828 bat
2353 4788 2454 4843 pro
2485 4773 2732 4828 veritatis
2758 4788 2994 4844 organo,
3026 4774 3075 4827 ei
3107 4774 3254 4828 ultro
3306 4775 3534 4830 dederat
3561 4769 3772 4828 amicitia:

521 4863 801 4918 territorio
844 4872 1075 4919 mortem
1122 4867 1443 4936 appetierat,
1500 4883 1612 4922 non
1666 4866 1962 4922 credebant
2011 4867 2117 4922 hoc
2168 4898 2182 4912 κ
2221 4881 2337 4920 sure
2380 4881 2675 4932 summam,
2712 4880 2948 4934 eumque
2977 4864 3082 4920 sibi
3113 4881 3144 4919 a
3171 4867 3398 4922 secretis
3429 4860 3766 4931 fecerat,qui,

519 4952 748 5010 fortuito
785 4956 1074 5026 accidisse,
1119 4960 1216 5014 sed
1242 4959 1359 5025 Dei,
1391 4976 1492 5015 sua
1529 4961 1672 5015 inter
1697 4961 1881 5015 omnia
1929 4960 2114 5030 dispo-
2221 4959 2282 5012 ut
2329 4957 2522 5024 fertur,
2553 4965 2671 5011 erat
2712 4957 2764 5011 ei
2810 4957 2974 5010 etiam
3030 4973 3061 5010 a
3099 4958 3543 5025 commentariis;
3586 4953 3709 5010 unde
3745 4964 3768 5002 θ

520 5048 734 5117 uentis,
783 5057 954 5118 nutu;
986 5067 1229 5121 praesens
1254 5053 1381 5108 novi
1416 5053 1673 5127 martyris
1715 5063 1959 5110 tutamen
2009 5055 2113 5110 sibi
2219 5049 2383 5106 corde
2412 5058 2466 5104 et
2506 5048 2584 5103 ab
2605 5062 2698 5104 ore
2741 5048 2920 5114 illius,
2971 5047 3155 5102 omnis
3183 5042 3476 5103 Austrasia
3524 5042 3766 5119 pendebat.

519 5151 874 5212 procuratum
923 5159 1044 5200 esse
1080 5146 1392 5216 sperabant.
1454 5146 1579 5203 ldeo
1620 5164 1728 5202 non
1767 5147 2114 5218 patiebantur
2217 5157 2457 5210 eumque
2483 5149 2594 5197 tota
2625 5139 2825 5210 regalis
2860 5138 3013 5198 curia
3043 5139 3417 5194 reverebatur.

519 5247 722 5304 corpus
749 5236 870 5306 ejus
920 5239 1194 5308 asportari
1249 5255 1280 5293 a
1317 5255 1418 5294 sua
1459 5239 1742 5309 parochia,
1786 5240 1944 5311 cujus
1969 5254 2062 5310 pra

2289 5231 2484 5286 Frater
2518 5246 2768 5302 quoque,
2815 5229 3044 5286 Hildrici
3075 5231 3222 5301 regis
3255 5229 3654 5293 Theodericus,
3694 5219 3764 5292 qui

518 5326 695 5381 sentia
725 5329 986 5399 optabant
1010 5331 1342 5386 aeternaliter
1371 5331 1610 5402 gloriari.
1649 5401 1658 5408 ι
2219 5324 2275 5380 in
2315 5331 2472 5394 parte
2496 5322 2744 5379 Franciae
2763 5364 2779 5391 ,
2809 5338 2931 5394 quae
2953 5321 3210 5378 Neustria
3244 5322 3480 5390 dicitur,
3525 5316 3761 5392 regna“,

591 5415 720 5478 Haec
739 5423 1009 5479 acerbitas
1034 5424 1114 5478 rei
1137 5423 1366 5478 nimium
1389 5424 1694 5494 perculerat
1709 5422 2105 5496 Trajectenses,
2215 5416 2563 5486 ρι’ωεθιιῐίωη
2591 5416 2882 5486 appetebat
2943 5414 3221 5470 Lamberli
3240 5457 3256 5484 ,
3287 5425 3344 5506 et
3368 5416 3510 5470 inter
3548 5419 3761 5485 procem

590 5594 757 5672 (iﬁlli
777 5596 1210 5672 Godcschaleum
1243 5600 1514 5672 intelligit,
1537 5601 1630 5671 qui
1671 5616 1738 5656 ex
1772 5600 2109 5669 Thiedoeuo,
2290 5596 2443 5672 (992)
2473 5594 2661 5672 ilabes
2692 5595 2797 5651 hoc
2825 5595 3146 5672 decretum;
3182 5593 3258 5649 De
3289 5594 3419 5672 [iliis
3448 5590 3755 5672 presbyter?

516 5653 880 5742 δ.’1,³ςῐὶὶξριζιί
909 5653 1217 5742 madida
1244 5653 1634 5727 habitudinem
1667 5653 2110 5742 éérﬁdiiiéiinii'si
2220 5653 2531 5722 ordinandis
2576 5666 2949 5742 ucl_rzon,cap:
3077 5665 3202 5742 Non
3231 5653 3652 5742 minus,'_inquil.

513 5743 572 5815 et
611 5737 790 5815 animi.
817 5736 1046 5815 virtutes
1091 5736 1279 5798 scribit
1333 5757 1391 5797 se
1428 5743 1748 5815 cognovisse
1764 5736 1832 5798 'in
1884 5742 2002 5798 Vita
2050 5736 2106 5797 S.
2223 5738 2759 5815 servatoapostolici
2783 5737 3032 5815 rescripti
3059 5737 3297 5815 decreto,
3321 5736 3468 5806 quod
3496 5737 3753 5789 successw°

514 5803 816 5877 Lamberti,
839 5826 956 5881 cap.
986 5812 1037 5867 5.
1496 5803 1521 5815 “
2224 5824 2347 5865 nem
2378 5809 2432 5864 iu
2456 5803 2696 5868 Ecclesia
2725 5807 2818 5866 Dei
2839 5803 3233 5868 hereditariam
3255 5803 3564 5864 detestatur.
