3908 6316
113 399 209 457 765

1260 396 1424 458 .VITA
1446 397 1669 455 PRIOR
1710 395 1766 453 S.
1809 396 2179 454 LAMBERTI.

3235 390 3337 448 766

109 526 157 571 et
200 514 401 569 amicos
450 525 599 578 suos,
654 510 704 567 ei
747 511 999 568 servabat
1027 510 1213 584 gratize
1251 513 1485 585 cepiam,
1510 522 1591 582 et;
1625 514 1672 570 si
1700 516 1748 577 Α
1776 521 2070 569 torrentem
2104 511 2330 569 brachia
2369 509 2590 568 tendere
2623 525 2733 566 non
2762 510 2970 581 potuit,
3021 523 3168 576 nam,
3206 508 3339 578 quia

110 607 226 678 quid
255 606 308 660 in
340 620 510 677 regno
536 618 637 659 suo
667 605 1116 659 auctorizandum
1138 612 1278 672 erat,
1302 621 1412 661 non
1432 605 1666 676 putaba-

109 704 191 752 tur
211 696 344 753 satis
368 704 547 751 ratum
577 693 694 751 fore
711 737 726 765 ,
764 697 875 752 nisi
900 697 1065 752 etiam
1093 695 1368 752 Lamberti
1401 697 1667 769 approba-

114 796 214 844 tum
247 795 388 842 esset
419 786 671 843 consilio.
1206 776 1209 777 ⁷

292 886 299 896 ’
683 877 915 935 CAPUT
952 878 1086 934 Vlil.

176 966 275 1034 Qui
311 967 515 1039 fuerint
549 970 814 1043 episcopi_
837 978 886 1024 et
926 969 1149 1043 abbate:
1188 971 1601 1043 contemporales

688 1039 747 1096 S.
779 1039 1070 1095 Lamberti.

172 1127 275 1200 Ipsi
300 1122 436 1187 sane
456 1130 793 1188 Francorum
816 1148 991 1204 reges,
1009 1131 1378 1189 Theodericus
1399 1141 1455 1189 et
1470 1132 1675 1190 Hildri-

112 1239 219 1290 cus,
244 1225 496 1294 quamvis
527 1240 626 1295 pro
649 1225 1002 1296 simpﬁcitate
1048 1228 1232 1285 minus
1264 1244 1361 1299 per
1412 1243 1471 1283 se
1514 1242 1673 1297 sape-

113 1323 241 1383 rent,
264 1316 320 1371 in
340 1316 451 1373 hoc
483 1324 667 1372 tamen
707 1317 1019 1387 sapiebant,
1067 1320 1196 1389 quia
1232 1319 1523 1374 audiebant
1578 1333 1672 1373 sa-

96 1409 302 1478 pientes
331 1426 346 1463 :
371 1409 586 1479 primus
607 1409 754 1464 enim
782 1410 1064 1480 sapientiae
1091 1411 1293 1483 gradus
1318 1419 1422 1478 est,
1451 1424 1669 1480 sapere;

115 1501 390 1565 secundus,
420 1501 614 1557 audire
641 1502 965 1572 sapientem.
1006 1502 1183 1572 Unde,
1223 1505 1352 1574 quia
1376 1502 1671 1570 Lamberti,

115 1601 213 1647 tam
243 1593 416 1649 sancti
440 1602 497 1648 et
524 1600 649 1649 tam.
668 1595 1063 1664 prudentisviri
1088 1597 1430 1667 aliorumque
1454 1602 1675 1651 sancto-

114 1697 223 1736 rum
250 1682 633 1753 episcoporum
658 1683 892 1741 consilio
921 1685 1282 1756 disponebant
1318 1684 1474 1758 regni
1504 1698 1672 1754 nego-

112 1777 198 1843 tia,
224 1776 416 1831 eratin
452 1786 690 1848 utroque
735 1782 908 1849 regno
958 1779 1187 1848 pulchra
1224 1793 1409 1834 rerum
1461 1775 1631 1832 facies
1654 1816 1670 1843 ,

115 1875 161 1922 et
187 1868 606 1938 prosperabatur
642 1867 780 1924 ﬁdes
809 1868 1089 1925 Eaclesiaa.

177 1955 334 2012 Erant
351 1957 559 2028 quippe
589 1966 720 2014 tunc
755 1959 1018 2029 temporis
1059 1959 1235 2016 sancti
1263 1958 1526 2030 episcopi,
1555 1958 1669 2029 qui,

115 2046 318 2104 scientia
371 2048 590 2118 praediti
649 2057 705 2107 et
757 2050 1024 2121 sapientia
1049 2091 1065 2117 ,
1098 2062 1285 2107 sancte
1326 2061 1379 2107 et
1401 2051 1561 2123 juste‘
1583 2066 1673 2106 se-

117 2139 304 2195 cundas
328 2141 483 2212 regni
512 2150 699 2211 partes
719 2142 1197 2199 administrabant.
1224 2141 1283 2197 In
1306 2143 1395 2198 his
1425 2143 1675 2212 praemi-

114 2231 291 2287 nebant
356 2230 659 2289 Andoenus
739 2231 1198 2305 Rothomagensis
1221 2275 1237 2302 ,
1291 2234 1674 2305 Austrigisilus

118 2320 469 2395 Biturigensis,
499 2323 713 2395 Eligius
747 2312 1156 2393 Noviomensis,
1189 2324 1674 2381 Vindicianus-Ca-

119 2416 442 2485 meracensis,
474 2416 839 2473 ‘Audomarus
882 2415 1248 2473 Tervanensis
1267 2459 1283 2485 ,
1310 2417 1675 2488 Leodegarius

120 2505 628 2578 Augustodunensis,
655 2508 799 2565 Faro
820 2507 1129 2565 Meldensis.
1166 2508 1313 2565 Inter
1340 2510 1441 2566 hos
1467 2510 1673 2565 emica~

119 2597 196 2652 bat
216 2597 554 2668 Lambertus,
577 2616 806 2656 aureum
846 2600 1000 2657 sidus
1044 2600 1323 2668 Ecclesiae,
1354 2602 1503 2657 velut
1533 2601 1675 2657 inter

125 2690 254 2761 ignes
278 2693 402 2748 luna
433 2694 680 2751 minores
719 2694 937 2751 emicat.
996 2693 1109 2750 Hos
1146 2694 1469 2752 Lambertus
1495 2696 1677 2767 suspi-

124 2783 275 2838 ciebat
319 2794 376 2840 ut
402 2795 591 2856 patres
624 2795 679 2841 et
707 2795 839 2842 natu
865 2786 1126 2857 majores,
1156 2802 1362 2858 eosque
1386 2787 1673 2857 imitando,

124 2890 149 2928 a
173 2876 382 2947 singulis
415 2894 615 2934 eorum
669 2878 877 2949 aliquid
903 2879 1093 2950 gratiae
1142 2880 1450 2936 hauriebat.
1502 2878 1675 2935 Pcrro

125 2968 188 3022 illi
228 2969 570 3027 Lambertum
613 2970 1040 3042 praseordialiter
1064 2972 1341 3037 amabant,
1389 2980 1451 3028 ut
1502 2971 1672 3026 filium

125 3059 217 3129 jam
243 3061 303 3117 de
328 3061 456 3118 llore
501 3061 683 3118 aetatis
714 3060 927 3118 fructus
960 3062 1295 3117 emittentem
1320 3103 1335 3127 ,
1362 3062 1522 3132 eique
1554 3069 1676 3132 post

128 3164 203 3216 se,
235 3153 377 3221 quasi
416 3169 484 3208 ex
520 3152 867 3209 haereditaria
888 3146 1267 3220 successione,
1294 3153 1536 3224 regimen
1568 3152 1671 3208 Ec-

128 3241 277 3298 clesiae
318 3252 629 3315 competere
677 3242 1026 3316 gaudebant,
1085 3259 1248 3315 quem
1290 3244 1503 3314 justum
1547 3256 1673 3299 ante

128 3327 271 3387 Deum
302 3342 353 3389 et
384 3336 642 3392 homines
664 3336 956 3402 videbant,
984 3335 1102 3391 sine
1128 3335 1379 3406 querela,
1416 3333 1472 3389 in
1497 3335 1677 3390 omni-

127 3419 213 3478 bus
230 3423 464 3484 incedere
495 3427 655 3500 (Luc.
688 3444 729 3496 ι,
752 3428 828 3500 6),
858 3439 913 3485 et
935 3429 1016 3484 ire
1038 3428 1094 3484 in
1128 3427 1247 3484 dies
1284 3427 1352 3483 de
1383 3424 1587 3482 virtute
1616 3425 1674 3481 in

128 3510 364 3570 virtutem.

187 3602 333 3661 Erant
353 3617 616 3678 praeterea
657 3610 823 3665 etiam
878 3609 1125 3673 abbates,
1164 3617 1219 3664 et
1254 3616 1388 3676 tunc
1423 3616 1478 3663 et
1528 3621 1674 3663 nunc

130 3696 452 3756 nominabiles
484 3700 799 3768 sanctitate,
821 3700 1097 3767 Bertinus,
1125 3699 1475 3766 Philibertus,
1496 3698 1672 3754 Wan-

132 3782 415 3856 dl'egisilus;
436 3788 746 3869 Ursmarus
791 3789 1081 3846 Lobiensis
1118 3790 1177 3845 in
1208 3791 1443 3845 tironem
1468 3787 1671 3843 Christi

132 3875 450 3937 adolescebat.
479 3881 553 3938 Hi
580 3891 738 3938 erant
762 3881 1040 3938 Lamberti
1060 3880 1513 3951 contemporales,
1535 3880 1672 3934 tales

133 3977 262 4023 erant
289 3971 402 4041 ejus
423 3973 865 4030 contubernales.
904 3971 991 4039 Hi,
1032 3981 1096 4028 ut
1147 3972 1463 4038 cherubim,
1499 3970 1674 4025 virtu-

134 4060 229 4111 tuln
253 4075 462 4118 suarum
493 4064 615 4120 alas
637 4064 1040 4131 concutiebant,
1069 4050 1209 4119 alter
1240 4064 1309 4119 ad
1332 4063 1589 4129 alterum,
1617 4068 1674 4117 et

134 4145 178 4201 in
199 4149 391 4209 laudem
423 4154 543 4222 Dei,
574 4156 765 4213 orbem
804 4164 967 4211 terra;
1005 4155 1425 4211 commovebant
1452 4153 1669 4226 (Ezech.

133 4252 179 4303 ι,
209 4240 303 4311 ll).
335 4243 538 4304 Horum
568 4246 780 4302 meritis
804 4245 897 4301 diu
936 4247 1288 4318 tranquillata
1320 4252 1407 4302 est
1431 4244 1674 4302 Ecclesia

134 4325 230 4398 Dei,
249 4333 437 4407 diuque
464 4345 646 4395 status
679 4337 831 4409 regni
861 4345 1216 4409 prosperatus
1246 4346 1352 4394 est.

189 4421 540 4496 Postmodum,
569 4438 789 4500 propter
814 4430 1002 4501 populi
1042 4439 1341 4501 torporem,
1370 4427 1675 4484 dormiente

135 4508 241 4569 Jesu
268 4516 319 4572 in
339 4520 458 4575 navi
479 4529 688 4577 sanctae
722 4519 1002 4586 Ecclesiae,
1036 4537 1186 4589 ecce,
1243 4530 1418 4576 motus
1452 4535 1673 4589 magnus

139 4602 283 4671 lactus
301 4619 372 4665 est
395 4610 449 4667 in
470 4613 610 4669 mari
631 4612 796 4682 hujus
817 4612 1009 4667 mundi
1036 4611 1256 4683 (Matth.
1282 4627 1400 4677 vm,
1429 4610 1545 4682 24).
1568 4610 1673 4666 Fa-

138 4692 220 4750 cile
241 4707 316 4755 est
338 4716 560 4760 causam
594 4703 729 4758 tanti
762 4710 945 4777 motus
977 4703 1241 4760 ediscere.

710 4795 938 4852 CAPUT
967 4794 1059 4850 1X.

415 4887 491 4944 De
525 4888 907 4958 interiectione,
923 4887 1159 4943 Hildrici
1186 4887 1345 4959 regis.

198 4970 540 5039 Theudoricus
566 4991 623 5038 et
640 4981 914 5037 Hildricus
940 4980 1137 5037 fratres
1165 4980 1482 5052 bipartitum
1501 4977 1674 5035 Fran-

142 5060 226 5119 cia
249 5082 457 5143 regnum
485 5075 764 5146 regebant,
801 5073 896 5130 sed
928 5072 1060 5143 quia
1098 5071 1470 5129 Theodericus
1505 5071 1674 5127 hebe-

143 5151 274 5213 tioris
298 5160 487 5233 ingenii
504 5174 642 5230 erat,
670 5164 944 5221 Ebroinus
980 5163 1165 5235 major
1198 5163 1417 5232 domus,
1462 5162 1677 5235 simpli-

147 5248 282 5309 Citate
297 5258 408 5327 ejus
437 5262 661 5330 abusus,
697 5261 993 5318 commovit
1023 5260 1081 5315 in
1115 5274 1300 5331 regem
1338 5259 1464 5316 odia
1504 5259 1676 5317 totius

148 5345 329 5412 μιριιιίς
354 5347 542 5410 Franci
569 5352 739 5420 enim,
768 5352 1006 5408 alienam
1044 5350 1304 5406 invidiam
1331 5350 1387 5406 in
1417 5350 1674 5408 Theodo-

146 5427 295 5490 ricam
309 5447 691 5513 retorquentes,
711 5442 975 5514 dejiciunt
992 5457 1120 5498 eum
1148 5456 1337 5514 regno,
1367 5449 1423 5497 et
1449 5439 1674 5497 fratrem

150 5519 252 5590 θὶιιε
284 5525 564 5592 Hildricum
606 5552 674 5593 ex
703 5535 990 5592 Austrasia
1052 5534 1361 5602 invitantes,
1408 5549 1536 5589 eum
1571 5533 1676 5590 sibi

150 5624 302 5684 ’θεαιι
336 5628 640 5692 praeﬁciunt.
682 5628 835 5696 Quos
880 5626 1125 5699 quandiu
1152 5626 1342 5682 habuit
1376 5624 1673 5695 Hildricus,

154 5707 409 5801 moderate,
447 5729 689 5789 potenter
746 5719 966 5790 utrique
1008 5734 1179 5793 regno
1211 5717 1446 5790 praefuit.
1475 5716 1581 5775 Ubi
1620 5726 1677 5774 et

155 5805 462 5866 ipsemodum
483 5815 731 5883 excessit,
773 5813 1097 5870 insolentius
1125 5826 1311 5884 agens,
1354 5811 1445 5869 diu
1484 5821 1674 5870 contra

1768 606 2008 661 severior
2046 605 2216 676 justo,
2256 603 2549 675 quemdam
2581 601 2817 657 nobilem
2860 599 3197 655 Francorum
3234 599 3341 654 Bo-

1766 696 2003 753 dilonem
2031 704 2219 753 contra
2240 696 2412 768 legem
2431 695 2563 751 credi
2585 692 2712 751 fecit
2734 694 2802 755 ad
2827 692 3062 762 stipitem
3090 691 3337 761 ligatum,

1769 788 1840 843 ab
1871 772 2061 845 eodem
2089 785 2353 845 Bodilone
2390 788 2447 842 in
2476 785 2727 843 venando
2760 787 3056 857 Iexcrptus,
3113 781 3336 837 interiit.

1769 878 2145 937 Theodoricus
2173 888 2347 935 totum
2369 893 2598 950 regnum
2628 876 2840 948 recipit,
2870 874 3206 931 recrudescit
3223 888 3341 928 ma-

1769 970 1894 1027 licia
1920 971 2166 1037 Ebroini,
2206 984 2566 1041 quoscunque
2618 969 2897 1039 reperiunt
2939 966 3138 1022 favisse
3170 965 3340 1035 perti-

1770 1063 1962 1119 nacius
1985 1063 2232 1133 partibus
2258 1061 2503 1129 Hildrici,
2526 1062 2628 1117 hos
2648 1056 3022 1132 pessumdant,
3047 1054 3340 1123 trucidant,

1769 1154 1987 1224 privant
2004 1153 2325 1220 honoribus,
2350 1153 2614 1209 mulctant
2653 1148 3065 1223 proscriptione,
3104 1148 3346 1220 relegant

1770 1245 2001 1302 exsiliis.

2330 1408 2338 1419 .
2387 1356 2617 1413 CAPUT
2650 1356 2716 1411 Χ.

1852 1450 2005 1517 Quod
2052 1451 2360 1522 episcopatu
2410 1449 2467 1505 S.
2518 1449 2831 1503 Lambertus
2890 1447 3127 1517 privatus
3161 1445 3243 1501 sit.

1843 1540 1982 1608 Quia
2020 1539 2262 1597 Hildrico
2318 1541 2502 1597 nullus
2553 1540 2786 1607 fidelior,
2834 1539 2921 1594 vel
2965 1538 3195 1592 amicior
3244 1535 3348 1591 fuit

1771 1649 1937 1704 quam
1957 1631 2302 1701 Lambertus,
2329 1642 2504 1689 totum
2528 1632 2743 1702 pondus
2786 1629 3155 1686 tribulationis
3184 1643 3349 1699 super

1771 1741 1897 1781 eum
1941 1725 2217 1794 incubuit;
2273 1726 2558 1781 videbatur
2595 1724 2741 1780 enim
2772 1723 2908 1778 nihil
2943 1730 3125 1777 actum
3172 1720 3346 1776 fuisse
3444 1788 3463 1795 _

1773 1825 1949 1872 morte
1988 1816 2235 1884 Hildrici,
2265 1818 2312 1873 si
2341 1818 2567 1871 intimus
2602 1815 2828 1870 Hildrici
2867 1813 3192 1868 Lambertus
3245 1812 3350 1867 im-

1774 1907 2228 1979 punitusabiret,
2264 1908 2333 1964 de
2359 1898 2469 1979 quo
2496 1918 2703 1965 certum
2741 1910 2998 1964 tenebant
3041 1910 3189 1980 quod
3208 1926 3348 1965 nun-

1773 2008 1935 2071 qiaam
1963 1999 2183 2057 factioni
2214 2002 2515 2072 iniquitatis
2552 2018 2663 2057 suae
2686 2003 3062 2057 assentiretur.

1843 2091 1967 2147 ldco
1997 2093 2228 2149 consilio
2258 2092 2501 2161 Ehroini,
2536 2109 2565 2148 a
2592 2109 2718 2163 rege
2749 2092 3112 2159 Theodorico,
3150 2108 3353 2148 convo-

1774 2194 1895 2241 cata
1937 2186 2005 2241 ad
2065 2186 2334 2258 synodum
2382 2186 2760 2256 episcoporum
2811 2187 3002 2253 turba,
3039 2186 3154 2257 qui,
3191 2185 3349 2251 quasi

1773 2293 1926 2351 canes
1956 2279 2113 2345 muti,
2145 2294 2247 2332 non
2267 2276 2510 2343 valebant
2547 2277 2746 2332 latrare
2779 2276 2916 2349 (Isa'.
2946 2277 3178 2348 LVIJO),
3218 2293 3353 2333 con-

1773 2376 1859 2424 tra
1908 2368 2165 2425 falsitatis
2208 2369 2579 2425 testimonium
2633 2369 2771 2425 alios
2813 2369 3098 2441 episcopos
3135 2368 3354 2424 exordi-

1773 2467 1926 2515 nant.
1962 2457 2048 2527 Et,
2084 2474 2153 2514 ne
2176 2460 2300 2530 quis
2333 2460 2388 2513 in
2415 2475 2584 2532 regno
2606 2460 2693 2514 vel
2726 2458 2967 2516 Ecclesia
3003 2469 3235 2516 restaret
3257 2459 3353 2531 qui

1774 2565 1874 2619 pro
1903 2548 2152 2604 veritatis
2189 2547 2506 2604 defensione
2547 2548 2671 2604 fidei
2711 2549 2959 2621 clypeum
2995 2550 3219 2605 auderet
3246 2550 3355 2605 eri—

1775 2656 1921 2711 gere,
1972 2641 2056 2695 vel
2098 2641 2346 2710 exemplo
2371 2640 2456 2695 vel
2479 2639 2741 2695 instinctu
2784 2638 3079 2708 Lamberti,
3111 2641 3206 2711 qui
3243 2656 3356 2711 pra:

1774 2731 1987 2787 caneris
2031 2739 2086 2786 et
2131 2746 2230 2802 pro
2252 2730 2467 2786 caeteris
2508 2731 2734 2787 liberius
2769 2730 3052 2801 injustitia:
3079 2733 3355 2789 adversari

1774 2824 2029 2891 audebat,
2083 2839 2275 2881 omnes
2332 2823 2535 2880 diaboli
2596 2824 2889 2895 complices
2958 2824 3250 2900 insurgunt
3300 2827 3356 2881 in

1774 2918 2151 2989 Lambertum,
2180 2920 2429 2977 veritatis
2455 2920 2715 2985 amicum,
2743 2929 2799 2976 et
2837 2920 3180 2976 concinnatis
3216 2914 3357 2997 injuf-

1773 3012 1934 3068 stitia:
1954 3015 2136 3069 causis
2163 3029 2290 3069 eum
2325 3014 2395 3069 ab
2422 3015 2735 3084 episcopatu
2760 3014 3055 3083 deponunt.

1844 3105 2037 3160 Fertur
2057 3104 2399 3161 Coloniensis
2419 3106 2710 3176 episcopus
2722 3105 3068 3175 conspirasse
3086 3102 3213 3158 huic
3232 3114 3359 3172 pra-

1698 3216 1744 3278 ρ
1772 3213 1965 3253 verum
2011 3197 2257 3265 factioni,
2308 3198 2423 3252 zelo
2464 3198 2683 3253 invidiae
2711 3197 2945 3262 ductus,
2987 3206 3043 3250 et
3090 3196 3357 3264 primores

1777 3288 1983 3358 populi,
2018 3286 2143 3343 data
2168 3287 2421 3358 pecunia,
2446 3286 2513 3342 ad
2529 3287 2716 3342 odium
2742 3284 3013 3340 Lamberti
3028 3282 3354 3346 concitasse,

1777 3379 2058 3449 quietiam
2082 3379 2342 3436 clericum
2367 3377 2625 3433 Ecclesia:
2659 3392 2791 3443 suae,
2817 3373 3261 3430 Pharamuudum
3284 3371 3355 3427 ad

1775 3470 2148 3543 episcopatum
2166 3470 2596 3540 Trajectensem,
2620 3476 2809 3524 contra
2830 3467 2922 3536 jus
2942 3478 2996 3520 et
3022 3464 3125 3532 fas,
3155 3477 3355 3533 passus

1774 3569 1862 3618 est
1889 3561 2220 3632 promoveri.
2247 3559 2350 3627 Qui
2377 3560 2563 3624 miser,
2590 3558 2719 3628 quia
2753 3558 2883 3610 abiit
2906 3557 2963 3610 in
2999 3554 3221 3608 concilio
3251 3553 3358 3606 im-

1772 3656 2011 3727 piorum,
2041 3656 2098 3709 in
2114 3653 2370 3708 cathedra
2407 3650 2721 3723 pestilentia:
2750 3649 2885 3703 sedit
2912 3646 3086 3720 (Psal.
3114 3645 3247 3714 1,1),
3281 3642 3351 3700 de

1771 3765 1883 3821 quo
1910 3749 2041 3820 quid
2059 3748 2206 3805 aliud
2230 3748 2429 3819 poterit
2449 3747 2578 3815 dici,
2595 3763 2760 3819 quam
2777 3747 2923 3816 quod
2944 3742 3159 3799 Veritas
3180 3740 3313 3796 dicit
3336 3757 3350 3794 :

1775 3842 1879 3910 Qui
1909 3860 2011 3897 non
2030 3844 2196 3897 intrat
2222 3859 2315 3912 per
2334 3843 2527 3895 ostium
2560 3841 2616 3894 in
2645 3839 2779 3893 ovile
2810 3839 3005 3903 ovium,
3041 3834 3132 3889 sed
3165 3849 3355 3887 ascen—

1773 3936 1851 3990 dit
1885 3934 2121 4003 aliunde,
2155 3934 2247 3989 ille
2268 3934 2358 4006 fur
2380 3943 2458 3987 est
2481 3941 2529 3987 et
2557 3932 2729 3994 latro;
2757 3930 2846 4001 qui
2875 3936 3049 3983 autem
3074 3929 3238 3980 intrat
3266 3938 3360 3996 per

1773 4029 1986 4094 ostium,
2010 4036 2195 4098 pastor
2217 4035 2294 4105 est
2316 4027 2490 4081 ovium
2513 4023 2694 4097 (Joan.
2725 4039 2780 4089 κ,
2808 4022 2859 4088 l,
2887 4021 2966 4091 2);
2990 4019 3104 4073 Fur
3138 4034 3240 4072 non
3266 4034 3357 4072 ve-

1775 4121 1876 4192 nit,
1905 4121 2009 4175 nisi
2035 4128 2093 4175 ut
2116 4120 2342 4191 furatur,
2369 4127 2418 4173 et
2438 4125 2651 4184 mactet,
2674 4125 2723 4171 et
2745 4114 2931 4185 perdat
2951 4110 3128 4186 (ibid.,
3161 4107 3275 4180 10.)
3371 4138 3385 4151 -

2385 4229 2737 4289 CAPUTXI.
3020 4288 3023 4291 λ

1964 4326 2117 4393 Quod
2145 4312 2435 4383 Stabulaus
2460 4324 2842 4399 monasterium
2870 4320 3168 4401 expetierit.

1848 4439 2171 4497 Lambertus
2190 4448 2379 4511 pastor
2397 4438 2599 4503 bonus,
2623 4436 2872 4504 exemplo
2890 4432 3138 4500 Pastoris
3165 4444 3357 4485 essen-

1704 4554 1750 4614 ι)
1777 4534 1978 4589 tialiter
2005 4530 2156 4598 boni,
2182 4537 2408 4601 paratus
2440 4528 2573 4583 dare
2609 4524 2848 4580 animam
2870 4537 3049 4614 suam
3093 4535 3195 4590 pro
3240 4517 3358 4614 ovi-

1774 4624 1881 4680 bus
1918 4623 2055 4689 suis,
2101 4635 2213 4675 non
2255 4626 2317 4674 ut
2355 4616 2727 4673 mercenarius
2770 4612 2908 4684 fugit
2948 4609 3131 4680 (Joan.
3166 4626 3234 4676 ι,
3267 4608 3375 4675 H,

1779 4712 1892 4787 12),
1922 4712 2018 4769 sed
2040 4709 2331 4768 declinavit
2354 4707 2718 4779 procellosum
2751 4702 3070 4767 domesticas
3105 4714 3371 4773 persecua

1776 4805 1943 4862 tionis
1986 4800 2364 4873 naufragium;
2441 4807 2496 4854 et
2550 4798 2846 4853 clementer
2917 4793 3105 4861 ferens
3139 4799 3357 4857 cuncta,

1776 4896 2102 4969 praesulatus
2153 4892 2313 4965 liquit
2365 4899 2663 4961 sceptrum,
2733 4886 3126 4943 commendans
3168 4897 3356 4940 curam

1779 4988 1965 5044 ovium
1990 4987 2042 5043 ei
2069 4985 2165 5057 qui
2191 4985 2325 5040 lavit
2353 4981 2679 5052 baptismate
2703 4995 2769 5036 ac
2812 4978 3042 5035 redemit
3073 4973 3355 5046 sanguine.

1843 5078 2115 5150 Expetens
2157 5091 2292 5148 ergo
2342 5072 2639 5130 Stabulaus
2682 5069 3101 5135 monasterium,
3136 5082 3168 5122 a
3206 5063 3358 5135 Sige-

1773 5170 1929 5229 berto
1955 5186 2081 5243 rege
2116 5169 2403 5225 fundatum
2422 5172 2549 5221 ante
2570 5164 2781 5235 aliquot
2802 5176 2999 5249 annos,
3026 5166 3081 5213 et
3114 5172 3213 5228 pro
3238 5154 3351 5210 fer-

1772 5280 1903 5324 vore
1925 5274 2132 5321 sancta
2164 5260 2472 5334 religionis,
2506 5258 2711 5329 ubique
2738 5255 3118 5316 nominatum,
3165 5260 3357 5303 mona~

1775 5360 1927 5417 sticte
1974 5355 2178 5430 quietis
2208 5363 2427 5426 portum
2463 5350 2646 5423 elegit,
2686 5348 2871 5419 ibique
2900 5359 2997 5416 per
3027 5349 3232 5430 septem
3257 5352 3356 5393 an-

1775 5465 1878 5506 nos
1906 5429 2207 5520 angelicam
2227 5445 2436 5500 ducens
2457 5442 2649 5508 vitam,
2678 5436 2942 5497 habitavit
2965 5447 3171 5493 secum.
3198 5429 3271 5485 At
3288 5444 3352 5483 ex

1776 5539 1927 5594 omni
1973 5535 2364 5609 ecclesiasticae
2408 5533 2630 5590 familiae
2679 5542 2933 5596 nurnero,
2990 5525 3100 5581 duo
3144 5530 3356 5577 tantum

1776 5631 1933 5703 pueri
2003 5631 2127 5703 ejus
2178 5626 2451 5699 obsequio
2498 5624 2880 5687 adhaeserunt,
2926 5615 3354 5690 quorutnalter,

1778 5723 2152 5781 Theodoenus
2166 5721 2404 5785 nomine,
2430 5717 2508 5773 illi
2543 5713 2639 5787 qui
2681 5713 2894 5785 primus
2922 5709 3142 5782 scripsit
3175 5706 3356 5766 Vitam

1779 5816 1956 5872 sancti
2009 5812 2132 5883 viri,
2173 5813 2374 5869 relator
2401 5825 2565 5866 verax
2593 5815 2649 5864 et
2687 5804 2840 5879 testis
2865 5803 3095 5863 idoneus
3130 5814 3356 5876 operum
