3908 6316
569 357 670 414 767

566 471 687 541 ejus
707 470 828 526 fuit.
866 469 1024 537 Ecce,
1053 470 1318 524 habemus
1349 468 1548 536 virum,
1570 468 1637 524 ad
1664 469 1942 539 exemplar
1975 469 2143 524 virtu-

565 575 681 620 tum
729 563 984 618 omnibus
1018 562 1383 632 propositum,
1412 561 1505 631 qui
1555 562 1736 617 sciens
1779 562 1925 631 quod
1958 562 2136 617 solum

541 669 818 710 summus
846 651 1100 722 Magister
1134 667 1166 706 a
1189 665 1248 706 se
1275 650 1484 705 discere
1511 652 1816 717 mandarat,
1841 651 1893 705 in
1918 651 2139 706 humili—

567 754 696 810 tate,
726 745 876 800 mitis
902 743 1068 799 corde
1115 754 1169 798 et
1204 743 1258 799 in
1301 743 1557 812 patientia
1595 759 1714 810 sua,
1738 743 2014 813 quaerebat
2047 759 2136 796 re-

563 836 748 906 quiem
795 837 993 892 animae
1049 852 1161 891 sum
1213 834 1433 906 (Matth.
1468 835 1682 905 £529),
1725 835 1778 889 in
1831 835 2137 901 obedientia

565 943 696 982 vero
747 943 807 984 se
857 928 1192 982 cohaeredem
1219 943 1321 982 suo
1351 927 1571 982 Christo
1606 926 2005 994 conformabat,
2041 925 2137 997 qui

564 1018 969 1075 obedivitPatri
1002 1035 1174 1090 usque
1201 1018 1270 1074 ad
1299 1027 1528 1074 mortem
1565 1019 1788 1090 (Philip.
1816 1037 1877 1087 ιι,
1915 1020 1991 1091 8).

636 1110 827 1179 Quale,
848 1127 1003 1182 rogo,
1026 1121 1144 1167 erat
1170 1111 1351 1167 videre
1372 1112 1550 1166 virum
1589 1113 1823 1167 nobilem
1855 1121 2008 1180 natu,
2034 1129 2136 1168 no-

566 1200 879 1254 minabilem
904 1202 1212 1268 sanctitate,
1239 1204 1522 1272 przesulcm
1571 1204 1767 1268 ofﬁcio,
1808 1205 1973 1260 rebus
2007 1205 2136 1260 olim

566 1298 864 1359 potentem,
894 1291 949 1344 in
974 1293 1184 1347 tantillo
1213 1295 1472 1364 temporis
1514 1304 1759 1364 agentem
1794 1297 1907 1366 jam
1942 1298 2139 1365 proha-

567 1391 682 1435 tum
706 1383 1054 1450 monachum,
1086 1386 1230 1454 quod
1253 1386 1341 1440 vix
1369 1386 1595 1456 quilibet
1623 1388 1759 1442 alter
1802 1373 1986 1457 posset
2034 1406 2126 1445 as-

566 1472 720 1540 sequi
743 1475 912 1527 multa
937 1489 1205 1530 annorum
1239 1478 1580 1546 quantitate?
1613 1478 1840 1546 Revera,
1880 1497 1988 1534 non
2013 1497 2137 1534 eum

565 1565 688 1634 plus
710 1566 881 1621 nimio
919 1583 1008 1622 res
1042 1567 1381 1624 delectavere
1428 1571 1679 1626 secundae
1719 1587 1880 1642 quem
1919 1581 2140 1628 mutata:

565 1673 674 1710 non
710 1668 1136 1727 quassaverunt;
1183 1662 1652 1738 nunquamoenim
1698 1663 1968 1718 amittitur
2019 1666 2138 1721 sine

564 1746 749 1802 dolore
790 1749 934 1818 quod
958 1766 1081 1804 cum
1110 1767 1296 1805 amore
1323 1751 1651 1821 possidetur.
1695 1751 1800 1819 Qui
1828 1754 1998 1824 cupit,
2049 1755 2138 1810 ille

563 1839 726 1906 etiam
759 1841 978 1906 metuit;
1009 1843 1100 1911 qui
1147 1844 1358 1908 metuit,
1392 1860 1669 1914 nunquam
1708 1845 1844 1900 liber
1858 1847 1942 1901 vel
1977 1862 2136 1902 secu-

564 1945 660 1984 rus
686 1931 837 1985 vivit.
866 1931 1191 1988 Lambertus
1213 1944 1400 1990 noster
1434 1935 1570 1989 nihil
1602 1937 1790 1991 mundi
1820 1938 1993 1992 doluit
2015 1954 2138 2011 per:

565 2021 714 2088 dere,
740 2023 867 2092 quia
899 2024 1034 2077 nihil
1058 2026 1389 2096 concupivit,
1425 2043 1489 2081 ac
1520 2043 1617 2096 per
1652 2028 1758 2083 hoc
1805 2044 2020 2099 semper
2052 2045 2138 2084 se-

570 2128 740 2194 curus
767 2114 850 2168 sui
886 2113 1012 2182 fuit,
1040 2124 1094 2170 et
1116 2117 1251 2171 liber
1280 2117 1335 2171 in
1369 2117 1608 2173 Christo.
1653 2121 1884 2175 Amotus
1925 2122 1994 2176 ab
2025 2121 2139 2191 epi-

568 2213 792 2274 scopatu
836 2221 933 2275 per
974 2207 1318 2276 iujustitiam,
1378 2211 1596 2279 quando
1661 2212 2022 2282 expostulavit
2074 2215 2140 2269 de

567 2296 802 2368 irrogata
825 2299 927 2354 sibi
956 2299 1175 2370 injuria,
1200 2318 1365 2371 quam
1397 2303 1685 2372 appellavit
1706 2306 2028 2373 personam?
2057 2306 2139 2360 Ad

565 2389 725 2460 cujus
753 2407 812 2447 se
845 2393 1177 2448 audientiam
1218 2395 1459 2450 addixit?
1493 2395 1593 2450 Cui
1621 2396 1938 2466 jurisperito
1979 2414 2140 2453 suam

567 2485 841 2542 commisit
865 2489 1124 2542 causam?
1145 2487 1364 2544 Nullum
1389 2505 1554 2562 regno
1598 2491 1680 2546 vel
1704 2490 1961 2547 Ecclesiae
1989 2508 2144 2547 scan-

566 2578 750 2632 dalum
773 2581 1088 2648 concitavit,
1121 2597 1236 2636 suae
1269 2581 1444 2636 ruinae
1481 2583 1684 2639 nullius
1710 2584 1882 2638 voluit
1912 2585 2142 2639 miscere

573 2660 816 2736 ruinam,
852 2672 953 2726 soli
999 2672 1110 2728 Deo
1151 2690 1374 2729 causam
1411 2691 1568 2729 suam
1623 2677 1888 2739 revelans;
1932 2675 2144 2731 dicebat

569 2762 714 2829 quod
739 2761 908 2818 Filius
943 2762 1035 2817 Dei
1071 2766 1138 2819 ad
1159 2763 1375 2820 Patrem
1406 2765 1618 2820 dicebat
1642 2783 1738 2836 per
1768 2765 2094 2836 Prophetam
2126 2787 2139 2823 :

572 2851 815 2923 Exsurge
842 2895 859 2921 ,
899 2854 1150 2923 Domine,
1197 2865 1248 2911 et
1301 2856 1510 2910 intende
1541 2857 1752 2928 judicio
1806 2876 1946 2927 meo,
1999 2859 2142 2913 Deus

571 2959 716 2995 meus
757 2952 806 2996 et
855 2945 1112 3000 Dominus
1181 2963 1354 3015 meus,
1407 2947 1465 3000 in
1487 2964 1704 3003 causam
1748 2966 1920 3003 meam
1965 2948 2140 3021 (Psal.

568 3051 754 3104 xxxiv,
785 3037 897 3105 25).

1162 3131 1393 3188 CAPUT
1427 3131 1543 3188 XII.

694 3221 769 3274 De
794 3221 1089 3277 obedientia
1117 3233 1167 3278 et
1189 3225 1490 3280 humilitate
1514 3226 1686 3280 sancti
1719 3224 2011 3281 Lamberti.

636 3311 754 3365 Jaxn
783 3329 928 3368 nunc
953 3314 1234 3370 videamus
1261 3315 1317 3370 in
1345 3331 1454 3370 uno
1481 3316 1794 3371 testimonio
1820 3316 2142 3373 obedientite

565 3403 756 3473 quanti
790 3405 1055 3460 aestimata
1077 3406 1148 3461 sit
1176 3405 1450 3462 Lamberti
1490 3407 1811 3463 ccenobialis
1852 3423 2143 3462 conversa-

565 3494 664 3548 tio.
695 3492 946 3550 Tendens
976 3510 1188 3564 semper
1222 3495 1289 3550 ad
1319 3495 1730 3566 perfectionem,
1772 3497 2006 3568 augebat
2045 3496 2145 3552 ali-

566 3585 696 3655 quid
740 3586 808 3640 ad
857 3587 1138 3643 servitutis
1190 3603 1305 3642 sum
1342 3604 1600 3658 pensum,
1645 3589 1825 3644 sciens
1880 3589 2140 3659 quidquid

565 3686 998 3748 supererogaret,
1032 3695 1061 3734 a
1104 3695 1234 3735 vero
1285 3678 1630 3736 Samaritana
1674 3681 1778 3735 sibi
1807 3679 2142 3737 reddendum

550 3784 722 3836 .esse;
761 3771 905 3826 unde
935 3771 1187 3828 noctibus
1218 3773 1516 3828 canonicas
1543 3773 1757 3845 vigilias
1785 3773 2142 3842 praeveniens,

565 3863 809 3918 solvebat
840 3864 951 3918 Deo
973 3865 1214 3934 privatas
1245 3865 1524 3920 excubias.

636 3953 718 4008 Ad
768 3955 871 4009 hoc
904 3971 1013 4010 una
1054 3956 1326 4022 noctium,
1378 3955 1700 4012 dormitorio
1731 3957 1918 4014 volens
1943 3959 2144 4030 egredi,

564 4043 889 4113 inquietavit
945 4043 1142 4101 fratres
1195 4046 1562 4115 dormientes,
1612 4049 1783 4104 altero
1831 4052 2079 4107 sandalio
2113 4069 2146 4108 a

566 4150 733 4189 manu
767 4135 871 4189 sibi
906 4136 1113 4206 elapso.
1146 4135 1252 4204 Qui
1281 4138 1461 4194 sciens
1487 4140 1634 4209 quod
1664 4156 1731 4195 ex
1776 4157 2010 4198 censura
2055 4159 2145 4200 re-

565 4225 706 4296 gulas
756 4226 908 4281 adire
950 4227 1172 4282 deberet
1223 4244 1442 4284 crucem
1487 4230 1582 4300 qui
1629 4230 1859 4288 fratrum
1907 4235 2147 4304 quietem

565 4316 860 4384 turbasset,
883 4318 1088 4385 statim,
1117 4336 1229 4375 uno
1256 4329 1467 4375 tantum
1484 4336 1677 4392 aSpero
1702 4323 1924 4379 indutus
1945 4326 2145 4395 cilicio,

566 4409 708 4463 clam
732 4411 874 4466 lecto
907 4412 1167 4480 exsilivit,
1200 4423 1254 4469 et
1286 4414 1434 4470 dicto
1463 4413 1644 4484 citius,
1679 4418 1746 4472 ad
1776 4425 1970 4474 nutum
2005 4419 2148 4474 indi-

1726 350 2088 408 SIGEBERTI
2127 345 2648 406 GEMBLACENSIS

2169 3159 2214 3222 C

3679 349 3755 406 768

2173 466 2216 522 A
2245 453 2365 519 non!
2385 465 2556 520 sensit
2580 461 2875 518 cruciatus.
2904 447 3116 516 Ctelum
3145 458 3263 530 ejus
3284 460 3460 531 patuit
3476 462 3759 530 precibus,et

2238 555 2414 610 oratio
2460 554 2527 608 ad
2557 567 2824 621 supernos
2871 552 3116 622 pervenit
3156 553 3396 607 auditus.
3425 551 3544 622 Ipso
3584 554 3757 610 interim

2237 655 2466 701 canente
2488 663 2646 701 versu
2660 662 2702 697 In
2727 645 2924 715 psalmi
2953 644 3208 710 :Quando
3232 647 3435 699 veniam
3464 655 3512 699 et
3549 649 3759 716 apparebo

2237 744 2359 789 ante
2384 736 2573 805 faciem
2610 733 2752 788 Dei?
2785 733 2960 807 (Psal.
3009 735 3192 806 xu,3)
3225 735 3386 790 solito
3409 736 3565 791 citius
3583 747 3757 793 cantum

2238 826 2443 882 dabant
2465 825 2613 897 galli.

2309 915 2533 971 Fratres
2567 923 2802 988 surgunt
2825 915 2892 971 ad
2919 916 3231 986 praescripta
3276 916 3575 988 vigiliarum
3595 919 3756 984 munia,

2237 1017 2292 1063 et
2319 1018 2440 1079 post
2488 1009 2604 1064 haec
2647 1009 2871 1064 domum
2915 1009 3256 1081 introgressi,
3297 1010 3594 1064 accendunt
3623 1010 3759 1080 ignem

2238 1098 2539 1167 copiosum.
2593 1097 2740 1153 Inter
2813 1097 3270 1164 calefaciendum,
3327 1097 3499 1153 abbas
3553 1099 3759 1168 inquirit,

2240 1189 2462 1243 ubinam
2489 1187 2560 1244 sit
2586 1187 2935 1255 Lambertus,
2957 1189 3051 1259 qui
3077 1188 3307 1245 ftatrum
3330 1192 3613 1245 conventui
3630 1192 3759 1246 desit!

2241 1279 2395 1334 Unus
2442 1279 2671 1335 fratrum
2718 1280 2856 1336 dixit
2895 1280 3244 1337 Lambertum
3269 1298 3416 1350 esse,
3459 1284 3548 1354 qui
3579 1285 3762 1356 regulari

2235 1373 2462 1444 judicio,
2514 1388 2611 1441 per
2662 1374 3044 1444 intempestam
3095 1382 3336 1442 noctem,
3377 1376 3526 1430 cruci
3560 1377 3624 1430 sit
3649 1377 3763 1430 addi-

2240 1477 2380 1525 ctus.
2408 1466 2591 1520 Abbas
2611 1468 2942 1538 expavescit,
2969 1477 3024 1522 et
3057 1468 3135 1523 ire
3171 1466 3374 1523 fratres
3395 1468 3464 1523 ad
3502 1484 3615 1523 eum
3645 1484 3761 1524 revo-

2240 1563 2473 1616 candum
2503 1571 2677 1635 urget.
2725 1560 2890 1628 Eunt,
2919 1577 3154 1631 eumque
3173 1569 3465 1616 canentem
3494 1561 3760 1616 offendunt:

2242 1651 2348 1708 Cor
2374 1655 2661 1708 contritum
2687 1662 2735 1708 et
2770 1653 3114 1707 humiliatum
3134 1652 3276 1707 Deus
3301 1669 3408 1706 non
3428 1653 3614 1724 spernit
3630 1651 3760 1724 (Ρωι.

2243 1757 2293 1805 L,
2329 1741 2432 1811 l9).
2468 1741 2546 1797 Eo
2574 1750 2848 1808 revocato,
2889 1742 3198 1796 advolvitur
3220 1742 3345 1811 ejus
3375 1742 3597 1814 genibus
3619 1743 3762 1804 abbas.

2170 1807 2213 1866 Β
2242 1841 2293 1884 et
2323 1807 2502 1888 omnis
2531 1833 2897 1904 congregatio.
2946 1833 3128 1888 Abbas
3158 1848 3218 1888 se
3242 1807 3482 1898 incusat,
3517 1843 3568 1888 et
3600 1833 3763 1902 culpam

2240 1939 2528 1991 excusans,
2564 1923 2782 1979 veniam
2826 1925 2893 1979 dc
2929 1924 3234 1995 ignorantia
3278 1925 3369 1978 vel
3414 1925 3762 1994 intemperantia

2239 2016 2501 2085 postulat."
2561 2016 2884 2092 Lambertus
2916 2026 3226 2084 accusator,
3272 2018 3386 2085 sui,
3443 2018 3652 2087 imputat
3691 2018 3762 2071 sibi

2241 2108 2477 2178 culpam,
2503 2108 2636 2163 nihil
2665 2124 2786 2164 esse
2813 2109 3002 2164 dicens
3021 2110 3168 2179 quod
3197 2109 3277 2165 eis
3301 2110 3566 2181 ignoscat.
3593 2109 3762 2163 Fratres

2241 2201 2628 2256 benevolentiae
2673 2201 2794 2271 ejus
2839 2211 3257 2271 rccompensant
3308 2203 3561 2273 gratiam,
3597 2211 3644 2256 et
3682 2202 3764 2254 bile

2241 2305 2405 2345 neum
2455 2290 2531 2344 illi
2572 2299 2844 2360 parantes,
2893 2292 3217 2346 vestimenta
3257 2292 3384 2361 ejus
3420 2299 3636 2346 mutant.
3672 2291 3762 2345 Inde

2241 2397 2440 2437 manus
2485 2381 2604 2451 ejus
2645 2383 2919 2453 pedesque
2965 2383 3371 2449 exosculantes,
3401 2384 3705 2454 gratulantur
3727 2383 3761 2435 ei

2242 2471 2550 2535 unanimes,
2582 2468 2833 2527 dicentes
2866 2472 2970 2527 hoc
3011 2470 3215 2526 factum
3260 2487 3392 2528 esse
3433 2488 3530 2544 pro
3561 2473 3662 2543 ejus
3691 2489 3762 2526 au-

2243 2563 2415 2634 genda
2447 2563 2638 2634 gloria.

2243 2654 2504 2726 Egregius
2528 2671 2659 2711 vero
2689 2655 2908 2725 praesul,
2933 2655 3188 2726 expansis
3218 2655 3270 2710 in
3307 2655 3510 2712 omium
3546 2656 3761 2718 manibus,

2243 2745 2441 2804 fratres
2472 2749 2552 2804 sie
2572 2749 2847 2803 benedixit
2879 2766 2892 2802 :
2988 2808 2992 2816 ι

2318 2837 2364 2892 0
2399 2838 2540 2893 Deus
2569 2841 2916 2908 omnipotens,
2942 2837 3174 2892 caelestia
3203 2838 3411 2894 lumine
3435 2839 3685 2910 complens,

2315 2927 2420 2992 Qui
2449 2927 2656 2994 ctelum,
2697 2937 2885 2995 terras,
2911 2936 3128 2998 pontum
3161 2929 3369 2984 ditione
3406 2930 3658 3001 gubernas,

2320 3018 2390 3074 Ut
2419 3022 2526 3074 sint
2559 3029 2750 3074 cuncta
2790 3021 2893 3074 tuis
2916 3022 2972 3073 in
2995 3029 3223 3089 tempore
3242 3022 3463 3074 subdita
3483 3021 3630 3083 votis;

2316 3111 2449 3178 Hos,
2477 3129 2716 3183 exposco,
2745 3121 2860 3165 tuos
2887 3111 3100 3166 benedic
3128 3129 3221 3182 per
3247 3113 3659 3186 sweulageroos,

2313 3202 2537 3274 Protege
2570 3203 2634 3257 ab
2664 3204 2897 3270 insidiis,
2924 3220 3074 3257 serva
3111 3205 3404 3258 virtutibus
3441 3205 3604 3270 almis,

2312 3295 2489 3349 Donec
2523 3303 2572 3348 te
2608 3295 2838 3362 videant,
2860 3304 2912 3349 et
2943 3295 3060 3349 caeli
3077 3311 3237 3364 regna
3265 3297 3602 3366 prehendunt,

2317 3385 2386 3440 Te
2417 3385 2698 3452 tribuente,
2725 3387 2887 3453 Deus,
2909 3388 2999 3457 qui
3027 3403 3165 3441 nunc
3187 3396 3235 3441 et
3263 3405 3473 3458 semper
3496 3389 3546 3441 in
3569 3401 3704 3442 ceam

2315 3477 2383 3532 In
2416 3478 2616 3548 triplici
2639 3479 2831 3532 virtute
2858 3479 2935 3531 tui
2961 3479 3260 3533 benedictus
3288 3480 3520 3534 haberis.

2458 3569 2464 3575 ’
2825 3569 3053 3625 CAPUT
3093 3569 3230 3625 XIII.

2279 3661 2429 3728 Quod
2462 3663 2531 3716 ad
2561 3663 2919 3733 episcopatum
2949 3672 3220 3716 revocatus
3251 3663 3323 3716 sit
3359 3663 3419 3718 S.
3451 3660 3734 3716 Lamberm.

2313 3753 2544 3809 Evoluto
2571 3754 2872 3824 septennia,
2901 3754 3120 3808 tandem
3160 3754 3451 3809 Altissimo
3471 3752 3685 3824 placebat
3705 3757 3760 3808 ut.

2244 3856 2368 3918 post
2388 3846 2669 3902 horridam
2701 3855 2756 3901 et
2787 3846 3108 3900 diuturnam
3149 3855 3544 3916 tempestatem,
3577 3843 3677 3899 ωειί
3705 3838 3762 3894 fa—

2244 3939 2381 3995 ciem
2404 3945 2699 3994 serenaret.
2723 3937 2988 4007 Pippinus
3020 3937 3316 4006 secundus,
3350 3935 3584 4008 Ausigisi
3600 3942 3646 3989 et
3669 3932 3762 4000 Beg-

2245 4047 2325 4104 gae
2349 4031 2512 4097 filius,
2540 4029 2632 4085 ubi
2653 4038 2881 4085 cunctos
2909 4030 3003 4099 qui
3029 4029 3168 4084 inter
3192 4044 3252 4086 se
3271 4028 3621 4085 concertando
3637 4024 3760 4078 Fran-

2245 4123 2384 4178 ciam
2410 4122 2791 4178 discindebant
2813 4121 3040 4176 viriliter
3074 4121 3224 4189 vicit,
3261 4122 3416 4176 solus
3456 4121 3552 4176 sub
3578 4114 3761 4171 Theode-

2244 4214 2360 4269 rico
2383 4229 2529 4284 rege,
2567 4213 2736 4268 totius
2770 4211 3016 4267 Francia:
3055 4212 3427 4283 principatum
3479 4207 3696 4272 obtinuit,
3719 4210 3758 4256 et

2245 4306 2617 4375 perturbatum
2645 4304 2798 4377 regni
2817 4313 2872 4360 et
2899 4303 3154 4360 Ecclesiae
3185 4313 3392 4364 statum
3423 4301 3662 4375 disposuit
3679 4312 3759 4351 me-

2245 4393 2464 4452 liorare.

565 4502 783 4570 gnantis
840 4503 1086 4572 abbatis,
1136 4506 1398 4562 sandaliis
1429 4515 1483 4562 et
1513 4481 1640 4578 quas
1680 4509 1912 4566 habebat
1939 4511 1994 4564 in
2023 4527 2142 4566 ma-
2169 4517 2222 4578 ι)
2317 4488 2442 4555 cui,
2492 4488 2634 4544 inter
2678 4488 2806 4554 “nat
2839 4489 2955 4544 haec
3003 4489 3182 4544 laudis
3235 4489 3491 4545 materies
3536 4481 3754 4578 0m?“

567 4591 732 4648 nibus
772 4595 996 4662 relictis,
1038 4596 1202 4652 nudis
1243 4598 1463 4666 plantis,
1504 4599 1848 4656 discalceatis
1892 4601 2140 4670 pedibus,

565 4697 703 4752 pene
726 4686 928 4753 nudus,
952 4703 1170 4743 crucem
1196 4688 1352 4756 adiit,
1379 4689 1565 4760 ibique
1588 4690 1813 4762 psalmis
1839 4700 1895 4747 et
1929 4692 2146 4765 hymnis

566 4774 826 4841 intentus,
861 4779 1198 4844 pernoctavit
1225 4777 1543 4836 immobilis.

639 4865 765 4921 llaec
790 4883 925 4922 crux
948 4868 1162 4938 lapidea
1190 4878 1329 4938 erat,
1362 4872 1504 4927 inter
1529 4873 1832 4928 oratorium
1861 4881 1917 4929 et
1944 4873 2148 4930 dormi-

567 4957 792 5024 torium,
821 4959 890 5012 ad
917 4959 1022 5014 hoc
1043 4968 1244 5016 statuta
1267 4971 1350 5030 ut,
1381 4973 1632 5034 respectu
1664 4965 1838 5036 ipsius
1859 4968 2059 5032 crucis,
2087 4967 2144 5021 hi

567 5050 660 5119 qui
687 5056 846 5103 erant
869 5047 1097 5117 Christi,
1125 5066 1344 5107 carnem
1387 5067 1542 5109 suam
1568 5055 1816 5112 devotius
1859 5057 2146 5129 cruciﬁge-

569 5147 692 5193 rent
736 5155 861 5193 cum
898 5139 1048 5196 vitiis
1069 5148 1125 5196 et
1157 5143 1619 5212 concupiscentiis
1665 5145 1812 5217 (Gal.
1846 5163 1898 5214 v,
1925 5146 2042 5216 24),
2071 5155 2145 5213 et,

565 5229 616 5284 si
637 5230 858 5299 quando
889 5230 1251 5301 graviusculis
1283 5232 1662 5302 delinquerent
1701 5237 2037 5303 excessibus,
2080 5237 2148 5293 ad

460 5317 464 5322 ’
566 5319 710 5375 hanc
736 5320 936 5377 addicti
960 5322 1282 5394 regulariter
1304 5324 1650 5393 pamitereut.

639 5410 834 5483 Frigus
855 5413 1036 5469 noctis
1057 5412 1204 5469 illius
1232 5414 1352 5485 gelu
1376 5416 1754 5485 exasperabat,
1784 5425 1838 5473 et
1876 5417 1991 5484 nix,
2019 5431 2144 5472 cum

566 5500 719 5572 large
734 5503 1012 5571 deﬂueret,
1035 5521 1146 5560 non
1163 5513 1342 5560 tamen
1372 5505 1510 5560 ultra
1533 5506 1673 5562 talos
1691 5509 1939 5578 pratsulis
1959 5524 2150 5563 ascen-

571 5593 751 5648 debat.
783 5593 918 5650 Tota
940 5611 1168 5665 prorsus
1191 5594 1441 5652 hiemalis
1469 5595 1637 5652 facies
1662 5597 1827 5653 nimis
1853 5597 2143 5665 horrebat;

567 5682 666 5740 sed
722 5684 814 5741 ille
855 5686 1213 5752 mitissimus,
1258 5687 1389 5758 quia
1436 5689 1661 5745 ardebat
1714 5690 1874 5759 plane
1920 5687 2151 5744 interius

575 5774 792 5834 ﬂamma
818 5778 1076 5849 paraclcti
1107 5777 1363 5849 Spiritus,
1407 5779 1613 5838 idcirco
1657 5781 1896 5840 exterius
1934 5780 2150 5851 frigoris

2249 4580 2612 4651 Trajectensis
2667 4582 3040 4636 mercenarius
3101 4580 3555 4647 Pharamundus,
3594 4574 3753 4633 tandem

2244 4673 2391 4744 justa
2427 4674 2556 4730 clcri
2584 4682 2638 4728 et
2665 4673 2851 4743 populi
2900 4673 3184 4729 abdicatus
3221 4674 3508 4738 sententia,
3537 4685 3631 4726 non
3668 4675 3753 4720 tan-

2248 4775 2366 4821 tum
2395 4767 2464 4821 ab
2490 4765 2730 4820 Ecclesia
2760 4764 3117 4834 Trajectensi,
3147 4765 3242 4818 sed
3286 4766 3449 4820 etiam
3491 4781 3519 4819 a
3548 4771 3642 4818 tota
3662 4770 3751 4828 pro-

2248 4857 2429 4913 vincia
2451 4857 2757 4926 expellitur.
2795 4855 2944 4910 Illico
2973 4855 3222 4909 omnium
3262 4857 3330 4911 ad
3377 4857 3563 4912 caelum
3604 4848 3753 4905 tollitur

2251 4949 2460 5016 oratio,
2487 4949 2736 5003 omnium
2763 4948 2828 5001 ad
2850 4946 3150 5016 principem
3172 4945 3459 5018 Pippinum
3482 4944 3634 5003 oratio
3655 4935 3750 4994 diri-

2251 5041 2415 5113 gitur,
2445 5054 2514 5095 ne
2555 5039 2789 5108 amplius
2819 5037 3196 5107 Trajectenses
3223 5038 3297 5108 pii
3333 5038 3508 5094 Patris
3544 5024 3751 5089 Lambtﬂi

2251 5141 2475 5190 careant
2503 5131 2718 5188 solatio.
2755 5129 2938 5184 Placet
2961 5130 3109 5199 justa
3135 5130 3326 5200 petitio
3354 5128 3586 5202 principi,
3607 5134 3650 5178 et
3670 5116 3750 5174 edi-

2248 5229 2325 5284 cit
2355 5234 2630 5297 pastorem
2675 5222 2868 5277 ovibus
2892 5221 3010 5277 suis
3051 5223 3283 5278 restitui.
3332 5223 3408 5278 Ita
3431 5221 3571 5276 miles
3607 5206 3750 5268 emeri-

2250 5328 2363 5386 tus,
2397 5316 2732 5389 permaxima
2759 5314 3110 5369 tribulatione
3135 5309 3639 5387 purgatus,omnium
3656 5313 3748 5357 soo'

2249 5427 2374 5467 rum
2410 5410 2640 5466 vocibus
2682 5407 2967 5472 attollitur,
3010 5413 3066 5461 et
3107 5406 3165 5460 in
3195 5397 3470 5464 'cathedra
3509 5398 3747 5467 Trajedﬂ"

2250 5503 2394 5559 sium
2422 5501 2679 5557 decenter
2718 5500 3014 5554 relocatur.
3057 5494 3126 5553 Et
3153 5500 3368 5566 merito,
3398 5496 3516 5568 quia
3552 5493 3597 5546 in
3630 5479 3745 5582 of.“

2250 5595 2398 5652 illius
2426 5603 2544 5648 erat
2569 5593 2854 5648 sinceritas
2884 5602 2940 5648 et
2966 5594 3101 5665 legis
3128 5591 3433 5664 plenitudo;
3459 5588 3509 5641 in
3535 5595 3614 5638 ore
3639 5574 3742 5630 illi"!

2250 5686 2454 5743 veritas
2482 5694 2538 5742 et
2561 5685 2929 5757 pulchritudo.
3726 5745 3735 5754 _

2328 5778 2539 5845 Quanta
2591 5792 2754 5847 super
2799 5775 2920 5845 ejus
2947 5773 3123 5832 reditu
3154 5771 3318 5828 fuerit
3354 5761 3611 5826 exsultatio
3631 5761 3736 5810 ouilil
