3908 6316
118 352 206 408 769
916 385 922 390 ,
1243 329 1404 384 VlTA
1438 327 1645 384 PRIOR
1685 326 1742 381 S.
1782 322 2153 379 “AMBERTI.

114 463 292 528 ordini,
313 457 457 514 aetati
487 464 536 512 et
575 453 751 519 sexui,
778 457 1044 522 quantum
1081 444 1263 500 clerici
1292 451 1347 498 et
1382 441 1659 511 monachi,
1693 453 1735 508 Α

114 564 356 629 quantum
407 550 628 605 advena:
671 554 725 600 et
771 540 1060 614 peregrini,
1105 545 1370 608 quantum
1417 548 1576 589 senes
1608 540 1662 587 et

114 627 268 716 pueri,
311 649 573 711 quantum
620 637 847 706 juvenes
887 639 941 686 et
972 628 1208 698 virgines
1240 627 1296 680 in
1344 641 1444 681 sua
1486 639 1661 679 unus-

114 715 321 805 quisque
364 744 527 785 causa
579 725 778 781 fuerint
831 719 1145 793 jucundati,
1180 716 1466 786 cujuslibet
1499 715 1662 769 etiam

113 824 282 880 diserti
319 838 428 876 non
479 818 746 876 sufﬁceret
791 816 997 886 lingua,
1030 811 1078 866 si
1118 810 1276 864 vellet
1309 822 1530 862 currere
1567 820 1664 876 per

115 913 329 984 singula.

175 1005 464 1074 Regressus
486 1000 648 1070 igitur
666 997 750 1052 vir
779 993 1112 1065 apostolicus
1134 991 1201 1046 ad
1238 987 1517 1060 propriam
1561 1002 1658 1040 ur—

115 1098 239 1161 bem,
269 1093 612 1164 depravatam
650 1104 682 1143 a
713 1082 1256 1158 pseudochristianis,
1279 1077 1665 1137 ecclesiastica:

116 1188 449 1245 institutionis
482 1184 750 1255 reparavit
777 1196 1048 1236 normam.

670 1295 899 1352 CAPUT
933 1293 1080 1349 ΚΝ.

178 1393 316 1461 Quod
343 1391 402 1447 S.
431 1390 743 1461 Lambertus
765 1387 1150 1461 rTaxantlriam
1187 1384 1251 1438 ab
1279 1383 1590 1438 idololatria

711 1459 1031 1513 liberaverit.

173 1555 363 1611 Malens
391 1569 521 1625 ergo
547 1567 669 1608 esse
718 1566 885 1636 quam
918 1549 1025 1605 dici
1067 1547 1377 1619 episc0pus,
1415 1546 1668 1617 superin—

117 1648 345 1703 tendebat
375 1641 670 1701 instantius
710 1642 836 1710 sibi,
872 1651 922 1696 et
943 1641 1180 1695 universo
1205 1640 1368 1710 gregi,
1394 1655 1497 1692 non
1535 1637 1696 1691 sub-.

119 1738 374 1808 terfugiens
408 1735 686 1806 quominus
712 1749 860 1786 omne
887 1730 1166 1785 consilium
1193 1728 1294 1783 Dei
1327 1727 1666 1782 annuntiaret

117 1827 330 1881 omnibus
360 1826 503 1896 (Act.
540 1841 633 1888 xx,
663 1823 754 1891 27,
776 1823 894 1894 28),
923 1823 1231 1891 timensque
1259 1819 1400 1876 servi
1448 1818 1578 1873 mali
1613 1829 1668 1874 et

118 1918 234 1990 pigri
259 1925 460 1983 notam,
481 1915 577 1985 qui
597 1914 826 1985 reposuit
850 1914 905 1966 in
933 1911 1152 1967 sudario
1167 1911 1444 1981 pecuniam
1465 1908 1667 1962 domini

117 2013 186 2065 sui
209 2011 352 2082 (Luc.
397 2026 515 2078 xix,
551 2009 668 2081 20),
699 2008 834 2064 nihil
882 2005 1098 2062 remissi
1141 2003 1374 2061 faciebat
1416 2003 1588 2070 cordi,
1616 2010 1671 2058 et

120 2102 309 2173 corpori
350 2118 487 2169 suo,
523 2101 616 2157 sed
655 2101 819 2155 urbes
864 2107 917 2154 et
960 2097 1260 2168 municipia
1304 2094 1594 2160 lustrabat,
1618 2102 1673 2149 et

119 2211 198 2264 per
215 2194 674 2265 corda,ligonibus
694 2192 846 2247 verbi
861 2191 1095 2258 exculta,
1111 2203 1294 2244 semen
1315 2187 1438 2241 vita:
1458 2186 1512 2240 in
1535 2195 1674 2240 tem-

120 2301 230 2355 pore
248 2285 497 2356 jaciebat.
527 2282 835 2354 Aliquando
868 2281 1030 2336 etiam
1055 2279 1256 2334 limites
1277 2292 1390 2333 sua:
1419 2274 1674 2332 diteccsis

121 2375 404 2442 excedebat,
444 2390 515 2430 ne
563 2389 595 2427 a
637 2372 868 2427 Domino
903 2371 1176 2426 diceretur
1223 2380 1414 2423 servus
1441 2363 1671 2432 inutilis,

123 2466 244 2538 quod
263 2466 312 2520 id
334 2466 512 2521 solum
540 2463 747 2530 fecerit,
779 2463 926 2532 quod
957 2461 1136 2516 facere
1156 2459 1422 2515 debuerit.

181 2556 297 2611 Erat
345 2557 400 2610 in
456 2555 710 2625 proximo
767 2551 1048 2623 provincia
1091 2548 1551 2614 Tessandrorum,
1580 2545 1674 2600 ubi

126 2648 278 2703 adhuc
318 2647 538 2718 vigebat
573 2643 898 2700 idololatria.
943 2641 1011 2696 Et
1035 2640 1226 2696 dolens
1256 2637 1422 2694 fortis
1470 2637 1675 2692 Christi

126 2741 320 2808 athleta,
349 2741 540 2795 hostes
570 2735 867 2793 Christiani
890 2733 1131 2788 nominis
1161 2732 1227 2786 de
1253 2739 1364 2786 tam
1393 2731 1672 2801 contigue,

126 2831 372 2887 adversari
401 2845 574 2900 regno
602 2827 766 2899 Regis
794 2826 900 2892 sui,
930 2825 1099 2880 armis
1123 2823 1247 2879 ﬁdei
1271 2823 1591 2894 accingitur,
1622 2831 1676 2878 et

127 2927 278 2981 calore
298 2925 514 2979 virtutis
555 2921 944 2987 inﬂammatus,
987 2919 1192 2974 crebris
1240 2933 1334 2972 eos
1379 2917 1677 2971 assultibus

126 3018 408 3073 lacessebat.
442 3015 512 3069 Et
561 3014 742 3069 oblata
784 3012 865 3067 eis
888 3026 1021 3081 pace
1045 3008 1284 3076 Domini,
1322 3023 1387 3063 ea
1435 3009 1677 3062 tentabat

3235 327 3334 386 770

2363 433 2592 489 CAPUT
2627 434 2743 490 XV.

1895 525 2043 581 Visio
2065 534 2248 580 sancto
2278 524 2560 598 Lamberto
2584 534 2812 598 ostensa,
2841 526 2906 580 de
2925 529 3220 598 sepeliendo

2283 605 2469 650 sancta
2499 596 2809 653 Landrada.

1833 711 2008 778 Quam
2050 709 2324 780 gloriosus
2353 709 2426 765 sit
2452 709 2596 766 Deus
2634 709 2690 764 in
2731 710 2936 780 seipse,
2992 713 3143 766 nullo
3176 715 3342 769 modo

1764 803 2258 874 deprehenderetur
2287 803 2356 856 ab
2386 803 2725 870 hominibus,
2760 803 2867 859 nisi
2906 805 3088 874 aliqua
3117 807 3343 860 mirabi-

1766 896 1886 950 liter
1908 895 1962 948 in
1990 896 2193 950 sanctis
2218 894 2332 950 suis
2359 904 2730 964 operarentur,
2755 911 2850 966 per
2866 912 2989 964 qua:
3012 912 3041 950 a
3064 896 3222 952 nobis
3253 896 3341 950 in-

1764 989 2035 1058 telligatur
2069 1003 2193 1042 vere
2215 1003 2337 1042 esse
2358 987 2644 1042 mirabilis.
2854 984 2856 986 ’

1836 1078 2061 1133 Francis
2080 1077 2310 1148 Pippino
2328 1077 2686 1147 principante,
2707 1078 3015 1133 construxit
3028 1077 3338 1132 coenobium

1767 1168 1823 1222 in
1864 1167 1991 1221 villa
2031 1165 2230 1222 Belisia
2277 1174 2463 1221 sancta
2494 1165 2780 1221 Landrada
2822 1167 2999 1237 virgo,
3027 1183 3121 1236 per
3155 1168 3340 1223 omnia

1768 1257 1941 1311 sancti
1989 1255 2264 1311 Lamberti
2317 1257 2548 1312 consilio
2595 1257 2856 1324 animata,
2881 1266 2936 1312 et
2971 1274 3071 1312 usa
3115 1258 3339 1313 auxilio.

1768 1347 1898 1414 Quae
1919 1347 2238 1418 imminente
2259 1347 2346 1402 die
2373 1348 2456 1402 sui
2484 1348 2686 1414 exitus,
2718 1357 2780 1402 ut
2817 1358 3006 1418 parata
3028 1350 3096 1404 ad
3125 1350 3344 1419 nuptias

1770 1439 1968 1510 Sponsi
1989 1440 2236 1508 intraret,
2260 1455 2384 1496 cum
2412 1456 2642 1497 accensa
2669 1442 2938 1496 bonorum
2965 1457 3190 1512 Operum
3212 1443 3346 1497 lam-

1768 1530 1925 1600 pade,
1950 1529 2239 1595 accersivit
2259 1529 2602 1584 familiariter
2635 1531 2884 1586 eumdem
2917 1540 3165 1586 sanctum
3190 1531 3349 1586 Lam-

1769 1622 2003 1688 bertum,
2034 1629 2096 1676 ut
2123 1621 2193 1677 ab
2223 1637 2291 1676 eo
2341 1621 2466 1677 vitae
2507 1622 2768 1678 viaticum
2809 1623 3095 1692 acciperet.
3121 1624 3344 1679 Accele-

1769 1723 1923 1771 rante
1946 1715 2092 1769 viam
2115 1724 2305 1770 sancto
2331 1715 2467 1782 viro,
2497 1715 2586 1769 illa
2610 1714 2823 1768 interim
2856 1716 3032 1769 soluta
3056 1723 3140 1769 est
3164 1715 3348 1770 carnis

1768 1806 2062 1877 ergastulo.
2117 1804 2222 1862 Sed
2267 1805 2431 1872 Deus,
2471 1806 2560 1860 cui
2586 1806 2723 1860 nihil
2744 1807 2952 1878 gratius
2998 1814 3082 1862 est
3105 1805 3346 1861 fraterna

1770 1901 2056 1969 charitate,
2087 1916 2187 1956 nec
2214 1899 2387 1966 illum,
2420 1915 2521 1956 nec
2574 1900 2723 1956 illam
2769 1917 2965 1972 passus
3012 1911 3094 1957 est
3145 1901 3346 1972 privari

1770 1991 1950 2047 fructu
1979 2001 2181 2048 mutuae
2202 1993 2474 2048 amicitim.

1839 2084 1974 2140 Nam
2004 2085 2059 2139 in
2085 2085 2349 2141 veniendo
2369 2084 2614 2156 jucunda
2639 2083 2861 2154 praesuli
2898 2085 3150 2155 apparuit
3179 2085 3342 2140 visio.

1770 2174 1909 2230 Ante
1931 2175 2119 2231 oculos
2139 2175 2393 2245 jacentis,
2417 2183 2471 2228 et
2495 2174 2652 2244 quasi
2694 2188 2791 2244 per
2838 2174 3100 2228 exstasim
3128 2175 3350 2228 semivi—

1771 2267 1988 2339 gilantis
2038 2268 2253 2322 astabat
2323 2267 2470 2322 clara
2519 2265 2691 2320 videri
2756 2265 2874 2335 ipsa
2932 2264 3137 2320 Christi
3193 2266 3348 2338 virgo

1772 2360 2080 2427 Landrada,
2111 2374 2346 2429 eumque
2375 2357 2649 2414 amicabili
2676 2357 2861 2413 vultus
2900 2368 2954 2412 et
2994 2358 3107 2412 oris
3171 2359 3346 2427 gratia

1773 2453 2145 2522 compellans:
2185 2452 2356 2519 Unde,
2389 2451 2583 2520 inquit,
2607 2450 2725 2516 tibi,
2748 2465 2782 2504 ο
2801 2449 2875 2503 ιιιί
2902 2449 3097 2517 amice,
3128 2449 3243 2504 haec
3265 2451 3351 2503 in-

1775 2545 1932 2599 solita
1961 2544 2069 2598 mei
2101 2543 2333 2609 incuria,
2360 2549 2420 2596 ut
2461 2551 2533 2607 te,
2570 2541 2638 2596 ad
2677 2555 2768 2596 me
2796 2540 3125 2595 visitandum
3153 2581 3170 2607 ,
3197 2547 3350 2595 tanta

1775 2636 2012 2691 tenuerit
2061 2636 2259 2690 mora?
2299 2635 2656 2700 Lambertus,
2701 2633 3042 2703 praetendens
3095 2633 3349 2688 affectum

1775 2728 2186 2795 familiaritatis,
2216 2728 2476 2782 reddebat
2498 2727 2615 2781 haec
2640 2727 2806 2780 verba
2829 2725 3197 2780 excusationis
3222 2743 3235 2778 :
3267 2724 3356 2780 Me

1776 2838 1876 2878 nec
1896 2821 2138 2887 incuriae,
2169 2836 2268 2876 nec
2299 2835 2466 2874 morae
2515 2819 2770 2874 incusare
2794 2818 2984 2886 habes,
3013 2834 3174 2888 quem
3203 2817 3270 2872 ad
3299 2825 3355 2872 te

1777 2915 1963 2970 venire
1995 2921 2382 2978 maturantem,
2406 2911 2666 2981 prmvenit
2691 2911 2840 2965 ocior
2883 2911 3076 2965 mortis
3105 2919 3210 2964 tuae
3258 2924 3354 2962 ne-

1777 3005 2023 3060 cessitas.
2085 3003 2240 3070 Ecce,
2267 3004 2397 3074 quia
2439 3003 2732 3068 adsum,et
2777 3010 2838 3056 tu
2881 3002 2994 3072 jam
3044 3002 3262 3055 intrasti
3291 3001 3349 3054 ia

127 3110 420 3165 omnimodis
448 3108 498 3164 si
535 3105 812 3176 quomodo
833 3117 996 3173 super
1022 3101 1162 3155 ﬁlios
1183 3100 1333 3170 pacis
1362 3105 1415 3153 et
1443 3115 1548 3168 pax
1575 3113 1672 3152 sua
1701 3137 1742 3194 C
1778 3097 2031 3168 gaudium
2055 3095 2270 3148 Domini
2300 3094 2377 3146 tui
2405 3092 2623 3164 (Matth.
2643 3108 2770 3159 xxv,
2801 3092 2915 3162 21),
2943 3092 3090 3162 justa
3119 3091 3216 3146 tibi
3238 3092 3352 3146 sol-

127 3205 457 3275 requiesceret
506 3199 728 3272 (Matth.
773 3214 830 3264 x,
860 3197 989 3267 l5);
1021 3210 1167 3248 nunc
1203 3193 1350 3247 verbi
1387 3189 1673 3246 dulcedine

126 3310 204 3350 eos
229 3296 510 3360 mulcebat,
543 3301 602 3346 ut
628 3291 696 3346 ad
715 3291 862 3345 viam
890 3287 1136 3345 veritatis
1163 3294 1406 3341 errantes
1436 3282 1672 3337 adduce-

130 3397 232 3455 ret;
257 3403 394 3442 nunc
418 3388 570 3442 ultro
603 3401 662 3440 se
689 3384 940 3454 ingerens
962 3381 1123 3446 bello,
1146 3378 1345 3448 templa
1370 3385 1423 3431 et
1446 3374 1674 3430 simula-

128 3495 204 3534 cra
229 3481 501 3552 gentilium
549 3477 901 3540 destruebat,
941 3481 1002 3527 ut
1030 3471 1225 3542 quavis
1249 3469 1538 3525 occasione
1563 3464 1673 3520 fre-

130 3572 270 3627 mitus
311 3587 500 3626 eorum
553 3573 942 3639 compesceret.
968 3563 1050 3618 Illi
1088 3561 1412 3628 fremebant,
1439 3568 1499 3615 ut
1549 3559 1675 3613 bar-

130 3661 248 3729 bari,
275 3672 324 3719 et
354 3679 502 3729 eum,
534 3669 597 3715 ut
624 3659 811 3714 bestiae
843 3655 1212 3719 ferocissimas,
1246 3652 1552 3722 discerpere
1580 3658 1676 3705 eu-

131 3757 336 3825 piebant.
387 3753 699 3825 Aliquando
752 3759 980 3816 tamen,
1023 3744 1380 3801 humanitatis
1425 3752 1674 3813 respectu

132 3848 358 3914 adducti,
406 3845 760 3902 attendebant
785 3841 1064 3906 virtutem,
1092 3846 1151 3894 et
1194 3839 1446 3920 pietatem
1503 3836 1675 3891 sancti

130 3941 235 4008 viri,
255 3942 341 4013 qui
363 3939 509 4012 quod
534 3937 863 4009 praedicabat
882 3950 977 3989 ore
1004 3947 1167 4004 opere
1185 3931 1450 4001 explebat,
1475 3937 1530 3984 et
1551 3944 1675 3984 eum

133 4031 306 4086 imitari
338 4033 604 4096 volentes,
635 4028 980 4098 patiebantur
1014 4039 1072 4080 se
1093 4024 1162 4076 ab
1177 4038 1241 4077 eo
1270 4022 1324 4076 in
1352 4022 1454 4076 [ide
1475 4020 1677 4075 Christi

133 4123 430 4178 conﬁrmari.
460 4122 543 4178 Ita
569 4120 910 4190 belligerator
940 4114 1145 4170 Christi
1166 4113 1428 4183 paulatim
1456 4111 1678 4166 abolens

135 4216 191 4270 ab
213 4232 386 4271 eorum
409 4214 671 4271 cordibus
699 4210 1001 4266 barbariem
1035 4205 1374 4278 gentilitatis,
1399 4203 1679 4258 inescabat

134 4321 213 4360 eos
231 4307 291 4362 ad
317 4303 744 4362 Christianitatis
768 4297 1265 4364 mansuetudinem,
1288 4304 1343 4352 et
1361 4295 1679 4350 idololatriae

136 4396 332 4455 fetorem
357 4412 666 4462 removens,
697 4393 984 4465 spargebat
1008 4391 1210 4460 ubique
1245 4390 1447 4444 bonum
1475 4387 1680 4443 Christi

1776 3206 1896 3244 vam
1918 3205 1984 3244 ex
2011 3188 2223 3254 debito;
2265 3196 2346 3252 tu,
2374 3199 2580 3254 quzeso,
2607 3184 2740 3236 mihi
2785 3183 2965 3237 indica
2995 3198 3106 3252 quo
3131 3183 3186 3237 in
3230 3183 3355 3238 loco

1774 3296 1971 3349 corpus
1998 3287 2150 3332 tuum
2200 3293 2266 3332 ex
2315 3283 2410 3330 tuo
2453 3274 2649 3344 placito
2679 3274 2959 3342 scpeliam.
3001 3272 3068 3327 Et
3089 3274 3216 3327 illa:
3249 3273 3354 3328 Su-

1775 3371 1944 3440 spicc,
1983 3368 2180 3438 inquit,
2211 3366 2265 3420 in
2295 3366 2515 3430 cmlum,
2537 3372 2592 3419 et
2612 3364 2896 3434 diligenter
2919 3363 3072 3417 illum
3097 3364 3152 3418 in
3186 3364 3350 3418 terris

1775 3463 1955 3517 locum
1983 3468 2168 3515 notato
2189 3459 2244 3512 in
2267 3473 2376 3528 quo
2398 3455 2600 3512 videris
2621 3455 2784 3509 modo
2813 3471 2908 3524 per
2929 3445 3218 3522 micantem
3263 3456 3352 3510 lu-

1777 3567 1894 3607 cem
1920 3550 2154 3615 cmlitus,
2178 3563 2437 3622 apparere
2481 3554 2683 3601 sancta:
2711 3547 2893 3601 crucis
2930 3547 3169 3617 signum.
3192 3545 3352 3599 Lam-

1775 3645 1959 3698 bertus
1973 3657 2091 3697 eam
2105 3648 2500 3694 monstrantem
2512 3652 2745 3708 sequens
2757 3637 2932 3692 oculis
2942 3646 2995 3694 et
3007 3646 3206 3702 mente,
3225 3652 3354 3692 ecce

1775 3737 1919 3791 videt
1940 3735 2194 3790 locum‘in
2211 3733 2370 3789 terris
2391 3733 2599 3788 cmlesti
2619 3733 2738 3786 luce
2757 3731 3030 3800 designari
3052 3723 3104 3784 in
3131 3731 3354 3785 modum

1778 3837 1978 3884 sancta:
2017 3826 2219 3893 crucis,
2250 3833 2304 3880 et
2351 3826 2420 3880 ab
2462 3840 2558 3879 ore
2581 3824 2940 3893 eolloquentis
2977 3823 3078 3878 sibi
3103 3822 3353 3893 virginis,

1778 3921 1894 3976 haec
1923 3919 2112 3973 ultima
2158 3919 2322 3973 verba
2366 3917 2596 3987 accipit:
2623 3904 2798 3982 Hunc,
2830 3915 3135 3981 Lamberte,
3168 3914 3351 3967 locum

1778 4013 1874 4066 tibi
1896 4011 2110 4067 crelitus
2132 4009 2494 4075 insinuatum,
2519 4009 2661 4064 scias
2686 4008 2815 4063 olim
2849 4007 3152 4078 delegatum
3179 4022 3210 4059 a
3240 4004 3354 4058 Deo

1778 4121 1913 4160 mem
1933 4105 2240 4174 sepulturae.
2280 4101 2394 4157 Hae
2419 4103 2537 4158 vice
2560 4117 2872 4157 sermonum
2913 4109 3100 4154 sancta
3146 4098 3356 4168 virgine

1780 4198 1918 4252 cmlo
1946 4205 2181 4264 recepta,
2205 4194 2288 4248 vir
2310 4203 2554 4259 sanctus,
2577 4207 2773 4247 somno
2796 4191 3030 4256 solutus,
3064 4187 3357 4259 applaudc-

1780 4289 1871 4342 bat
1897 4287 2000 4342 sibi
2020 4287 2086 4341 de
2109 4287 2346 4342 caelestis
2365 4284 2596 4341 visionis
2617 4282 2904 4337 miraculo.

1852 4379 2030 4434 Locus
2045 4388 2225 4433 autem
2247 4378 2344 4448 qui
2371 4377 2610 4433 caelestis
2631 4376 2771 4429 lucis
2792 4373 2948 4444 signo
2970 4371 3356 4435 irradiabatur,

136 4492 330 4548 odorem
363 4491 447 4565 (II
489 4491 616 4546 Cor.
646 4505 707 4556 ιι,
727 4463 847 4557 ἶ5)ξ
872 4484 984 4541 Nec
1024 4492 1150 4539 ante
1198 4471 1404 4538 destitit
1457 4479 1679 4551 signifer
1713 4477 1755 4531 D
1783 4473 2239 4529 Wentershovum
2260 4482 2404 4536 erat;
2435 4485 2596 4539 quem
2620 4468 2736 4537 ipse
2758 4473 2982 4520 sanctus
3007 4463 3357 4528 Lambertus,

137 4584 309 4641 Christi
337 4602 500 4656 quam
539 4597 756 4638 omnem
788 4575 932 4634 illam
969 4585 1214 4650 gentem,
1246 4577 1314 4631 de
1352 4590 1520 4646 regno
1563 4573 1682 4628 dia-

140 4677 230 4731 boli
253 4680 511 4742 abactam,
539 4677 606 4730 ad
633 4689 861 4744 regnum
885 4671 1047 4742 Regis
1068 4685 1256 4741 regum
1282 4665 1608 4722 transduxit.

197 4768 308 4826 Haec
334 4781 434 4836 est,
463 4769 700 4834 Christe,
730 4775 823 4820 tua
854 4764 1062 4835 gratia;
1097 4764 1211 4816 haec
1238 4768 1324 4816 est
1342 4758 1474 4814 boni
1497 4756 1684 4811 militis

141 4860 204 4912 tui
227 4861 540 4926 constantia,
567 4859 684 4928 qui,
717 4871 854 4928 opus
886 4854 1246 4926 apostolicum
1270 4864 1582 4922 aggressus,
1613 4848 1680 4902 ad

140 4959 295 5006 castra
315 4961 404 5006 tua
433 4961 544 5006 tam
575 4949 842 5020 insignem
889 4945 1114 5001 adduxit
1155 4943 1512 5013 triumphum.
1541 4939 1681 4996 Ecce

142 5039 454 5099 Tessandriae
481 5041 808 5114 apostolum,
837 5038 1034 5093 merito
1064 5035 1325 5107 apostolis
1346 5043 1398 5090 et
1419 5032 1681 5104 apostoli-

143 5135 210 5190 cis
236 5136 359 5192 viris
405 5133 810 5192 conferendum.
845 5129 984 5186 Cum
1028 5129 1174 5185 enim
1217 5126 1287 5183 ad
1325 5123 1682 5198 judicandum

145 5227 328 5281 venerit
347 5225 603 5297 Princeps
647 5232 928 5294 pastorum
953 5261 970 5287 ,
1019 5228 1072 5274 et
1118 5217 1352 5288 quisque
1399 5222 1682 5285 pastorum

145 5316 186 5370 ei
246 5317 694 5388 repratsentaverit
764 5322 987 5385 quotam
1052 5319 1260 5382 partem
1319 5307 1507 5362 mundi
1584 5320 1685 5360 sua

148 5411 494 5477 praedicatione
541 5408 826 5476 adduxerit
873 5405 942 5461 ad
997 5402 1292 5469 tidem,bic
1345 5407 1533 5470 pastor
1586 5412 1686 5451 no-

150 5510 243 5556 ster
273 5504 404 5559 inter
437 5515 681 5574 pastores
710 5517 819 5556 non
847 5497 1024 5553 inanis
1059 5494 1359 5566 apparebit,
1395 5490 1491 5547 sed
1518 5488 1686 5543 etiam

151 5591 250 5660 ipse
268 5597 477 5663 multos,
508 5612 609 5651 suo
629 5593 813 5649 labore
835 5591 904 5648 ab
925 5587 1229 5646 idololatria
1254 5586 1340 5640 vel
1375 5581 1579 5639 malitia
1602 5594 1688 5634 re—

153 5691 352 5752 tractos,
377 5697 494 5756 post
522 5704 579 5744 se
607 5687 802 5753 trahet,
831 5694 884 5740 ct
905 5683 1130 5753 accipiet
1155 5679 1503 5750 multiplicem
1530 5690 1689 5731 coro-

153 5789 261 5830 nam
294 5779 484 5849 gloriae.

1786 4584 1816 4623 a
1846 4574 2035 4622 saneto
2061 4564 2376 4620 Landoaldo
2432 4561 2565 4615 inibi
2608 4559 2870 4624 nutritus,
2896 4556 3069 4626 prima
3109 4555 3195 4609 sui
3226 4555 3360 4608 tiro—

1786 4659 1916 4716 cinii
1941 4658 2120 4713 indole
2143 4655 2515 4727 insigniverat.

1857 4751 2176 4806 Lambertus
2196 4757 2348 4803 tanto
2376 4745 2594 4816 quidem
2629 4743 3009 4813 properantius
3045 4738 3353 4793 maturabat

1786 4844 1952 4911 viam,
1979 4850 2185 4912 quanto
2208 4838 2415 4894 sciebat
2454 4837 2558 4890 hoc
2609 4833 2719 4888 Deo
2767 4841 2824 4888 et
2853 4846 3069 4903 sponsae
3101 4829 3222 4900 ejus
3246 4827 3362 4882 fme

1785 4935 2012 5007 gratius.
2048 4932 2112 4986 Et
2133 4931 2356 4986 veniens
2379 4928 2630 4982 Belisiam
2683 4925 2893 4981 tardius
2920 4931 3049 4978 voto
3073 4936 3236 4994 quam
3266 4936 3360 4994 pe-

1783 5028 1944 5082 dibus
1976 5025 2181 5097 (animo
2213 5021 2360 5076 enim
2387 5019 2626 5089 cupienti
2657 5017 2792 5072 nihil
2843 5017 2976 5071 satis
3025 5015 3358 5079 festinatur),

1782 5117 2052 5173 visionem
2111 5113 2366 5169 omnibus
2392 5110 2598 5181 pandit,
2642 5124 2848 5177 eosque
2897 5107 2964 5161 ad
3011 5106 3159 5159 illam
3198 5117 3361 5156 exse--

1784 5197 2056 5282 quendam
2107 5207 2297 5262 nititur
2340 5204 2570 5260 flectere”
2602 5217 2767 5272 quam
2813 5206 2990 5270 potest
3022 5195 3273 5250 blandius
3307 5201 3362 5247 et

1786 5301 2094 5357 facundius.
2127 5297 2329 5353 Omnes
2356 5303 2544 5350 contra
2581 5309 2751 5347 unum
2800 5290 3116 5353 reclamant,
3169 5298 3363 5337 omnes

1792 5410 1902 5449 uno
1929 5409 2024 5448 ore
2050 5387 2428 5448 tumultuando
2455 5385 2796 5440 conclamant
2815 5401 2828 5436 :
2845 5379 3021 5445 Absit,
3043 5377 3361 5431 Lamberte:

1791 5488 1953 5553 absit,
1977 5502 2011 5541 ο
2037 5485 2235 5555 praesul
2266 5483 2454 5536 beate!
2487 5478 2588 5532 llic
2613 5477 2727 5546 ipsa
2745 5480 2933 5529 sancta
2955 5472 3110 5541 virgo
3125 5484 3158 5522 a
3179 5477 3230 5523 te
3252 5465 3366 5519 Deo

1791 5587 2108 5638 consecrata
2137 5577 2268 5644 fuit;
2293 5578 2409 5630 haec
2429 5572 2681 5637 ecclesia,
2700 5567 2821 5638 ejus
2841 5581 3006 5636 opera
3020 5573 3075 5619 et
3102 5560 3368 5632 inzpensis

1791 5680 2128 5738 constructa,
2175 5685 2206 5724 a
2244 5677 2294 5722 te
2332 5681 2428 5736 per
2469 5677 2590 5718 eam
2619 5667 2703 5714 est
2740 5656 3022 5721 dedicata;
3052 5653 3140 5708 hic
3183 5651 3368 5705 omnia

1715 5767 1720 5770 ’
1796 5767 1936 5838 ejus,
1963 5779 2059 5820 per
2081 5771 2152 5829 te,
2181 5761 2249 5815 ab
2270 5775 2334 5814 ea
2357 5756 2466 5811 Deo
2492 5753 2728 5824 rclcgata
2758 5755 2914 5817 sunt;
2940 5747 3028 5803 hic
3054 5745 3163 5800 Deo
3190 5744 3368 5798 famu-
