3908 6316
581 277 678 334 ’ΠΙ

1745 269 2108 330 SlGEBERTl
2142 270 2670 329 GEMDLACENSIS
3692 286 3767 342 ττι

575 393 806 449 lantium
841 389 1018 455 turba,
1043 403 1138 460 per
1159 403 1302 455 eam,
1331 396 1385 443 et
1411 402 1507 458 per
1541 395 1592 444 te
1615 385 1803 442 adulta
1833 394 1951 453 est;
1979 394 2035 442 et
2061 385 2154 440 ubi
2185 395 2228 452 Α
2258 401 2422 455 super
2481 399 2674 441 omnes
2736 384 3012 457 principes
3082 386 3446 458 Francorum;
3493 394 3634 463 cujus
3682 400 3768 469 glo-

573 485 793 554 dignius
823 497 949 538 ossa
995 481 1115 551 ejus
1158 481 1444 551 quiescent
1473 494 1638 550 quam
1665 479 1777 546 hic,
1801 479 1894 534 ubi
1917 493 2156 549 praesen—

575 576 774 632 tialiter
801 583 880 630 tot
910 574 1181 629 bonorum
1210 572 1332 641 ejus
1359 586 1586 641 operum
1628 577 1890 641 apparent
1911 570 2156 624 testimo-

571 667 705 722 nia?
752 666 819 722 Et
870 666 985 720 haec
1031 664 1251 735 quidem
1280 663 1487 730 omnia,
1542 662 1708 717 etiam
1742 669 1850 716 ture
1890 661 2153 716 sanctita-

571 759 642 814 tis
679 759 892 823 merita,
945 756 1254 822 Lamberte,
1301 753 1668 821 accumulant,
1710 754 1840 809 dum
1899 768 1996 823 per
2048 740 2155 808 tuae

569 850 962 921 pastoralitatis
1011 848 1276 914 studium,
1342 847 1434 903 hic
1482 855 1536 902 et
1580 846 1777 901 merito
1831 853 1886 900 et
1922 859 2153 900 numero

567 950 746 998 aucto‘
773 941 1013 996 ﬁdelium
1061 940 1280 1010 populo,
1327 939 1451 995 ﬁdei
1498 947 1554 994 et
1592 939 1814 994 virtutis
1851 939 2154 993 exuberant

565 1033 728 1089 dona.

640 1121 964 1178 Lambertus
992 1122 1234 1178 otl‘ensus
1265 1123 1570 1192 pervicacia
1600 1121 1846 1177 omnium
1873 1138 1885 1174 :
1917 1120 2147 1176 Gratum

567 1221 671 1280 est,
703 1214 898 1284 inquit,
929 1229 1164 1284 praeesse
1192 1213 1424 1280 civibus,
1473 1213 1568 1269 sed
1597 1229 1760 1285 grave
1789 1223 1872 1270 est
1894 1215 2148 1269 omnibus

563 1305 798 1373 placere.
830 1304 988 1372 Ecce,
1029 1304 1157 1374 quia
1184 1318 1366 1359 sermo
1402 1303 1497 1358 Dei
1524 1312 1578 1360 et
1599 1319 1754 1359 meus
1775 1318 1882 1358 non
1915 1304 2059 1374 capit
2092 1303 2147 1357 in

563 1395 720 1451 vobis
750 1394 928 1465 (Joan.
958 1411 1076 1461 vur,
1125 1395 1240 1464 37),
1294 1409 1392 1450 vos
1440 1410 1631 1450 omnes
1683 1393 1886 1449 invitus
1917 1383 2143 1464 sequar;

567 1496 750 1542 certus
776 1503 900 1542 sum
929 1496 1112 1543 tamen
1142 1486 1271 1557 quia
1317 1486 1556 1542 caelestis
1584 1485 1794 1541 oraculi
1843 1501 1952 1540 non
1978 1487 2148 1542 deerit

563 1579 806 1634 effectus.

633 1671 956 1726 Lambertus
985 1670 1168 1741 igitur,
1217 1669 1428 1739 sepulta
1475 1677 1664 1725 sancta
1698 1669 1928 1740 virgine,
1970 1669 2144 1738 magis

562 1777 626 1819 ex
656 1763 840 1832 populi
872 1737 1038 1832 quam
1083 1777 1150 1816 ex
1186 1737 1295 1817 suo
1332 1760 1552 1830 placito,
1597 1737 2137 1826 animo'ﬂuctuabat,
2173 1737 2217 1792 Β

558 1855 690 1912 hinc
717 1856 785 1910 de
821 1855 1029 1910 cmlesti
1059 1855 1285 1910 oraculo
1333 1861 1541 1920 certus,
1595 1852 1746 1907 illinc
1789 1853 2030 1908 incertus
2073 1853 2140 1907 de

559 1948 772 2020 sepulto
797 1947 1024 2019 virginis
1054 1946 1403 2016 corpusculo.
1439 1943 1521 2000 Ob
1570 1944 1696 2012 hoc,
1749 1943 1899 1999 omni
1946 1943 2139 1998 orandi

559 2039 722 2095 modo
766 2054 825 2095 se
873 2039 1152 2103 addicens,
1183 2037 1462 2108 quaerebat
1507 2051 1623 2092 rem
1661 2037 1731 2091 ab
1772 2051 1839 2091 eo
1884 2036 1973 2092 cui
2004 2036 2140 2090 nihil

559 2131 893 2201 impossibile
918 2145 1038 2186 esse
1069 2131 1276 2185 sciebat
1299 2127 1451 2199 (Luc.
1480 2145 1519 2196 ι,
1550 2128 1663 2200 57).
1697 2127 1789 2184 Sic
1816 2137 2008 2185 exacto
2038 2127 2140 2184 tri-

557 2221 687 2286 duo,
710 2229 1008 2276 convocato
1035 2221 1260 2291 populo,
1277 2219 1353 2274 ait
1373 2240 1386 2273 :
1403 2218 1683 2291 Virginem
1709 2219 1912 2275 Christi
1929 2219 2140 2289 pridem

556 2312 890 2379 defunctam,
938 2321 1120 2368 vestro
1145 2311 1312 2367 etiam
1349 2310 1579 2382 judicio,
1609 2313 1792 2384 magni
1823 2312 1944 2367 dico
1971 2312 2141 2368 fuisse

555 2404 756 2471 meriti,
779 2415 832 2460 et
855 2404 976 2459 ideo
998 2405 1140 2460 duco
1165 2420 1277 2458 non
1307 2403 1424 2458 leve
1447 2419 1569 2458 esse
1614 2404 1760 2474 quod
1782 2404 1850 2458 ab
1879 2419 1973 2459 ore
1998 2405 2136 2474 ejus,

550 2497 664 2567 jam
691 2513 818 2553 cum
845 2497 1066 2553 Christo
1102 2496 1401 2567 regnantis,
1441 2495 1576 2550 mihi
1630 2495 1928 2550 indicatum
1958 2507 2135 2551 teneo.

558 2589 704 2656 Ideo,
738 2605 806 2644 ne
831 2589 1130 2660 gravemini
1180 2587 1326 2658 quod
1361 2603 1574 2658 precor,
1605 2595 1667 2642 ut
1695 2597 1883 2658 aperta
1911 2588 2139 2658 virginis

559 2680 767 2744 tumba,
795 2695 908 2734 rem
942 2680 1114 2748 ipsam
1141 2681 1315 2734 oculis
1357 2679 1733 2750 experiamini.
1772 2678 1854 2732 Ab
1885 2679 2139 2734 omnibus

555 2769 807 2825 obcditur
837 2771 908 2837 ei,
945 2773 1131 2825 tumba
1157 2774 1418 2842 aperitur,
1450 2773 1543 2828 sed
1592 2772 1728 2826 nihil
1770 2773 2037 2842 reperitur
2073 2773 2140 2828 de

555 2869 746 2915 sancto
764 2860 836 2914 ibi
856 2861 1068 2930 sepulto
1091 2877 1338 2931 corpore,
1357 2878 1480 2917 cum
1500 2862 1619 2931 ipso
1646 2861 1982 2932 sarc0phago
2004 2861 2138 2917 alias

554 2953 910 3023 transposito.
950 2952 1200 3023 Expallet
1228 2955 1412 3010 vultus
1457 2954 1726 3020 omnium,
1771 2953 1921 3008 solus
1968 2952 2135 3008 Lam-

2255 476 2396 531 riam
2463 478 2732 547 augebant
2785 479 2964 534 crebri
3012 479 3367 536 victoriarum
3442 485 3590 540 tituli.
3639 487 3770 555 Quem

2256 565 2324 619 ad
2403 566 2660 621 virtutem
2747 567 2976 624 incitare
3037 580 3287 640 poterant
3360 574 3546 630 saltem
3587 579 3771 637 deducta

2256 659 2324 713 ab
2378 668 2609 730 utroque
2637 669 2860 730 parente
2891 661 3150 718 nobilitas
3179 673 3232 718 et
3281 667 3580 723 sanctitatis
3620 685 3773 727 monu-

2256 759 2458 806 menta.

2325 838 2395 894 Ut
2425 841 2570 895 enim
2594 841 2782 896 sileam
2806 841 2873 896 de
2903 844 3194 899 sanctitate
3219 844 3502 902 Gertrudis
3528 861 3773 909 matertere

2252 931 2392 1002 ejus,
2415 933 2498 986 vel
2527 930 2842 1002 Clodulphi,
2878 933 2976 988 ﬁlii
3015 938 3192 991 sancti
3238 938 3527 1010 Arnulphi,
3569 941 3772 1001 Metensis

2251 1024 2514 1094 episcopi,
2537 1024 2632 1094 qui
2656 1023 2759 1080 fuit
2775 1027 3026 1096 patrinus
3049 1027 3241 1097 ipsius,
3261 1030 3388 1099 quis
3403 1040 3595 1087 sancta:
3611 1032 3774 1105 Beggt,

2251 1117 2442 1170 matris
2465 1117 2603 1186 ejus,
2627 1116 2797 1171 vitam
2823 1134 2932 1172 non
2956 1119 3218 1174 miretur?
3239 1119 3378 1187 Quis
3401 1122 3600 1177 nesciat
3618 1129 3775 1180 sancti-

2251 1207 2492 1261 moniam
2519 1209 2734 1278 paterni
2762 1209 2849 1262 avi
2876 1210 2996 1280 ejus
3017 1209 3311 1282 Arnulphi,
3345 1213 3440 1282 qui
3463 1215 3627 1283 primo
3643 1217 3776 1284 major

2249 1299 2446 1352 domus
2477 1299 2642 1370 regis,
2667 1309 2813 1368 post,
2841 1299 3099 1358 Metensis
3127 1304 3445 1374 episcopus,
3477 1313 3529 1359 et
3555 1305 3602 1358 iu
3633 1307 3719 1361 vita
3738 1318 3776 1363 et

2248 1389 2303 1444 in
2334 1398 2509 1448 morte
2555 1391 2823 1447 mirabilis
2871 1393 3077 1448 mundo
3133 1393 3268 1448 fuit?
3321 1393 3447 1448 Jam
3496 1411 3615 1450 vero
3653 1398 3775 1453 etiam

2249 1479 2484 1535 ﬁliorum
2543 1481 2664 1550 ejus
2711 1483 2951 1552 potentia
3004 1485 3220 1555 vigebat
3274 1485 3333 1540 in
3396 1502 3578 1558 regno,
3617 1503 3644 1544 e
3684 1493 3773 1560 qui-

2249 1570 2353 1626 bus
2409 1570 2587 1642 Drogo
2626 1572 2737 1628 dux
2817 1584 2935 1630 erat
3010 1575 3499 1647 Campanensium.
3561 1580 3627 1634 At
3687 1580 3775 1635 Gri-

2247 1663 2514 1730 moaldus,
2551 1665 2957 1722 haereditarium
2989 1669 3165 1738 patris
3215 1670 3578 1741 principatum
3622 1687 3773 1742 exspe-

2241 1755 2440 1810 ctabat.
2486 1753 2598 1811 Hos
2623 1755 2701 1810 illi
2732 1767 2996 1829 genuerat
3026 1752 3267 1832 legitima
3328 1777 3431 1817 sua
3473 1763 3655 1833 conjux
3683 1762 3773 1817 Ple-

2240 1845 2470 1900 ctrudis.

2311 1935 2378 1991 Et
2420 1952 2545 1992 eum
2573 1936 2806 2010 Pippino
2834 1941 2973 1996 nihil
3015 1943 3220 2013 gloriae,
3274 1945 3418 2000 nihil
3452 1945 3681 2016 potentia
3713 1924 3772 2001 vel

2223 2027 2521 2084 felicitatis
2577 2029 2816 2098 deesset,
2865 2049 3153 2104 nunquam
3194 2035 3244 2090 ei
3290 2051 3460 2107 super
3506 2037 3769 2092 industriam

2241 2121 2460 2180 fortuna
2506 2124 2628 2180 fuit.
2667 2121 2712 2179 Ο
2757 2124 2895 2178 nihil
2946 2141 3188 2195 unquam
3237 2134 3422 2181 tutum
3466 2129 3597 2198 apud
3630 2129 3771 2182 diabo-

2240 2215 2383 2271 lum!
2420 2217 2506 2272 vir
2526 2225 2639 2270 tam
2661 2215 2990 2272 victoriosus
3015 2217 3082 2272 de
3097 2219 3278 2288 seipso
3302 2235 3415 2274 non
3444 2221 3606 2289 potuit
3626 2221 3770 2274 trima-

2240 2309 2430 2378 phare,
2461 2317 2514 2364 et
2570 2301 2808 2363 ferreum
2862 2318 3052 2378 pectus
3101 2325 3265 2365 suum
3311 2327 3511 2380 passus
3559 2312 3766 2382 perforari

2241 2402 2392 2456 molli
2443 2401 2550 2456 telo
2592 2401 2858 2457 libidinis.
2893 2398 3135 2456 Puellam
3164 2403 3406 2458 nobilem
3435 2412 3486 2459 et
3508 2405 3764 2475 elegantem,

2240 2493 2461 2548 nomine
2503 2489 2807 2562 Alpaidem,
2840 2491 3165 2562 superduxit
3192 2492 3453 2563 legitimae
3479 2494 3670 2565 conjugi
3687 2510 3766 2547 sua

2239 2584 2534 2652 Plectrudi,
2566 2600 2630 2640 ex
2658 2600 2766 2654 qua
2791 2583 2958 2638 etiam
2987 2585 3232 2654 suscepit
3270 2584 3446 2640 tilium
3477 2584 3689 2650 Carlum,
3704 2585 3765 2638 cui

2240 2689 2450 2749 postea,
2503 2686 2724 2747 propter
2771 2674 3095 2734 indomitam
3139 2677 3380 2732 bellandi
3435 2675 3764 2737 fortitudinem,

2241 2767 2459 2823 Tudeus
2535 2767 2649 2821 sive
2691 2765 2970 2820 Martellus
3031 2781 3300 2837 agnomen
3357 2767 3479 2821 fuit.
3512 2765 3622 2821 Haec
3650 2781 3762 2819 soror

2238 2869 2355 2914 crat
2383 2859 2646 2924 Dodonis,
2670 2859 2764 2928 qui
2796 2858 3132 2912 domesticus
3155 2857 3374 2928 Pippini
3409 2859 3648 2930 principis
3661 2867 3762 2920 erat,

2241 2952 2324 3006 vir
2365 2953 2558 3020 plenus
2603 2950 2820 3019 opibus,
2871 2964 3068 3020 genere
3119 2951 3327 3016 clarus,
3377 2967 3475 3020 per
3525 2949 3700 3004 amicos
3728 2958 3764 2999 et

553 3045 744 3100 hertus
765 3043 980 3114 gaudet,
999 3054 1051 3099 et
1068 3046 1328 3101 attonitos
1350 3056 1576 3118 paterne
1593 3046 1910 3101 demulcens
1933 3064 1944 3099 :
1969 3044 2131 3112 Quia,
2164 3078 2208 3135 Ο
2241 3051 2519 3112 cognatos,
2542 3049 2596 3096 et
2615 3041 2816 3096 multos
2839 3041 2940 3095 sibi
2967 3041 3337 3111 obsequentes
3377 3058 3568 3113 pueros
3591 3041 3761 3095 multam

555 3133 752 3204 inquit,
782 3134 1132 3189 difﬁdentiam
1159 3144 1404 3210 [vestram
1431 3136 1640 3205 experti
1663 3135 1816 3202 estis,
1843 3134 1960 3205 jam
1990 3151 2138 3190 nunc

553 3222 649 3278 Dei
675 3225 1078 3279 miriﬁcentiam
1105 3227 1471 3296 experiamur,
1504 3235 1559 3281 et
1597 3227 1653 3280 in
1681 3225 1802 3281 loco
1827 3226 1958 3280 mihi
1989 3226 2136 3280 desi-

553 3325 737 3386 gnato,
767 3317 939 3371 sancti
969 3318 1216 3387 corporis
1242 3319 1454 3389 glebam
1479 3334 1809 3389 quaeramus.
1857 3317 1937 3372 Eo
1974 3317 2132 3385 duce,

555 3406 1018 3464 Wentershovum
1065 3410 1337 3476 curritur;
1373 3410 1491 3481 qui,
1518 3419 1698 3466 mente
1726 3419 1781 3465 et
1801 3410 1977 3465 oculis
2001 3411 2138 3465 rele-

553 3515 687 3572 gens
735 3501 972 3556 crelestrs
1023 3502 1163 3573 signi
1197 3510 1420 3557 ostensa
1453 3502 1558 3557 sibi
1605 3491 1856 3573 vestigia,
1901 3501 2139 3558 ostendit

565 3593 744 3647 locum
769 3593 1164 3664 beneplacitum
1189 3603 1391 3649 sancta:
1417 3593 1636 3665 virgini.
1681 3592 1725 3648 Ο
1759 3610 1874 3649 rem
1906 3595 2133 3648 novam!

562 3685 638 3739 ibi
683 3687 856 3740 sancti
889 3687 1135 3756 corporis
1181 3687 1414 3757 glebam,
1464 3702 1588 3741 cum
1626 3687 1746 3757 ipso
1775 3687 2135 3758 sarcophago,

555 3784 984 3847 transportatam
1036 3778 1340 3844 inveniunt,
1399 3786 1510 3832 tam
1566 3779 1868 3848 composite
1921 3787 2138 3849 tamque

552 3869 806 3925 decenter
852 3870 1149 3925 relocatam
1201 3878 1262 3923 ut
1317 3869 1448 3924 nulli
1499 3879 1644 3926 esset
1699 3871 1925 3925 dubium
1969 3887 2137 3942 ange-

559 3958 666 4014 lico
705 3959 1012 4014 ministerio
1045 3967 1290 4015 sanctam
1336 3959 1605 4031 virginem
1649 3961 1780 4015 illuc
1817 3962 2139 4017 translatam

553 4050 744 4108 fuisse.

624 4144 892 4198 Attollunt
917 4143 1098 4198 cuncti
1129 4141 1225 4197 Dei
1255 4144 1504 4210 virtutes,
1531 4161 1697 4214 super
1722 4146 1906 4200 omnia
1937 4147 2137 4216 przedi-

554 4241 683 4289 cant
711 4233 872 4288 Iidem
892 4240 947 4287 et
975 4233 1228 4287 meritum
1253 4233 1478 4304 gloriosi
1513 4233 1809 4302 Lamberti,
1836 4236 1986 4306 cujus
2017 4253 2141 4290 con-

555 4321 785 4380 versatio
793 4323 912 4394 jam
935 4324 989 4378 in
1020 4323 1163 4378 caelis
1212 4333 1328 4379 erat
1359 4323 1583 4396 (Philip.
1611 4343 1692 4392 ιιι,
1724 4325 1837 4397 ‘20),
1888 4329 2140 4398 quamvis

2237 3134 2536 3205 potentiam
2566 3142 2853 3188 assecutus
2877 3133 2932 3187 in
2958 3149 3149 3205 regno.

2307 3224 2446 3278 Cum
2490 3233 2672 3278 autem
2722 3224 2904 3279 nullus
2925 3234 3070 3280 esset
3110 3225 3498 3295 episcoporum
3528 3225 3762 3296 quistaret

2236 3330 2300 3369 ex
2331 3317 2581 3383 adverso,
2605 3324 2658 3370 et
2681 3323 2981 3386 opponeret
3010 3332 3067 3371 se
3092 3332 3314 3371 murum
3331 3334 3433 3387 pro
3455 3319 3604 3372 domo
3625 3315 3760 3377 Israel,

2236 3418 2298 3464 ut
2322 3418 2485 3463 staret
2511 3411 2566 3463 in
2599 3409 2731 3462 bello
2757 3410 2808 3462 in
2833 3409 2919 3463 die
2933 3409 3147 3464 Domini
3174 3410 3396 3482 (Ezech.
3418 3429 3532 3480 xm,
3551 3412 3618 3482 5),
3645 3409 3760 3463 Laru-

2236 3499 2424 3554 bertus
2494 3499 2676 3566 solus,
2749 3499 2862 3553 zelo
2929 3500 3133 3554 zelatus
3206 3519 3303 3571 pro
3396 3505 3546 3556 domo
3603 3499 3759 3554 Domini

2240 3589 2364 3661 (III
2417 3591 2543 3663 Reg.
2585 3609 2696 3658 χιχ,
2736 3592 2848 3662 14),
2893 3604 3199 3663 Opportune,
3233 3596 3530 3665 importune
3561 3593 3759 3666 arguebat

2238 3684 2538 3754 principem
2575 3683 2663 3756 (II
2693 3683 2828 3738 Tim.
2865 3701 2938 3751 ιγ,
2993 3686 3071 3756 2),
3099 3695 3154 3742 et
3175 3687 3408 3742 alterum
3437 3704 3492 3743 se
3517 3687 3680 3749 Eliam,
3702 3683 3757 3735 vel

2237 3774 2502 3830 Joannem
2529 3775 2837 3830 exhibebat.
2862 3775 3020 3842 Quod
3064 3777 3235 3831 animi
3279 3779 3514 3834 habebat
3539 3776 3755 3836 Herodias,

2241 3884 2367 3923 cum
2414 3867 2652 3924 Herodes
2704 3867 2926 3937 Joanni,
2973 3886 3096 3925 eum
3128 3887 3227 3940 pro
3259 3873 3526 3926 adulterio
3549 3867 3754 3939 arguenti,

2240 3961 2470 4016 libenter
2507 3963 2960 4017 accommodabat
2995 3979 3210 4030 aurem,
3253 3965 3362 4020 hoc
3395 3966 3553 4019 animi
3582 3960 3755 4016 habebat

2240 4052 2404 4108 etiam
2453 4052 2658 4123 Alpais,
2697 4069 2822 4108 eum
2870 4052 3134 4124 Pippinus
3182 4055 3493 4120 Lamberto,
3539 4070 3643 4109 eum
3685 4062 3753 4119 pro

2240 4145 2494 4215 pellicatu
2555 4160 2656 4200 suo
2713 4147 3010 4217 arguenti,
3059 4147 3369 4202 obediebat.
3416 4147 3668 4217 Equidem,
3697 4139 3754 4190 vir

2242 4237 2379 4292 alias
2420 4237 2710 4293 laudabilis
2737 4246 2792 4292 et
2821 4238 3133 4309 religiosus,
3175 4239 3282 4295 hoc
3311 4250 3554 4310 excepto,
3577 4235 3748 4291 multum

2243 4315 2520 4382 Lamberti
2552 4327 2960 4398 jucundabatur
2998 4329 3262 4395 consiliis,
3291 4339 3347 4384 et
3398 4329 3601 4384 monitis
3620 4327 3749 4378 [lette-

553 4430 782 4486 corpore
823 4415 1004 4470 adhuc
1042 4424 1317 4471 teneretur
1340 4417 1393 4470 in
1434 4417 1615 4484 terris,
1642 4417 1698 4472 in
1737 4434 1848 4489 quo
1876 4420 2134 4475 videbant
2165 4422 2210 4480 D
2236 4419 2424 4486 batur;
2457 4419 2573 4489 qui,
2628 4419 2674 4474 si
2700 4428 2976 4475 amantem
3006 4421 3253 4491 pellicem
3307 4422 3492 4478 fallere
3522 4420 3746 4492 potuisset.

553 4509 765 4579 impleri
794 4509 942 4564 illam
974 4508 1191 4564 Domini
1231 4524 1420 4564 vocem
1449 4529 1462 4564 :
1491 4509 1683 4564 Omnia
1708 4511 1984 4580 possibilia
2013 4520 2134 4565 sunt

552 4601 783 4655 credenti
832 4600 1024 4674 (Marc.
1083 4617 1157 4668 Ix,
1180 4601 1295 4673 22).
1350 4599 1394 4656 Ο
1417 4602 1594 4656 virum
1624 4602 1847 4673 dignum
1889 4603 2021 4670 Deo,
2045 4603 2134 4658 cui

552 4693 686 4746 nihil
710 4693 861 4747 deest
881 4693 948 4748 ad
967 4692 1314 4762 perfectionis
1331 4694 1634 4760 cumulum,
1653 4703 1905 4764 paratum
1925 4711 2124 4751 ascen-

552 4783 679 4838 dere
706 4783 871 4837 etiam
901 4785 968 4838 ad
992 4785 1142 4839 illam
1173 4785 1518 4852 charitatem,
1548 4803 1656 4857 qua
1701 4787 1958 4856 majorem
1983 4805 2131 4842 nemo

551 4873 706 4927 habet
736 4882 843 4940 ,‘ut
892 4875 1126 4927 animum
1173 4892 1326 4928 suam
1385 4886 1547 4946 ponat
1595 4893 1690 4946 pro
1739 4878 1925 4930 amicis
1983 4878 2132 4932 suis!

553 4963 734 5035 (Joau.
760 4979 850 5028 xv,
885 4964 994 5034 l5.)
1018 4962 1192 5029 Quam
1220 4969 1366 5020 enim
1414 4967 1676 5036 majorem
1718 4967 1946 5037 gloriam
1978 4967 2128 5024 daret

551 5053 668 5108 Rex
693 5070 794 5109 suo
814 5055 1041 5108 emerito
1069 5055 1246 5122 militi,
1282 5073 1446 5126 quam
1478 5065 1540 5112 ut
1567 5068 1888 5113 coronatum
1923 5070 2131 5132 marty-

551 5147 659 5212 rio,
694 5146 927 5202 donaret
956 5146 1076 5200 luce
1104 5155 1318 5202 aeternae
1345 5148 1564 5216 quietis.

622 5236 752 5303 Nos,
783 5246 842 5292 ut
865 5247 1164 5292 extremam
1189 5254 1408 5293 manum
1440 5241 1588 5308 operi
1620 5241 1986 5313 imponamus,
2011 5243 2125 5314 jam

550 5345 698 5385 nunc
715 5329 990 5400 paSsionis
1011 5331 1131 5401 ejus
1154 5331 1407 5385 vexillum
1439 5333 1732 5404 erigamus.

1121 5440 1352 5497 CAPUT
1416 5442 1555 5498 XVI.

589 5531 743 5597 Quod
797 5532 1112 5588 Lambertus
1155 5532 1719 5618 Pippipurnprguerit
1766 5555 1861 5608 pro
1903 5539 2095 5596 illicito

1164 5615 1521 5661 matrimonio.

621 5694 902 5768 Pippinus,
937 5708 994 5754 ut
1029 5689 1402 5769 praediximus,
1459 5700 1868 5773 principabatur
1916 5708 2130 5778 egregie

2239 4511 2498 4566 nimirum
2543 4511 2758 4567 lucrosc
2801 4512 3044 4568 audisset
3091 4529 3150 4569 se
3207 4517 3406 4570 merito
3447 4517 3743 4583 increpantem

2236 4604 2546 4674 praesulem.

2811 4695 3041 4751 CAPUT
3082 4697 3243 4752 XVII.

2237 4787 2314 4842 De
2350 4787 2485 4842 bello
2520 4798 2762 4858 nepotum
2807 4787 3044 4862 Dorionis
3099 4802 3283 4845 contra
3327 4793 3574 4862 familiam
3621 4782 3741 4839 suam

2889 4858 3180 4916 Lamberti.

2309 4971 2489 5027 Pellex
2531 4988 2648 5028 rem
2689 4975 2757 5029 ad
2802 4973 3024 5030 fratrem
3075 4991 3235 5030 suum
3285 4976 3548 5031 Dodonem
3595 4968 3736 5025 refert.

2237 5066 2396 5135 eique
2419 5080 2579 5121 omne
2625 5067 2915 5122 consilium
2955 5083 3114 5121 suum
3162 5068 3413 5124 deferens
3461 5074 3668 5138 precatur
3701 5063 3738 5109 ul

2236 5157 2354 5227 ejus
2386 5171 2489 5226 ope
2540 5157 2820 5212 aboleatur
2848 5159 3201 5230 opprobrium
3252 5162 3462 5231 generis
3511 5157 3598 5220 sui,
3633 5149 3734 5222 quol

2238 5251 2401 5304 nimis
2425 5249 2802 5320 invalesceret,
2845 5252 2890 5306 si
2921 5267 3017 5321 per
3044 5250 3318 5307 Lamberti
3347 5263 3623 5309 censuram,
3645 5255 3734 5296 con-

2239 5343 2468 5414 lingeret
2491 5359 2652 5398 suum
2708 5359 2738 5397 a
2786 5345 3030 5415 principe
3065 5345 3382 5401 divortium.
3437 5345 3536 5409 llle,
3567 5345 3729 5395 causam

2237 5451 2392 5489 suam
2446 5444 2501 5489 et
2543 5435 2771 5501 sororis,
2822 5452 2946 5491 cum
3007 5438 3403 5493 valentioribus
3461 5435 3535 5491 sui
3573 5423 3730 5502 generis

2235 5526 2668 5591 communicans,
2699 5541 2796 5596 per
2823 5542 2902 5591 se,
2927 5535 2981 5581 et
3019 5543 3118 5598 per
3160 5543 3257 5584 eos
3302 5529 3586 5600 episc0pum
3625 5529 3728 5572 ωηι-

2234 5632 2456 5688 poscere
2503 5617 2572 5671 ab
2623 5618 2993 5688 increpatione
3045 5620 3307 5690 principis
3363 5621 3566 5674 laborat.
3606 5609 3726 5674 Q'W‘

2235 5708 2362 5778 quia
2386 5708 2588 5762 invenit
2615 5708 2985 5776 inflexibilem,
3022 5725 3122 5765 nec
3155 5709 3345 5766 faciem
3374 5705 3724 5776 alicujusqu
