3908 6316
125 308 224 363 775

1294 272 1452 359 vim
1491 297 1701 355 PRIOR
1740 298 1798 355 s.
1843 300 2215 359 LAMBERTI.

3299 302 3402 360 τη

117 426 387 504 justitiam
437 420 675 478 revereri
699 418 893 487 sensit,
939 415 1205 490 proximis
1256 422 1312 471 et
1355 412 1550 470 amicis
1596 415 1714 472 suis
1741 423 1788 480 Α
1890 417 2181 474 Tractabat
2213 418 2385 490 pellex
2425 428 2730 490 opportune
2776 416 3015 491 aliquem
3063 420 3258 491 parare
3298 421 3405 477 sibi

123 517 390 595 promittit
418 515 493 571 de
520 529 686 571 causa
706 511 914 569 sororis
943 509 1229 565 ultionem.

187 613 327 668 Hinc
356 611 475 666 duo
498 607 715 674 fratres,
736 605 925 662 Gallus
953 610 1008 658 et
1035 600 1284 666 Rioldus,
1326 597 1716 669 consanguinei

125 700 383 768 Dodonis,
446 697 628 768 neptis
681 710 797 751 suae
844 691 1089 764 Alpaidis
1128 688 1455 746 miserantes
1512 685 1715 754 vicem,

122 791 433 853 lacessendi
489 790 805 862 episcOpum
856 783 1315 857 opportunitatem
1362 787 1634 850 quaerunt,
1665 787 1720 834 et

125 888 475 957 insurgentes
522 878 654 936 cum
712 879 971 934 omnibus
1009 876 1126 932 suis
1195 874 1251 928 in
1289 870 1546 927 Ecclesia:
1585 869 1719 926 Tra-

119 975 379 1049 jectensis
402 971 674 1028 familiam
696 968 1339 1045 omnem,_qualicunque
1364 969 1483 1017 arte
1529 972 1720 1019 contra

126 1082 216 1125 eos
250 1065 597 1124 calumniam
649 1063 1012 1129 concinnant;
1061 1060 1270 1115 nullam
1312 1074 1477 1131 quam
1501 1058 1583 1115 eis
1634 1058 1722 1113 in-

126 1159 261 1215 ferre
291 1149 540 1229 possunt
570 1155 880 1211 molestiam
904 1151 1346 1224 praetermittunt,
1370 1152 1418 1207 si
1445 1150 1723 1222 quomodo

126 1258 347 1324 possent
371 1265 476 1320 per
507 1249 612 1304 hoc
665 1246 995 1304 sententiam
1038 1243 1293 1315 praesulis
1339 1242 1613 1299 inflectere
1662 1248 1724 1297 ut

129 1345 316 1399 saltem
336 1333 521 1398 causa
545 1355 775 1397 suorum
820 1354 853 1394 a
901 1337 1288 1409 redargutione
1332 1337 1597 1407 principis
1624 1336 1722 1391 de-

129 1438 355 1493 sisteret.
394 1434 509 1491 Sed
551 1449 640 1490 res
672 1433 832 1488 aliter
852 1447 917 1488 ac
965 1431 1069 1487 rati
1089 1439 1246 1486 erant
1295 1431 1463 1486 cessit
1504 1448 1519 1484 :
1542 1430 1723 1500 justus

130 1543 335 1598 nempe,
346 1536 409 1581 ut
424 1526 530 1594 leo,
543 1526 811 1597 conﬁdens
828 1523 1007 1597 (Prov.
1027 1539 1222 1590 xxvm,
1236 1523 1310 1593 l),
1323 1523 1511 1595 clypeo
1523 1521 1728 1592 patiene

130 1622 213 1677 tia:
244 1628 438 1675 contra
471 1633 668 1674 omnes
693 1634 757 1674 se
784 1617 1019 1689 protexit
1052 1616 1328 1681 incursus,
1344 1624 1395 1669 et
1416 1615 1596 1686 gladio
1616 1614 1726 1684 spi-

1819 520 2158 580 precatorem
2185 526 2283 582 per
2312 511 2470 582 cujus
2501 511 2819 567 instinctum
2843 519 3030 583 posset
3072 511 3178 568 sibi
3220 513 3409 569 conci—

1819 603 1953 657 liare
1999 602 2246 657 animum
2298 603 2563 673 episcopi,
2598 604 2684 658 vel
2737 603 2930 658 saltem
2979 604 3050 659 ab
3094 605 3408 676 importuna

1820 694 2243 765 reprehensione
2271 696 2533 766 principis
2550 738 2565 763 ,
2613 696 3107 766 impraesentiarum
3135 698 3431 770 mitigare.

1890 784 2215 842 Convivium
2257 796 2574 858 apparatur,
2635 788 2899 843 invitatur
2953 788 3266 859 episcopus,
3320 789 3409 859 jnv

1822 880 2091 935 condatur
2116 895 2345 951 prorsus
2397 882 2578 937 omnis
2608 882 2832 938 curialis
2879 883 3187 952 praesentia.
3249 881 3410 937 Prin-

1822 985 1950 1043 ceps
1978 969 2224 1025 oblatum
2280 971 2383 1027 sibi
2425 988 2456 1027 a
2487 972 2748 1043 pincerna
2776 974 3035 1044 poculum
3067 972 3247 1027 innuit
3271 973 3408 1029 oﬂ‘e-

1823 1060 2053 1117 rendum
2089 1074 2212 1116 esse
2265 1062 2548 1134 episcopo,
2577 1063 2785 1119 ducens
2827 1062 3228 1118 benedictienis
3266 1062 3405 1130 vice,

1824 1155 1952 1212 side
1973 1166 2294 1215 consecrata
2320 1156 2496 1215 sancti
2520 1154 2760 1236 episcopi
2778 1171 2943 1211 manu
2968 1155 3225 1228 poculum
3255 1155 3406 1211 acci-

1823 1238 1977 1318 peret
2003 1250 2148 1320 quod
2196 1250 2327 1306 olim
2364 1265 2396 1305 a
2443 1248 2698 1315 Martino,
2768 1248 3029 1318 episcopo
3073 1246 3409 1316 Turonensi,
3443 1283 3446 1285 λ

1827 1337 2033 1394 sciebat
2060 1338 2345 1410 quzesiisse
2365 1338 2638 1394 Gzesarem
2664 1337 3051 1408 imperatorem
3084 1335 3409 1390 maximum.

1829 1430 1935 1488 Sed
1961 1431 2224 1511 Pippinus
2280 1432 2546 1504 majorem
2573 1431 3005 1489 benedictionem
3049 1446 3081 1488 a
3117 1429 3418 1486 Lamberto

1826 1525 2174 1597 percepisset,
2203 1541 2371 1597 quam
2423 1526 2724 1596 imperator
2772 1524 3049 1580 maximus
3108 1538 3136 1579 a
3174 1521 3417 1578 Ma’rtino‘

1826 1618 2146 1689 perceperit,
2178 1618 2225 1674 si
2245 1618 2409 1674 talem
2445 1618 2689 1691 gratiam
2721 1616 2864 1687 apud
2894 1614 3249 1670 Lambertum
3273 1627 3416 1669 uxor

134 1714 282 1779 ritus,
334 1712 483 1782 quod
532 1721 612 1766 est
660 1710 873 1766 verbum
904 1709 1022 1775 Dei,
1047 1718 1240 1764 contra
1294 1709 1473 1763 minas
1497 1715 1727 1762 terrenae
1758 1772 1797 1782 _
1826 1709 2039 1780 Pippini
2093 1710 2403 1780 meruisset,
2452 1710 2669 1781 qualem
2714 1707 2858 1779 apud
2910 1707 3204 1764 Martinum
3275 1721 3417 1761 uxor

133 1804 434 1871 potestatis,
475 1818 537 1859 se
599 1803 856 1869 accinxit,
903 1811 955 1856 et
1010 1801 1217 1873 galeam
1265 1801 1459 1855 salutis
1503 1800 1720 1855 indutus
1758 1772 2048 1858 llMaximi
2076 1772 2403 1874 promeruit.
2427 1772 2699 1856 Martinus
2742 1799 2986 1855 melioris
3042 1798 3285 1854 maximo
3309 1798 3417 1852 im-'

138 1895 343 1968 (Ephes.
373 1912 454 1963 vr,
488 1895 581 1965 i7)
644 1896 840 1967 agebat
869 1894 1241 1951 indubitanter
1290 1908 1406 1948 rem
1450 1892 1717 1948 veritatis.

136 1987 196 2043 Et
214 1988 392 2059 primo
423 1987 650 2057 quidem
711 1987 911 2042 blande
936 1987 1296 2057 compellabat
1344 2000 1460 2051 eos,
1491 1993 1565 2053 et,
1593 1985 1721 2056 qui-

137 2081 232 2137 bus
256 2081 438 2136 modis
474 2080 655 2150 pietas
678 2080 872 2150 patris,
902 2087 957 2134 et
1005 2094 1237 2133 censura
1282 2077 1533 2149 praesulis
1567 2085 1722 2147 pote-

136 2183 231 2239 rat,
257 2188 354 2228 eos
377 2172 450 2227 ab
480 2172 690 2243 injusta
713 2172 1023 2227 deterrebat
1048 2170 1327 2225 violentia.
1358 2169 1465 2225 Sed
1507 2168 1633 2239 quia
1664 2168 1721 2224 in

139 2274 345 2320 ventum
393 2264 665 2320 fundebat
717 2264 904 2332 verba,
932 2278 991 2319 se
1028 2279 1195 2334 quam
1248 2262 1591 2318 familiariter
1664 2262 1735 2316 in’

139 2355 295 2411 Deum
324 2357 610 2427 rejiciens,
646 2356 893 2411 dicebat:
948 2355 1209 2428 Exsurge,
1261 2354 1501 2422 Domine,
1550 2363 1599 2409 et
1622 2354 1721 2424 ju-

141 2448 249 2503 dica
268 2464 491 2503 causam
521 2464 729 2514 meam;
758 2464 957 2503 memor
1003 2456 1113 2503 esto
1154 2446 1422 2519 opprobrii
1456 2463 1723 2502 servorum

143 2550 336 2596 tuorum
362 2540 545 2612 (Psal.
577 2557 772 2609 Lxxtu,
807 2541 926 2612 22.)
969 2549 1025 2595 at
1051 2541 1147 2595 lilii
1172 2540 1340 2595 Belial
1399 2539 1584 2596 acrius
1625 2539 1729 2595 Dei

145 2632 312 2688 fideles
350 2632 711 2703 impetebant,
735 2640 790 2688 et
814 2632 963 2688 omni
992 2631 1176 2704 generi
1214 2630 1446 2685 nocendi
1495 2630 1725 2686 tribula-

144 2728 260 2784 bant
284 2729 628 2785 innocentes.
1612 2772 1619 2779 .

205 2818 280 2873 llli
320 2821 524 2890 quibus
571 2833 661 2874 res
691 2826 808 2872 erat
851 2832 952 2887 pro
991 2819 1195 2883 anima,
1251 2823 1306 2872 et
1342 2816 1542 2886 quibus
1610 2822 1723 2869 tota

147 2925 256 2979 spes
279 2912 331 2965 in
363 2913 481 2967 sola
510 2910 823 2965 innocentia
858 2906 1145 2978 pendebat,
1174 2907 1487 2962 inconsulto
1505 2905 1722 2976 episco-

147 3015 229 3069 po,
277 3002 443 3058 armis
483 3001 704 3057 obviam
753 3000 834 3055 ire
866 3008 1083 3070 parant,
1138 3010 1196 3053 ut
1238 3007 1334 3053 aut
1387 2998 1725 3052 ulciscantur

1824 1904 2075 1968 peratore
2098 1893 2389 1951 aestimavit
2409 1893 2787 1966 presbyterum
2816 1908 2999 1959 suum,
3025 1891 3114 1947 cui
3151 1890 3414 1962 poculum

1826 1987 2067 2058 porrexit
2102 1996 2230 2044 ante
2279 2002 2482 2058 regem.
2545 1985 2871 2041 Lambertus
2923 1984 3135 2039 nullum
3183 1982 3419 2054 Pippino

1822 2081 2081 2151 praetulit.

1894 2171 2216 2245 Exemplum
2232 2186 2362 2229 vero
2382 2171 2645 2244 principis
2665 2170 2840 2228 secuti
2867 2170 3110 2227 minores
3129 2183 3410 2241 proceres,

1824 2280 2015 2321 omnes
2037 2281 2067 2320 a
2092 2268 2474 2321 sancta‘manu
2503 2264 2677 2320 sancti
2724 2264 2987 2334 episcopi,
3021 2263 3279 2333 poculum
3306 2262 3410 2318 sibi

1823 2355 2027 2427 porrigi
2052 2355 2367 2428 efﬂagitant.
2424 2354 2675 2426 Dumque
2730 2353 2799 2409 ad
2827 2353 2935 2408 hoc
2983 2367 3176 2408 omnes
3201 2352 3413 2408 mistim

1823 2449 2062 2519 irruunt,
2085 2457 2140 2505 et
2160 2464 2218 2506 se
2249 2448 2477 2505 confuse
2494 2448 2768 2520 ingerunt,
2782 2454 2845 2502 ut
2871 2446 3010 2502 alter
3031 2445 3262 2501 alterum
3278 2448 3433 2517 prae;

1823 2543 2027 2610 veniat,
2058 2557 2185 2599 ecce
2210 2542 2387 2613 pellex
2420 2558 2520 2597 sua
2568 2557 2737 2596 manu
2799 2540 3111 2596 clanculum
3158 2539 3420 2596 manibus

1825 2634 2055 2692 aliorum
2084 2635 2412 2701 intermista,
2444 2634 2745 2706 satagebat,
2766 2633 2851 2687 vel
2875 2633 2975 2699 sic,
2996 2632 3064 2687 de
3095 2646 3261 2686 manu
3292 2629 3409 2701 cpi-

1826 2727 1975 2797 scopi
2001 2727 2292 2797 praeripere
2319 2725 2598 2796 poculum.
2624 2723 2717 2780 ille
2739 2732 2866 2780 ante
2891 2734 2946 2781 et
2973 2732 3122 2780 retro
3142 2723 3416 2789 oculatus,

1824 2819 2082 2890 praecavit
2110 2818 2374 2874 femineas
2396 2818 2625 2874 insidias
2639 2819 2856 2874 callenti
2879 2817 3087 2885 animo,
3107 2815 3240 2871 ctad
3268 2814 3423 2884 prin-

1825 2915 1998 2984 cipem
2013 2912 2414 2981 conversus,de
2442 2913 2724 2968 nimietate
2752 2910 3005 2968 feminea:
3031 2909 3421 2982 praesumptio-

1825 3005 1913 3061 nis
1940 3006 2313 3076 conqueritur,
2337 3021 2460 3075 quze
2481 3005 2675 3060 callida
2701 3014 2816 3060 arte
2834 3004 3164 3076 quaesiisset,
3192 3002 3417 3057 inurere

150 3109 264 3150 θυαε
299 3094 553 3165 iniurias.
604 3100 701 3148 at“
757 3108 827 3148 ne
874 3092 1185 3147 moriamur
1239 3090 1416 3145 ίηυιῐὶο
1471 3087 1723 3144 (Ῑοιιουΐ-
1753 3120 1798 3181 C
1830 3097 1935 3153 sibi
1970 3106 2155 3151 notam
2183 3113 2291 3152 non
2321 3098 2535 3168 placitae
2568 3095 2679 3152 Deo
2722 3096 3149 3152 communionis.
3196 3094 3324 3150 Inde
3360 3109 3420 3150 se

152 3200 258 3241 sum
299 3196 400 3254 est,
447 3185 754 3258 pugnatum
792 3193 896 3240 est.
934 3183 1310 3256 Pugnantilli
1362 3197 1464 3253 pro
1505 3181 1727 3236 lemeri-
1766 3178 1797 3181 ”
1832 3188 1956 3244 aula
1979 3188 2270 3259 proripuit,
2297 3197 2351 3244 et
2385 3178 2604 3243 omnem
2628 3188 2776 3242 illam
2808 3187 3128 3258 principalis
3179 3185 3418 3242 convivii

151 3284 283 3344 tate;
308 3284 621 3349 repugnant
649 3275 726 3331 illi
772 3291 872 3345 pro
891 3275 1083 3329 salute.
1109 3272 1325 3329 Gallum
1346 3283 1401 3330 et
1442 3274 1721 3343 Rioldum,

152 3370 577 3441 consanguineos
628 3367 893 3434 Dodonis,
934 3367 1080 3422 locat
1125 3367 1382 3437 superbia
1407 3402 1411 3406 -
1439 3368 1496 3423 in
1545 3368 1726 3439 prima

153 3460 313 3519 fronte
375 3463 541 3531 belli;
585 3461 810 3518 Petrum
870 3473 925 3516 et
986 3460 1337 3528 Andoletum,
1393 3442 1728 3534 consangui-

156 3568 271 3609 neos
296 3556 573 3626 prazsulis,
612 3570 679 3610 ex
726 3554 975 3619 adverso,
1023 3554 1079 3608 in
1135 3555 1311 3624 prima
1351 3555 1489 3623 acie,
1549 3570 1725 3626 oppo—

156 3643 225 3698 nit
263 3646 489 3717 iustitia.
519 3646 661 3703 Galli
689 3654 744 3701 et
767 3644 944 3702 Rioldi
991 3646 1266 3717 degeneres
1312 3648 1518 3701 animos
1567 3647 1731 3702 timor

155 3740 312 3808 arguit
331 3739 522 3811 (Vino.
554 3737 687 3793 ίΕη.
716 3753 790 3805 tv,
815 3738 936 3809 l3);
977 3737 1123 3793 Petri
1156 3746 1211 3793 et
1259 3739 1511 3796 Andoleti
1539 3740 1729 3797 dexte-

156 3844 235 3885 ras
277 3833 341 3887 ad
360 3834 620 3889 virtutem
633 3831 796 3902 erigit
822 3830 1157 3887 innocentia.
1186 3830 1376 3891 Virtus
1395 3826 1727 3890 innocentia:

158 3919 288 3990 favit,
317 3926 545 3983 victoria
585 3925 754 3981 cessit
798 3926 938 3998 parti
986 3924 1395 3980 ecclesiasticae.
1451 3924 1640 3982 Gallus
1671 3933 1728 3983 et

160 4010 388 4085 Rioldus,
436 4018 694 4075 factionis
769 4020 970 4090 iniqua:
1018 4017 1318 4088 principes.
1370 4018 1500 4073 0288i
1555 4033 1722 4089 θνρε-

159 4111 292 4175 tunt;
315 4107 507 4167 Petrus
531 4127 595 4168 ac
613 4111 937 4177 Andoletus,
974 4109 1233 4167 Ecclesiae
1258 4109 1524 4175 vindices,
1577 4109 1724 4166 refe-

160 4206 273 4254 runt
294 4201 535 4260 victoriae
555 4204 835 4259 vexillum.
863 4202 1089 4259 Confusi
1116 4211 1245 4258 sunt
1266 4200 1444 4272 impii,
1474 4216 1576 4256 nec
1595 4217 1726 4257 eru-

161 4287 400 4363 buerunt;
429 4297 561 4353 victi
585 4305 733 4364 sunt,
763 4297 857 4353 sed
883 4293 1163 4367 defatigati
1190 4310 1299 4351 non
1326 4301 1630 4350 cesserunt.

220 4381 360 4442 Dodo
377 4391 546 4457 enim,
589 4390 685 4462 qui
738 4389 914 4444 fuerat
969 4389 1218 4445 incentor
1256 4388 1505 4444 omnium
1550 4385 1724 4442 malo-

1830 3282 2109 3337 imminuit
2153 3279 2587 3352 jucunditatem;
2629 3296 2731 3336 nec
2777 3282 2860 3338 sic
2916 3281 3125 3352 quievit
3176 3282 3418 3351 versutia

1829 3379 2069 3446 feminze,
2092 3378 2229 3433 nihil
2257 3378 2491 3434 volentis
2514 3376 2823 3448 relinquere
2850 3376 3216 3448 inexpertum.

1900 3469 2126 3540 Vesperi
2164 3477 2395 3540 parante
2421 3468 2597 3525 redire
2644 3469 2924 3543 episcopo,
2954 3469 3027 3537 ei,
3063 3484 3162 3539 per
3214 3482 3416 3540 sugge-

1830 3564 2064 3619 stionem
2089 3562 2321 3634 pellicis,
2360 3578 2389 3617 a
2416 3561 2664 3632 principe
2683 3560 2910 3632 jubetur
2932 3576 3002 3617 ne
3030 3546 3211 3629 abeat,
3268 3560 3420 3614 insa-

1827 3654 1999 3710 lutata
2048 3670 2149 3711 sua
2177 3654 2428 3725 conjuge.
2461 3651 2783 3723 Episcopus,
2809 3653 3068 3723 loquente
3091 3651 3149 3707 in
3175 3665 3236 3707 se
3285 3665 3421 3707 con-

1830 3754 2039 3801 stanter
2066 3743 2271 3816 Spiritu
2302 3743 2574 3807 veritatis:
2596 3742 2810 3811 Testor,
2834 3728 2929 3809 ait,
2952 3756 2985 3797 o
3012 3741 3249 3811 maxime
3269 3740 3422 3810 prin-

1828 3854 1978 3909 ceps,
2003 3848 2173 3894 tes-.or
2196 3853 2321 3893 vere
2343 3835 2552 3903 Jcsum,
2586 3850 2741 3907 spem
2764 3834 2891 3891 vitae
2911 3845 3133 3901 nostrae,
3161 3848 3247 3887 me
3271 3848 3416 3886 nun-

1829 3947 1996 4003 quam
2020 3930 2330 3988 fornicariaa
2354 3930 2914 3995 communicaturum,
2953 3927 3083 3998 quia
3114 3925 3332 3995 scripsit
3365 3932 3419 3979 et

1829 4021 2109 4077 mandavit
2128 4020 2331 4078 Paulus
2369 4020 2530 4077 nobis
2559 4020 2789 4076 dicens:
2824 4018 2908 4073 Ne
2968 4014 3416 4072 commisceamini

1829 4114 2137 4185 fornicariis
2162 4112 2216 4185 (I
2242 4113 2367 4170 Cor.
2391 4130 2444 4181 v,
2474 4113 2552 4185 9).
2581 4111 2797 4182 Testor,
2846 4111 3091 4182 inquam,
3113 4108 3306 4177 Deum,
3332 4123 3420 4162 me

1829 4222 2112 4278 nunquam
2129 4222 2251 4262 eam
2273 4205 2798 4277 salutaturum,quia
2820 4204 2936 4261 scio
2956 4202 3160 4276 dixisse
3179 4201 3419 4257 amicum

1830 4298 1925 4357 Dei
1946 4299 2213 4356 Joannem
2232 4317 2246 4354 :
2268 4299 2327 4355 Si
2341 4302 2457 4371 quis
2469 4317 2574 4354 non
2585 4307 2852 4371 permanet
2870 4299 2925 4352 in
2940 4297 3183 4352 doctrina
3197 4296 3418 4364 Christi,

1829 4410 1933 4448 non
1981 4410 2101 4448 eum
2129 4394 2418 4465 recipiatis,
2444 4406 2534 4448 nec
2592 4408 2687 4447 ave
2726 4392 2775 4446 ei
2826 4391 3105 4455 dixeritis;
3143 4389 3234 4461 qui
3279 4386 3421 4442 enim

162 4485 287 4542 "Im,
310 4476 420 4548 jam
443 4489 500 4537 et
527 4480 643 4551 ipse
662 4480 891 4536 efficitur
910 4479 1034 4536 belli
1050 4487 1270 4545 auctor,
1293 4487 1347 4534 et
1385 4466 1720 4548 vilipcndens

1833 4486 1961 4542 dicit
1997 4485 2083 4541 illi
2107 4486 2270 4554 :Ave,
2293 4487 2647 4563 communicat
2688 4483 2930 4556 operibus
2983 4482 3129 4538 illius
3169 4480 3421 4553 malignis

166 4566 295 4631 Quod
319 4567 385 4624 de
419 4570 799 4627 sacerdotibus
827 4571 1030 4626 dicitur
1049 4585 1116 4625 ex
1137 4584 1232 4625 ore
1262 4568 1387 4624 Dei:
1416 4567 1520 4634 Qui
1552 4569 1723 4638 tangit

167 4667 258 4722 vos,
283 4663 444 4733 tangit
468 4662 730 4735 pupillam
753 4663 894 4718 oculi
910 4664 1011 4718 mei
1032 4661 1219 4735 (Zach.
1242 4678 1303 4727 ιι,
1334 4660 1413 4731 8),
1443 4670 1725 4732 grassatur

170 4742 217 4800 ί¹¹
241 4747 404 4819 ίιδδυη]
433 4764 597 4826 caput
619 4755 795 4812 sancti
816 4754 1079 4826 episcopi,
1126 4754 1358 4810 devovet
1379 4768 1506 4808 eum
1537 4753 1728 4820 morti,

171 4833 218 4890 in
238 4854 351 4898 eum
376 4848 551 4903 solum
581 4855 861 4919 retorquet
883 4854 1144 4918 nepotum
1176 4860 1401 4903 suorum
1432 4845 1720 4902 ultionem.

705 4981 936 5039 CAPUT
972 4981 1162 5038 XVIII.

176 5105 306 5174 Ωιιοά
331 5113 385 5172 S.
413 5118 723 5175 Lamb‘ertus
748 5137 782 5174 a
802 5119 1035 5192 Pippino
1058 5119 1321 5192 Jopiliam
1340 5121 1599 5176 invitatus
1631 5122 1723 5175 sit.

232 5201 473 5278 Pippinus
508 5212 921 5284 princepsv'illis
970 5214 1164 5270 diebus
1195 5212 1452 5283 .Iopiliam
1478 5222 1726 5282 venerat,

177 5292 235 5346 ad
252 5297 422 5358 villam
445 5304 622 5377 Legite
650 5306 983 5377 contiguam,
1023 5306 1115 5361 ubi
1153 5306 1237 5362 vir
1269 5304 1327 5362 S.
1380 5305 1727 5371 Lambertus,

180 5391 314 5453 quasi
354 5410 448 5465 pro
486 5399 639 5470 regni
660 5400 902 5470 negotio,
932 5398 1000 5454 ad
1021 5399 1143 5469 ejus
1177 5399 1389 5454 curiam
1444 5398 1728 5468 invitatus,

182 5487 315 5534 suam
335 5491 666 5554 praesentiam
701 5505 813 5546 non
841 5491 1077 5562 negavit.
1116 5489 1379 5562 Princeps
1415 5500 1471 5547 et
1521 5492 1729 5563 princi-

185 5566 258 5635 P18
277 5576 435 5642 pellex
477 5583 689 5638 vultum
718 5591 973 5639 serenant
1000 5591 1193 5639 contra
1236 5592 1385 5652 cum,
1432 5586 1525 5641 alii
1588 5587 1728 5643 iram

185 5658 514 5742 dissimulant,
541 5676 805 5732 simulant
836 5674 928 5730 alii
950 5675 1218 5744 laetitiam,
1259 5678 1440 5746 multi,
1468 5693 1570 5749 pro
1623 5694 1727 5737 suo

188 5753 391 5830 quisque
416 5768 657 5834 arbitrio,
689 5767 936 5823 habitum
961 5769 1141 5825 cordis
1174 5771 1408 5827 variant.

1831 4578 1919 4651 (Il
1944 4578 2115 4653 onan.
2150 4584 2233 4650 ll).
2261 4579 2337 4634 Te
2387 4579 2435 4634 ei
2478 4578 2886 4633 communicare
2941 4575 3106 4632 nimis
3157 4574 3335 4641 doleo,
3370 4581 3425 4629 te

1834 4669 1974 4725 nolle
2002 4668 2323 4739 resipiscere
2338 4682 2480 4739 aegre
2505 4665 2621 4723 fero
2641 4686 2654 4722 :
2679 4675 2898 4740 propter
2912 4667 3040 4736 hoc,
3055 4664 3148 4722 Dei
3169 4665 3310 4722 iram
3325 4662 3424 4720 tibi

1832 4764 2017 4816 timeo.

1904 4853 2105 4922 Pellex,
2126 4855 2317 4911 videns
2348 4870 2671 4929 αωεωβυω
2708 4853 2845 4909 nihil
2879 4869 3003 4911 esse
3032 4854 3248 4927 reliqui,
3280 4856 3423 4926 jam«

1828 4949 2055 5019 jamque
2080 4947 2128 5003 si
2152 4948 2248 5003 diu
2292 4947 2510 5003 adviVat
2542 4946 2889 5013 Lambertus,
2919 4947 3120 5002 timens
3162 4946 3268 5002 sibi
3317 4946 3418 4999 im-

1832 5045 2042 5101 minere
2071 5043 2389 5109 divortium,
2421 5058 2537 5099 rem
2559 5049 2731 5098 totam
2757 5043 3003 5098 scriatim
3035 5039 3189 5095 fratri
3215 5038 3419 5094 furius(

1832 5137 2078 5206 mandat,
2130 5145 2186 5193 et
2231 5138 2413 5195 oleum
2456 5135 2676 5192 camino
2731 5136 2957 5202 addens,
3011 5135 3316 5188 obtestatur
3364 5139 3426 5186 ut

1832 5229 2163 5301 quantocius
2201 5237 2327 5302 agat
2373 5229 2440 5285 de
2492 5228 2789 5285 occidendo
2842 5227 3121 5298 episcopo.
3167 5223 3421 5278 Dolorem

1835 5336 1999 5392 quem
2061 5319 2216 5376 Dodo
2268 5320 2503 5375 habebat
2552 5320 2620 5376 de
2673 5334 2807 5373 nece
2862 5324 3123 5386 nepotum
3173 5329 3423 5378 suorum,

1837 5411 2200 5483 exaggerabat
2223 5411 2532 5483 geminatus
2576 5410 2642 5464 de
2672 5407 2889 5478 repulsa
2918 5405 3127 5460 sororis
3159 5419 3272 5459 sua:
3329 5402 3429 5459 do-

1839 5503 1942 5572 lor,
1972 5503 2180 5577 ianque
2215 5512 2364 5561 totus
2395 5504 2450 5559 in
2477 5504 2582 5559 hoc
2605 5509 2725 5559 erat
2744 5507 2805 5554 ut
2817 5496 2922 5556 sibi
2934 5506 2989 5554 et
3009 5494 3187 5554 sorori
3203 5494 3429 5555 satisfan

1837 5602 2001 5654 ceret.
