3908 6316
131 431 220 489 777
1277 413 1438 471 VITA
1473 409 1686 469 PRIOR
1724 405 1782 463 S.
1824 399 2196 459 LAMBERTI.

1798 308 1827 320 ,—

3281 393 3389 452 778

127 545 368 620 propheta
385 556 518 597 cum
539 535 819 611 prophetis
854 551 950 608 spe
981 533 1209 608 gaudet;
1236 532 1545 603 patriarcha
1567 544 1694 584 cum
1723 530 1770 588 Α
1795 523 1879 579 rei
1905 521 2078 592 ipsius
2098 518 2383 620 veritatem
2405 524 2799 620 scrutarentur.
2824 513 3395 620 litcumapponercnt

126 635 432 712 patriarchis
463 635 564 690 [ide
613 633 812 705 fulget;
845 640 1123 703 postremo
1151 637 1356 700 martyr
1383 642 1508 682 cum
1548 642 1696 681 mar-

125 731 338 805 tyribus,
365 727 583 782 calicem
613 724 869 781 salutaris
919 724 1201 793 accipiens,
1243 737 1428 775 nomen
1476 719 1694 815 Domini

121 825 312 880 invocat
341 817 518 892 (Psal.
547 817 795 886 cxv,I5),
827 817 956 888 quia
978 815 1156 885 majus
1185 829 1298 869 non
1327 812 1518 868 habuit
1545 812 1693 883 quod

123 913 337 972 Domino
358 911 698 979 retribueret,
729 925 829 982 pro
857 908 1113 988 omnibus
1140 921 1262 977 quae
1291 905 1541 960 retribuit
1566 904 1689 959 sibi.

120 1007 252 1062 Inter
270 1020 464 1061 novem
493 1005 653 1060 etiam
686 989 911 1060 ordines
949 992 1266 1072 angelorum
1305 999 1468 1054 habet
1496 999 1552 1052 in
1581 1013 1693 1068 quo

125 1102 355 1173 singulis,
386 1117 488 1172 pro
513 1101 706 1157 merito
735 1098 896 1155 ollicii
935 1098 1042 1164 sui,
1076 1096 1382 1167 participet.
1417 1095 1494 1149 Ita
1517 1093 1693 1150 factus

123 1197 348 1254 omnium
373 1197 664 1267 particeps;
692 1196 923 1252 allectus
947 1203 1030 1250 est
1052 1193 1107 1247 in
1138 1201 1338 1249 aeterna
1365 1191 1537 1258 curia,
1566 1207 1692 1247 mu-

121 1290 307 1359 niceps,
343 1290 435 1344 ubi
461 1290 667 1344 obtinet
690 1289 929 1359 palmam
975 1285 1232 1360 perennis
1261 1285 1464 1357 gloriae,
1495 1292 1548 1341 et
1581 1294 1694 1346 sto-

119 1381 214 1438 lam
244 1381 603 1452 jucunditatis
629 1389 868 1437 aeternae.

679 1470 909 1527 CAPUT
947 1469 1114 1527 XXII.

451 1563 531 1619 De
551 1565 807 1636 exsequiis
837 1564 1012 1618 sancti
1040 1562 1335 1619 Lamberti.

178 1651 333 1710 Pauci
383 1669 457 1708 ex
497 1654 753 1710 satellitio
807 1653 865 1709 S.
927 1654 1204 1728 martyris,
1248 1654 1343 1727 qui
1400 1664 1695 1713 evaserunt

120 1745 296 1802 mortis
315 1745 643 1815 periculum,
678 1755 920 1819 tegentes
944 1748 1040 1803 vili
1071 1747 1309 1821 tegmine
1341 1763 1564 1819 corpus,
1601 1765 1692 1805 ro-

116 1853 200 1893 seo
225 1853 412 1893 cruore
440 1837 750 1909 perfusum,
781 1840 1109 1910 quantocius
1135 1840 1352 1913 navigio
1375 1839 1688 1911 Trajectum

118 1902 537 1985 transvexerdnt.
584 1902 745 1984 Volat
782 1902 927 1986 fama
969 1946 1067 2002 per
1113 1902 1365 2001 populos,
1407 1902 1611 2002 pavore
1636 1941 1693 1988 et
1721 1902 1770 1960 Β

116 2021 328 2074 horrore
353 2021 645 2076 universos
673 2022 1014 2077 concutiens.
1039 2020 1243 2076 Pavent
1264 2038 1476 2090 omnes,
1500 2040 1600 2093 pro
1620 2022 1700 2078 of-

116 2111 252 2167 fensa
292 2112 582 2183 principis,
619 2114 843 2170 horrent
884 2130 1095 2180 omnes,
1145 2131 1246 2186 pro
1281 2116 1519 2171 indebita
1565 2133 1699 2175 nece

117 2203 365 2272 praesulis.
401 2202 616 2259 Deflent
641 2204 1022 2277 Trajectenses
1055 2222 1113 2261 se
1133 2207 1387 2262 amisisse
1411 2208 1484 2278 pii
1519 2207 1697 2264 Patris

117 2292 557 2363 benevolentiam,
582 2312 681 2352 nec
707 2306 888 2352 tamen
907 2297 1040 2352 satis
1059 2297 1260 2351 audent
1279 2298 1517 2353 debitam
1543 2307 1697 2355 tanto

117 2382 248 2439 Patri
304 2388 616 2444 reverentia
663 2389 941 2445 exhibere.
983 2387 1086 2444 Vix
1130 2389 1327 2446 charos
1372 2391 1579 2463 lugere,
1604 2393 1696 2448 vix

120 2493 226 2536 reos
243 2488 400 2537 vacat.
413 2481 620 2539 odisse.

178 2571 424 2644 Exposita
477 2574 550 2629 ad
605 2584 824 2645 portum
871 2584 1061 2632 sancto
1113 2592 1362 2648 corpore,
1415 2579 1696 2636 concurrit

117 2665 325 2734 populus
346 2667 467 2722 sine
499 2667 722 2721 nomine
744 2675 799 2722 et
825 2683 1076 2734 numero,
1101 2677 1173 2735 et,
1205 2669 1393 2739 quanti
1411 2671 1553 2742 apud
1575 2686 1694 2728 om-

118 2774 203 2814 nes
228 2761 528 2816 aestimatus
551 2759 738 2828 fuerit,
760 2778 828 2818 ex
848 2759 1094 2818 confusis
1118 2763 1362 2818 omnium
1386 2763 1692 2834 planctibus

119 2851 352 2906 estimari
377 2860 598 2922 poterat

177 2937 456 3010 Impositus
488 2939 715 3005 feretro,
759 2940 1000 2997 defertur
1031 2952 1256 3000 sanctus
1299 2946 1365 3000 ad
1408 2947 1693 3003 basilicam

120 3029 283 3087 Sami
301 3033 471 3102 Petri,
498 3051 626 3089 cum
657 3034 842 3090 debito
865 3036 1094 3092 honore.
1118 3036 1311 3094 Clerus
1327 3055 1449 3094 cum
1467 3042 1693 3110 psalmis

117 3133 166 3179 et
203 3128 420 3183 canticis
458 3130 852 3200 prosequitur;
890 3130 1126 3200 populus
1156 3133 1450 3201 complodit
1472 3150 1689 3202 manus,

122 3233 224 3273 cum
251 3220 524 3276 lamentis.
558 3220 797 3291 Pepulus
818 3231 1108 3293 pernoctat
1135 3224 1480 3293 solemniter;
1511 3227 1692 3284 clerus
1721 3258 1768 3322 ρ

120 3307 205 3362 n'te
226 3308 531 3380 frequentat
551 3312 831 3368 excubias.
860 3312 1023 3369 Juvat
1049 3330 1240 3370 omnes
1268 3316 1577 3372 adlambere
1599 3334 1693 3373 ve-

122 3399 260 3470 stigia
291 3401 363 3470 pii
390 3393 606 3470 Patris;
640 3419 839 3474 magna
871 3420 930 3459 se
958 3413 1114 3474 putat
1143 3405 1400 3479 suffragia
1427 3408 1695 3464 meruisse

118 3491 196 3544 cui
233 3495 580 3565 contingebat
638 3496 846 3552 sanctis
900 3498 1163 3553 membris
1219 3499 1443 3571 infigere
1481 3503 1689 3558 oscula.

123 3580 422 3642 Delectabile
454 3597 515 3643 et
535 3588 685 3658 pium
711 3598 829 3645 erat
856 3591 1041 3647 videre
1064 3606 1192 3648 oves
1221 3595 1427 3664 pastori
1463 3612 1564 3653 suo
1594 3597 1692 3653 de-

121 3678 330 3745 pendere
353 3680 558 3752 pignus
580 3684 808 3737 amoris.

177 3769 277 3827 Sed
323 3776 641 3832 miserabile
688 3787 743 3832 et
794 3779 996 3834 mirum
1060 3789 1178 3836 erat
1230 3783 1376 3838 circa
1429 3785 1694 3844 erraticas

119 3875 232 3920 oves
260 3865 391 3922 iram
424 3869 504 3940 pii
540 3871 782 3940 pastoris
831 3873 1130 3930 advertere.
1166 3874 1424 3932 Traditur
1469 3880 1616 3936 enim
1662 3897 1695 3937 a

123 3957 418 4047 majoribus,
447 3963 603 4032 quia,
634 3980 759 4044 cum
787 3968 1046 4047 omnibus
1067 3978 1320 4026 sanctum
1335 3975 1694 4030 exosculandi

121 4044 238 4103 liber
268 4053 446 4110 aditus
487 4053 718 4126 pateret,
759 4060 805 4115 si
848 4044 954 4131 qua
979 4063 1154 4133 pellex
1193 4080 1253 4120 se
1294 4051 1594 4138 ingerebat,
1624 4068 1694 4123 ad

123 4153 299 4212 corpus
327 4151 590 4220 martyris
616 4153 999 4223 osculandum,
1043 4158 1201 4228 quasi
1246 4159 1484 4228 quodam
1516 4170 1693 4218 rotata

123 4233 335 4323 turbine,
364 4241 762 4300 retrocedebat.
800 4243 900 4301 Per
942 4248 1194 4317 pellicum
1235 4265 1366 4321 ergo
1396 4254 1691 4323 repulsam,

123 4322 336 4383 darebat
361 4332 530 4387 nimis
559 4332 672 4389 Deo
713 4345 766 4391 et
805 4348 994 4394 sancto
1021 4343 1245 4412 martyri
1269 4322 1512 4412 pellicem
1544 4347 1693 4402 illam

122 4415 346 4475 odiosam
377 4422 572 4490 fuisse,
597 4442 721 4494 (piae
748 4429 952 4497 duplici
983 4431 1212 4487 crimine.
1247 4433 1535 4492 Franciam
1561 4436 1697 4494 infa-

121 4519 342 4568 maverat
381 4523 436 4570 et
471 4525 718 4571 sanctam
742 4521 1095 4577 conturbarat
1122 4521 1443 4579 Eccleslam.

1799 630 2016 672 omnem
2046 612 2247 668 mentis
2277 619 2330 666 et
2367 611 2585 666 aurium
2615 609 2973 679 diligentiam,
2997 605 3286 662 videbatur
3309 603 3392 662 eis

1799 712 1888 783 (ex
1917 707 2177 780 qualitate
2209 707 2361 762 vocis
2403 705 2579 762 sancti
2609 703 2886 759 Lamberti
2914 703 3052 757 bene
3081 699 3187 756 sibi
3237 699 3391 770 nota)

1799 803 1947 874 quod
1971 802 2086 872 ipse
2108 808 2354 867 sanctus,
2377 814 2504 856 cum
2527 797 2648 853 aliis
2670 796 2764 868 qui
2788 810 2972 851 secum
2995 793 3390 858 occubuerant,

1798 897 1998 953 divina:
2018 894 2294 966 majestati
2323 894 2538 950 dulcem
2570 890 2863 947 melodiam
2890 895 3156 945 cantaret.
3184 885 3242 941 Si
3266 885 3394 956 quis

1797 1007 1863 1050 ea
1898 972 2033 1048 hora
2063 989 2224 1046 vellet
2245 987 2395 1046 adire
2427 986 2734 1052 basilicam,
2770 998 2882 1055 prae
2902 982 3131 1037 horrore
3157 995 3265 1035 non
3294 993 3398 1050 po-

1798 1091 1938 1138 terat
1962 1082 2212 1149 introirc,
2249 1070 2303 1136 et
2333 1087 2539 1151 quanto
2565 1078 2690 1150 quis
2718 1092 2778 1134 se
2811 1074 3069 1147 pr0prius
3099 1073 3392 1144 ingereret,

1798 1183 1952 1234 tanto
1986 1167 2172 1232 minus
2199 1173 2475 1248 angelicas
2505 1187 2671 1228 voces
2706 1169 3047 1236 admittebat,
3069 1166 3274 1223 retusis
3297 1179 3397 1220 au-

1796 1269 1970 1324 ribus.
1992 1267 2130 1324 Cum
2158 1276 2342 1324 autem
2364 1266 2742 1341 elongabatur,
2767 1263 3011 1337 angelica
3034 1260 3270 1332 amplius
3294 1258 3397 1314 ite-

1797 1361 2023 1420 rabatur
2045 1359 2299 1416 melodia.
3420 1355 3430 1377 ⁴

1869 1472 2254 1542 Oineffabilis,
2294 1471 2537 1539 Christe,
2595 1480 2688 1528 tua
2738 1467 3010 1540 potentia!
3065 1465 3201 1534 Quis
3237 1477 3394 1520 com-

1797 1573 2100 1637 pensettua
2123 1565 2430 1637 magnalia?
2458 1563 2619 1632 Ecce,
2641 1563 2822 1634 palam
2846 1560 2983 1619 facis
3008 1559 3156 1630 quod
3179 1565 3276 1613 tuo
3299 1571 3396 1614 ore

1797 1655 1982 1711 dixisti
2008 1673 2022 1711 :
2051 1653 2176 1709 Non
2198 1663 2274 1710 est
2299 1653 2440 1709 Deus
2465 1662 2814 1719 mortuorum,
2831 1652 2918 1706 sed
2937 1650 3170 1705 vivorum
3194 1647 3214 1720 (
3223 1646 3392 1705 Marc.

1798 1765 1897 1816 xu,
1921 1749 2036 1820 27),
2068 1763 2260 1804 omnes
2290 1747 2438 1804 enim
2466 1745 2567 1803 tibi
2591 1745 2801 1813 vivunt,
2826 1744 2920 1818 qui
2945 1743 3086 1801 vivis
3115 1753 3169 1800 et
3196 1753 3396 1814 regnas

1797 1838 1855 1895 in
1891 1839 2088 1897 saecula
2118 1839 2468 1898 saeculorum.

2371 1949 2604 2011 CAPUT
2639 1950 2831 2008 XXIV.

1859 2068 1938 2123 De
1977 2068 2211 2123 vindicta
2247 2067 2345 2124 Dei
2383 2069 2442 2125 in
2478 2068 2753 2126 Dodonem
2791 2077 2841 2124 et
2880 2066 3160 2139 complices
3198 2066 3335 2138 ejus.

1874 2160 2028 2218 Miles
2055 2160 2260 2220 Christi
2286 2162 2558 2234 gloriosus
2592 2161 2938 2229 Lambertus,
2977 2169 3217 2231 quantus
3249 2159 3395 2230 apud

1803 2249 2006 2322 Regem
2034 2267 2225 2323 regum
2255 2252 2312 2307 in
2344 2252 2498 2308 caelis
2529 2262 2674 2308 esset
2699 2293 2714 2320 ,
2739 2251 2905 2322 ccepit
2937 2251 3123 2307 statim
3146 2251 3202 2305 in
3229 2249 3394 2306 terris

1800 2342 2140 2417 patefacere,
2160 2362 2257 2417 per
2283 2347 2388 2403 hoc
2413 2347 2587 2402 multo
2626 2345 2857 2413 beatior,
2889 2346 3036 2416 quod
3085 2360 3182 2416 per
3221 2360 3348 2399 eum
3373 2384 3392 2412 ,

1799 2441 1965 2496 etiam
1989 2449 2114 2512 post
2141 2449 2395 2510 mortem,
2420 2457 2622 2499 nomen
2647 2440 2867 2499 Domini
2889 2440 3305 2498 benedicebatut
3336 2436 3392 2499 in

1799 2534 2040 2606 pepulis.

1868 2648 2154 2721 Apparens
2181 2647 2328 2706 enim
2354 2657 2515 2706 nocte
2536 2649 2883 2705 thesaurario
2909 2691 2924 2716 ,
2956 2649 3180 2705 nomine
3203 2647 3392 2703 Amal-

1798 2739 1960 2812 gisilo
1985 2783 2000 2808 ,
2032 2741 2206 2812 judici
2231 2741 2361 2797 olim
2393 2757 2493 2798 suo
2519 2783 2534 2809 ,
2567 2742 2767 2797 blando
2793 2757 2919 2797 eum
2941 2742 3184 2814 alloquio
3235 2757 3390 2799 com-

1796 2833 2056 2903 pellabat.
2092 2833 2220 2902 Qui,
2248 2835 2316 2891 de
2345 2850 2515 2891 causa
2543 2835 2813 2890 adventus
2852 2835 2938 2891 sui
2962 2835 3030 2890 ab
3056 2835 3249 2890 eodem
3271 2836 3392 2892 viro

1797 2925 2088 2996 diligenter
2155 2926 2499 2998 inquisitus,
2547 2925 2818 2994 Romam,
2871 2926 3091 2998 inquit,
3146 2927 3390 2994 ivimus,

1798 3016 1976 3074 Roma
1999 3034 2126 3074 ecce
2157 3020 2434 3086 redimus.
2460 3021 2736 3076 visitaturi
2767 3019 3049 3076 Dodonem
3080 3029 3134 3076 et
3158 3022 3390 3093 compli-

1799 3125 1891 3166 ces
1923 3110 2085 3180 ejus;
2121 3111 2347 3182 sanguis
2373 3112 2521 3167 enim
2566 3113 2942 3169 innocentium
2965 3155 2980 3180 ,
3033 3114 3127 3184 qui
3173 3130 3392 3170 mecum

1798 3201 2021 3258 Christo
2079 3218 2244 3273 super
2288 3212 2494 3259 terram
2549 3205 2757 3261 effusus
2803 3215 2924 3273 est,
2973 3206 3314 3278 jamjamque
3358 3223 3391 3262 a

1798 3295 1910 3352 Deo
1937 3296 2141 3368 expetit
2169 3296 2461 3352 vindictam
2491 3339 2506 3364 ,
2540 3313 2642 3353 nec
2681 3314 2838 3354 suam
2865 3298 3010 3355 Deus
3049 3300 3117 3354 ab
3151 3300 3232 3355 eis
3263 3315 3390 3371 gra-

1796 3388 1932 3445 tiam
1963 3389 2256 3461 elongavit.
2297 3387 2395 3445 His
2417 3390 2576 3447 dictis
2600 3432 2615 3458 ,
2653 3391 2899 3462 disparui
2921 3433 2935 3459 ,
2973 3391 3069 3449 sed
3095 3393 3224 3463 quia
3247 3392 3389 3450 visio

1796 3497 1909 3538 non
1939 3480 2058 3537 fuit
2070 3483 2416 3553 phantastica
2447 3524 2462 3550 ,
2489 3498 2673 3538 rerum
2696 3485 2878 3539 exitus
2906 3485 3112 3540 docuit.
3391 3466 3404 3474 ’

1868 3574 2022 3631 Dodo
2049 3591 2245 3646 nempe
2285 3576 2458 3631 sancti
2508 3563 2770 3640 antistitis
2816 3576 3155 3645 interfector,
3202 3580 3391 3635 statim

1799 3667 2035 3724 incurrit
2063 3654 2203 3723 iram
2235 3667 2432 3722 divinae
2463 3667 2686 3722 ultionis
2712 3710 2726 3734 ,
2759 3676 2815 3723 et
2835 3669 3021 3723 omnia
3046 3670 3264 3725 intralia
3287 3687 3391 3741 pu-

1797 3762 2025 3818 trefacta
2049 3771 2101 3818 et
2130 3761 2296 3817 fetida
2322 3804 2336 3829 ,
2366 3778 2461 3832 per
2486 3777 2581 3817 eos
2629 3778 2788 3817 suum
2823 3763 3118 3844 projieiens
3142 3806 3156 3831 ,
3195 3773 3387 3820 osten-

1801 3857 1883 3912 dit
1933 3856 2189 3911 omnibus
2241 3855 2615 3911 infelicitatem
2644 3872 2838 3925 suam,
2883 3872 2979 3927 per
3018 3857 3389 3914 miserabilem

1799 3949 1927 4004 vitae
1959 3948 2168 4004 exitum
2199 3991 2214 4016 ,
2247 3956 2301 4003 et
2321 3947 2417 4018 qui
2442 3948 2533 4004 hic
2558 3964 2757 4020 pompa
2785 3949 2970 4004 saeculi
3005 3951 3211 4006 abusus
3263 3959 3387 4019 est,

1798 4042 2090 4113 deputatus
2114 4041 2266 4097 estin
2291 4040 2505 4097 inferno
2533 4042 2640 4113 igni
2666 4042 3118 4114 inexstinguibili,
3145 4053 3199 4099 et
3223 4045 3386 4099 rermi

1799 4151 1903 4188 non
1943 4135 2187 4190 morienti
2233 4132 2370 4204 (Isa.
2405 4150 2560 4201 vat,
2607 4134 2723 4204 24).
2781 4134 2978 4191 Fertur
3026 4139 3190 4192 etiam
3238 4138 3388 4208 quod

1797 4236 2020 4296 propter
2047 4226 2450 4283 intolerantiam
2484 4227 2641 4281 nimii
2668 4225 2856 4283 fetoris
2881 4269 2896 4295 ,
2933 4244 3133 4299 corpus
3178 4230 3298 4300 ejus
3327 4229 3387 4285 in

1797 4319 2024 4373 fluvium
2071 4319 2280 4376 Mosam
2333 4314 2676 4390 projectum,
2722 4321 2792 4376 sit
2831 4323 3112 4378 vermibus
3153 4332 3205 4378 et
3255 4324 3381 4380 tabe

1797 4421 2160 4482 corruptum;
2209 4427 2310 4466 nec
2360 4411 2523 4464 aliam
2573 4413 2912 4482 sepulturam
2960 4416 3259 4485 meruerit,
3291 4416 3390 4489 qui

1797 4503 2166 4560 miserabilem
2197 4503 2331 4556 tanti
2358 4501 2606 4558 criminis
2631 4504 2925 4574 acquisivit
2947 4509 3268 4562 memoriam

183 4597 379 4661 Tantus
421 4615 606 4662 autem
637 4609 802 4664 timor
842 4610 1218 4684 Trajectenses
1265 4631 1364 4685 pro
1413 4617 1576 4687 hujus
1615 4621 1694 4676 rei
1725 4616 1776 4675 ι)
1873 4597 2088 4652 DOdoni
2117 4597 2172 4651 in
2216 4596 2774 4684 criminefequandus
2819 4599 2948 4666 me,
2991 4601 3088 4670 (Ιυί
3133 4610 3388 4660 sanam“

123 4695 389 4753 acerbitate
415 4699 719 4756 incesserat
746 4710 922 4758 utnec
941 4705 1282 4760 mausoleum
1305 4707 1530 4780 dignum
1555 4712 1691 4767 tanti

124 4787 340 4844 nominis
361 4790 481 4844 viro
503 4791 1104 4864 auderentpraaparare.
1130 4794 1277 4864 Ideo,
1303 4808 1486 4868 aperta
1505 4803 1691 4858 tumba

123 4873 258 4946 Apri,
307 4884 478 4951 patris
524 4883 696 4954 ipsius
749 4885 805 4941 S.
839 4886 1136 4957 Lamberti,
1171 4906 1332 4946 mane
1372 4891 1535 4959 facto,
1564 4911 1691 4952 cum

125 4971 325 5029 ossibus
356 4977 526 5046 patris
555 4979 640 5033 sui
687 4995 888 5049 corpus
934 4981 1265 5038 sanctissimi
1309 4983 1406 5038 filii
1450 4987 1691 5045 tumula-

126 5073 258 5121 runt.

670 5161 899 5219 CAPUT
938 5163 1122 5220 XXIII.

190 5243 262 5302 De
299 5255 539 5324 obsequio
571 5255 806 5327 angelico
835 5257 904 5310 ad
943 5256 1205 5312 tumulum
1238 5257 1296 5314 S.
1328 5258 1617 5319 Lamberti.

256 5341 535 5402 Exanimes
575 5358 723 5403 artus
748 5366 852 5404 non
875 5350 1034 5423 liquit
1063 5353 1243 5408 cwlica
1269 5355 1466 5422 virtus;

223 5433 528 5494 Monstravit
551 5442 780 5513 populis,
807 5454 1020 5515 quantae
1049 5446 1209 5516 fuerit
1239 5446 1510 5502 bonitatis.

192 5519 296 5582 Nec
313 5530 455 5584 enim
481 5541 817 5588 terrerentur
841 5536 1024 5605 populi
1049 5536 1288 5593 humano
1324 5544 1531 5593 terrore
1556 5553 1695 5610 quo-

133 5614 300 5676 minus
326 5619 382 5676 S.
414 5621 628 5680 Domini
663 5625 1014 5683 Lambertum
1043 5629 1207 5701 digno
1231 5631 1438 5687 honore
1468 5647 1694 5688 venera-

136 5716 335 5780 I‘entur;
370 5718 530 5787 etrapit
578 5719 646 5773 ad
695 5720 963 5776 tumulum
994 5723 1114 5793 ejus
1162 5733 1326 5780 noctu
1357 5732 1412 5780 et
1456 5724 1691 5782 interdiu

137 5799 299 5886 audiri
321 5803 515 5864 chorus
537 5810 815 5881 angelicus
843 5813 1208 5882 psallentium,
1238 5813 1451 5886 quoties
1469 5816 1542 5872 ibi
1572 5832 1695 5873 esse

139 5884 419 5954 humanum
465 5901 742 5958 silentium
791 5904 1095 5964 videbatur.
1128 5905 1239 5969 Nec
1257 5884 1557 5971 defuerunt
1594 5910 1690 5986 qui

394 5996 664 6062 Parma.
683 5998 879 6083 ~CLX.

1803 4691 1898 4747 Dei
1922 4693 2038 4748 suis
2067 4694 2320 4750 manibus
2360 4695 2627 4765 peremit,
2679 4691 2836 4746 fratri
2874 4708 2976 4748 suo
3031 4693 3200 4751 miser
3242 4697 3388 4752 bello

1801 4786 2173 4857 congreditur,
2197 4796 2253 4843 ct
2282 4785 2509 4843 fratrem
2547 4769 2864 4860 perimens,
2902 4795 3096 4846 mutuo
3140 4805 3172 4844 a
3218 4788 3388 4852 fratre

1800 4877 2108 4950 perimitur.

1873 4969 1944 5026 Ut
1989 4971 2178 5042 paucis
2221 4971 2406 5029 omnia
2460 4974 2805 5040 concludam,
2850 4973 2995 5031 infra
3044 4976 3172 5030 anni
3213 4975 3386 5046 ipsius

1803 5069 2078 5140 spatium,
2111 5069 2200 5124 vix
2227 5069 2426 5142 aliquis
2451 5072 2656 5140 evasit,
2686 5071 2782 5143 qui
2805 5070 2861 5125 in
2890 5087 3022 5128 nece
3049 5070 3222 5126 sancti
3247 5086 3389 5126 mar-

1803 5163 1938 5234 tyris
1969 5177 2097 5219 reus
2125 5161 2264 5232 fuit,
2291 5171 2347 5219 et
2368 5164 2414 5220 si
2452 5165 2578 5236 quis
2606 5162 2916 5237 superfuit,
2942 5165 2998 5218 in
3026 5171 3240 5218 tantum
3281 5179 3342 5219 se
3365 5205 3382 5231 ,

1803 5265 1899 5312 aut
1923 5272 2088 5313 sensu
2120 5258 2396 5329 perdoluit
2420 5260 2694 5314 annullari
2715 5301 2730 5327 ,
2759 5267 2820 5315 ut
2850 5259 2972 5312 illos
2999 5255 3186 5312 felices
3206 5256 3384 5313 duxe-

1800 5347 1874 5403 rit
1924 5363 2078 5416 esse,
2133 5351 2228 5420 qui
2276 5351 2478 5420 citata,
2527 5352 2778 5424 quamvis
2825 5349 3154 5418 miserabili,
3205 5356 3384 5406 morte

1801 5441 2111 5511 consumpti
2135 5450 2282 5496 sunt.

1867 5533 1936 5588 At
1957 5532 2163 5589 Christi
2189 5543 2399 5608 martyr
2427 5545 2725 5592 coronatus
2750 5534 3053 5605 triumphat
3078 5576 3093 5602 ,
3121 5542 3177 5590 et
3203 5533 3383 5594 victo-

1797 5627 1892 5682 ria:
1917 5627 2153 5696 palmam
2184 5639 2408 5697 tenens,
2437 5628 2493 5683 in
2523 5629 2644 5684 sinu
2679 5627 2913 5683 Abrahae
2954 5628 3210 5684 exsultat.
3245 5625 3379 5701 Sic,

1793 5717 2050 5789 Christe,
2094 5720 2151 5775 in
2182 5721 2389 5776 sanctis
2435 5720 2580 5788 tuis,
2624 5719 2690 5776 de
2743 5719 2978 5778 inimicis
3025 5719 3380 5792 triumphas.

1794 5815 2073 5888 diligentes
2100 5827 2149 5872 te
2172 5815 2397 5886 diligens
2422 5815 2606 5887 (Prov.
2635 5830 2752 5884 vm,
2794 5815 2906 5889 I7),
2939 5814 3260 5887 honoriﬁcus
3282 5818 3386 5884 Ιιρτ

1795 5920 2044 5968 norantes
2076 5913 2142 5984 te"
2154 5908 2208 5983 (1
2232 5909 2359 5983 Reg.
2388 5924 2460 5981 ιι,
2481 5909 2586 5973 29).
2615 5982 2624 5987 _

2976 6004 3058 6077 25
