3908 6316
488 425 597 496 779

1076 543 1307 603 CAPUT
1342 539 1512 598 XXV.

560 644 640 703 De
675 641 953 701 miraculis
988 639 1166 712 Legio:
1204 637 1427 712 ostensis
1457 635 1530 712 _in
1577 631 1690 687 loco
1739 626 2008 700 passionis

1097 709 1155 766 S.
1198 707 1488 763 Lamberti.

558 824 758 900 Legia,
785 841 908 898 qua:
931 819 1195 879 illustrari
1235 817 1436 874 meruit
1477 813 1696 887 patroni
1739 811 1824 867 sui
1869 817 2082 882 marty-

487 924 606 990 rio,
641 919 895 993 quamvis
941 931 1170 987 corpore
1221 913 1340 984 ejus
1373 927 1431 967 se
1464 909 1532 964 ad
1581 915 1797 977 tempus
1843 903 2082 960 doluerit

489 1023 772 1078 viduatam
801 1007 958 1084 esse,
987 1025 1168 1072 tamen
1206 1009 1601 1066 miraculorum
1649 1004 1770 1075 ejus
1817 1002 2081 1058 immunis

493 1131 620 1171 non
639 1113 761 1168 fuit.

566 1204 626 1259 In
655 1201 908 1259 cubiculo
942 1211 1180 1267 namque
1210 1192 1459 1266 martyrii
1491 1191 1639 1246 illius
1687 1187 1911 1244 conscio
1937 1229 1950 1252 ,
1990 1185 2080 1240 lu-

493 1296 731 1353 minaria
757 1337 771 1362 ,
802 1291 1066 1348 divinitus
1112 1302 1365 1352 accensa,
1399 1284 1598 1355 saepius
1627 1279 2077 1350 resplendebant,

490 1396 553 1445 ut
583 1396 698 1443 tota
731 1387 930 1441 domus
958 1382 1118 1453 quasi
1145 1380 1277 1436 solis
1311 1377 1482 1432 radiis
1512 1373 1805 1444 refulgeret
1827 1414 1841 1438 ,
1891 1377 1952 1424 ut
1997 1369 2084 1423 lu-

495 1497 613 1538 cem
637 1480 788 1535 illam
821 1477 912 1533 vix
943 1477 1222 1532 humanus
1252 1470 1420 1526 ferret
1451 1469 1666 1524 oculus.

568 1571 698 1627 Haec
730 1571 892 1626 fama:
937 1565 1243 1640 primordia
1289 1563 1605 1620 veriﬁcabat
1626 1573 1862 1629 sequens
1909 1554 2084 1626 gratia

493 1663 884 1718 miraculorum
913 1703 928 1729 ,
961 1673 1200 1732 quorum
1234 1656 1327 1711 hic
1358 1669 1572 1710 summa
1605 1646 1951 1720 capitulanda
1979 1652 2081 1701 est.

569 1755 957 1810 Theoduinum
984 1749 1278 1823 quemdam
1305 1791 1319 1815 ,
1360 1748 1445 1801 vir
1497 1753 1720 1800 sanctus
1747 1784 1760 1809 ,
1807 1739 1974 1795 semel
2021 1752 2086 1793 ac

497 1850 582 1906 bis
608 1891 623 1916 ,
651 1858 748 1918 per
775 1848 955 1903 visum
985 1845 1199 1900 monuit
1230 1851 1285 1897 ut
1316 1840 1586 1912 pectinem
1617 1852 1778 1892 suum
1808 1833 2080 1904 optimum

498 1942 779 2009 redderet,
811 1941 879 1994 ab
904 1954 1077 1994 uxore
1105 1937 1225 2007 ejus
1257 1934 1359 1990 sibi
1383 1940 1730 2003 pmreptum.
1761 1927 1946 1983 Tertio
1973 1941 2084 1980 non

494 2035 742 2106 parentis
773 2033 914 2098 sibi,
948 2040 1138 2100 pectus
1169 2028 1348 2084 aﬁ‘eeit
1381 2025 1675 2080 insanabili
1706 2024 1818 2078 ictu
1845 2063 1859 2089 ,
1891 2021 2086 2090 sicque

501 2142 663 2181 suum
691 2127 759 2180 ab
786 2125 960 2179 invito
994 2123 1217 2192 recepit.

572 2220 943 2291 Baldigisilus,
963 2219 1154 2289 jussus
1182 2233 1278 2287 per
1300 2216 1480 2271 visum
1505 2213 1778 2270 excubare
1811 2210 1879 2265 ad
1900 2210 2086 2264 locum

498 2313 620 2383 ejus
645 2309 914 2382 martyrii,
942 2317 997 2364 et
1022 2309 1158 2363 alter
1181 2307 1405 2378 quidam
1436 2303 1810 2376 Raginfridus,
1833 2301 2087 2356 eumdem

497 2403 681 2458 locum
715 2400 1286 2459 emundare'monitus
1312 2442 1325 2466 ,
1357 2399 1521 2454 ambo
1546 2398 1732 2452 lumen
1758 2395 2042 2450 oculorum
2067 2433 2084 2460 ,

495 2510 606 2566 quo
650 2494 910 2550 carebant
934 2536 948 2561 ,
972 2500 1296 2562 receperunt
1320 2533 1335 2559 ,
1362 2491 1418 2544 in
1445 2504 1547 2545 suo
1567 2487 1801 2559 quisque
1822 2495 2083 2555 tempore.

571 2585 837 2641 Veniebat
861 2602 988 2641 cum
1018 2585 1124 2640 ﬁde
1147 2585 1215 2638 ad
1239 2585 1386 2637 hunc
1411 2585 1594 2637 locum
1630 2581 1784 2651 virgo
1824 2576 1940 2633 Oda
1967 2619 1980 2643 ,
2035 2583 2090 2631 et

498 2678 619 2749 ipsa
650 2694 791 2734 caeca
820 2720 836 2746 ,
879 2686 933 2732 et
965 2678 1087 2732 loco
1133 2675 1386 2747 proxima
1409 2716 1425 2742 ,
1460 2682 1520 2727 ut
1566 2688 1767 2727 nomen
1816 2671 2090 2725 invocavit

501 2769 682 2828 sancti
705 2769 994 2842 martyris,
1020 2769 1165 2838 quod
1186 2767 1405 2821 volebat
1439 2765 1665 2835 accepit.
1705 2761 1800 2818 His
1848 2762 2086 2833 augeba—

500 2867 594 2914 tur
623 2873 818 2913 recens
844 2857 1126 2911 veneratio
1171 2854 1300 2909 novi
1330 2853 1584 2924 patroni,
1628 2861 1682 2906 et
1726 2864 1957 2906 accensa
1992 2866 2091 2921 po-

494 2950 613 3023 puli
637 2949 874 3016 devotio,
901 2948 1184 3005 basilicam
1205 2956 1398 3003 sancto
1420 2945 1723 3002 aediﬁcabat
1745 2951 1898 3000 tanto
1921 2943 2090 2999 citius

499 3052 710 3117 quanto
733 3043 1003 3098 devotius.
1035 3041 1234 3097 Lectus
1265 3041 1430 3096 etiam
1454 3040 1625 3096 sancti
1655 3055 1687 3094 a
1714 3037 1967 3093 ﬁdelibus
2007 3035 2089 3091 la-

498 3137 780 3196 brefactus
803 3179 818 3206 ,
845 3136 901 3192 in
922 3135 1017 3192 illo
1045 3137 1169 3192 loco
1201 3135 1413 3207 positus
1442 3142 1555 3202 est,
1593 3133 1686 3188 ubi
1715 3138 1937 3188 sanctus
1981 3130 2088 3186 telo

497 3233 672 3305 iniqui
702 3231 1002 3289 transﬁxus
1028 3228 1154 3288 fuit.

1070 3318 1300 3377 CAPUT
1335 3317 1527 3374 XXVI.

502 3415 585 3474 De
620 3415 972 3473 translatione
1007 3416 1180 3471 sancti
1216 3413 1491 3497 Lamberti
1513 3456 1528 3482 ,
1552 3422 1602 3467 et
1641 3411 1917 3466 miraculis
1953 3413 2007 3465 in
2030 3413 2090 3466 e'o

1171 3495 1416 3564 pstensis.

570 3598 698 3658 Haec
725 3599 1079 3674 Legiensium
1106 3599 1325 3656 devotio
1356 3599 1493 3654 adeo
1523 3597 1757 3651 Domino
1786 3595 1991 3666 placuit
2031 3604 2092 3650 ut

491 3693 610 3767 jam
633 3693 826 3751 crebro
852 3737 867 3763 ,
896 3693 1085 3750 multis
1107 3691 1206 3748 Dei
1236 3691 1488 3747 ﬁdelibus
1514 3732 1529 3757 ,
1560 3688 1778 3744 caelitus
1810 3688 1950 3743 visio
1996 3701 2092 3756 ap-

495 3793 744 3858 pareret,
776 3797 837 3840 ut
863 3793 1091 3842 sanctus
1119 3791 1348 3854 martyr,
1375 3782 1581 3838 relatus
1606 3780 1857 3850 Trajecto
1883 3820 1898 3846 ,
1944 3794 2092 3832 mar—

500 3881 778 3953 tyriiloco
804 3880 1207 3936 restitueretur.
1260 3876 1496 3932 Sanctus
1543 3874 1818 3929 llubertus
1845 3913 1860 3939 ,
1913 3872 2090 3926 sancti

497 3973 780 4030 Lamberti
813 3973 1119 4043 discipulus
1145 4014 1159 4038 ,
1210 3979 1263 4025 et
1286 3985 1595 4036 successor,
1631 3984 1742 4025 non
1785 3967 2092 4022 contraibat

498 4067 597 4123 Dei
624 4075 678 4121 et
700 4066 957 4138 martyris
980 4064 1269 4120 voluntati.

567 4159 728 4213 Anno
760 4173 890 4228 ergo
915 4158 1264 4227 episcopatus
1288 4155 1374 4212 sui
1397 4154 1610 4210 decimo
1630 4155 1816 4223 tertio,
1841 4156 2089 4210 tumbam

498 4251 678 4308 saneti
703 4249 974 4320 aperiens,
1008 4265 1209 4318 corpus
1241 4249 1360 4317 ejus
1377 4248 1612 4304 solidum
1647 4257 1700 4304 et
1723 4249 2012 4314 illibatum,
2038 4257 2092 4302 et

497 4343 639 4398 miro
661 4341 828 4396 odore
855 4357 1187 4412 respersum,
1219 4340 1447 4407 invenit,
1493 4341 1724 4396 mutavit
1743 4341 2088 4407 vestimenta,

498 4419 553 4490 et
593 4433 778 4505 priora
801 4449 902 4504 pro
932 4433 1127 4488 dandis
1161 4433 1482 4504 pignoribus
1508 4433 1773 4488 servanda
1803 4431 2080 4503 sigillavit.

565 4545 778 4602 Claruit
814 4548 871 4602 in
901 4545 1280 4603 transferendo
1317 4547 1423 4602 hoc
1449 4547 1588 4602 bene
1610 4545 1873 4616 placitum
1918 4545 2090 4601 fuisse

496 4639 746 4695 Domino.
769 4638 827 4694 In
853 4639 980 4695 villa
1014 4641 1214 4712 quippe
1238 4638 1444 4695 Nivella
1477 4633 1852 4710 requiescente
1865 4638 2086 4709 populo,

494 4747 704 4803 pauper
729 4733 1213 4789 cazcusditatusest
1237 4732 1449 4788 reddito
1465 4733 1569 4788 sibi
1584 4733 1759 4788 cilicio
1776 4731 2085 4788 oculorum.

567 4843 680 4901 Nee
708 4845 879 4902 multo
907 4854 1050 4916 post,
1081 4848 1134 4902 in
1157 4848 1285 4902 villa
1333 4847 1607 4913 Harmala,
1638 4847 1853 4902 cunctis
1901 4846 2092 4916 requie

495 4937 866 4995 relevantibus
893 4939 1159 5007 laborem,
1182 4941 1516 5011 paralyticos
1549 4940 1750 4997 ibidem
1797 4941 2086 5007 adductus,

493 5029 555 5088 in
587 5039 885 5102 conspectu
913 5033 1088 5088 sancti
1132 5031 1338 5101 feretri,
1367 5034 1596 5090 solidata
1624 5049 1888 5107 compage
1915 5049 2088 5089 mem-

493 5123 724 5188 brorum
742 5125 846 5181 sibi
873 5125 1119 5182 redditus
1145 5133 1246 5180 est.

565 5215 628 5272 In
675 5218 906 5290 singulis
932 5217 1018 5273 bis
1044 5217 1201 5285 locis,
1242 5216 1427 5273 statim
1471 5217 1712 5274 basilicae
1786 5218 1842 5273 in
1879 5219 2088 5275 honore

496 5314 675 5371 sancti
706 5314 985 5386 martyris,
1017 5312 1407 5368 lu’ndabantur.

566 5426 707 5485 Cum
733 5430 826 5484 tali
853 5428 1094 5500 tripudio
1125 5428 1665 5500 appropinquabatur
1688 5437 1805 5493 tuo,
1841 5444 1874 5485 ο
1897 5428 2083 5501 Legia,

492 5521 814 5594 municipio.
845 5520 1062 5598 Quanta
1083 5530 1136 5577 et
1158 5521 1336 5593 qualis
1365 5519 1530 5576 fuerit
1556 5522 1838 5592 processio
1882 5522 2012 5576 cleri
2035 5530 2092 5578 et

490 5615 700 5688 populi,
723 5625 928 5688 quanta
962 5625 1015 5672 et
1040 5617 1219 5687 qualis
1248 5617 1540 5672 exsultatio
1585 5617 1827 5687 undique
1860 5633 2094 5673 concur-

491 5708 754 5778 rentium,
779 5716 985 5781 quanta
1012 5709 1258 5764 omnium
1288 5709 1586 5766 liberalitas
1615 5710 1670 5764 in
1692 5709 1888 5766 dandis
1902 5719 2092 5766 sancto

484 5805 836 5873 muneribus,
872 5812 1077 5876 quanta
1113 5803 1278 5862 fuerit
1319 5805 1570 5862 ﬁdelibus
1619 5804 1814 5861 orandi
1853 5814 1906 5860 et
1960 5815 2086 5862 vota

485 5899 724 5958 vovendi
767 5899 1140 5972 puritas,haec
1179 5905 1236 5955 et
1271 5898 1612 5972 hujusmodi,
1657 5899 1877 5956 facilius
1919 5913 1951 5956 a
1991 5914 2105 5959 δεμ

1575 381 1586 392 δ
1666 414 2030 478 SlGEBERTI
2069 407 2598 471 GEMBLACENSIS

2114 531 2163 589 A
2188 528 2369 600 piente
2399 525 2658 585 aestimari
2686 532 2947 599 poterunt
2973 540 3143 598 quam
3161 525 3395 599 alicujus
3413 539 3504 583 ore
3522 529 3596 586 vel
3617 533 3727 607 stylo

3641 411 3724 474 780

2188 623 2421 679 narrari.

2257 737 2457 805 Habes,
2485 735 2669 807 Legia,
2697 741 2855 790 tuum
2888 733 3187 805 gaudium;
3240 748 3392 802 ecce,
3425 742 3569 793 tenes
3606 747 3726 796 tuum

2188 833 2423 904 speciale
2443 829 2841 903 patrocinium;
2873 828 3003 884 hinc
3045 829 3210 898 caapit
3232 829 3313 884 tui
3335 839 3608 900 provectus
3645 835 3727 890 ini-

2187 929 2353 995 tium;
2392 944 2489 1000 per
2535 927 2703 994 hunc,
2736 927 2790 981 in
2829 926 3024 982 urbem
3075 926 3338 993 exaltata,
3377 929 3732 998 proveherisde

2186 1023 2298 1077 ﬁlia
2325 1022 2382 1076 in
2416 1031 2676 1089 matrem;
2723 1037 2820 1091 per
2856 1022 3024 1086 hunc,
3079 1020 3134 1074 in
3185 1004 3545 1092 epise0palem
3589 1025 3731 1080 sedem

2186 1124 2456 1186 promota,
2475 1115 2530 1169 in
2553 1129 2771 1170 omnem
2796 1112 3078 1184 proiecisti
3095 1114 3470 1182 honestatem;
3494 1115 3600 1172 aliis
3617 1119 3733 1173 urbi-

2188 1201 2291 1265 bus
2339 1209 2394 1263 in
2424 1209 2638 1264 senium
2695 1207 3106 1278 quodammodo
3153 1207 3534 1277 vergentibus;
3585 1217 3632 1264 tu
3665 1225 3736 1279 per

2187 1300 2338 1355 hunc
2361 1299 2645 1355 ellloruisti
2681 1300 2736 1353 in
2758 1299 3003 1369 pulchra:
3017 1299 3257 1369 juventa:
3284 1307 3507 1354 statum.
3535 1299 3736 1373 Protegat

2191 1389 2242 1436 te
2271 1381 2328 1434 in
2352 1396 2550 1447 aavum,
2598 1380 2714 1434 suis
2750 1388 2976 1435 sanctus
3011 1384 3219 1449 martyr
3264 1379 3556 1451 suffragiis,
3587 1384 3662 1452 qui
3699 1392 3737 1438 te

2190 1473 2258 1528 ad
2293 1473 2401 1527 hoc
2434 1471 2682 1542 provexit
2713 1479 2775 1526 ut
2821 1471 2963 1525 inter
3015 1473 3203 1541 urbes,
3237 1473 3466 1529 nomine
3499 1482 3549 1527 et
3588 1474 3737 1529 merito

2190 1563 2580 1635 magniﬁceris.
3589 1548 3602 1562 .

2258 1677 2339 1732 Ex
2367 1686 2520 1747 tunc,
2547 1677 2604 1732 in
2630 1676 2907 1749 reliquum
2937 1683 3175 1750 tempus,
3207 1693 3322 1732 non
3369 1685 3454 1732 est
3477 1677 3649 1734 modus
3676 1678 3736 1734 vel

2190 1786 2453 1824 numerus
2493 1769 2910 1837 miraculorum,
2941 1785 3067 1825 cum
3097 1770 3360 1825 omnibus
3393 1786 3489 1841 per
3516 1770 3734 1825 Lamberti

2116 1892 2163 1951 Β
2192 1879 2391 1918 nomen
2446 1863 2522 1918 ibi
2568 1862 2740 1918 Deum
2777 1862 3163 1920 invocantibus
3196 1864 3252 1918 in
3302 1846 3548 1929 veritate,
3577 1879 3737 1934 semper

2190 1956 2428 2026 patuerit
2447 1956 2652 2010 ostium
2669 1955 2865 2010 divina:
2881 1955 3300 2011 misericordias.
3326 1955 3458 2010 Erat
3482 1957 3582 2011 illic
3601 1957 3735 2010 videre

2191 2049 2623 2118 compeditorum
2677 2047 2916 2116 vincula,
2969 2049 3232 2104 debilium
3290 2050 3664 2115 sustentacula,
3701 2050 3739 2104 in

2193 2149 2574 2214 argumentum
2590 2140 2807 2196 virtutis
2821 2140 2911 2196 Dei
2926 2158 3186 2213 appensa.
3202 2142 3530 2215 Quicunque
3543 2143 3739 2198 veniebat

2192 2235 2316 2291 ﬁdei
2346 2244 2530 2303 tenax,
2562 2250 2849 2304 nunquam
2880 2233 3094 2290 redibat
3127 2235 3406 2293 ineﬁicax.

2769 2369 3000 2426 CAPUT
3027 2364 3243 2428 XXVII.

2193 2483 2273 2539 De
2322 2482 2633 2539 Grimoaldo
2682 2494 2804 2540 ante
2848 2485 3021 2541 altare
3070 2486 3128 2542 S.
3178 2486 3461 2543 Lamberti
3501 2488 3723 2559 interfecto

2264 2597 2365 2655 Hic
2387 2611 2611 2656 sanctus
2632 2608 2866 2673 martyr,
2903 2602 3047 2657 sicut
3080 2603 3186 2672 piis
3213 2611 3267 2658 et
3312 2604 3557 2659 ﬁdelibus
3588 2604 3740 2674 pinsct

2149 2685 2156 2694 “
2196 2697 2540 2784 opportunus
2563 2691 2780 2761 adjutor
2800 2702 2939 2760 erat,
2965 2693 3061 2761 ita,
3083 2693 3206 2749 erat
3227 2705 3426 2751 contra
3455 2696 3648 2766 impios,
3671 2707 3738 2749 aut

2196 2798 2422 2840 severus
2445 2792 2747 2855 correptor,
2773 2794 2868 2841 aut
2892 2785 3075 2856 justus
3096 2787 3260 2842 ultor.

2241 2890 2398 2956 'Post
2443 2916 2649 2972 paucos
2679 2917 2854 2958 annos
2893 2903 3274 2959 translationis
3309 2904 3451 2974 ejus,
3500 2910 3738 2975 aegrotante

2197 3009 2338 3065 saepe
2367 2993 2651 3049 nominato
2687 2993 2919 3066 Pippino
2944 2997 3153 3066 majore
3178 2997 3407 3065 domus,
3439 2997 3544 3052 ibat
3567 2996 3624 3051 ad
3647 3010 3738 3050 eum

2195 3085 2563 3154 visitandum,
2607 3086 2754 3142 ﬁlius
2813 3087 2935 3158 ejus
2990 3087 3378 3157 Grimoaldus,
3425 3090 3514 3160 qui
3563 3089 3741 3144 devotus

2198 3187 2390 3236 sancto
2439 3178 2734 3235 Lamberto
2777 3179 2923 3251 (ideo
2969 3180 3110 3237 forte
3150 3183 3416 3253 amplius,
3461 3183 3578 3254 quia
3613 3196 3739 3238 oecu-

2118 3241 2166 3306 c
2198 3275 2412 3340 buerat,
2442 3289 2541 3344 pro
2592 3241 2820 3330 defenso
2861 3276 3054 3330 matris
3085 3276 3206 3346 ejus
3243 3241 3556 3333 .Plectrudis
3593 3275 3739 3330 matri-

2195 3365 2406 3436 monio)
2439 3364 2659 3420 divertit
2681 3363 2927 3437 Legiam,
2962 3373 3017 3422 et
3041 3367 3110 3422 ad
3135 3369 3418 3423 tumulum
3449 3369 3624 3434 sancti,
3645 3381 3738 3421 ora-

2198 3466 2354 3514 turus
2383 3457 2636 3514 accessit.
2665 3456 2813 3514 Inter
2834 3459 3108 3528 orandun,
3145 3470 3416 3532 exceptus
3447 3461 3624 3516 ibidem
3648 3469 3738 3513 ante

2195 3553 2366 3608 altare
2392 3552 2567 3609 sancti
2607 3551 2907 3620 Lamberti,
2939 3553 3228 3624 perimitur
3277 3572 3314 3611 a
3359 3556 3580 3628 quodam
3614 3552 3736 3609 satel-

2195 3645 2288 3699 lite
2312 3643 2689 3713 Rabbodonis,
2715 3645 2843 3701 duci
2862 3644 3214 3716 Fresionum,
3243 3650 3410 3721 cujus
3433 3650 3566 3714 tiliae,
3587 3655 3737 3717 apatm

2196 3754 2298 3793 suo
2325 3736 2556 3808 Pippino
2591 3737 2696 3792 sibi
2722 3738 3097 3809 desponsatas,
3123 3743 3463 3798 connubium
3509 3747 3734 3809 exspecta-

2195 3829 2307 3883 bat.
2350 3827 2454 3883 Sed
2485 3827 2751 3884 Rabbodo
2795 3829 2848 3884 id
2895 3831 3118 3903 impune
3158 3848 3268 3885 non
3323 3833 3462 3898 tulit,
3503 3831 3639 3900 cujus
3674 3828 3735 3880 in-

2195 3923 2420 3988 stinctu,
2481 3922 2743 3979 innocens
2793 3925 3050 3980 occubuit
3087 3925 3458 3981 Grimoaldus.
3502 3922 3620 3977 Nam
3657 3934 3734 3973 non

2197 4017 2370 4070 multo
2406 4025 2548 4086 post,
2598 4016 2738 4073 idem
2790 4017 3054 4077 Rabbodo
3102 4019 3433 4076 mirabiliter
3471 4037 3499 4074 a
3543 4019 3734 4073 daemone

2196 4111 2530 4180 ludiﬁcatus,
2555 4114 2714 4182 periit
2739 4117 2938 4181 subita,
2977 4126 3032 4171 et
3063 4118 3310 4173 aeternali
3337 4128 3522 4173 morte.

2266 4227 2406 4294 Quia
2431 4229 2656 4302 longum
2685 4239 2739 4285 et
2755 4230 3041 4286 taediosum
3067 4240 3172 4299 est,
3198 4233 3415 4305 singula
3439 4230 3593 4288 sancti
3613 4225 3730 4280 Lam-

2195 4319 2332 4375 berti
2365 4321 2650 4387 miracula,
2669 4322 3074 4392 particulariter
3097 4338 3388 4391 enarrare;
3421 4323 3508 4378 Dei
3537 4337 3618 4392 per
3638 4328 3728 4370 cum

2197 4415 2474 4484 operantis
2496 4415 2794 4484 potentiam
2824 4415 3111 4470 laudemus
3141 4416 3536 4472 universaliter.

2749 4547 2980 4602 CAPUT
3008 4545 3250 4604 XXVIII.

2121 4617 2168 4675 Β
2859 4659 3139 4732 Epilogus.

2269 4771 2447 4826 Vitam
2495 4772 2552 4827 S.
2593 4771 2870 4829 Lamberti
2921 4775 3157 4846 primus,
3191 4774 3354 4846 jussu
3393 4769 3614 4846 Agilt‘ridi

2195 4866 2367 4936 scopi,
2385 4866 2605 4935 scripsit
2623 4866 3032 4925 Godeschalcus
3046 4869 3335 4939 diaconus,
3363 4869 3524 4941 ipsius
3549 4872 3720 4931 conm

2191 4959 2425 5030 gationis
2455 4959 2707 5027 clericus,
2746 4961 2840 5031 qui
2883 4961 2988 5017 fuit
3021 4945 3266 5033 tempore
3287 4962 3493 5034 Pippini
3523 4967 3569 5014 et
3584 4948 3718 5010 Caroli

2192 5052 2394 5124 Magni,
2436 5062 2490 5108 et
2518 5063 2670 5126 gesta
2692 5055 2910 5124 quidem
2965 5057 3085 5126 ejus
3125 5057 3393 5112 veraciter
3440 5056 3716 5126 prosecutus.

2193 5149 2260 5203 de
2301 5163 2466 5203 causa
2512 5147 2759 5220 martyrii
2809 5165 3003 5219 parum
3055 5149 3230 5205 libero
3281 5165 3375 5204 ore
3421 5150 3607 5203 locutus
3641 5144 3712 5193 es!-

2193 5241 2350 5310 Quod
2375 5243 2478 5297 hac
2506 5243 2574 5298 de
2598 5258 2764 5298 causa
2795 5242 2992 5298 fecisse
3023 5243 3284 5311 creditur,
3315 5259 3382 5297 ne
3405 5242 3483 5297 sui
3514 5229 3713 5304 temporis

2192 5336 2412 5407 regibus
2438 5337 2653 5406 culpam
2696 5338 2970 5408 majorum
2998 5352 3224 5392 suorum
3271 5337 3532 5391 videretur
3565 5337 3711 5396 expro-

2193 5429 2371 5484 brare.
2400 5429 2479 5484 Ex
2504 5429 2692 5486 illicito
2732 5431 2934 5502 quippe
2977 5431 3193 5501 Pippini
3227 5439 3283 5485 et
3315 5426 3540 5499 AJpaidis
3567 5418 3709 5486 conju-

2194 5524 2303 5597 gio,
2356 5532 2518 5580 natus
2564 5533 2649 5580 est
2679 5523 2912 5581 Carolus
2959 5523 3270 5593 Martellus;
3321 5525 3385 5579 de
3412 5518 3582 5576 Carolo
3617 5510 3708 5580 Ρίρ-

2189 5619 2353 5690 pinus
2388 5619 2602 5687 tertius,
2631 5619 2726 5690 qui
2751 5635 2816 5673 ex
2842 5619 3106 5690 principe,
3138 5619 3194 5674 in
3236 5633 3411 5691 regem
3438 5614 3704 5669 Francorum

2189 5719 2475 5784 promotus
2517 5722 2636 5781 est;
2688 5713 2756 5769 de
2809 5709 3040 5784 Pippino
3089 5712 3321 5769 Carolus
3364 5710 3581 5781 Magnus,
3622 5709 3702 5769 τιυο

2192 5821 2354 5862 nemo
2378 5815 2502 5863 ante
2529 5823 2676 5875 eum,
2701 5807 2786 5862 vel
2821 5817 2943 5878 post
2973 5823 3120 5875 eum,
3153 5808 3294 5865 inter
3329 5805 3620 5862 Francorum,
3639 5804 3700 5844 m—

2192 5913 2306 5971 808,
2342 5898 2446 5958 fuit
2464 5900 2660 5973 major,
2692 5901 2760 5960 de
2806 5917 2917 5974 quo
2955 5901 3195 5960 dubitari
3237 5907 3406 5971 potest
3448 5893 3611 5954 fortior
3645 5895 3694 5936 In
