3908 6316
175 435 258 494 ἠε
1321 426 1480 487 νιτλ
1514 424 1735 487 ALTER

1847 430 1891 488 3.
1926 404 2299 490 LAMBER'l‘i.

3331 440 3437 503 783

173 549 365 609 felicior
389 554 548 617 esset,
579 546 856 620 potentior
880 545 937 602 in
974 542 1275 618 republica,
1316 559 1388 602 an
1421 546 1734 619 religiosior
1760 554 1811 616 Α
1837 563 2031 605 corum
2077 546 2411 619 Hildeberto,
2454 547 2783 610 Theodorici
2838 554 2982 627 regis
3030 554 3179 626 ﬁlio,
3234 573 3265 614 a
3323 573 3436 632 quo

172 649 221 702 in
250 643 604 701 ecclesiastica
625 641 933 714 disciplina.

231 736 423 794 Passus
454 742 537 791 est
589 732 645 789 8.
708 732 1037 790 Lambertus
1066 748 1139 789 xv
1176 731 1404 790 Kalend.
1458 730 1730 803 Octobris,

171 844 301 886 anno
326 828 666 901 episcopatus
687 828 774 885 sui
796 826 1235 901 quadragesimo,
1262 828 1365 885 sub
1394 842 1519 902 rege
1561 825 1737 883 Fran—

1839 640 2178 697 Theodorico
2222 658 2379 715 reges
2414 638 2754 701 Francorum
2804 647 2923 703 solo
2966 649 3190 706 nomine
3234 664 3434 723 regna-

1837 735 1992 803 bant,
2023 748 2191 804 penes
2217 735 2454 806 majores
2494 736 2691 795 domtts
2724 740 2969 810 potentia
3012 742 3165 814 regni
3219 745 3433 802 consti-

1840 833 1957 884 tuta
1985 842 2163 900 usque
2192 827 2259 885 ad
2291 827 2583 902 Pippinum
2606 834 2848 890 tertium.

176 1041 3423 1083 Μ

571 1415 1091 1540 SANGTI
1175 1338 1897 1539 LAMBERTi
1984 1421 2339 1543 VITA
2423 1421 2974 1542 ALTERA

1136 1769 1686 1866 AUCTORE
1760 1767 2431 1866 SIGEBERTO

619 2077 942 2157 (Romam,
970 2033 1122 2153 Sept.
1155 2087 1196 2138 t.
1241 2077 1303 2149 v,
1333 2094 1389 2151 p.
1413 2076 1540 2147 539,
1569 2091 1640 2133 οι
1664 2089 1772 2135 ms.
1793 2072 2199 2135 Euboea-Vallis
2222 2083 2279 2136 et
2298 2074 2628 2154 Hagiologlo
2646 2076 2941 2151 Brabant.)

654 2668 892 2732 CAPUT
922 2662 1197 2728 PRIMUM

161 2796 383 2852 Illustres
411 2792 615 2863 sancti
638 2799 879 2863 parentes
910 2805 928 2843 :
956 2786 1228 2863 institutio
1265 2782 1408 2856 apud
1566 2778 1731 2863 _Lan-

217 2867 454 2923 doaldum
482 2872 542 2921 et
576 2853 979 2926 Tlieodardum;
1015 2858 1252 2929 corporis
1278 2853 1329 2911 et
1351 2856 1519 2910 animi
1542 2853 1689 2910 dotes
1713 2869 1732 2909 :

217 2956 392 3010 corpus
423 2936 481 2994 S.
518 2934 821 2991 Theodardi
851 2927 1173 2986 translatum
1204 2927 1481 2983 Leodium.

220 3052 263 3108 l.
300 3052 589 3108 Gloriosus
621 3048 706 3105 vir
745 3047 1098 3114 Lantbertus,
1131 3051 1335 3101 aeterno
1379 3042 1497 3121 regi
1526 3047 1741 3114 martyr

159 3152 409 3215 acceptus,
432 3152 489 3200 et
515 3156 650 3198 vero
676 3138 947 3196 sacerdoti
977 3136 1234 3194 sacerdos
1255 3133 1506 3201 dilectus,
1529 3132 1736 3204 insigni

158 3254 211 3293 ex
241 3239 485 3310 prosapia
520 3231 891 3307 Trajectensis
918 3230 1103 3303 oppidi
1145 3229 1271 3285 vico
1300 3227 1511 3284 exstitit
1540 3226 1735 3282 oriun-

159 3328 266 3397 dus,
293 3340 343 3385 et
368 3329 536 3385 bonis
573 3316 643 3382 ac
689 3324 961 3397 religiosis
1005 3319 1325 3393 parentibus
1356 3326 1539 3387 natus,
1570 3316 1737 3374 etiam

160 3437 241 3491 per
265 3423 435 3478 bonos
465 3430 528 3477 et
555 3419 840 3491 religiosos
865 3417 1015 3472 viros
1042 3415 1096 3470 in
1124 3412 1463 3470 Christo‘est
1488 3417 1732 3467 renatus.

157 3512 268 3571 Fuit
305 3516 578 3587 siquidem
624 3511 891 3578 Remacli,
922 3517 1115 3582 postea
1143 3508 1387 3579 episcopi
1418 3506 1737 3577 Trajecten-

160 3608 260 3677 sis,
308 3605 614 3681 spiritualis
660 3606 718 3661 in
762 3602 1093 3676 baptismate
1146 3601 1292 3657 ﬁlius
1343 3597 1514 3672 (995).
1560 3595 1737 3669 Hujus

158 3702 314 3770 pueri,
343 3702 732 3773 majorumque
760 3698 881 3769 ejus
928 3698 985 3752 in
1031 3694 1278 3752 Ecclesia
1308 3692 1407 3748 Dei
1445 3693 1620 3747 multa
1650 3707 1739 3748 re-

160 3792 291 3851 fulsit
317 3795 512 3868 gratia,
561 3793 731 3848 multa
774 3790 831 3845 in
858 3804 1031 3862 regno
1058 3788 1395 3843 Francorum
1423 3784 1739 3857 praeminuit

160 3888 311 3959 gloria
344 3909 357 3945 :
388 3904 521 3946 nam
557 3887 888 3943 inconcussa
917 3882 1347 3939 Christianitatis
1377 3879 1512 3937 ﬁdes
1541 3879 1621 3936 eis
1650 3878 1737 3935 in-

159 3988 229 4037 ter
250 3984 583 4039 orthodoxos
614 3980 849 4052 augebat
871 3978 1256 4043 reverentiam,
1280 3984 1335 4031 et
1363 3974 1547 4031 carnis
1575 3973 1736 4030 nobi-

1761 2670 1812 2733 B
1909 2666 1966 2725 2.
2009 2667 2260 2743 Regnum
2306 2674 2491 2726 autem
2526 2663 2873 2724 Francorum
2896 2674 3033 2726 tunc
3058 2670 3326 2743 temporis
3347 2687 3440 2731 re-

1838 2764 2001 2837 gebat
2027 2772 2155 2835 post
2202 2763 2528 2821 Lotharium
2558 2765 2876 2823 medianum
2924 2765 3072 2822 ﬁlius
3101 2766 3222 2838 ejus
3255 2766 3437 2841 Dago-

1835 2856 2027 2913 bertus
2058 2856 2230 2929 (994),
2263 2858 2358 2928 qui
2388 2870 2627 2930 regnans
2656 2859 2713 2913 in
2752 2855 3028 2924 Neustria,
3061 2873 3292 2930 regnum
3325 2858 3443 2916 Au-

1839 2951 2165 3007 strasiorum
2203 2950 2317 3005 ﬁlio
2345 2966 2446 3007 suo
2476 2948 2761 3023 Sigeberto
2792 2949 2946 3023 (995)
2985 2952 3358 3020 commiserat,
3382 2958 3443 3009 et

1839 3045 1935 3115 qui
1966 3045 2147 3101 adhuc
2171 3058 2345 3115 puero
2374 3051 2587 3102 tutores
2622 3044 2851 3102 dederat
2876 3043 3241 3101 Cunibertum
3268 3041 3439 3121 Colo-

1837 3137 2087 3193 niensem
2110 3137 2429 3207 episcopum
2458 3135 2634 3209 (996),
2661 3144 2716 3192 et
2739 3135 3005 3206 majorem
3033 3136 3233 3192 domus
3251 3134 3442 3207 Pippi-

1838 3245 1973 3285 num
2023 3230 2262 3301 primum
2288 3272 2302 3297 ,
2363 3237 2578 3301 patrem
2643 3234 2959 3285 sanctarum
3020 3226 3320 3285 Gerdrudis
3382 3235 3442 3286 et

1838 3326 2030 3402 Beggae
2060 3326 2228 3400 (997).
2282 3326 2475 3395 Qualis
2524 3326 2619 3382 hic
2661 3341 2798 3397 puer
2834 3325 2892 3381 in
2935 3325 3145 3381 mundo
3172 3322 3335 3392 foret,
3368 3324 3439 3381 ab

1839 3421 2167 3479 incunabilis
2191 3418 2289 3476 Dei
2312 3420 2653 3492 dispensatio
2672 3419 3132 3491 praemonstrabat
3164 3437 3176 3473 :
3205 3432 3440 3490 quaeque

1840 3514 1986 3571 enim
2035 3515 2197 3571 bonae
2242 3513 2445 3571 indolis
2472 3513 2804 3580 rudimenta,
2836 3524 3069 3584 quaeque
3103 3512 3440 3568 lineamenta

1838 3608 2265 3680 pulchritudinis
2290 3608 2344 3663 in
2372 3608 2533 3665 bonae
2562 3606 2680 3678 spei
2709 3620 2882 3678 puero
2911 3606 3051 3662 solet
3083 3604 3441 3677 praeformare

1838 3711 2060 3771 natura,
2087 3703 2193 3771 vel,
2220 3703 2369 3773 quod
2396 3702 2583 3759 verius
2615 3707 2719 3769 est,
2749 3700 2925 3771 ipsius
2965 3698 3174 3755 Auctor
3202 3706 3438 3766 naturae,

1839 3796 1958 3852 haec
1987 3796 2173 3851 omnia
2199 3795 2314 3867 jam
2356 3795 2415 3850 in
2444 3795 2565 3867 ejus
2609 3792 2842 3851 infamia
2889 3793 3257 3864 apparebant;
3307 3791 3443 3862 quia

1834 3890 1949 3962 jam
1972 3898 2027 3946 et
2052 3889 2315 3945 membris
2336 3887 2638 3955 formosus,
2668 3896 2724 3943 et
2746 3900 2849 3959 pro
2878 3893 3037 3943 aetate
3064 3887 3209 3941 inter
3236 3899 3442 3956 cogna-

1840 3993 1928 4039 tos
1957 3992 2011 4039 et
2040 3982 2279 4039 famulos
2308 3982 2464 4038 vultu
2492 3990 2546 4037 et
2574 3979 2771 4037 aﬁectu
2818 3979 3093 4052 benignus
3120 3993 3243 4035 esse
3285 3976 3442 4033 vide-

159 4072 271 4131 litas
297 4094 387 4148 per
414 4050 753 4149 opulentiam
780 4083 964 4128 rerum
1006 4070 1255 4142 pariebat
1281 4067 1599 4140 dignitatem
1630 4080 1737 4121 sae—
1765 4050 1810 4113 C
1841 4077 2022 4145 batur,
2064 4093 2128 4132 ac
2161 4092 2257 4147 per
2286 4077 2393 4133 hoc
2419 4077 2665 4132 omnium
2694 4050 2983 4131 άίιθοιίοηέ
3020 4073 3238 4145 dignus,
3281 4070 3442 4128 Unde

160 4168 272 4236 culi,
315 4178 368 4226 et
420 4171 569 4225 inter
617 4182 875 4239 proceres
920 4163 1076 4237 regni
1123 4162 1351 4217 multam
1388 4168 1733 4231 potestatem.

160 4257 293 4317 Hanc
318 4264 536 4334 generis
566 4260 891 4326 claritatem,
945 4257 1012 4312 ad
1065 4271 1123 4312 se
1165 4256 1231 4310 de
1264 4255 1565 4326 longinquo
1594 4254 1738 4309 deri-

159 4363 341 4421 vatam,
372 4365 534 4428 pater
562 4364 617 4412 et
662 4364 837 4410 mater
868 4353 1046 4425 ipsius
1073 4350 1425 4406 illustrabant
1452 4348 1518 4404 de
1547 4349 1737 4419 proxi-

160 4462 258 4503 mo.
293 4448 521 4506 Matrem
569 4450 711 4520 ejus,
738 4449 882 4504 inter
905 4444 1248 4501 Francorum
1278 4444 1487 4499 nobiles
1519 4458 1736 4513 praeno-

160 4537 326 4608 bilem,
358 4544 572 4615 accepit
602 4559 632 4598 a
662 4542 912 4614 patribus
956 4539 1251 4612 posteritas
1277 4545 1526 4591 vocatam
1564 4530 1737 4592 fuisse

163 4626 564 4704 Herisplindem.
619 4632 781 4688 Pater
825 4646 955 4687 vero
981 4673 995 4697 ,
1047 4629 1191 4701 Aper
1223 4629 1560 4695 nominatus,
1608 4644 1736 4684 cum

161 4732 291 4779 esset
313 4728 377 4782 de
400 4728 584 4797 primo
613 4726 805 4781 ordine
831 4732 1169 4789 senatorum,
1216 4721 1309 4792 qui
1338 4729 1609 4775 vocantur
1632 4722 1739 4776 viri

161 4812 401 4887 illustres,
426 4828 482 4875 et
507 4820 603 4891 qui
632 4819 687 4873 in
715 4816 867 4873 curia
896 4816 1042 4888 regis
1063 4823 1471 4885 anteponuntur
1496 4815 1738 4872 secundo

162 4916 209 4962 et
234 4918 381 4968 terno
412 4914 593 4970 ordini
624 4920 961 4981 senatorum,
992 4910 1088 4982 qui
1117 4918 1384 4965 vocantur
1417 4909 1521 4965 viri
1548 4925 1736 4980 respe-

161 5003 370 5062 ctabiles
395 5017 447 5064 et
468 5007 574 5063 viri
599 5004 914 5074 clarissimi,
940 5004 1082 5060 inter
1127 5003 1277 5074 ipsos
1311 5003 1521 5074 primos
1550 5004 1732 5061 excel-

160 5090 308 5153 lebat.

224 5360 370 5443 1995)
418 5365 497 5443 ne
546 5364 653 5443 ε.-
677 5365 935 5443 macro

163 5430 360 5490 deinde
388 5438 580 5494 abbate
621 5437 935 5494 Stabulensi

164 5507 354 5562 mensis
376 5508 731 5580 Septembris.
761 5508 866 5565 Sed
894 5506 951 5563 S.
988 5506 1338 5564 Lambertum
1369 5510 1440 5564 ab
1469 5524 1534 5564 eo
1562 5506 1735 5579 bapti-

361 5581 452 5665 Xel
479 5597 511 5635 e
560 5580 885 5665 baptismate
936 5587 1254 5649 susceme
1293 5580 1487 5649 fuisse,
1535 5596 1731 5651 parum

166 5648 428 5713 probabile
452 5667 571 5707 esse
594 5648 828 5709 videtur.

248 5718 370 5797 ἓξὲξ)
395 5721 519 5797 [fuit
543 5725 588 5781 is
612 5725 951 5797 Dagobertus
980 5722 1022 5792 l,
1053 5721 1331 5797 Cblotarii
1349 5722 1393 5777 ll
1423 5723 1586 5781 ﬁlius.

248 5788 367 5857 995)
394 5792 611 5869 Iudicat
634 5788 1062 5869 SiSigebertuin
1086 5794 1386 5852 Austrasiae
1407 5812 1611 5869 regem,
1641 5814 1732 5856 cu-

154 5853 413 5989 iﬁfﬁzgi
442 5866 717 5927 elucidata
754 5853 884 5926 stunt
910 5868 966 5923 in
998 5865 1173 5939 Opere
1209 5876 1400 5925 nostro
1421 5853 1500 5926 ad
1515 5853 1666 5928 diem
1697 5870 1724 5925 1

973 5435 1186 5508 egimus
1230 5437 1299 5492 ad
1329 5435 1473 5493 diem
1502 5438 1537 5491 5
1568 5437 1732 5508 hujus

973 5363 1231 5436 episcopo
1280 5362 1619 5436 Trajectensi
1669 5382 1735 5424 ac
1767 5375 1813 5433 D

1840 4178 1994 4239 pater
2016 4167 2136 4238 ejus
2160 4183 2271 4222 non
2297 4168 2545 4239 ingratus
2572 4166 2705 4233 Deo,
2729 4167 2824 4238 qui
2848 4173 3063 4221 tantum
3088 4164 3196 4221 sibi
3226 4163 3292 4218 de
3321 4161 3438 4217 ﬁlio

1840 4262 2234 4334 promittebat,
2294 4261 2494 4317 divinae
2539 4262 2807 4316 voluntati
2857 4271 3015 4316 suam
3063 4263 3443 4329 contemperat

1840 4357 2174 4411 voluntatem
2208 4364 2262 4411 et
2304 4355 2478 4410 ﬁlium
2523 4354 2710 4410 divino
2761 4354 3041 4425 mancipat
3088 4352 3331 4419 servitio,
3368 4349 3440 4405 ad

1843 4448 1990 4521 quod
2024 4464 2151 4504 eum
2193 4449 2309 4519 jam
2343 4446 2753 4519 quodammodo
2781 4447 3004 4502 videbat
3048 4446 3313 4517 aspirare.
3369 4439 3441 4499 Et

1842 4542 1972 4612 quia
1996 4541 2247 4597 doctrina
2276 4541 2386 4596 vim
2409 4546 2694 4611 promovet
2719 4538 2964 4603 insitam,
2988 4536 3234 4607 rectique
3254 4533 3439 4591 cultus

1841 4644 2062 4708 pectora
2092 4636 2376 4703 roborant,
2409 4642 2658 4692 sanctum
2708 4638 2900 4688 sancto
2947 4630 3059 4686 ﬁlio
3105 4629 3439 4702 magistrum

1843 4728 2034 4800 elegit,
2085 4742 2153 4782 ne
2207 4714 2511 4797 simplicem
2556 4724 2778 4782 oculum
2824 4722 3079 4794 discipuli
3122 4722 3442 4779 tenebraret

1844 4820 2028 4891 aliqua
2057 4820 2216 4891 culpa
2243 4820 2513 4891 magistri.

1916 4914 1969 4968 5.
2006 4912 2338 4969 Initiandum
2390 4928 2520 4984 ergo
2560 4911 2741 4967 studio
2768 4908 2992 4967 litterali
3021 4908 3279 4967 submisit
3305 4921 3436 4964 eum

1842 5005 2159 5063 Landoaldo
2192 5007 2363 5079 (998),
2409 5005 2527 5061 viro
2576 5006 2711 5061 satis
2763 5012 3006 5076 spectato
3059 4999 3325 5073 sapientia
3378 5004 3437 5056 et

1844 5101 2069 5158 scientia
2156 5102 2446 5158 sanctitate
2493 5108 2549 5155 et
2596 5099 2885 5157 industria.
2938 5098 3039 5153 Hic
3081 5093 3437 5151 Landoaldo:

1911 5368 2060 5442 (996)
2090 5369 2168 5426 De
2198 5370 2256 5426 S.
2298 5371 2601 5442 Cuniberto
2636 5372 2950 5428 Coloniensi
2975 5368 3234 5441 episeopo
3259 5382 3429 5442 agen-

1839 5441 1968 5514 dum
1989 5441 2201 5514 erit_adﬁ
2218 5444 2283 5496 l2
2310 5441 2657 5511 Novembris,
2684 5459 2795 5514 quo
2821 5443 3038 5497 colitur.

1879 5584 1889 5595 .
1911 5512 2410 5595 (997)_B;l);ippini_
2426 5515 2510 5595 de“
2524 5512 2727 5595 Lapdis
2748 5513 2882 5595 Acta
2916 5515 3188 5595 illustrata
3214 5520 3343 5595 suist
3360 5513 3435 5595 ad

1839 5584 1981 5639 diem
2026 5584 2091 5639 21
2132 5584 2437 5655 Februarii,
2478 5585 2534 5643 S.
2589 5585 2875 5642 Gertrudis
2920 5585 3211 5642 abbatissae
3242 5584 3431 5643 Nivei-

1837 5655 2009 5733 l_ensi_s
2039 5656 2095 5711 in
2126 5656 2423 5733 B‘rabantja
2438 5656 2620 5733 ἐπὶ-17
2649 5657 2851 5733 Martii,
2886 5655 2943 5713 8.
2977 5655 3171 5733 Beggae
3191 5658 3433 5729 denique

1839 5726 2020 5783 danda
2054 5729 2274 5785 venient
2308 5729 2378 5785 ad
2400 5729 2468 5784 17
2503 5728 2839 5788 Decembris.

1911 5797 2060 5874 (998)
2088 5798 2211 5874 Vita
2230 5799 2312 5874 _S.
2351 5799 2667 5874 Landoaldi
2707 5799 3189 5874 archipresbyteri,
3229 5816 3429 5874 exgqua

1838 5871 2177 5998 ἰῗωΜὲῗὲεὶι
2224 5869 2559 5945 Sigebertus,
2596 5872 2726 5931 data
2744 5869 2893 5947 apud
2940 5869 3046 5931 nos
3070 5869 3258 5931 estad
3284 5869 3427 5930 diem

3011 5734 3025 5751 ἵ,
