3908 6316
496 396 511 443 ,ι
537 359 660 419 ι¹183
1632 434 1637 437 η
1715 359 2074 420 SlGEBERTl
2111 383 2112 394 π

2209 358 2637 420 MBLACENSIS
3646 376 3724 438 πει

551 486 757 538 sanctae
800 476 1062 535 Romanae
1098 476 1357 557 Ecclesiae
1391 477 1673 563 presbyter
1701 474 1910 556 fuit,get
1939 491 1971 530 a
1994 462 2138 529 Mar-
2165 475 2214 557 Α
2237 474 2620 544 promissionis
2668 472 2875 531 intrare
2923 489 3036 532 non
3080 484 3393 534 memorant
3419 496 3433 537 :
3456 479 3536 538 isti
3568 491 3729 550 vero'm

495 631 501 637 ,
550 570 668 629 tino
694 584 833 641 papa
866 569 1015 642 (999)
1046 568 1423 625 Romanorum
1445 569 1694 625 Amando
1718 568 1975 639 episcopo
1999 566 2135 623 Tra-
2239 565 2345 623 ﬁde
2388 566 2663 649 roborati,
2703 565 2877 625 Deum
2907 583 3097 625 coram
3145 570 3394 628 omnibus
3437 575 3732 641 sanuiﬁcavo-

461 653 505 731 ρ
544 662 873 736 jectensium
921 662 991 719 ad
1037 663 1304 719 auxilium
1372 663 1685 720 exercendae
1731 661 2135 733 praedicationis
2237 669 2386 716 runt.

541 756 864 829 deputatus,
894 755 964 811 ad
995 755 1197 813 Gallias
1220 757 1387 826 venit,
1419 766 1473 813 et
1497 756 1786 812 ordinatus
1815 753 2134 826 Trajecten-

545 849 628 906 sis
655 848 913 905 Ecclesiae
940 849 1395 922 archipresbyter,
1444 848 1641 904 ibidem
1684 847 1795 903 Deo
1842 846 2127 903 militabat.

506 939 615 1007 ,Et
641 941 772 1014 quia
814 942 955 997 idem
1005 941 1295 1013 episcopus
1339 957 1439 1013 pro
1484 942 1666 998 studio
1714 940 2043 1013 praedicandi
2073 954 2133 997 se

508 1018 517 1023 ’
543 1035 859 1107 expedierat
881 1034 1174 1106 episcopali
1201 1033 1435 1101 sarcina,
1460 1035 1573 1105 ipse
1602 1034 1748 1090 vices
1775 1033 2017 1105 episcopi
2047 1033 2131 1088 di-

543 1127 775 1200 ligenter
798 1135 853 1184 et
880 1135 1181 1199 opportune
1201 1127 1506 1199 supplebat,
1532 1135 1586 1183 et
1613 1143 1712 1199 per
1737 1142 1932 1183 novem
1955 1140 2129 1182 annos

547 1220 694 1277 rexit
719 1220 1029 1287 ecclesiam,
1060 1220 1319 1291 episcopo
1350 1228 1656 1288 vacantem,
1704 1220 1877 1276 donec
1926 1218 2127 1274 Rema-

541 1315 663 1373 clus
679 1314 992 1371 cathedram
1012 1312 1379 1384 Trajectensis
1393 1313 1651 1370 Ecclesiae
1666 1313 1906 1385 suscepit
1920 1311 2123 1385 (1000).

541 1406 890 1464 Landoaldus
920 1421 1051 1483 ergo
1080 1396 1496 1463 teneros‘annos
1521 1405 1695 1462 sancti
1723 1409 1885 1483 pueri
1899 1413 2127 1476 paterno

536 1498 663 1556 sinu
695 1482 1026 1570 suscipiens,
1054 1498 1124 1554 ad
1151 1514 1401 1555 normam
1422 1507 1626 1555 sanctae
1648 1486 1771 1554 vitae
1798 1482 2128 1554 informahat

532 1591 810 1662 primaevae
830 1590 1007 1647 aetatis
1031 1606 1238 1657 mores.
1272 1589 1559 1663 Requievit
1582 1591 1713 1646 olim
1746 1590 1970 1661 spiritus
1996 1590 2127 1647 Eliae

536 1696 704 1753 super
730 1680 974 1738 Eliseum
1008 1698 1021 1736 ε
1053 1696 1156 1737 nec
1203 1681 1309 1738 hoc
1355 1680 1568 1738 suﬁ‘ecit
1597 1680 1811 1749 Eliseo;
1862 1681 1957 1737 sed
2005 1697 2123 1738 rem

532 1773 828 1842 dilﬁéilem,
868 1781 1050 1830 tamen
1098 1772 1210 1830 Deo
1239 1774 1553 1845 possibilem
1602 1773 1776 1844 petiit,
1808 1780 1870 1829 ut
1896 1772 2124 1845 spiritus

534 1864 669 1923 Eliae
696 1866 896 1938 duplex
928 1865 1081 1922 ﬁeret
1112 1866 1169 1921 in
1216 1882 1275 1922 se
1307 1885 1320 1922 :
1351 1867 1431 1922 sic
1462 1875 1515 1922 et
1541 1882 1689 1922 nunc
1718 1866 1944 1937 spiritus
1976 1865 2122 1921 Lan-

531 1958 717 2015 doaldi
746 1958 1016 2030 requievit
1046 1973 1210 2038 super
1237 1958 1617 2039 Lantbertum,
1664 1967 1719 2015 et
1759 1960 1954 2039 credo;
1991 1959 2121 2031 quia

532 2050 764 2122 spiritus
812 2050 1060 2123 magistri
1113 2035 1312 2123 duplex
1339 2035 1541 2108 factus
1578 2035 1671 2107 est
1718 2051 1774 2107 in
1800 2035 2117 2121 Lantberto,

534 2148 696 2220 cujus
738 2148 913 2220 gratia
962 2162 1125 2220 super
1169 2148 1402 2222 gratiam
1462 2148 1710 2222 magistri
1776 2149 2018 2205 excrevit
2062 2149 2119 2204 in

530 2239 760 2297 mundo.

599 2334 655 2389 4.
692 2332 790 2389 Vir
817 2333 1048 2391 illustris
1072 2331 1236 2404 Aper,
1270 2343 1333 2390 ut
1359 2334 1530 2390 ﬁlium
1567 2349 1729 2391 suum
1759 2318 2118 2391 Lantbertum

526 2429 732 2487 faceret
754 2429 1087 2486 tenaciorem
1118 2429 1407 2500 propositi,
1441 2428 1670 2486 fundum
1716 2444 1830 2485 sua:
1872 2427 2120 2500 proprie-

525 2520 679 2588 tatis,
700 2521 967 2578 vocahulo
987 2518 1448 2576 Wentreshovum
1479 2520 1684 2593 (1001),
1708 2521 1832 2592 jure
1856 2504 2117 2592 perpetuo

476 2655 489 2663 .
525 2615 793 2685 delegavit
819 2614 898 2670 illi
925 2614 1182 2686 illiusque
1207 2615 1377 2670 tutori
1425 2614 1762 2681 Landoaldo,
1795 2621 1857 2669 ut
1885 2612 2116 2669 ecclesia

480 2751 489 2756 .
524 2705 606 2762 ibi
639 2713 950 2763 constructa
978 2749 993 2774 ,
1040 2715 1193 2763 tanto
1238 2706 1535 2762 instantius
1577 2713 1852 2772 vacarent,
1887 2706 1976 2761 ille
2014 2705 2116 2761 do-

474 2838 485 2846 .
524 2798 705 2866 cendi,
738 2798 827 2855 ille
853 2798 1101 2855 discendi
1132 2799 1425 2867 desiderio,
1471 2807 1677 2871 quanto
1724 2797 1989 2854 remotius
2016 2798 2115 2854 de-

530 2899 724 2967 gerent
750 2906 783 2946 a
813 2891 999 2947 saeculi
1046 2890 1304 2946 vanitate.
1357 2889 1460 2948 Ubi
1508 2891 1638 2946 dum
1684 2890 2028 2948 insisteretur
2057 2889 2117 2949 in

480 3026 485 3029 .
526 2980 848 3048 aediﬁcanda
875 2981 1129 3049 ecclesia,
1153 2980 1392 3039 artiﬁces
1416 2996 1581 3053 super
1604 2982 1829 3054 penuria
1858 2979 2113 3055 potabilis

523 3095 682 3151 aquae
734 3079 1247 3150 conquerebantur;
1296 3079 1427 3151 quia
1474 3093 1619 3150 aqua
1667 3079 1742 3135 ibi
1786 3094 1853 3135 ex
1878 3077 2113 3151 palustri

521 3170 757 3227 colluvie
780 3170 1010 3227 collecta
1037 3186 1133 3227 eos
1161 3169 1409 3225 bibentes
1436 3169 1612 3243 magis
1639 3171 1926 3241 torquebat
1953 3185 2109 3226 ama-

474 3308 481 3319 .
518 3263 780 3330 ritudine,
812 3279 978 3335 quam
1008 3263 1192 3335 aliqua
1242 3251 1512 3334 suavitate
1563 3250 1919 3333 refocillabat.
1975 3262 2114 3318 San-

521 3364 647 3412 ctus
692 3356 952 3429 magister
976 3399 993 3424 ,
1054 3340 1403 3427 sanctiorque
1428 3412 1433 3425 λ
1454 3355 1720 3427 magistro
1744 3354 2068 3429 discipulus
2092 3395 2109 3422 ,

474 3486 481 3512 ε
520 3446 685 3502 ﬁdem
714 3446 978 3502 habentes
1006 3445 1062 3500 in
1108 3461 1257 3513 eum,
1289 3445 1384 3517 qui
1411 3444 1617 3501 amaris
1646 3445 1804 3515 aquis
1851 3444 1918 3501 de
1960 3445 2110 3504 Mara

519 3540 862 3598 dulcedinem
884 3541 1100 3609 indidit,
1127 3541 1533 3624 communicato
1558 3547 1709 3607 voto,
1741 3540 1948 3612 pariter
1974 3556 2110 3599 exo-

518 3644 645 3692 rant
674 3636 930 3707 pietatem
958 3634 1380 3707 Omnipotentis.

589 3729 645 3786 5.
676 3727 934 3786 lnvocato
961 3744 1091 3801 ergo
1116 3738 1320 3785 sanctae
1340 3728 1626 3785 Trinitatis
1656 3729 1896 3795 nomine,
1915 3730 2110 3786 baculo
2176 3788 2183 3795 ,

2175 3871 2182 3877 ,
2209 3814 2405 3892 Moyse
2421 3810 2476 3870 in
2498 3825 2684 3897 monte
2710 3814 2842 3872 Sina
2864 3833 2993 3873 cum
3025 3816 3137 3874 Deo
3167 3827 3503 3884 remorante,
3524 3816 3744 3874 excubans

466 3867 473 3871 .
517 3820 838 3893 designatur
887 3822 1043 3877 locus
1094 3821 1152 3875 in
1203 3821 1426 3876 modum
1474 3830 1678 3895 saneta:
1725 3822 1905 3876 crucis
1954 3841 1967 3876 :
2018 3838 2107 3878 res

464 3960 471 3965 .
518 3912 681 3980 mira,
710 3913 803 3968 sed
834 3912 955 3967 ﬁdei
980 3927 1092 3966 non
1121 3912 1412 3985 inusitata!
1448 3911 1587 3986 (fons
1632 3912 1706 3966 ibi
1749 3896 2108 3990 stat'iinema-

465 4048 471 4069 ς
519 4002 674 4058 navit
696 4001 1135 4072 limpidissimus,
1168 4002 1344 4073 quiet
1372 4003 1604 4073 aperuit,
1637 3987 1908 4075 quantum
1933 3987 2106 4065 Sancti

519 4094 663 4163 apud
698 4092 870 4148 Deum
916 4101 1161 4164 possent,
1196 4102 1251 4149 et
1297 4094 1491 4151 incolis
1541 4110 1609 4150 ex
1660 4103 1789 4167 tunc
1834 4105 1890 4153 et
1942 4100 2105 4156 modo

519 4183 672 4239 omni
703 4200 808 4239 usu
856 4183 1053 4240 habilis
1084 4183 1204 4239 fuit.
1240 4183 1410 4256 Cujus
1458 4186 1707 4242 beneﬁcii
1755 4190 2100 4259 memoriam,

467 4342 475 4348 ﬁ
515 4274 650 4331 dum
676 4274 887 4346 Patres,
919 4279 1216 4348 generatim
1263 4280 1556 4359 narrando,
1605 4282 1987 4359 transmittunt
2033 4284 2103 4340 ad

466 4432 471 4438 ,
514 4369 678 4440 ﬁlios,
706 4372 903 4428 merita
950 4384 1267 4429 sanctorum
1304 4375 1674 4443 accumulant,
1705 4375 1835 4446 quia
1880 4392 1976 4447 per
2003 4391 2101 4433 eos

2306 751 2359 808 6.
2392 750 2582 810 Justus
2621 752 2916 826 aliquando
2938 763 3163 815 sanctus
3191 774 3326 831 puer
3368 775 3400 816 a
3438 763 3657 834 magistro
3684 768 3733 824 ad

2234 857 2371 899 usus
2392 858 2523 899 suos
2548 843 2728 917 ignem
2756 844 2971 915 aﬁ'erre,
3002 863 3128 903 cum
3143 864 3253 905 non
3276 859 3433 917 esset,
3458 851 3505 906 in
3520 868 3611 923 quo
3624 855 3733 914 illum

2232 932 2489 1004 deferret,
2518 944 2574 992 et
2601 952 2710 992 non
2760 953 2954 1009 parere
2999 941 3265 1013 magistro
3297 940 3447 1000 nefas
3473 944 3672 1016 duceret,
3695 951 3735 1007 ia

2230 1036 2381 1083 veste
2414 1028 2655 1098 positum
2705 1030 2885 1103 ignem
2921 1031 3144 1088 miranti
3194 1033 3451 1105 magistro
3491 1037 3656 1091 attulit.
3690 1038 3736 1096 Et

2229 1120 2338 1188 ille,
2367 1120 2462 1194 qui
2516 1129 2627 1179 tres
2669 1139 2892 1193 pueros,
2923 1123 2981 1180 in
3025 1124 3249 1182 fornace
3281 1124 3625 1184 Chaldaeorum
3646 1146 3736 1188 cum

2228 1215 2570 1272 vestimentis
2600 1216 2717 1272 suis
2743 1216 3020 1285 detrusos,
3048 1218 3123 1274 ita
3151 1219 3405 1286 servavit,
3435 1229 3491 1275 ut
3516 1237 3601 1277 nec
3618 1223 3737 1277 vasti-

2228 1316 2410 1364 menta
2421 1308 2906 1370 eorumimmutata
2916 1311 3739 1382 essent,hujusetiamvestemilla-

2228 1417 2346 1459 sam
2372 1403 2626 1470 servavit,
2640 1412 2698 1459 ut
2718 1404 3060 1472 claresceret,
3073 1405 3205 1477 quia
3216 1405 3343 1477 igne
3357 1404 3530 1462 Sancti
3543 1405 3737 1478 Spiritu,

2226 1508 2336 1568 quo
2358 1496 2589 1553 interius
2615 1494 2860 1566 ardebat,
2887 1499 3067 1571 ignem
3092 1500 3427 1556 materialem
3451 1502 3735 1573 superaverit

2225 1588 2292 1644 Et
2321 1605 2456 1659 puer
2502 1590 2726 1660 quidem
2771 1599 3033 1647 strenuus
3059 1591 3176 1663 jam
3217 1600 3351 1648 tunc
3378 1592 3544 1649 nitens
3566 1593 3739 1649 totisvi-

2222 1682 2377 1738 ribus
2402 1682 2517 1738 ﬁeri
2545 1683 2630 1739 vir
2656 1682 2951 1754 perfectus,
2990 1693 3258 1756 quantum
3308 1685 3413 1742 sub
3440 1683 3595 1741 ferula
3614 1684 3740 1742 sancti

2225 1768 2473 1845 magistri
2518 1774 2851 1846 profecerit,
2899 1792 3066 1848 quam
3114 1792 3255 1848 puro
3302 1785 3516 1849 pectore
3538 1777 3741 1835 adhibuit

2152 1847 2196 1907 Β
2224 1864 2441 1935 pietatis
2468 1880 2533 1921 ac
2561 1866 2803 1923 scientia:
2830 1847 3019 1935 verba,
3046 1847 3403 1927 otiosum—est
3425 1870 3509 1926 hic
3534 1870 3742 1927 inculcare

2219 1957 2421 2025 verbis,
2453 1974 2580 2014 cum
2642 1957 2885 2015 fructum
2931 1968 3046 2016 tam
3094 1961 3330 2032 proﬁcui
3382 1962 3572 2018 laboris
3610 1961 3740 2019 adhuc

2219 2042 2387 2103 hodie'
2411 2048 2621 2119 passim
2671 2049 2974 2106 exuberare
3001 2050 3311 2109 videamus.
3366 2051 3477 2109 Sub
3499 2051 3741 2109 Landoaldo

2218 2136 2349 2194 felix
2376 2139 2696 2197 adolescens
2740 2155 2853 2197 non
2899 2140 3096 2197 leniter
3128 2143 3482 2210 exercitatus,
3507 2144 3567 2199 ad
3588 2144 3742 2216 genito-

2217 2247 2334 2288 rem
2365 2249 2651 2307 regressus
2674 2243 2785 2303 est;
2821 2250 2925 2291 nec
2952 2243 3039 2292 est
3063 2234 3225 2292 facile
3248 2236 3422 2306 dictu,
3446 2252 3548 2309 quo
3571 2246 3739 2309 uterque

2217 2325 2446 2383 affectus
2473 2326 2558 2383 sit;
2574 2328 2795 2400 gaudio,
2828 2327 2961 2384 dum
3006 2337 3062 2384 et
3100 2327 3249 2385 ﬁlius
3280 2345 3383 2401 pro
3420 2339 3623 2402 paterno
3645 2330 3739 2386 alie-

2217 2427 2329 2486 ctu,
2365 2426 2419 2474 et
2448 2428 2603 2489 pater
2632 2435 2732 2490 pro
2761 2419 2860 2474 ﬁlii
2890 2418 3137 2490 profectu
3165 2422 3556 2493 gratulabatur.

2289 2512 2339 2567 7.
2380 2509 2610 2567 .Sancto
2680 2510 3010 2569 Theodardo
3089 2511 3525 2583 Trajectensium
3583 2513 3742 2584 episco-

2200 2607 2286 2676 'po
2331 2603 2515 2677 (1002)
2584 2604 2884 2660 substituto
2913 2647 2929 2672 ,
2980 2607 3403 2676 commendatur
3465 2599 3610 2663 etiam
3653 2606 3745 2661 huic

2186 2774 2190 2779 ‘
2215 2696 2545 2753 Lanthertus
2576 2712 2607 2752 a
2638 2712 2740 2754 suo
2783 2705 2937 2769 patre
2960 2740 2976 2766 ,
3030 2708 3092 2754 ut
3122 2700 3189 2755 ad
3229 2699 3357 2771 ejus
3381 2701 3631 2771 exemplar
3652 2715 3744 2754 eru-

2190 2788 2415 2863 diatur,
2441 2790 2536 2860 qui
2566 2790 2622 2845 in
2651 2790 2883 2847 ecclesia
2912 2800 2966 2848 et
2992 2792 3046 2847 in
3076 2782 3233 2849 curia
3263 2795 3496 2850 multum
3525 2794 3746 2851 videbatur

2213 2880 2613 2951 suspiciendus.
2666 2879 2748 2935 Ex
2772 2882 2935 2953 cujus
2965 2883 3067 2938 viri
3096 2884 3266 2941 latere
3298 2886 3436 2942 adeo
3462 2885 3674 2957 profecit,
3706 2893 3749 2939 ut

2213 2972 2269 3027 in
2295 2972 2507 3029 cunctis
2537 2973 2771 3045 negotiis
2796 2989 2909 3030 non
2940 2982 3152 3031 tantum
3195 2978 3467 3050 exemplo,
3509 2977 3592 3033 sed
3625 2976 3746 3031 etiam

2211 3065 2477 3121 miraculo
2525 3074 2671 3122 esset
2723 3067 3002 3125 omnibus.
3056 3067 3190 3125 Erat
3207 3071 3384 3127 “enim
3432 3086 3551 3126 vere
3578 3070 3746 3140 dignus,

2215 3166 2441 3230 aspectu
2485 3158 2738 3216 amabilis
2763 3201 2778 3225 ,
2830 3161 3107 3233 colloquio
3134 3163 3377 3220 aﬁ‘ahilis
3406 3164 3461 3218 in
3504 3170 3631 3218 recta
3652 3175 3747 3216 con-

2179 3251 2547 3327 {versatione,
2575 3259 2631 3332 et
2654 3252 2911 3310 omnibus
2961 3253 3299 3324 conformis,
3357 3255 3449 3311 vix
3476 3255 3589 3310 ullis
3613 3252 3749 3307 imita-

2180 3416 2185 3421 τ
2214 3345 2359 3403 bilis.
2392 3345 2555 3402 Parvi
2597 3346 2868 3418 pendebat
2891 3350 3203 3419 praesentia,
3234 3350 3410 3406 veluti
3442 3351 3689 3406 devoverat
3709 3345 3747 3401 in

2213 3440 2469 3512 pueritia,
2499 3440 2780 3497 aestimans
2812 3456 2914 3513 pro
2959 3441 3133 3499 nihilo
3153 3431 3157 3435 ”
3178 3445 3395 3512 omnia,
3440 3453 3618 3515 praeter
3640 3438 3747 3513 quod

2212 3542 2330 3592 erat
2353 3543 2570 3591 aeternae
2600 3535 2793 3591 salutis
2822 3537 2998 3608 gratia
3019 3578 3034 3605 ,
3082 3537 3408 3595 coelestibus
3435 3539 3604 3593 animo
3623 3535 3747 3590 iulia»

2174 3688 2175 3691 η
2204 3626 2338 3685 rens
2363 3671 2378 3696 ,
2431 3643 2551 3685 sese
2578 3629 2633 3683 in
2667 3628 3051 3686 holocaustum
3100 3630 3340 3688 Domino
3389 3632 3652 3688 mactabat.
3677 3625 3746 3680 llic

2209 3721 2395 3777 videor
2440 3720 2574 3776 mihi
2609 3721 2794 3778 videre
2839 3720 3007 3779 Iosue
3057 3723 3382 3780 ministrum
3429 3724 3623 3796 Moysi,
3660 3719 3743 3791 qui,

2208 3909 2277 3963 ad
2315 3908 2537 3986 radices
2562 3909 2784 3987 montis,
2809 3910 3078 3976 conviviis
3102 3920 3156 3965 et
3192 3910 3414 3967 lusibus
3456 3917 3741 3981 peccatorum

2207 4018 2316 4058 non
2360 3984 2640 4079 intererat,
2682 3984 2960 4074 etrMoy'se
3008 4002 3064 4058 in
3106 4011 3288 4059 castra
3330 4012 3635 4067 reverteutc,
3665 4013 3743 4054 non

2174 4094 2494 4171 ‘recedebat
2532 4094 2600 4149 de
2638 4093 2993 4150 tabernaculo
3036 4091 3295 4159 ftederis;
3350 4103 3406 4149 et
3443 4093 3578 4160 ideo,
3615 4092 3743 4159 impo-

2206 4195 2369 4244 neute
2398 4186 2583 4258 Moyse
2619 4201 2817 4243 manus
2852 4200 2983 4243 suas
3016 4200 3182 4257 super
3214 4201 3375 4253 eum,
3406 4184 3593 4240 meruit
3617 4177 3743 4254 Moysi

2205 4294 2492 4337 successor
2514 4279 2652 4335 ﬁeri.

2274 4372 2326 4428 8.
2368 4371 2472 4428 Sed
2496 4370 2627 4443 quid
2653 4385 2791 4441 opus
2813 4378 2899 4426 est
2919 4370 3052 4449 hinc
3073 4370 3202 4426 inde
3239 4371 3489 4444 quaesitis
3530 4366 3740 4425 laudatio-

513 4475 715 4518 nomcn
744 4460 963 4518 Domini
1012 4463 1260 4520 benedici
1308 4462 1534 4520 faciunt.
1586 4464 1681 4547 Ita“
1716 4452 2013 4522 Lantberto
2046 4474 2102 4523 et
2202 4484 2335 4524 num
2358 4466 2498 4523 fucis
2521 4467 2674 4522 illum
2699 4466 2968 4535 colorare,
2988 4482 3152 4538 quem
3198 4468 3471 4539 sapientia
3491 4467 3611 4539 ipsis
3628 4463 3738 4518 colo-

470 4612 477 4624 ,
512 4549 830 4611 Landoaldo
856 4555 1205 4629 diligentibus
1235 4555 1407 4613 Deum
1436 4558 1621 4614 omnia
1651 4568 2015 4631 cooperantur
2040 4559 2099 4616 in
2125 4570 2178 4632 ι)
2203 4560 2344 4617 ravit
2371 4557 2699 4615 virtutibus?
2738 4555 3087 4629 Superﬁuum
3112 4568 3198 4615 est
3223 4568 3381 4615 extra
3416 4566 3740 4631 quaterem:-

466 4710 473 4717 ε
510 4644 741 4714 bonum,
772 4649 865 4718 qui
890 4657 952 4705 ut
975 4658 1162 4706 essent
1188 4651 1385 4718 sancti,
1422 4652 1722 4707 secundum
1752 4654 2096 4725 propositum
2202 4634 2395 4711 teriam
2417 4653 2614 4720 laudis,
2642 4634 2768 4709 cum
2790 4637 2917 4707 eum
2940 4652 3169 4709 Creator
3188 4654 3256 4709 ad
3280 4661 3491 4709 tantam
3523 4650 3738 4706 formave

510 4737 610 4795 Dei
639 4740 814 4796 vocati
846 4750 993 4798 sunt.
1047 4742 1361 4799 Renovatur
1388 4745 1501 4825 hic
1549 4745 1893 4817 antiquitatis
1923 4748 2098 4825 histo-
2164 4810 2170 4816 ,
2201 4750 2273 4806 rit
2297 4748 2550 4822 gratiam,
2583 4754 2644 4802 ut
2683 4745 2741 4801 in
2779 4753 2896 4802 toto
2914 4761 3147 4818 corpore
3181 4745 3305 4817 ejus
3340 4748 3432 4803 vix
3461 4735 3739 4813 subrepseﬁl

508 4829 592 4887 ria
619 4847 634 4884 :
661 4829 876 4904 Moyses
902 4842 956 4888 et
982 4832 1165 4889 Aaron
1189 4821 1473 4904 penuriam
1500 4837 1802 4915 sitientium
1844 4821 2099 4898 Hebraao-
2198 4821 2384 4912 aliqua
2414 4846 2625 4895 natura:
2645 4836 2865 4906 menda,
2901 4837 2958 4892 in
2983 4838 3169 4915 animo
3192 4853 3324 4894 vero
3344 4838 3468 4909 ejus
3491 4836 3573 4891 vix
3596 4832 3735 4901 aliqua

464 4992 469 4997 κ
506 4937 632 4979 rum
663 4921 905 4980 relevare
947 4939 980 4979 a
1028 4923 1137 4981 Deo
1162 4925 1325 4995 jussi,
1369 4913 1633 5007 bisvirga
1662 4929 1868 4987 silicem
1895 4916 2093 5003 percu-
2198 4935 2393 4993 nociva
2434 4932 2649 4990 macula
2688 4931 3023 5006 apparuerit.
3048 4913 3189 4999 Quia
3212 4940 3395 4988 tamen
3424 4936 3621 5003 oportet
3641 4936 3734 4980 eum

466 5080 471 5090 Ι
506 5012 724 5081 tientes,
758 5030 931 5086 aquas
961 5016 1141 5092 largas
1171 5018 1470 5077 cieverunt.
1522 5018 1757 5083 Sedgilli
1787 5024 1858 5098 ab
1904 5023 2092 5098 Inspe-
2195 5029 2439 5095 laudare,
2485 5034 2544 5081 ut
2585 5040 2654 5081 ex
2695 5038 2823 5079 vero
2861 5039 2990 5079 eum
3031 5025 3339 5092 laudemus,
3362 5024 3534 5081 decet.
3574 5012 3732 5087 15,110i

503 5113 655 5162 ctore
681 5107 930 5164 cordium
962 5108 1238 5181 redarguti
1269 5110 1697 5183 incredulitatis,
1741 5096 1968 5174 Terram
2002 5096 2090 5178 re-
2197 5118 2571 5181 habitudinem
2593 5116 2842 5190 corporis
2869 5115 2991 5189 ejus
3019 5123 3116 5173 aut
3144 5116 3317 5185 novit,
3340 5126 3433 5173 aut
3454 5116 3522 5172 ab
3552 5113 3643 5178 his.
3661 5120 3731 5180 qm

2088 5342 2097 5365 '
2164 5345 2294 5402 ‘dus
2348 5327 2708 5399 Wendeliuus
2753 5337 2811 5393 in
2857 5334 3038 5394 Natali
3083 5337 3204 5393 solo
3236 5332 3415 5410 legum
3448 5334 3723 5410 Salium.

2190 5433 2314 5543 ὣς.
2343 5414 2465 5480 104,
2496 5412 2589 5495 ubi
2625 5411 2807 5495 locum
2837 5410 2985 5465 hunc
3011 5424 3122 5465 non
3169 5407 3336 5485 alium
3364 5407 3565 5487 statuit.
3597 5414 3726 5483 quam

2265 5487 2557 5543 indoaastl.
2595 5498 2758 5538 unius
2787 5497 2852 5536 ex
2892 5490 3131 5543 quatuor
3160 5480 3354 5543 legum
3383 5472 3724 5543 condtmhtls,

468 5350 477 5355 ‘
574 5334 810 5479 (999)13
838 5334 942 5393 fuit
967 5333 1025 5393 S.
1050 5335 1316 5393 Martinus
1337 5335 1507 5408 Papa,
1546 5328 1673 5408 ejus
1698 5340 1936 5398 nominis
1963 5341 2006 5398 Ι.

472 5466 476 5471 _
600 5405 759 5475 1000)
788 5405 947 5463 Falsa
984 5424 1127 5475 esse,
1174 5423 1297 5477 qua:
1345 5409 1413 5479 de
1439 5402 1775 5479 Trajectensi
1809 5414 1936 5469 sede
1983 5431 2006 5468 ιη

3225 5479 3354 5535 eum
3383 5472 3724 5535 conditui”.

472 5466 476 5471 _
574 5402 759 5479 (1000)
788 5405 947 5463 Falsa
984 5424 1127 5475 esse,
1174 5423 1297 5477 qua:
1345 5402 1775 5480 de'Trajéctetisi
1809 5414 1936 5469 sede
1983 5429 2082 5471 no-

500 5478 622 5533 vem
655 5492 829 5534 annos
865 5489 1091 5535 vacante
1123 5486 1178 5535 et
1197 5495 1295 5550 per
1341 5478 1399 5535 S.
1440 5478 1815 5550 Landoaldum
1843 5485 2080 5541 admini-

2265 5480 2557 5553 indogasti,
2595 5482 2758 5553 unius
2787 5497 2852 5536 ex
2890 5490 3131 5553 quatuor
3160 5480 3192 5553 .l_

465 5567 470 5573 ί
501 5556 673 5624 strata
702 5557 910 5624 narrat,
940 5540 1231 5624 probatum
1256 5551 1371 5623 jam
1384 5552 1559 5624 _est_in
1585 5549 1642 5605 S.
1676 5550 1923 5624 Amando
1944 5540 2079 5614 tom.
2192 5540 2562 5624 domicilium,
2611 5540 2961 5610 Windoheiin
3019 5552 3134 5609 sive
3162 5540 3490 5609 Windehoae
3529 5540 3726 5617 appella‘

467 5616 836 5693 'lFebruarii
878 5616 1157 5693 pag."8'55,
1185 5616 1343 5678 et'in
1372 5620 1430 5679 s.
1484 5620 1744 5678 Remaclo
1772 5625 1950 5681 tom.l
1979 5624 2082 5686 Se-
2188 5638 2325 5686 tum.
2548 5616 2559 5624 '

1671 5706 1686 5773 ‘_
1826 5701 1831 5705 ’
1870 5768 1881 5773 Α
1926 5702 1957 5773 _'
2029 5682 2044 5686 γ
2192 5682 2445 5773 (iw—(V1002)
2469 5698 2613 5773 Quae
2631 5697 2699 5754 de
2747 5694 2805 5752 8.
2859 5694 3134 5773 Lamberti
3164 5710 3263 5773 per

497 5690 1101 5815 ptemhriswgagfﬁu.
1212 5700 1213 5707 ‘
1374 5726 1379 5729 Α
1439 5727 1442 5730 ~

570 5758 757 5815 (1001)
855 5762 1173 5815 iuterhoven
1193 5782 1366 5815 nauus
1386 5782 1442 5815 es

570 5758 757 5838 (1001)
783 5758 1173 5838 Winterhoven
1193 5782 1366 5838 pagus
1386 5774 1469 5823 est
1490 5765 1813 5836 Belgiiinter
1835 5768 2083 5828 civitates

2186 5752 2550 5829 institutione
2561 5752 2651 5826 hic
2674 5752 2881 5837 narrat,
2905 5783 2970 5824 ea
2990 5783 3058 5825 ex
3083 5752 3452 5825 Godeschalco
3470 5769 3523 5819 et
3541 5752 3723 5828 διορω-

499 5826 779 5888 Hasletum
817 5841 874 5888 et
909 5826 1298 5906 Tungrosté
1323 5839 1516 5897 eodem
1543 5826 1793 5897 mctninit
1819 5826 2081 5913 Gottefrié

2188 5859 2261 5900 no
2288 5841 2646 5925 deprompsit.
