3956 6426
340 360 346 370 ι
457 280 558 339 787

1627 274 1783 336 SIGE
1792 272 2001 333 BERTI
2035 269 2568 334 GEMBLACENSIS

3640 267 3736 324 788

450 393 639 462 clesla,
689 395 963 473 consentit
1000 392 1183 452 clerus
1229 406 1359 452 cum
1396 390 1621 463 populo,
1659 407 1829 448 unum
1862 397 2053 463 optant
2080 393 2131 455 Α
2156 397 2337 444 ratum
2367 386 2504 455 fore,
2534 385 2640 444 nisi
2667 386 2832 444 etiam
2863 386 3147 447 Lantberti
3192 391 3553 463 approbatum
3605 402 3746 451 esset

453 488 702 544 omnium
730 490 919 556 corda,
945 488 1118 545 millia
1138 488 1327 560 populi
1357 502 1468 544 uno
1500 503 1595 542 ore
1622 487 1946 542 acclamant.
1979 484 2049 541 Se

448 582 543 639 ille
574 583 731 639 oneri
764 591 926 656 negat
963 598 1088 640 esse
1136 598 1346 654 parem,
1388 599 1454 639 ac
1475 598 1573 654 per
1595 582 1702 638 hoc
1730 581 1906 653 magis
1927 580 2048 652 cogi

449 682 710 730 meretur.
741 673 918 742 Quam
960 674 1240 730 unanimis
1271 674 1402 729 olim
1436 672 1834 729 fervor-Israel
1869 680 1924 728 et
1952 669 2049 727 Ju-

448 766 574 822 dam
597 766 891 838 inspiravit
931 768 1001 824 ad
1022 767 1336 839 eligendum
1365 766 1468 823 sibi
1518 766 1573 821 in
1623 782 1807 837 regem
1852 764 2044 832 David,

445 872 608 928 quem
640 856 908 917 Dominus
933 859 1222 916 invenerat
1269 859 1571 916 secundum
1597 874 1693 915 cor
1719 874 1901 927 suum,
1933 866 2048 914 tam

444 949 763 1009 favorabilis
786 960 907 1009 erat
930 968 1236 1011 consensus
1268 952 1401 1010 cleri
1423 961 1478 1008 et
1510 946 1696 1025 populi
1718 952 2048 1024 infeligendo

444 1041 829 1116 Lantbertum,
849 1063 1014 1120 quem
1045 1056 1099 1105 et
1125 1048 1308 1119 ipsum
1346 1047 1630 1103 invenerat
1653 1045 1921 1102 Dominus
1957 1061 2044 1102 se»

442 1138 687 1194 eundum
708 1154 806 1195 cor
828 1155 1013 1209 suum,
1032 1141 1127 1211 qui
1143 1139 1348 1198 faceret
1371 1156 1566 1198 omnes
1592 1140 1901 1196 voluntates
1927 1138 2044 1195 Dei.
2088 1191 2095 1197 .

444 1228 513 1286 Et
538 1246 666 1286 eum
692 1249 863 1289 unum
889 1242 1037 1290 esset
1058 1246 1158 1291 cor
1182 1234 1454 1305 omnium,
1484 1251 1599 1308 prae
1626 1236 1837 1293 caeteris
1862 1243 2048 1290 tamen

447 1322 641 1380 eredas
673 1325 880 1383 dixisse
920 1326 1303 1401 Trajectenses
1352 1331 1423 1386 ad
1471 1328 1852 1399 Lantbertum,
1899 1327 2049 1400 quod

443 1416 551 1493 viri
587 1416 727 1474 Juda
746 1421 820 1490 ad
846 1420 1019 1477 David
1042 1423 1408 1479 contribulem
1430 1440 1591 1481 suum
1621 1423 1906 1481 dicebant:
1932 1443 1950 1473 ι
1972 1421 2046 1479 0s

444 1520 602 1568 tuum
629 1528 825 1570 sumus
871 1523 926 1571 et
958 1531 1089 1573 caro
1128 1525 1264 1586 tua;
1308 1518 1426 1573 heri
1460 1533 1680 1589 quoque
1733 1527 1787 1573 et
1816 1517 2046 1573 nudius-

444 1606 642 1663 tertius
666 1615 726 1663 tu
770 1623 917 1677 eras,
963 1610 1060 1681 qui
1110 1611 1383 1668 educebas
1422 1620 1476 1668 et
1505 1612 1803 1668 reducebas
1837 1609 2042 1666 Israel:

443 1697 544 1754 tibi
569 1698 717 1753 enim
761 1699 899 1755 dixit
943 1700 1213 1760 Dominus
1254 1702 1399 1760 Deus
1424 1712 1553 1760 tuus
1580 1723 1592 1759 :
1624 1703 1705 1758 Tu
1728 1719 1920 1775 pasces
1942 1719 2045 1775 po-

2158 482 2392 538 consilio
2421 481 2624 554 (1015).
2682 479 2790 552 lpsi
2823 497 2956 538 sane
3006 481 3340 539 Francorum
3376 500 3536 557 reges
3566 484 3751 543 Theo-

2154 575 2377 631 doricus
2406 584 2459 631 et
2488 574 2782 643 llildricus,
2813 577 3067 647 quamvis
3116 593 3216 648 pro
3266 576 3625 650 simplicitate
3652 581 3753 637 mi-

2155 685 2261 725 nus
2289 684 2385 740 per
2414 685 2473 726 se
2501 678 2775 740 saperent,
2804 669 2861 725 in
2914 671 3020 726 hoc
3064 680 3249 727 tamen
3280 674 3590 744 sapiebant,
3625 674 3752 745 quia

2154 761 2449 817 audiebant
2478 762 2771 832 sapientes.
2811 760 3032 820 Primus
3058 764 3205 818 enim
3236 765 3520 834 sapientia
3552 765 3755 837 gradus

2156 863 2241 910 est
2276 869 2489 926 sapere,
2543 855 2818 911 secundus
2846 852 3035 911 audire
3080 858 3401 928 sapientem.
3434 856 3597 914 Unde
3628 859 3754 931 quia

2154 947 2435 1004 Lantberti
2465 957 2577 1003 tam
2604 949 2776 1006 sancti
2805 958 2858 1005 et
2880 959 2990 1005 tam
3028 952 3313 1024 prudentis
3331 953 3459 1021 viri,
3488 954 3754 1009 aliorum-

2155 1058 2263 1115 que
2293 1051 2613 1099 sanctorum
2641 1044 3026 1116 episcoporum
3060 1046 3292 1102 consilio
3319 1048 3755 1118 disponebantur

2154 1137 2309 1208 regni
2358 1137 2596 1208 negotia,
2631 1144 2750 1193 erat
2783 1138 2840 1192 in
2891 1145 3127 1211 utroque
3168 1155 3339 1211 regno
3364 1156 3557 1197 rerum
3588 1140 3756 1198 facies

2152 1231 2383 1301 pulchra
2409 1274 2425 1301 ,
2478 1238 2533 1287 et
2585 1232 3011 1303 prosperabatur
3061 1233 3196 1289 ﬁdes
3245 1232 3524 1291 Ecclesize.
3588 1233 3757 1291 Erant

2153 1326 2354 1398 quippe
2404 1335 2534 1382 tunc
2565 1326 2825 1398 temporis
2856 1326 3033 1383 sancti
3062 1326 3302 1399 episcopi
3327 1372 3341 1396 ,
3393 1330 3491 1401 qui
3523 1331 3755 1387 scientia

2151 1418 2363 1490 praediti
2394 1427 2448 1473 et
2478 1418 2764 1490 sapientia,
2795 1427 2982 1474 sancte
3014 1427 3068 1473 et
3093 1418 3241 1491 juste
3267 1422 3543 1477 secundas
3571 1431 3756 1494 partes

2150 1512 2304 1584 regni
2350 1511 2703 1584 adjuvabant.
2734 1510 2793 1567 ln
2845 1512 2932 1568 his
2980 1512 3405 1583 praeeminebant
3447 1514 3755 1572 Audoenus

2152 1602 2610 1675 Rotbomagensis
2679 1602 2907 1675 (1014),
2983 1602 3363 1675 Austrigisilus
3434 1606 3753 1678 Biturigen-

2152 1691 2481 1769 sis'(1015),
2532 1695 2740 1768 Eligius
2788 1695 3172 1754 Noviomensis
3218 1698 3424 1772 (1016),
3473 1698 3758 1758 Vindicis-

442 1791 635 1861 pulum
685 1808 872 1849 meum
905 1792 1106 1863 Israel;
1160 1804 1256 1852 ειε
1292 1796 1374 1852 Tu
1424 1797 1537 1852 eris
1576 1797 1831 1868 princeps
1879 1813 2047 1869 super
2079 1776 2122 1837 Β
2152 1802 2259 1842 nus
2298 1786 2716 1843 Cameracensis
2768 1785 2976 1860 (1017),
3010 1786 3359 1845 Audomarus
3412 1789 3757 1851 Tarvranen-

440 1899 563 1941 nos.
608 1905 629 1939 Ι

514 1976 604 2031 15.
640 1974 887 2034 Tandem
919 1979 1009 2035 vir
1046 1980 1254 2037 ditatus
1293 1981 1601 2037 honoribus
1644 1981 2042 2049 sanctimoniae,

439 2067 752 2126 illustratus
771 2072 1120 2129 commerciis
1139 2073 1733 2145 parcimoniaagannuit
1760 2090 1903 2130 unus
1925 2090 2046 2131 om-

440 2160 606 2218 nibus
647 2163 995 2236 morigerari,
1045 2174 1108 2221 ut
1138 2181 1329 2223 omnes
1376 2167 1446 2222 de
1496 2182 1555 2223 se
1599 2182 1711 2222 uno
1741 2167 1796 2221 in
1824 2166 2044 2223 Christo

440 2251 666 2323 gloriari
699 2264 944 2325 possent.
976 2256 1220 2328 Adeptus
1239 2259 1456 2315 culmen
1476 2258 1755 2330 religionis
1784 2267 2044 2330 perpetua

439 2345 654 2402 studuit
679 2348 898 2418 pietatis
929 2366 1130 2423 augere
1167 2367 1356 2422 opera,
1381 2352 1477 2423 qui
1519 2352 1821 2423 pontificali
1849 2361 2044 2410 auctus

442 2445 565 2493 erat
584 2436 778 2495 infula.
801 2439 1076 2499 Maetabat
1094 2444 1246 2499 omni
1269 2444 1357 2500 die
1380 2443 1764 2500 holocaustum
1786 2442 2041 2515 Domino,

437 2542 550 2583 non
577 2543 646 2584 ex
678 2546 876 2600 pecore
911 2534 1115 2603 alieno,
1136 2536 1233 2591 sed
1262 2552 1329 2592 ex
1357 2551 1591 2608 corpore
1626 2538 1868 2608 proprio.
1898 2535 2043 2592 Con-

438 2619 625 2678 silium
653 2631 705 2679 et
731 2639 871 2694 opus
898 2642 1062 2682 suum
1108 2642 1325 2700 semper
1354 2631 1424 2685 ad
1446 2629 1619 2686 Deum
1665 2633 2041 2699 convertebat,

437 2728 535 2769 cor
562 2723 617 2770 ct
665 2716 831 2786 pedes
880 2719 1153 2791 dirigebat
1179 2721 1251 2776 ad
1297 2722 1781 2794 evangelizandam
1824 2740 2038 2795 pacem.

436 2802 662 2876 Septem
689 2809 893 2880 quippe
934 2811 1081 2867 dona
1133 2811 1373 2883 Spiritus
1420 2816 1617 2882 sancti,
1668 2832 1792 2887 quae
1818 2815 2041 2873 Christo

437 2898 875 2956 substantialiter
920 2904 1129 2971 insunt,
1184 2905 1315 2963 huic
1362 2922 1582 2977 quoque
1612 2923 1712 2977 pro
1748 2916 1912 2980 captu
1938 2908 2041 2963 hu-

437 3007 606 3047 mano
630 2994 1042 3053 accidentaliter
1071 2999 1319 3054 aderant.
1368 2997 1605 3070 Spiritus
1639 3001 1854 3057 consilii
1886 3002 1942 3056 in
1972 3017 2039 3057 eo

436 3084 657 3157 vigebat
673 3089 908 3161 egregie,
958 3098 1014 3146 et
1043 3091 1310 3164 quidquid
1351 3093 1567 3165 agebat,
1596 3084 1791 3163 spiritu
1823 3095 2041 3165 sapien-

2152 1880 2232 1935 sis
2280 1878 2505 1953 (1018),
2559 1879 2931 1952 Leodegarius
2974 1879 3491 1955 Augustodunensis
3546 1884 3755 1957 (1019),

2149 1972 2294 2028 Faro
2320 1972 2613 2029 Meldensis
2642 1971 2847 2046 (1020).

2225 2067 2311 2122 15.
2349 2066 2495 2138 Inter
2520 2067 2622 2122 hos
2649 2066 2923 2122 eminebat
2948 2064 3301 2137 Lambertus,
3333 2084 3571 2125 aureum
3605 2070 3758 2129 sidus

2150 2160 2429 2229 Ecclesiae,
2464 2161 2612 2217 velut
2660 2161 2804 2217 inter
2848 2160 3001 2232 ignes
3052 2160 3182 2216 luna
3231 2161 3478 2219 minores
3531 2163 3754 2220 emicat.

2148 2254 2261 2312 llos
2292 2254 2624 2312 Lambertus
2660 2254 2993 2326 suspiciebat
3023 2263 3082 2309 ut
3121 2263 3304 2325 patres
3332 2265 3387 2312 et
3414 2264 3555 2313 natu
3582 2259 3759 2329 majo-

2148 2365 2256 2416 res,
2273 2364 2477 2420 eosque
2505 2347 2792 2414 imitando,
2816 2364 2847 2401 a
2871 2346 3102 2419 singulis
3123 2363 3314 2404 eorum
3336 2350 3549 2422 aliquid
3571 2352 3759 2422 gratia:

2147 2442 2454 2503 hauriebat.
2523 2439 2697 2495 Porro
2770 2440 2846 2494 illi
2910 2438 3268 2499 Lantbertum
3321 2443 3759 2515 praecordialiter

2147 2536 2406 2593 amabant
2432 2543 2493 2590 ut
2522 2535 2717 2603 filium,
2737 2534 2851 2607 jam
2874 2533 2941 2590 de
2969 2534 3104 2590 ﬂore
3132 2536 3312 2592 aetatis
3341 2536 3560 2594 fructus
3592 2542 3755 2596 emit-

2147 2639 2374 2698 tentem,
2405 2629 2567 2702 eique
2596 2638 2721 2701 post
2755 2645 2813 2685 se
2842 2628 2999 2701 quasi
3025 2645 3089 2686 ex
3138 2630 3488 2687 baereditaria
3532 2648 3758 2690 succes-

2146 2723 2301 2779 sione
2328 2722 2572 2795 regimen
2613 2722 2859 2778 ecclesiae
2890 2731 3200 2793 competere
3229 2724 3563 2796 gaudebant,
3591 2743 3757 2798 quem

2140 2817 2356 2890 justum
2396 2824 2521 2872 ante
2563 2814 2737 2871 Deum
2766 2824 2821 2871 et
2868 2814 3121 2872 homines
3159 2815 3417 2883 videbant
3467 2818 3594 2875 sine
3626 2836 3759 2890 que-

2145 2910 2256 2966 rela
2288 2910 2344 2965 in
2375 2908 2633 2966 omnibus
2664 2908 2936 2976 incedere,
2961 2916 3015 2964 et
3038 2908 3120 2965 ire
3150 2908 3327 2966 indies
3372 2910 3440 2966 de
3468 2910 3684 2966 virtute
3707 2911 3757 2967 in

2143 3003 2424 3060 virtutem.
2470 3002 2640 3059 Erant
2683 3012 2945 3074 prmterea
2973 3003 3136 3058 etiam
3172 3003 3415 3072 abbates,
3443 3013 3501 3059 et
3528 3012 3671 3061 tunc
3709 3014 3759 3061 et

2145 3112 2296 3154 nunc
2332 3097 2699 3153 nominabiles
2743 3097 3051 3164 sanctitate,
3089 3096 3343 3153 Bertinus
3377 3095 3593 3169 (1021),
3631 3097 3758 3152 Phi-

434 3148 528 3234 tia;
568 3148 974 3238 modErahatur.
1024 3148 1140 3240 ch
1185 3148 1314 3240 vero
1360 3148 1656 3254 ﬁildricus,
1688 3148 2040 3243 videns‘eurn
2068 3148 2115 3212 Ο
3378 3148 3758 3259 \;—

434 3273 653 3331 cunctis
680 3286 961 3346 praestare,
991 3277 1167 3349 pluris
1212 3294 1339 3335 eum
1382 3280 1618 3336 habebat
1646 3282 1858 3339 cunctis
1885 3284 2039 3355 regni

434 3367 795 3438 primoribus,
839 3371 1068 3445 ejusque
1097 3374 1394 3445 episcopis,
1442 3375 1602 3446 eique
1623 3377 1767 3447 apud
1789 3377 2036 3433 animum

436 3475 624 3530 suum,
653 3464 797 3534 apud
826 3480 991 3522 aures
1018 3474 1074 3522 et
1094 3481 1158 3524 os
1180 3483 1343 3524 suum
1363 3467 1531 3524 dabat
1559 3470 1799 3541 primum
1829 3471 2035 3540 locum,

434 3562 491 3611 et
526 3554 685 3627 cujus
712 3571 811 3613 eor
831 3559 1086 3615 credebat
1110 3558 1351 3631 Spiritus
1380 3561 1556 3618 sancti
1575 3562 1860 3619 oraculum
1893 3579 2034 3631 esse,

434 3648 708 3721 cujusque
752 3651 997 3725 linguam
1042 3654 1278 3710 habebat
1299 3670 1400 3726 pro
1444 3655 1691 3712 veritatis
1728 3672 1956 3728 organo,
1987 3656 2038 3711 ei

437 3740 584 3800 ultro
632 3744 856 3802 dederat
891 3747 1147 3805 amicitiae
1173 3765 1289 3805 suae
1329 3765 1625 3819 summam,
1655 3765 1892 3821 eumque
1931 3751 2038 3806 sibi

438 3849 470 3891 α
499 3838 728 3895 secretis
777 3838 1003 3907 fecerat,
1047 3841 1163 3912 qui,
1189 3849 1249 3897 ut
1280 3840 1475 3911 fertur,
1520 3850 1639 3899 erat
1664 3843 1786 3913 ejus
1812 3843 1980 3899 etiam
2005 3860 2037 3898 a

435 3933 870 4004 commentariis.
924 3932 1078 3990 Unde
1103 3950 1136 3990 a
1177 3934 1342 3991 corde
1369 3944 1423 3991 et
1443 3936 1514 3992 ab
1550 3951 1648 3992 ore
1677 3936 1826 3993 illius
1857 3936 2038 3994 omnis

434 4021 728 4081 Austrasia
767 4026 1058 4096 pendebat,
1104 4043 1343 4100 eumque
1396 4037 1511 4085 tota
1541 4028 1740 4101 regalis
1768 4029 1927 4086 curia
1949 4045 2037 4085 re-

433 4118 749 4174 verebatur.

511 4216 600 4271 14.
635 4215 829 4272 Frater
849 4231 1070 4289 quoque
1090 4215 1320 4275 Hildrici
1348 4219 1495 4290 regis
1520 4217 1914 4285 Theodericus,
1937 4218 2037 4290 qui

408 4309 493 4364 'in
522 4318 678 4380 parte
700 4307 967 4379 Franciae,
1015 4327 1137 4383 qua:
1178 4310 1435 4368 Neustria
1482 4309 1701 4379 dicitur,
1751 4310 2033 4381 regnabat,

435 4402 784 4472 prmsentiam
821 4403 1106 4476 appetebat
1133 4403 1434 4471 Lantberti,
1456 4411 1512 4458 et
1531 4402 1674 4459 inter
1701 4417 1956 4473 proceres
1981 4410 2037 4458 et

2142 3285 2433 3343 Lobiensis
2460 3284 2645 3359 (1021)
2669 3284 2726 3340 in
2752 3292 3002 3357 tyronem
3032 3284 3239 3341 Christi
3276 3284 3657 3342 adolescebat.
3693 3285 3758 3341 Hi

2140 3387 2301 3435 erant
2362 3376 2644 3433 Lantberti
2698 3376 3132 3447 contemporales
3156 3418 3171 3445 ,
3222 3376 3361 3433 tales
3411 3386 3578 3433 erant
3635 3378 3758 3449 ejus

2141 3472 2582 3529 contubernales.
2621 3469 2709 3541 Hi,
2737 3456 2799 3526 ut
2840 3468 3160 3539 Cherubim,
3210 3470 3477 3526 virtutum
3514 3486 3755 3528 suarum

2141 3567 2259 3622 alas
2293 3565 2683 3623 concutiebant
2723 3564 2861 3621 alter
2910 3564 2980 3620 ad
3027 3564 3283 3631 alterum,
3314 3572 3368 3621 et
3414 3564 3473 3620 in
3522 3565 3752 3621 laudem

2141 3659 2239 3716 Dei
2267 3660 2454 3715 orbem
2486 3667 2648 3714 teme
2667 3657 3107 3714 commovebant.

2216 3751 2302 3807 16.
2352 3750 2420 3805 Hi
2467 3751 2690 3822 aliique,
2718 3749 2814 3822 qui
2866 3749 2924 3805 in
2972 3764 3034 3804 ea
3065 3756 3244 3815 aetate,
3273 3755 3334 3802 ut
3357 3747 3530 3804 stella:
3557 3747 3623 3803 in
3654 3748 3753 3803 ﬁr-

2141 3854 2420 3901 mamento
2464 3844 2588 3901 coeli
2624 3843 2915 3912 lucebant,
2954 3842 3115 3915 quasi
3160 3842 3382 3914 triginta
3430 3857 3531 3899 sex
3577 3841 3756 3901 fortes

2142 3939 2287 4011 regis
2312 3937 2481 3993 David
2508 3953 2603 4008 per
2628 3935 2994 4009 aequalitatem
3016 3936 3268 4009 quadrati
3306 3935 3549 4003 numeri;
3574 3935 3755 3991 firmi—

2140 4041 2311 4088 tatem
2358 4030 2485 4086 tidei
2532 4030 2948 4103 prasignantes,
2979 4045 3107 4087 cum
3136 4039 3325 4086 nostro
3351 4028 3546 4097 David,
3577 4027 3756 4086 Lant-

2141 4126 2299 4182 berto
2327 4124 2556 4199 scilicet,
2579 4138 2750 4179 manu
2779 4121 2906 4178 forti
2933 4121 3139 4179 Christi
3170 4121 3439 4177 mundum
3470 4120 3754 4192 sapientia

2141 4227 2197 4275 et
2228 4217 2547 4275 fortitudine
2594 4217 2943 4275 illustrabant
2966 4257 2981 4283 ,
3028 4224 3084 4271 et
3134 4215 3191 4272 in
3240 4214 3503 4272 manibus
3545 4231 3752 4273 eorum

2141 4312 2283 4368 bella
2328 4312 2619 4369 adversum
2664 4312 2851 4367 hostes
2912 4308 3008 4364 Dei
3052 4308 3543 4380 prosperabantur.
3600 4305 3753 4362 Inter

2142 4420 2285 4476 quos
2330 4404 2663 4461 Lambertus
2687 4445 2703 4471 ,
2752 4411 2813 4459 ut
2840 4401 2977 4459 alter
3005 4398 3176 4455 David
3196 4443 3212 4469 ,
3261 4416 3294 4456 a
3339 4398 3452 4456 Deo
3480 4398 3651 4457 datus
3683 4396 3753 4453 ad

437 4493 645 4554 amicos
672 4512 805 4555 suos
949 4498 1202 4555 servabat
1230 4498 1418 4570 gratiae
1446 4498 1680 4569 copiam.
1729 4497 1797 4551 Et
1826 4497 1873 4552 si
1901 4496 2035 4569 quid
2062 4517 2117 4579 υ
2142 4473 2401 4552 Ecclesiae
2446 4495 2691 4568 regimen
2715 4536 2731 4564 ,
2780 4503 2842 4549 ut
2888 4493 3034 4549 filius
3083 4492 3258 4548 saltus
3300 4505 3637 4547 excrescens
3684 4488 3754 4543 ad

436 4586 496 4645 in
522 4605 691 4665 regno
718 4606 822 4650 suo
847 4591 1303 4649 auctorizandum
1331 4599 1469 4659 erat,
1497 4608 1610 4647 non
1636 4591 1866 4663 putabat
1895 4590 2033 4646 satis

510 4887 531 4931 χ
568 4856 697 4931 015)
743 4856 948 4914 Parum
992 4855 1314 4913 verisimilia
1363 4864 1493 4913 sunt
1540 4854 1659 4910 haec
1686 4854 1870 4909 omnia
1910 4868 2034 4925 qua:

436 4929 506 4987 de
558 4927 1184 5012 Theqdoriconlyutum
1223 4925 1495 5012 Neustria:
1517 4940 1664 4998 rege,
1690 4936 1883 4996 postea
1911 4940 2033 5009 mo-

436 5001 791 5084 ιιεςςέξλιεβιὲρ
815 4998 1373 5084 ξετίΨβίΒΞδθιῗίυβ·

510 5067 696 5200 (1011)
726 5071 904 5144 Hujus
933 5072 1069 5129 Acta
1099 5067 1381 5129 illustrata
1408 5077 1540 5127 sunt
1568 5068 1637 5125 ad
1658 5068 1803 5126 diem
1825 5067 1896 5125 24
1924 5068 2034 5125 Au-

514 5160 541 5200 s
592 5186 606 5200 .

514 5160 606 5201 διι.

437 5160 697 5288 ἔῃῗῖδω)
739 5215 1088 5288 Austregisili
1138 5213 1498 5288 Bituricensis
1548 5210 1665 5288 Vita
1691 5212 1820 5288 data
1847 5220 1934 5269 est
1961 5212 2033 5268 ad

435 5274 584 5344 diem
609 5274 691 5343 20’
715 5288 840 5343 Maii
875 5308 888 5356 ;
924 5274 1115 5343 v‘érum
1158 5288 1206 5343 is
1250 5286 1438 5343 multis
1465 5283 1625 5341 annis
1660 5274 1892 5355 obierat,
1929 5300 2032 5339 an-

435 5364 663 5432 tequam
695 5359 753 5416 S.
779 5360 1107 5416 Lambertus
1128 5359 1418 5430 episcOpus
1461 5363 1760 5425 crearetur,
1794 5357 1909 5413 imo
1929 5371 2033 5412 an-

572 5447 662 5487 am
687 5440 1028 5489 nasceretur.

536 5501 698 5576 1016)
724 5502 801 5560 De
829 5502 887 5560 S.
927 5502 1102 5576 Eligio
1148 5501 1419 5576 agendum
1445 5500 1755 5576 _erit_die_1
1806 5500 2036 5576 Decem-

440 5572 597 5661 bris;
636 5572 731 5632 sed
759 5577 983 5661 neehic
1012 5572 1206 5646 usque
1233 5574 1304 5630 ad
1331 5572 1389 5629 S.
1439 5572 1719 5629 Lamberti
1746 5573 2034 5644 episcopao

438 5652 560 5703 tum
589 5652 910 5773 supervixit.
1908 5714 1920 5728 υ

442 5718 647 5848 u
685 5719 703 5792 )
731 5719 908 5793 Hujus
938 5717 1119 5778 Vitam
1144 5718 1318 5778 habes
1350 5717 1408 5775 in
1429 5715 1608 5790 Opere
1643 5722 1834 5774 nostro
1868 5714 1956 5773 die
1977 5732 2034 5771 ιι

2148 4588 2503 4661 perfectionis
2529 4589 2767 4655 culmen,
2796 4595 2857 4643 ut
2887 4585 3216 4642 tenerrimus
3245 4584 3379 4657 ligni
3410 4581 3754 4641 vermiculus

2142 4856 2149 4882 τ
2185 4852 2401 4936 (1010)
2425 4850 2504 4908 De
2526 4849 2584 4909 S.
2624 4851 2941 4909 Auaomaro
2972 4859 3157 4908 actum
3196 4857 3281 4906 est
3304 4850 3376 4907 ad
3400 4850 3547 4907 diem
3575 4850 3613 4908 9
3648 4850 3753 4909 Se-

2140 4926 2607 5067 Ριῗῗιῶνέῗᾟιιὶυε
2637 4992 2816 5052 sancti
2845 5002 2998 5066 gesta
3039 4961 3369 5050 elueidanda
3405 4994 3636 5053 venient
3659 4994 3754 5052 die

2141 5067 2177 5122 2
2199 5067 2469 5123 Octobris.

2242 5137 2402 5210 1020)
2436 5136 2493 5193 S.
2525 5136 2669 5194 Faro
2702 5137 2903 5193 colitur
2925 5136 2997 5192 28
3026 5134 3298 5193 Octobris.

2216 5138 2407 5282 (1021)
2433 5209 2510 5265 De
2538 5207 2597 5282 _S.
2618 5208 2852 5282 Dertino
2897 5208 3094 5265 abbate
3124 5206 3298 5265 Sithiv

2243 5206 2407 5281 1021)
2433 5209 2510 5265 De
2538 5207 2597 5281 ὃ.
2620 5208 2852 5281 Bertino
2897 5208 3094 5265 abbate
3124 5206 3429 5265 Sithivensi
3456 5216 3647 5266 actum
3670 5217 3757 5266 est

2143 5279 2235 5339 die
2258 5281 2295 5353 5
2322 5279 2681 5353 Septembris.

2216 5349 2638 5426 (1022)—ln_dicat
2655 5349 3081 5426 _S._Filibertum
3103 5350 3204 5426 _vel
3225 5351 3616 5426 Pbilibertum,
3653 5350 3755 5406 ab-

2142 5421 2329 5482 batem
2362 5421 2420 5481 in
2449 5424 2613 5480 Herio
2643 5422 2832 5496 Galliae
2853 5424 3056 5494 insula,
3087 5423 3156 5480 de
3188 5439 3301 5496 quo
3325 5423 3452 5480 vide
3472 5421 3629 5495 Opus
3652 5436 3758 5478 no-

2140 5506 2324 5555 strum
2354 5498 2422 5554 ad
2444 5497 2589 5553 diem
2615 5494 2686 5551 20
2713 5493 2967 5568 Augusti.

2214 5569 2402 5643 (1025)
2427 5568 2552 5624 Fuit
2593 5568 2642 5624 is
2676 5564 2846 5643 abbas
2897 5564 3751 5643 Fontanellensis,__cujus_gesta

2148 5642 2203 5713 in
2222 5635 2412 5713 'Opere
2428 5649 2633 5713 nostro,
2648 5640 2895 5710 exposita
2924 5646 3056 5713 sunt
3077 5638 3166 5695 die
3184 5636 3423 5713 _22__Julii
3445 5655 3459 5693 :
3480 5635 3590 5695 Sed
3603 5635 3755 5693 ante

2150 5712 2210 5770 S.
2250 5709 2525 5769 Lamberti
2552 5709 2931 5783 episcopatum
2951 5710 3135 5783 vivere
3166 5709 3348 5783 desiit.

2223 5783 2408 5859 (1024)
2437 5783 2514 5842 De
2533 5779 2604 5842 e6
2629 5779 2756 5840 vide
2780 5782 2850 5840 ad
2883 5781 3029 5841 diem
3064 5779 3130 5841 18
3155 5780 3380 5858 Aprilis.
