3908 6316
179 267 272 325 789
1341 264 1501 341 VI-TA
1526 263 1807 327 ALTERA
1831 266 1890 326 S.
1919 265 2297 327 LAMBERTI.

3326 264 3435 325 190

173 380 488 438 humilitatis
512 379 714 437 virtute
740 379 878 437 dura
923 387 979 436 et
1005 377 1169 439 fortia
1199 378 1524 452 demoliens,
1552 393 1612 440 ut
1641 401 1741 457 ρο-
1772 391 1819 450 Α
1848 384 2257 442 Faramundum
2282 385 2349 442 ad
2379 383 2753 456 episcopatum
2801 384 3204 456 Trajectensem
3246 393 3436 447 contra

172 474 453 530 limitarius
476 473 657 546 (1025)
682 475 847 529 variis
870 472 1165 529 virtutibus
1191 484 1245 528 et
1272 474 1388 546 ipse
1417 486 1664 543 ornatus,
1696 486 1751 531 ct

170 568 298 623 alios
326 581 548 633 ornans,
581 566 649 621 ad
676 576 789 623 tres
840 567 1048 639 primos
1075 567 1338 624 virtutum
1390 569 1593 640 gradus
1622 586 1748 641 per-

166 661 348 732 paucis
372 675 603 716 ascensu
657 658 846 717 faciles
888 662 1154 731 pervenit,
1190 662 1459 734 sapientia
1490 663 1749 718 thronum

165 752 411 811 Ecclesia:
459 755 767 827 gubernans
791 798 806 825 ,
854 757 1163 813 humilitate
1205 758 1433 830 vestigia
1486 757 1749 830 sequendi

164 849 433 906 Christum
490 851 849 924 praesignans,
882 850 1203 908 fortitudine
1250 852 1607 909 adversitates
1636 850 1749 907 Deo

162 940 447 999 debellans.
480 941 686 998 Horum
715 944 926 999 meritis
950 944 1041 1000 diu
1073 944 1426 1018 tranquillata
1454 952 1539 999 est
1562 941 1750 997 Eccle-

162 1033 237 1089 sia
264 1032 377 1103 Dei,
410 1036 611 1108 diuque
640 1045 817 1094 status
846 1039 1001 1110 regni
1051 1046 1405 1111 prosperatus
1447 1044 1549 1094 est.
1586 1034 1747 1093 Post-

163 1127 376 1184 modum
408 1139 632 1200 propter
661 1132 846 1204 pepuli
885 1139 1164 1203 torporem
1202 1132 1508 1187 dormiente
1533 1128 1662 1185 Jesu
1691 1129 1745 1184 in

166 1219 281 1275 navi
317 1230 521 1278 sanctae
542 1221 820 1292 Ecclesiae,
847 1240 974 1282 ecce
1002 1234 1184 1282 motus
1210 1241 1443 1298 magnus
1466 1223 1644 1279 factus
1665 1231 1750 1279 est

167 1310 218 1366 in
246 1313 381 1367 mari
405 1314 571 1386 hujus
596 1316 805 1373 mundi.
834 1316 1016 1374 Facile
1036 1326 1120 1374 est
1147 1334 1370 1375 causam
1401 1316 1539 1373 tanti
1565 1327 1749 1372 motus

165 1404 414 1462 ediscere.

224 1498 305 1555 17.
344 1498 719 1560 Theodericus
767 1512 822 1561 et
869 1502 1143 1563 Hildricus
1184 1505 1385 1561 fratres
1430 1505 1745 1577 bipartitum

158 1589 388 1649 Francia:
432 1610 663 1667 regnum
716 1598 1007 1670 regebant;
1072 1601 1165 1656 sed
1212 1599 1340 1671 quia
1373 1597 1747 1655 Theodericus

159 1683 437 1743 hebetioris
464 1688 667 1761 ingenii
698 1699 836 1760 erat,
877 1691 1148 1749 Ebroinus
1179 1693 1355 1764 major
1383 1693 1582 1749 domus
1614 1692 1747 1748 sim-

1849 476 1942 549 jus
1982 485 2036 532 ct
2064 476 2147 545 fas
2175 493 2372 549 passus
2401 485 2485 532 est
2518 476 2825 546 promoveri
2849 476 3051 547 (1029).

1924 571 2012 626 19.
2050 569 2215 625 Miser
2236 585 2365 640 ergo
2391 554 2792 636 Faramundus,
2819 570 2945 641 quia
2968 568 3102 625 abiit
3128 567 3185 623 in
3208 567 3438 635 concilio

1854 662 2119 733 ipsorum,
2154 662 2209 716 in
2233 662 2492 719 cathedra
2529 661 2853 734 pestilentiae
2881 661 3041 731 sedit,
3082 662 3150 720 de
3171 677 3282 733 quo
3308 660 3438 733 quid

1854 756 2003 812 aliud
2032 764 2244 827 poterat
2268 755 2396 825 dici,
2423 773 2590 827 quam
2641 757 2787 829 quod
2821 755 3034 813 Veritas
3058 756 3191 814 dicit
3230 773 3243 808 :
3287 776 3305 809 ‹
3335 756 3441 824 Qui

1854 868 1965 908 non
2011 852 2178 908 intrat
2204 869 2302 925 per
2342 853 2543 910 ostium
2575 854 2631 908 in
2656 852 2797 910 ovile
2819 852 3027 921 ovium,
3071 854 3167 911 sed
3194 853 3441 911 ascendit

1854 945 2097 1014 aliunde,
2140 944 2231 1002 ille
2261 945 2350 1003 fur
2380 955 2466 1003 est
2514 956 2566 1003 et
2612 946 2753 1003 latro
2780 966 2793 1001 :
2824 946 2920 1018 qui
2943 954 3125 1003 autem
3154 955 3321 1003 intrat
3343 961 3442 1017 per

1855 1039 2080 1107 ostium,
2126 1052 2316 1111 pastor
2352 1050 2437 1096 est
2479 1040 2685 1096 Ovium.
2732 1038 2846 1096 Fur
2887 1056 2999 1096 non
3043 1039 3211 1108 venit,
3244 1039 3445 1095 nisiut

1854 1132 2068 1189 furetur
2093 1141 2148 1190 et
2192 1142 2411 1201 mactet,
2465 1142 2519 1189 et
2558 1133 2769 1206 perdat.
2804 1152 2824 1186 ›
2876 1133 3207 1190 Lantbertus
3256 1140 3445 1202 pastor

1853 1223 2055 1293 bonus,
2079 1226 2325 1297 exemplo
2354 1224 2598 1283 Pastoris
2644 1226 3009 1283 essentialiter
3037 1225 3186 1291 boni,
3217 1232 3443 1294 paratus

1853 1316 1985 1371 dare
2016 1315 2255 1372 animam
2284 1332 2443 1372 suam
2472 1332 2572 1387 pro
2612 1317 2808 1374 ovibus
2836 1317 2974 1385 suis,
3002 1332 3113 1372 non
3136 1324 3198 1372 ut
3235 1330 3446 1373 merce-

1855 1409 2046 1467 narius
2072 1407 2229 1482 fugit,
2275 1410 2368 1467 sed
2399 1409 2690 1467 declinavit
2722 1410 3088 1481 procellosum
3133 1408 3447 1465 domesticae.

1854 1502 2254 1574 persecutionis
2279 1502 2648 1575 naufragium,
2694 1510 2750 1558 et
2773 1502 3068 1559 clementer
3100 1500 3284 1557 ferens
3311 1515 3447 1556 cun—

1855 1604 1963 1663 cta,
1991 1596 2315 1667 praesulatus
2343 1594 2503 1667 liquit
2523 1604 2820 1667 sceptrum,
2847 1594 3236 1652 commendans
3255 1608 3446 1649 curam

1855 1690 2041 1744 ovium
2070 1689 2140 1756 ei,
2170 1688 2260 1759 qui
2294 1687 2425 1743 lavit
2455 1689 2782 1759 baptismate
2810 1703 2876 1743 ac
2898 1687 3128 1743 redemit
3157 1685 3443 1757 sanguine.

158 1776 391 1847 plicitate
437 1756 561 1853 ejus
614 1756 842 1852 abusus,
882 1786 1179 1841 commovit
1210 1756 1477 1858 in'rcgem
1505 1787 1628 1842 odia
1661 1796 1747 1842 ιο·
1776 1756 1822 1816 Β
1851 1781 2101 1838 Habebat
2154 1756 2286 1837 sane
2332 1780 2419 1837 vir
2451 1756 2664 1853 patiens
2707 1780 2885 1836 exsilii
2913 1780 2999 1836 sui
3037 1780 3230 1835 ducem
3272 1756 3447 1831 David

156 1867 256 1925 tius
282 1872 491 1942 populi.
530 1872 726 1932 Franci
750 1876 899 1931 enim
927 1876 1160 1931 alienam
1193 1876 1452 1932 invidiam
1477 1878 1530 1932 in
1562 1875 1745 1933 Theo-

157 1960 384 2018 dericum
411 1972 821 2036 retorquentes,
852 1968 1116 2039 dejiciunt
1156 1985 1279 2025 eum
1321 1986 1509 2043 regno,
1540 1979 1593 2026 et
1630 1970 1744 2026 fra-

158 2060 284 2109 trem
306 2056 426 2126 ejus
454 2056 760 2114 Hildricum
790 2076 856 2117 ex
879 2062 1101 2118 Austria
1133 2064 1445 2131 invitantes,
1481 2081 1605 2120 eum
1638 2065 1746 2121 sibi

161 2159 328 2215 regem
374 2147 730 2216 praeficiunt:
774 2166 916 2220 quos
945 2152 1189 2223 quandiu
1239 2154 1429 2210 habuit
1469 2153 1744 2211 llildricus

159 2238 422 2296 moderate
472 2239 683 2313 (1026),
722 2254 971 2316 potenter
1017 2246 1235 2319 utrique
1288 2264 1458 2320 regno
1503 2247 1739 2319 praefuit.

161 2328 252 2388 Ubi
276 2341 328 2389 et
369 2334 489 2405 ipse
520 2335 746 2392 modum
778 2341 1035 2409 excessit,
1068 2342 1393 2398 insolentius
1430 2358 1616 2414 agens,
1650 2344 1744 2401 diu

160 2432 334 2479 contra
363 2433 667 2483 torrentem
710 2430 932 2486 brachia
962 2434 1201 2489 tendere,
1222 2450 1331 2489 non
1361 2435 1556 2505 potuit.
1604 2433 1744 2492 Nam

161 2516 275 2586 quia
304 2518 551 2573 severior
571 2520 722 2591 justo
767 2524 1059 2593 quemdam
1112 2526 1349 2582 nobilem
1380 2526 1742 2596 Francorum,

162 2609 364 2666 nomine
392 2610 741 2682 Bodilonem,
775 2624 967 2673 contra
989 2617 1161 2691 legem
1192 2620 1325 2675 cmdi
1359 2619 1485 2677 fecit
1530 2622 1597 2677 ad
1641 2624 1741 2678 sti-

161 2702 310 2772 pitem
343 2705 599 2777 ligatum,
630 2709 700 2763 ab
731 2710 919 2766 eodem
970 2711 1231 2769 Bodilonc
1272 2715 1328 2769 in
1370 2716 1620 2772 venando
1649 2732 1744 2772 ex-

164 2805 338 2866 ceptus
379 2800 568 2870 periit.
606 2800 978 2862 Theodericus
1029 2814 1203 2862 totum
1244 2824 1472 2880 regnum
1505 2810 1740 2881 recipit;

161 2890 481 2947 recrudescit
503 2894 714 2949 malitia
737 2893 984 2965 Ebroini,
1014 2915 1378 2971 quoscunque
1400 2904 1745 2974 comperiunt

163 2978 345 3040 favisse
388 2986 732 3056 pertinacius
766 2990 1015 3060 partibus
1061 2991 1310 3062 Hildrici,
1344 2996 1445 3051 bos
1487 3012 1740 3067 pessum-

1851 1890 2057 1946 regcm,
2081 1874 2176 1945 qui
2210 1873 2471 1930 instinctu
2497 1873 2596 1929 ﬁlii
2639 1873 2725 1930 sui
2749 1872 2991 1929 Absalon
3012 1872 3130 1927 suis
3156 1877 3344 1927 contra
3386 1883 3448 1924 se

1852 1968 2321 2040 conspirantibus,
2351 1968 2653 2039 assumpsit
2682 1975 2931 2024 secutum
2956 1964 3266 2036 patientite;
3298 1974 3352 2018 et
3378 1975 3449 2016 ne

1851 2072 2002 2120 esset
2029 2079 2197 2119 causa
2245 2062 2417 2119 ruinae
2465 2063 2522 2117 in
2569 2061 2756 2129 lsrael,
2790 2060 2925 2119 flens
2951 2068 3140 2130 operto
3176 2057 3352 2128 capite
3393 2064 3449 2111 ct

1852 2157 2020 2213 nudis
2046 2157 2275 2229 pedibus
2306 2155 2464 2228 fugit,
2498 2154 2610 2212 Deo
2642 2171 2868 2213 causam
2888 2154 3116 2227 justitiae
3144 2168 3259 2209 suae
3292 2166 3446 2208 com-

1853 2249 2098 2305 mittens.

1924 2340 2013 2394 20.
2049 2339 2319 2412 Expetens
2341 2356 2473 2413 ergo
2501 2339 2795 2396 Stabulaus
2815 2336 3209 2394 monasterium
3237 2350 3270 2389 a
3296 2332 3451 2404 Sige—

1851 2433 2011 2489 berto
2042 2450 2166 2506 rege
2197 2433 2486 2490 fundatum
2529 2445 2653 2490 ante
2699 2433 2907 2504 aliquot
2933 2445 3129 2495 annos,
3156 2436 3210 2483 et
3236 2426 3451 2483 fervore

1852 2536 2059 2583 sanctae
2106 2527 2387 2598 religionis
2434 2527 2639 2597 ubique
2686 2525 3027 2582 nominatum
3055 2564 3069 2589 ,
3130 2518 3451 2575 monasticae

1851 2620 2057 2690 quietis
2086 2628 2304 2690 portum
2335 2620 2515 2691 elegit,
2546 2619 2730 2690 ibique
2774 2634 2871 2688 per
2912 2624 3117 2687 septem
3146 2628 3323 2670 annos
3350 2627 3452 2669 an-

1853 2713 2081 2783 gelicam
2112 2713 2318 2769 ducens
2346 2713 2534 2780 vitam,
2562 2711 2828 2768 habitavit
2854 2725 3060 2766 secum.
3111 2707 3179 2763 At
3203 2723 3271 2763 ex
3299 2706 3452 2767 omni

1851 2790 2244 2860 ecclesiastica:
2274 2802 2495 2860 familiae
2523 2818 2755 2859 numero
2784 2802 2894 2858 duo
2922 2809 3131 2856 tantum
3153 2798 3310 2871 pueri
3332 2798 3452 2868 ejus

1853 2898 2121 2968 obsequio
2151 2897 2519 2965 adhaeserunt,
2550 2912 2787 2969 quorum
2837 2885 3204 2949 Theodoeiius
3232 2890 3453 2947 nomine

1812 3042 1817 3049 .
1853 2990 1955 3059 illi,
1986 2991 2079 3062 qui
2108 2991 2319 3061 primus
2350 2990 2570 3060 scripsit
2597 2988 2778 3044 Vitam
2828 2987 3006 3044 sancti
3050 2985 3198 3052 viri,
3253 2983 3454 3041 relator

162 3072 296 3145 dant,
344 3079 649 3148 trucidant,
696 3080 913 3151 privant
952 3083 1280 3154 honoribus,
1318 3087 1554 3143 multant
1606 3105 1735 3159 pro-
1770 3114 1816 3172 α
1850 3098 2018 3139 verax
2063 3092 2115 3138 ct
2162 3083 2319 3139 testis
2368 3083 2599 3139 idoneus
2648 3095 2875 3152 operum
2925 3079 3047 3150 ejus
3095 3075 3200 3132 fuit
3244 3072 3448 3172 (1050).

161 3169 458 3240 scriptione,
490 3174 736 3245 relegant
756 3176 984 3241 exsiliis.

224 3261 305 3318 18.
343 3263 485 3331 Quia
523 3263 766 3322 Hildrico
793 3268 978 3324 nullus
998 3270 1212 3327 fidelior
1255 3272 1337 3328 vel
1362 3273 1593 3329 amicior
1618 3272 1741 3342 fuit,

162 3368 308 3423 quam
331 3355 686 3428 Lantbertus,
715 3369 893 3417 totum
928 3363 1146 3433 pondus
1169 3364 1538 3422 tribulationis
1582 3381 1746 3436 super

164 3458 276 3501 eum
320 3448 596 3506 incubuit.
644 3450 947 3508 Videbatur
984 3454 1132 3509 enim
1174 3454 1310 3510 nihil
1348 3465 1530 3512 actum
1562 3456 1746 3525 (fuisse

162 3548 321 3597 morte
347 3540 604 3611 Hildrici,
634 3542 681 3600 si
711 3543 937 3604 intimus
960 3544 1185 3602 Hildrici
1210 3546 1540 3604 Lantbertus
1562 3549 1743 3621 impu-

164 3633 298 3692 nitus
315 3638 516 3707 abiret,
540 3639 607 3695 de
632 3655 743 3711 quo
765 3650 975 3697 certum
1006 3642 1283 3711 tenebant,
1308 3643 1437 3715 quia
1461 3660 1745 3715 nunquam

161 3721 365 3786 factioni
405 3731 718 3803 iniquitatis
758 3749 872 3789 suae
922 3734 1300 3791 assentiretur.
1347 3735 1474 3792 Ideo
1512 3737 1747 3793 consilio

161 3814 367 3879 Zbroini
407 3840 439 3880 a
494 3840 624 3898 rege
667 3824 1008 3883 Theoderico
1032 3837 1331 3886 convocata
1365 3830 1432 3885 ad
1476 3830 1746 3902 synodum

163 3914 532 3989 episcoporum
558 3919 742 3989 turba,
765 3920 860 3992 qui
900 3920 1060 3993 quasi
1086 3937 1251 3979 canes
1285 3922 1424 3978 muti
1454 3938 1565 3979 non
1593 3924 1746 3980 vale-

161 4003 280 4063 bant
325 4009 514 4083 (1027)
562 4011 765 4070 latrare
805 4022 997 4070 contra
1040 4013 1297 4073 falsitatis
1344 4017 1747 4086 testimonium,

164 4099 287 4158 alios
308 4104 597 4174 episcopos
625 4107 970 4176 exordinant,
1002 4109 1141 4165 alios
1181 4110 1455 4181 geminata
1476 4110 1749 4182 injustitia

164 4192 419 4255 ordinant.
473 4196 542 4253 Et
568 4213 637 4253 ne
658 4200 783 4272 quis
826 4199 881 4255 in
907 4216 1076 4274 regno
1101 4202 1188 4259 vel
1215 4201 1459 4267 Ecclesia
1492 4212 1748 4273 restaret,

1853 3174 2017 3240 Ecce,
2052 3176 2319 3231 habemus
2344 3174 2528 3230 virum
2574 3172 2643 3228 ad
2674 3172 2956 3242 exemplar
2983 3171 3248 3225 virtutum
3274 3165 3453 3229 omni-

1852 3268 1960 3323 bus
1989 3267 2353 3339 propositum,
2384 3266 2479 3337 qui
2519 3264 2736 3331 sciens,
2791 3264 2923 3336 quid
2973 3263 3153 3332 solum
3201 3274 3451 3319 summus

1854 3360 2110 3432 Magister
2132 3376 2163 3416 a
2193 3376 2250 3418 se
2278 3361 2487 3416 discere
2507 3358 2818 3425 mandarat,
2842 3358 2897 3413 in
2920 3356 3227 3413 humilitate
3248 3352 3450 3422 cordis,

1853 3463 1911 3511 et
1940 3454 1996 3509 in
2033 3453 2297 3525 patientia
2345 3468 2445 3510 sua
2491 3452 2770 3523 quatrcbat
2795 3451 3040 3521 requiem
3088 3448 3285 3505 animat
3312 3461 3448 3502 sua.

1854 3550 1916 3606 ln
1951 3550 2257 3606 obcdientia
2286 3565 2416 3605 vero
2456 3565 2516 3605 se
2545 3548 2817 3605 cohmredi
2847 3561 2948 3602 suo
2978 3544 3199 3603 Christo
3226 3540 3449 3599 confor-

1856 3643 2064 3710 mabat,
2091 3642 2185 3712 qui
2212 3641 2450 3698 obedivit
2475 3640 2627 3698 Patri
2678 3653 2853 3711 usque
2898 3638 2967 3695 ad
2994 3644 3247 3697 mortem.
3281 3633 3453 3702 Quale

1854 3750 2013 3807 rogo,
2044 3742 2161 3790 erat
2189 3734 2373 3790 videre
2403 3733 2585 3801 virum
2611 3731 2848 3788 nobilem
2877 3738 3030 3796 natu,
3058 3723 3449 3783 nominabilem

1855 3831 2171 3897 sanctitate,
2201 3829 2489 3901 praesulem
2521 3827 2718 3893 ofﬁcio,
2754 3826 2921 3881 rebus
2974 3822 3107 3878 olim
3151 3825 3449 3890 potentem,

1855 3924 1914 3980 in
1944 3924 2157 3980 tantillo
2187 3923 2451 3996 temporis
2492 3931 2742 3994 agentem
2786 3920 2898 3990 jam
2940 3916 3228 3989 probatum
3255 3927 3452 3971 mona-

1856 4019 2053 4086 chum,
2077 4017 2224 4089 quod
2254 4016 2342 4072 vix
2370 4015 2601 4087 quilibet
2643 4015 2779 4070 alter
2822 4018 3009 4084 posset
3032 4005 3254 4078 assequi
3282 4004 3453 4065 multa

1857 4127 2130 4169 annorum
2155 4110 2492 4184 quantitate?

1931 4205 2019 4260 21.
2063 4204 2142 4261 Re
2171 4221 2301 4260 vera
2330 4219 2441 4259 non
2473 4217 2600 4259 eum
2648 4201 2772 4272 plus
2799 4197 2972 4255 nimio
2999 4212 3088 4254 res
3117 4195 3455 4253 delectavere

164 4286 244 4355 qui
273 4304 370 4360 pro
415 4290 668 4349 veritatis
710 4292 1028 4352 defensione
1067 4297 1316 4370 clypeum
1364 4297 1490 4356 fidei
1525 4299 1753 4356 auderet
1859 4299 2138 4367 secundae,
2189 4315 2351 4371 quem
2404 4304 2627 4352 mutatae
2672 4309 2783 4351 non
2828 4297 3231 4365 qnassaverunt
3263 4308 3276 4344 :
3306 4304 3451 4346 nun-

163 4380 357 4452 erigere
400 4387 656 4457 exemplo
696 4388 784 4445 vel
813 4388 1074 4446 instinctu
1131 4390 1412 4450 Lantberti
1440 4436 1456 4462 ,
1502 4392 1597 4465 qui
1637 4408 1753 4465 prae
1861 4406 2027 4462 quam
2056 4390 2201 4444 enim
2255 4389 2526 4444 amittitur
2554 4387 2672 4443 sine
2699 4385 2906 4453 dolore,
2937 4383 3083 4456 quod
3114 4398 3239 4438 cum
3269 4394 3455 4436 amore

164 4475 359 4533 caeteris
384 4486 441 4533 et
476 4495 578 4550 pro
620 4480 832 4537 caeteris
878 4482 1106 4541 liberius
1136 4485 1419 4556 injustitiaa
1461 4486 1745 4543 adversari
1784 4469 1832 4527 ι)
1859 4482 2189 4557 possidetur.
2222 4480 2326 4548 Qui
2354 4480 2524 4551 cupit,
2550 4479 2639 4533 ille
2669 4477 2835 4533 etiam
2865 4476 3093 4532 metuit:
3117 4474 3214 4548 qui
3236 4472 3452 4539 metuit,

164 4567 420 4640 “debat.
472 4588 667 4631 omnes
717 4576 920 4632 diaboli
987 4579 1281 4651 complices
1340 4582 1635 4654 insurgunt
1686 4583 1742 4638 in
1861 4590 2142 4647 nunquam
2173 4573 2310 4629 liber
2338 4573 2422 4629 vel
2452 4569 2845 4639 securusﬁvivit
2876 4567 3082 4641 (1051).
3125 4566 3456 4622 Lantbertus

164 4657 529 4735 Lautbertum,
562 4670 808 4728 veritatis
836 4671 1097 4740 amicum,
1145 4683 1198 4730 et
1226 4676 1570 4732 concinnatis
1604 4676 1752 4747 inju-
1859 4678 2048 4726 noster
2078 4667 2214 4723 nihil
2243 4666 2432 4722 mundi
2458 4664 2631 4720 doluit
2660 4661 2909 4735 perdere,
2931 4660 3059 4732 quia
3087 4659 3223 4715 nihil
3247 4674 3455 4715 concu-

165 4752 312 4809 stitia:
338 4757 543 4825 causis,
574 4774 699 4813 eum
744 4761 814 4816 ab
859 4762 1177 4833 episcopatu
1220 4765 1502 4835 deponunt
1542 4765 1747 4839 (1028).
1860 4764 2023 4835 pivit;
2059 4777 2125 4817 ac
2148 4776 2243 4833 per
2264 4761 2369 4815 hoc
2396 4773 2610 4830 semper
2638 4771 2868 4814 securus
2896 4754 2982 4811 sui
3009 4752 3133 4822 fuit,
3163 4761 3218 4809 et
3236 4753 3375 4808 liber
3396 4750 3454 4807 in

166 4839 349 4902 Fertur
372 4847 1049 4926 Coloniensiscpiscopns
1076 4857 1423 4931 conspirasse
1470 4858 1598 4921 huic
1625 4875 1752 4930 pra-
1861 4854 2106 4911 Christo.
2179 4851 2413 4919 Amotus
2458 4850 2529 4906 ab
2576 4850 2894 4923 episcopatu
2940 4863 3038 4919 per
3085 4844 3409 4917 injustitiam
3438 4884 3454 4910 ,

165 4947 345 4995 verum
385 4939 643 5012 factioni;
689 4944 783 5017 qui
828 4944 994 5002 etiam
1047 4947 1310 5004 clericum
1357 4950 1603 5006 ecclesiae
1637 4964 1753 5007 suae
1861 4947 2087 5021 quando
2116 4943 2485 5019 expostulavit
2514 4942 2581 4999 de
2614 4943 2853 5015 irrogata
2884 4940 2987 4999 sibi
3013 4938 3253 5013 injuria?
3281 4936 3455 5003 Quam

1857 5131 2152 5201 demnatus
2179 5124 2566 5201 Afu_it,_a_liquot
2595 5121 2755 5201 annis
2798 5120 3027 5201 serius,-
3058 5116 3186 5189 dum
3233 5122 3458 5201 sanctus

1861 5185 2052 5258 {tester
2083 5185 2349 5255 Stabuleti
2379 5185 2494 5268 jafn
2543 5194 2836 5262 cxsularet,
2867 5185 3108 5259 habitam
3135 5202 3275 5256 esse,
3314 5185 3457 5245 dixi-

1862 5289 2011 5329 mus.

1935 5328 2121 5414 (1029)
2180 5338 2590 5414 Faramundum
2649 5336 2704 5414 i_n
2754 5333 2929 5414 sancti
2979 5328 3220 5414 episcopi

1864 5396 2061 5482 inique
2074 5396 2368 5467 intrusum
2405 5409 2609 5482 fuisse,
2640 5409 2837 5463 docent
2862 5396 3031 5482 etiam
3057 5396 3462 5482 GodEschalcus

1862 5470 1922 5545 et
1949 5470 2290 5557 Stephanus;
2323 5481 2418 5540 sed
2453 5470 2645 5557 neuter
2670 5492 2860 5557 eorum
2898 5475 3135 5557 aliquem
3163 5470 3459 5557 Colonien—

1864 5542 1983 5619 sem
2009 5542 2483 5626 archiepiscopum
2511 5552 2629 5626 ejus
2658 5546 2879 5626 sceleris
2905 5542 3233 5626 reu'm‘facit.

1939 5628 2124 5700 (1050)
2161 5615 2242 5700 με
2274 5615 2390 5695 ipse
2410 5637 2484 5700 _ex
2512 5615 2635 5675 Vita
2664 5618 2841 5700 prima
2870 5615 3113 5700 num..
3197 5682 3230 5700 ﬂ

1939 5628 2125 5769 (1050)
2165 5628 2242 5679 lta
2274 5628 2390 5695 ipse
2410 5637 2484 5704 ex
2519 5628 2635 5675 Vita
2664 5628 2841 5702 prima
2870 5628 3107 5700 numne:
3216 5682 3230 5698 .

2123 5695 2499 5823 clamargme
2525 5707 2631 5749 ms.
2664 5696 2840 5749 nostri
2861 5704 2962 5764 pro
2987 5694 3137 5761 tht,
3159 5688 3270 5745 alia
3292 5695 3463 5743 manu

1869 5777 2099 5831 notatur
2123 5776 2247 5826 erit.

231 5119 410 5206 (102§)
441 5122 670 5206 Videtur
700 5127 1069 5206 patriarcham
1099 5128 1325 5206 Joseph_
1338 5132 1645 5206 designare,
1676 5132 1746 5206 de

168 5200 268 5277 quo
282 5190 543 5274 in_Genesi
560 5212 682 5277 cap.
699 5190 907 5267 ixxvn,
921 5200 957 5270 ᾖ
969 5196 1002 5254 5
1016 5200 1217 5273 legitur
1230 5190 1249 5256 ἒ
1275 5190 1527 5277 Fecitqu
1546 5190 1746 5276 (pater)

169 5267 213 5311 et
234 5267 818 5339 tunjcgntpolyrnitam.

234 5331 798 5412 (1026)_Hanc'vocem
823 5341 905 5397 sic
929 5343 1166 5412 restitui,
1190 5360 1315 5402 cum
1340 5346 1397 5401 in
1423 5362 1529 5403 ms.
1555 5355 1749 5404 nostro

173 5405 369 5481 tantum
393 5405 714 5481 legeretur:
756 5413 995 5481 modern,
1035 5405 1241 5474 omisso
1285 5417 1480 5477 deinde
1532 5417 1749 5476 duabus

174 5425 369 5459 ιιιιιιιιω
405 5425 453 5462 ie
490 5425 714 5465 eretur:
756 5425 995 5481 mouera,
1035 5425 1241 5474 omisso
1285 5425 1480 5477 deinde
1532 5425 1661 5476 dual

174 5425 669 5553 aut_trillus§itueris
694 5483 874 5553 spatio
898 5501 1093 5542 vacuo.
1658 5486 1661 5491 ’

435 5548 542 5606 Pro
563 5540 805 5636 valebant
828 5554 885 5611 in
909 5540 1166 5636 contextu
1187 5558 1386 5631 deleto,
1414 5561 1471 5618 in
1499 5563 1751 5636 margine

181 5610 283 5696 alia
297 5610 478 5696 manu
500 5624 799 5696 ascriptum
830 5610 1187 5686 estiam};

242 5682 1259 5787 09ἓο..ἱξξξιξῑι,ἶρβεξυαρέγέλίέάίίὲίιὲ⁷ίιε
1298 5719 1417 5787 qua.
1443 5701 1500 5787 ες
1535 5702 1747 5761 Leodo-

181 5759 354 5827 μῆρε
374 5759 883 5840 Augustodunensis
904 5759 1218 5851 'episcopns
1245 5759 1605 5849 iniquissime
1615 5759 1751 5834 ciui-
