3956 6410
496 276 599 341 ’191

1684 274 2046 357 siesesnri
2083 300 2610 364 GEMBLACENSIS

3667 312 3763 383 1'92

497 399 797 509 appellazit.
829 389 1160 509 personam?
1201 403 1285 465 Ad
1314 392 1474 481 cujus
1499 412 1560 509 se
1594 415 1940 509 audientiam
1989 422 2090 477 ad-
2119 428 2164 485 Α
2193 421 2334 480 Dei?
2371 444 2389 479 ι
2438 427 2599 483 solito
2652 426 2816 487 citius
2847 440 3069 489 cantum
3115 429 3319 491 dabant
3352 430 3507 509 galli.
3553 435 3766 497 Fratres

495 493 676 551 dixit?
698 494 800 552 Cui
820 497 1143 570 jurisperito
1167 514 1323 558 suam
1354 503 1633 562 commisit
1662 513 1924 567 causam?
1955 510 2089 567 Nul-

495 586 613 645 lum
661 605 830 662 regno
881 593 966 648 vel
999 592 1256 652 Ecclesiae
1285 600 1599 656 scandalum
1631 604 1943 673 concitavit,
1975 624 2090 664 sua:

496 683 677 741 ruina:
700 686 905 743 nullius
932 688 1108 744 voluit
1135 691 1365 749 miscere
1393 695 1633 753 ruinam.
1666 695 1778 753 Soli
1815 698 1926 757 Deo
1955 717 2088 758 cau-

493 786 618 831 sam
668 791 826 833 suam
874 780 1151 851 revelans,
1184 780 1417 853 dicebat,
1458 789 1604 858 quod
1652 788 1824 847 Filius
1872 792 1968 849 Dei
2018 794 2088 850 ad

492 862 712 924 Patrem
736 870 949 928 dicebat
976 890 1072 945 per
1101 875 1426 948 Prophetam
1454 898 1466 936 :
1493 901 1512 933 ι
1542 881 1804 957 Exsurge,
1836 885 2085 956 Domine,
2138 880 2143 883 ⁷

493 970 550 1017 et
600 962 820 1022 intende
859 967 1067 1037 judicio
1094 974 1272 1042 'meo,
1324 973 1470 1051 Deus
1517 992 1673 1034 meus
1721 989 1775 1035 et
1821 980 2088 1040 Dominus

492 1068 688 1123 meus,
736 1058 793 1113 in
821 1074 1044 1117 causam
1081 1080 1280 1121 meam.
1316 1085 1335 1119 ι
1387 1067 1505 1124 Jam
1536 1087 1682 1127 nunc
1712 1073 1996 1132 videamus
2029 1076 2086 1131 in

494 1162 608 1203 uno
629 1151 945 1235 testimonio
971 1157 1312 1227 obedientiae,
1342 1178 1506 1233 quam
1529 1166 1797 1223 aestimata
1825 1169 1895 1225 sit
1920 1169 2088 1225 Lant-
2144 1152 2145 1155 η

492 1238 635 1297 berti
683 1246 1004 1304 cmuobialis
1049 1255 1413 1311 conversatio.
1467 1255 1719 1314 Tendens
1767 1277 1981 1333 semper
2016 1265 2087 1320 ad

492 1333 907 1407 perfectionem,
940 1344 1174 1415 augebat
1201 1348 1405 1419 aliquid
1431 1349 1499 1406 ad
1527 1368 1640 1408 suae
1669 1355 1947 1412 servitutis
1967 1373 2089 1413 sen-

400 1442 407 1447 '
495 1441 640 1519 sum,
673 1432 870 1498 sciens,
911 1436 1178 1508 quidquid
1205 1428 1640 1519 Supererogaret,
1672 1466 1702 1505 a
1732 1466 1862 1507 vero
1894 1452 2088 1508 Sama-

491 1518 674 1575 ritano
706 1523 808 1579 sibi
836 1527 1172 1587 reddendum
1202 1549 1342 1591 esse.
1386 1518 1540 1594 Unde
1569 1541 1823 1598 noctibus
1854 1545 2085 1600 canoni-

488 1626 585 1759 ﬁas
615 1615 827 1687 vigilias
856 1624 1215 1697 praeveniens,
1249 1628 1494 1686 solvebat
1516 1631 1628 1689 Deo
1655 1635 1896 1705 privatas
1919 1652 2087 1694 excu-

529 1721 631 1759 ias.
1068 1738 1069 1741 η
1491 1737 1496 1741 ·

529 1721 631 1763 tas.
1068 1738 1069 1741 ‘
1491 1737 1496 1741 '

2193 529 2424 593 surgunt
2472 520 2539 577 ad
2590 523 2908 596 prmscripta
2942 526 3253 599 vigiliam
3299 530 3508 593 munia.
3556 539 3612 586 et
3652 543 3767 602 post

2190 612 2307 669 haec
2331 613 2553 671 domum
2580 615 2922 689 introgressi,
2946 621 3252 676 accendunt
3268 622 3448 694 ignem
3467 622 3765 694 copiosum.

2189 703 2336 762 Inter
2364 706 2791 766 calefaciendum
2814 711 3243 785 abbasinquirit,
3270 715 3493 770 ubinam
3518 715 3591 772 sit
3612 714 3769 772 Lant-

2188 799 2525 873 bertushqui
2556 801 2788 859 fratrum
2825 806 3116 861 conventui
3169 807 3327 863 desit.
3362 805 3520 863 Unus
3540 806 3767 864 fratrum

2191 892 2347 961 dixit,
2374 894 2727 952 Lantbertum
2751 913 2894 967 esse,
2917 899 3013 969 qui
3042 899 3279 972 regulari
3319 900 3530 971 judicio
3557 917 3654 972 per
3686 903 3768 956 in-

2191 993 2517 1057 tempestam
2539 998 2755 1046 noctem
2784 991 2853 1046 ad
2877 1007 3096 1048 crucem
3134 993 3207 1048 sit
3227 992 3499 1050 addictus.

2261 1081 2352 1136 24.
2396 1081 2578 1139 Abbas
2606 1085 2939 1155 expavescit,
2988 1094 3042 1141 et
3082 1085 3161 1141 ire
3190 1085 3391 1143 fratres
3419 1087 3488 1143 ad
3518 1103 3643 1143 eum
3686 1102 3767 1153 rc-

2190 1175 2496 1230 voeandum
2546 1186 2720 1248 urget.
2776 1176 2939 1245 Eunt,
2989 1195 3225 1250 eumque
3276 1188 3566 1236 canentem
3612 1179 3769 1236 offen-

2192 1266 2330 1323 dunt
2360 1268 2580 1342 (l035):
2625 1290 2644 1323 ι
2672 1270 2780 1326 Cor
2826 1272 3121 1328 contritum
3170 1282 3224 1329 et
3257 1274 3609 1344 humiliatum
3638 1273 3771 1330 Deus

2191 1377 2303 1416 non
2333 1364 2555 1432 spernit.
2589 1382 2607 1414 ι
2657 1362 2736 1419 Eo
2762 1375 3037 1432 revocato,
3072 1366 3378 1421 advolvitur
3400 1368 3525 1438 ejus
3556 1367 3771 1440 genibus

2192 1452 2361 1508 abbas
2416 1464 2470 1509 et
2515 1455 2695 1511 omnis
2744 1457 3111 1529 congregatio.
3166 1458 3349 1514 Abbas
3391 1475 3450 1515 se
3482 1459 3774 1514 incusatet

2191 1546 2406 1617 culpam
2436 1563 2727 1618 excusans,
2777 1551 2990 1607 veniam
3026 1552 3092 1606 de
3133 1552 3439 1624 ignorantia
3471 1552 3563 1606 vel
3590 1551 3775 1609 intem-

2189 1640 2438 1709 perantia
2468 1626 2724 1711 postulat.
2763 1642 3091 1701 Lantbcrtus
3119 1654 3410 1701 accusator
3432 1644 3526 1700 sui
3554 1644 3777 1714 imputat

2192 1732 2298 1788 siii
2343 1733 2580 1804 culpam,
2632 1734 2767 1789 nihil
2811 1752 2934 1791 esse
2971 1735 3181 1803 dicens,
3211 1739 3356 1808 quod
3390 1738 3474 1793 eis
3514 1737 3771 1809 ignoscat.

558 1797 649 1900 22:
666 1801 749 1858 Ad
775 1803 881 1900 hoc
906 1823 1015 1865 una
1039 1812 1281 1869 noctium
1313 1814 1636 1874 dormitorio
1660 1820 1847 1878 volens
1873 1821 2083 1894 egredi,
2115 1800 2165 1863 Β
2190 1823 2411 1881 Fratres
2434 1797 2822 1883 benevolentiae
2846 1827 2967 1898 ejus
2998 1797 3423 1899 recompensant
3449 1797 3705 1900 gratiam,
3725 1834 3773 1882 et

487 1888 813 1963 inquietavit
840 1897 1038 1958 fratres
1064 1903 1421 1976 dormientes,
1445 1909 1616 1965 altero
1634 1910 1882 1969 sandalio
1907 1888 1939 1968 5
1965 1888 2085 1969 ma;

488 1997 564 2039 nu
595 1985 701 2041 sibi
731 1989 919 2062 elapso
943 2011 956 2048 :
983 1995 1077 2065 qui
1107 1996 1305 2065 sciens,
1338 2001 1485 2071 quod
1509 2017 1577 2057 ex
1604 2018 1837 2060 censura
1865 2003 2086 2077 Regulae

487 2077 710 2136 deberet
736 2083 887 2140 adire
928 2102 1168 2158 crucem,
1196 2091 1291 2162 qui
1322 2091 1553 2149 fratrum
1589 2097 1828 2167 quietem
1866 2098 2085 2154 turbas-

488 2182 593 2240 set,
626 2175 812 2232 statim
841 2179 909 2235 ad
939 2189 1132 2238 nutum
1165 2184 1500 2256 indignantis
1544 2190 1756 2246 abbatis
1787 2191 1969 2263 (1032)
1999 2191 2081 2247 le-

487 2273 578 2321 cto
600 2269 856 2352 exsilivit,
879 2281 933 2328 et
959 2275 1298 2348 sandaliaJct
1318 2293 1442 2349 quae
1471 2280 1706 2338 habebat
1726 2282 1780 2337 in
1805 2284 2081 2354 manibus,

485 2358 823 2432 relinquens,
870 2381 983 2421 uno
1012 2378 1221 2426 tantum
1268 2386 1466 2443 aspero
1492 2373 1671 2430 cilicio
1698 2376 1942 2443 indutus,
1974 2394 2084 2434 nu-

485 2452 574 2510 dis
607 2456 838 2526 pedibus
861 2459 1235 2532 discalciatus,
1260 2474 1316 2521 et
1349 2482 1489 2537 pene
1532 2470 1712 2526 nudus
1739 2487 1957 2528 crucem
1987 2472 2086 2528 ad»

485 2545 761 2605 ivit.'Haac
787 2567 920 2609 crux
950 2554 1160 2626 lapidea
1193 2558 1333 2614 inter
1383 2552 1685 2617 oratori'um
1732 2573 1788 2619 et
1816 2564 2085 2621 dormito-

484 2638 633 2695 rium
670 2649 789 2698 crat
814 2652 1039 2702 statuta.
1067 2638 1189 2703 Filii
1225 2647 1394 2706 Israel
1427 2651 1480 2706 in
1514 2652 1730 2709 deserto
1760 2654 1829 2708 oh
1859 2654 2082 2711 taedium

484 2731 635 2805 longi
669 2734 884 2794 itineris
934 2756 1000 2797 ac
1041 2740 1248 2816 laboris
1287 2755 1714 2813 murmurantes,
1761 2755 1817 2801 at
1854 2762 1953 2817 pro
1980 2746 2085 2804 hac

484 2838 630 2880 noxa
658 2829 1019 2897 percussione
1050 2831 1349 2904 ignitorum
1398 2838 1734 2907 serpentium
1771 2847 2081 2908 pereuntes,

486 2918 829 2976 sanabantur
855 2921 925 2977 ab
950 2933 1174 2994 aspectu
1197 2926 1335 2984 aenei
1357 2929 1648 3000 serpentis,
1676 2930 1731 2984 in
1760 2929 1932 3002 ﬁgura
1956 2948 2085 2987 cru-

444 3012 449 3015 ’
485 3010 738 3083 cifigendi
781 3013 907 3071 Filii
952 3016 1193 3075 hominis
1228 3035 1259 3075 a
1289 3018 1475 3094 Moyse
1517 3039 1618 3093 pro
1646 3022 1801 3095 signo
1838 3025 2083 3082 exaltati.

448 3126 453 3133 ε
482 3102 567 3159 Ad
591 3104 994 3177 huncgnodum
1025 3111 1283 3171 credibile
1310 3122 1412 3182 est,
1446 3115 1590 3171 hanc
1616 3132 1835 3189 quoque
1864 3132 2090 3175 crucem

484 3211 587 3290 pro
617 3197 777 3271 signo
806 3201 1042 3290 positam
1092 3202 1284 3274 fuisse,
1308 3201 1395 3262 'ut
1421 3208 1488 3263 ad
1519 3219 1805 3280 aspectum
1828 3210 1977 3267 illius
2001 3210 2080 3281 hi,

485 3288 582 3360 qui
617 3300 775 3348 erant
803 3288 1030 3363 Christi,
1079 3312 1302 3355 carnem
1346 3317 1503 3356 suam
1528 3303 1909 3374 crucifigercnt
1953 3319 2083 3361 cum

481 3382 634 3441 vitiis
660 3393 715 3442 et
738 3389 1237 3461 conCupiscentiis;
1270 3401 1325 3450 et
1358 3394 1405 3450 si
1442 3395 1535 3466 qui
1570 3392 1791 3466 'pertaesi
1825 3398 1973 3471 longi
2000 3398 2084 3456 la-
2144 3462 2151 3468 ,

484 3475 639 3534 boris
666 3478 721 3535 in
757 3480 847 3538 via
883 3480 981 3538 Dei
1010 3480 1365 3554 lacesserent,
1396 3488 1465 3543 ad
1489 3496 1772 3558 aspectum
1809 3490 1990 3547 crucis
2011 3506 2081 3548 ex

482 3576 663 3648 morte
699 3570 901 3630 Christi
945 3574 1415 3648 longanimitatem
1461 3580 1576 3650 spei
1627 3591 1989 3651 resumerent,-
2025 3593 2083 3639 et

485 3659 566 3718 sic
585 3661 755 3734 ignita
776 3666 989 3739 antiqui
1020 3670 1288 3741 serpentis
1315 3686 1525 3745 venena
1558 3672 1876 3746 effugerent.

553 3753 646 3811 23.
679 3754 1009 3817 Lantbertus
1036 3776 1168 3832 ergo
1193 3762 1383 3818 eadem
1421 3764 1703 3835 patientia,
1726 3767 1918 3823 eadem
1946 3767 2080 3824 obe-

481 3843 708 3914 dientia,
741 3865 849 3920 qua
871 3848 1127 3909 Christus
1159 3853 1401 3909 obedivit
1436 3853 1584 3911 Patri
1630 3872 1806 3929 usque
1833 3859 1901 3914 ad
1930 3874 2080 3915 mor-

480 3944 595 3992 tem
643 3940 825 3997 crucis
852 3941 1060 4015 (1055),
1107 3960 1328 4002 crucem
1361 3947 1514 4016 adiit,
1563 3950 1631 4005 ad
1678 3966 1844 4020 quam
1874 3951 2078 4010 addicti

481 4030 808 4101 regulariter
848 4035 1206 4106 ptenitebant,
1255 4038 1303 4095 si
1356 4041 1452 4112 qui
1494 4042 1861 4114 graviusculis
1900 4043 2077 4114 culpis

481 4124 909 4197 delinquebant;
959 4130 1143 4209 ibique
1195 4136 1422 4205 psalmis
1466 4146 1521 4193 et
1580 4139 1799 4211 hymnis
1832 4139 2075 4196 intentus

479 4220 839 4287 pernoctabat
860 4220 1174 4281 immobilis.
1207 4225 1403 4301 Frigus
1430 4230 1608 4287 noctis
1644 4231 1790 4288 illius
1809 4232 1933 4304 gelu
1952 4247 2080 4289 exa-

2116 3156 2164 3220 C

2190 1916 2448 1974 balneum
2477 1918 2552 1972 illi
2583 1926 2859 1989 parantes,
2887 1919 3210 1975 vestimenta
3241 1920 3361 1991 ejus
3397 1926 3638 1975 mutant.
3659 1917 3776 1974 Inde

2190 2024 2390 2065 manus
2436 2009 2556 2081 ejus
2615 2009 2892 2083 pedesque
2941 2012 3355 2080 exosculantes,
3408 2020 3697 2085 gratantur
3728 2012 3774 2067 ei

2189 2103 2480 2159 unanimes
2523 2102 2784 2171 dicentes,
2834 2105 2939 2160 hoc
2990 2105 3193 2161 factum
3237 2121 3359 2162 esse
3407 2120 3514 2177 pro
3536 2105 3657 2175 ejus
3686 2121 3773 2159 au-

2191 2195 2367 2267 genda
2421 2196 2612 2267 gloria.
2660 2196 2924 2269 Egregius
2969 2213 3101 2254 vero
3148 2199 3370 2269 praesul,
3427 2197 3689 2269 expansis
3724 2196 3775 2251 in

2191 2289 2392 2346 caelum
2423 2289 2700 2357 manibus,
2733 2288 2927 2347 fratres
2956 2290 3037 2347 sic
3059 2292 3372 2348 benedixit:

2190 2379 2237 2438 0
2260 2382 2407 2438 Dens
2433 2378 2799 2453 Omnipotens,
2830 2384 3072 2440 coelestia
3094 2384 3302 2440 lumine
3332 2384 3644 2456 complens,

2190 2472 2297 2542 Qui
2326 2475 2547 2543 malum,
2575 2483 2768 2544 terras,
2799 2485 3025 2548 pontum
3056 2476 3264 2534 ditione
3287 2478 3593 2550 gubernas,

2197 2563 2266 2620 Ut
2290 2565 2400 2622 sint
2432 2574 2629 2622 cuncta
2653 2566 2761 2622 tuis
2784 2567 2837 2622 in
2869 2576 3113 2639 tempore
3143 2568 3356 2625 subdita
3385 2570 3559 2637 votis,

2192 2655 2326 2725 Hos,
2357 2672 2613 2729 exposco,
2639 2667 2763 2715 tuos
2794 2660 3021 2716 benedic
3047 2675 3144 2731 per
3169 2661 3367 2716 saecula
3394 2676 3616 2728 servos,

2191 2749 2418 2824 Protege
2444 2751 2513 2806 ab
2535 2750 2770 2820 insidiis,
2801 2768 2958 2808 serva
2981 2738 3279 2809 virtutibus
3315 2752 3506 2819 almis,

2194 2843 2379 2900 Donec
2398 2851 2452 2900 te
2481 2844 2721 2911 videant,
2749 2853 2803 2900 et
2835 2846 2957 2902 coeli
2988 2862 3158 2918 regna
3180 2846 3550 2917 prehendant,

2180 2935 2270 3003 ,Te
2301 2937 2594 3005 tribuente,
2624 2936 2790 3006 Deus,
2818 2939 2914 3010 qui
2949 2954 3097 2995 nunc
3125 2948 3178 2994 et
3205 2953 3422 3009 semper
3450 2939 3511 2993 in
3542 2953 3717 2994 avum

2192 3025 2253 3083 In
2285 3028 2484 3100 tiplici
2515 3029 2715 3086 virtute
2736 3030 2816 3085 tui
2847 3030 3169 3088 benedictus
3192 3032 3416 3088 haberis
3445 3032 3662 3104 (I036).

2821 3142 3052 3200 CAPUT
3089 3144 3176 3201 IlI.

2189 3231 2378 3322 Βαλίειί
2400 3233 2457 3289 in
2473 3236 2843 3322 sedemsugm
2880 3239 3167 3322 restitutio,
3208 3246 3259 3293 et
3288 3236 3742 3322 clatra‘past’orqfis
3761 3252 3783 3294 :

2262 3304 2537 3360 Taxandri
2561 3307 2626 3361 ab
2656 3308 2816 3363 idolis
2848 3308 2919 3362 ad
2946 3304 3220 3364 Christum
3243 3304 3466 3365 adducti
3498 3326 3516 3364 :
3552 3308 3618 3365 S.
3650 3308 3784 3364 Lau-

2259 3377 2447 3432 dradae
2476 3377 2752 3448 sepultura
2782 3395 2874 3449 per
2906 3379 3081 3450 ipsum
3103 3380 3363 3435 miraculo
3390 3381 3569 3463 clara.

2256 3492 2346 3549 25.
2381 3493 2611 3549 Evoluto
2639 3492 2940 3563 septennia,
2963 3492 3181 3549 tandem
3206 3491 3492 3550 Altissimo
3517 3493 3780 3565 placebat,

2185 3593 2248 3641 ut
2270 3593 2393 3657 post
2416 3584 2698 3640 horridam
2745 3593 2800 3641 et
2835 3585 3103 3641 diutinam
3134 3593 3516 3658 tempestatem
3544 3584 3674 3641 εωιί
3703 3583 3779 3639 fa-

2187 3679 2327 3735 ciem
2375 3686 2674 3734 serenaret.
2732 3677 2997 3750 Pippinus
3050 3679 3361 3747 secundus,
3412 3677 3684 3750 Angisisii
3731 3684 3779 3732 et

2184 3769 2377 3843 Beggte
2409 3768 2593 3843 (1057)
2633 3771 2799 3839 filius,
2829 3771 2935 3854 ubi
2953 3780 3203 3839 cunctos,
3235 3772 3330 3843 qui
3378 3772 3524 3827 inter
3554 3786 3619 3827 se
3649 3785 3775 3826 con-

2184 3863 2443 3919 certando
2463 3861 2749 3920 Franciam
2774 3864 3172 3933 discindebant,
3202 3865 3432 3921 viriliter
3453 3865 3613 3931 vicit,
3638 3863 3779 3919 solus

2156 3955 2290 4010 sub
2341 3953 2678 4011 Theoderico
2726 3971 2853 4027 rege
2902 3956 3270 4027 principatum
3318 3957 3490 4013 totius
3536 3954 3778 4011 Francia:

2184 4035 2457 4117 obtinuit,
2484 4057 2539 4105 et
2583 4046 2958 4121 perturbatum
3001 4050 3156 4123 regni
3207 4059 3260 4106 et
3286 4048 3546 4105 Ecclesia:
3580 4057 3774 4105 statum

2183 4139 2457 4211 disposuit
2475 4141 2785 4210 meliorare.
2815 4140 2916 4197 Cui
2942 4142 3085 4197 inter
3128 4142 3232 4197 alia
3263 4142 3381 4198 haec
3405 4140 3593 4197 laudis
3614 4147 3783 4195 mate-

2182 4232 2295 4289 ries
2335 4233 2575 4289 occurrit
2607 4252 2621 4288 :
2652 4233 3017 4305 Trajectensis
3057 4234 3431 4290 mercenarius
3474 4233 3775 4288 Faramun-

2183 4325 2288 4382 dus
2306 4326 2526 4383 tandem
2552 4326 2700 4397 justa
2724 4326 2855 4383 cleri
2877 4335 2931 4382 et
2958 4327 3143 4398 populi
3173 4327 3460 4383 abdicatus
3489 4324 3772 4391 sententia,

2182 4433 2293 4475 non
2328 4426 2542 4475 tantum
2583 4421 2653 4475 ab
2698 4418 2940 4476 Ecclesia
2976 4418 3337 4491 Trajectensi,
3378 4420 3474 4475 sed
3516 4420 3769 4474 etiam-ex

478 4495 732 4594 hiemalis
760 4500 930 4559 facies
960 4506 1125 4563 nimis
1153 4508 1414 4566 horrebat
1439 4528 1453 4567 :
1483 4511 1577 4568 sed
1604 4513 1694 4569 ille
1720 4514 2070 4584 mitissimus,
2101 4531 2159 4594 ι)
2184 4517 2297 4567 tota
2324 4512 2608 4582 prOViHCIa
2637 4513 2925 4583 expellitur
2960 4512 3167 4584 (“’53)-
3216 4511 3366 4567 mim
3415 4512 3667 4567 omnium
3710 4507 3772 4563 ad

477 4588 609 4658 quia
630 4592 855 4650 ardebat
887 4597 1047 4667 plane
1081 4598 1313 4677 interius
1351 4601 1571 4660 flamma
1596 4604 1866 4662 Paraclcti
1894 4605 2071 4678 Spiri-
2101 4588 2142 4594 ⁷
2183 4603 2384 4660 ctelum
2411 4604 2622 4681 tollitur
2647 4605 2844 4671 oratio,
2877 4604 3123 4660 omnium
3155 4604 3222 4661 ad
3250 4604 3559 4677 principem
3590 4602 3770 4674 Pippi-

476 4684 591 4748 tus,
629 4682 833 4741 idcirco
876 4689 1119 4745 exterius
1164 4690 1388 4766 frigoris
1429 4710 1540 4751 non
1577 4698 1750 4753 sensit
1770 4698 2069 4756 cruciatus.
2153 4707 2317 4751 'num
2348 4696 2546 4767 legatio
2587 4695 2863 4768 dirigitur,
2909 4711 2979 4753 ne
3006 4696 3243 4768 amplius
3288 4695 3673 4767 Trajectenses
3700 4691 3768 4764 pii

475 4769 688 4832 Caelum
715 4778 836 4849 ejus
879 4783 1057 4852 patuit
1096 4787 1372 4855 precibus,
1425 4796 1479 4843 et
1503 4788 1680 4844 oratio
1709 4790 1778 4846 ad
1803 4788 2073 4861 supernos
2180 4786 2353 4858 patris
2396 4787 2675 4844 Lantberti
2725 4797 2951 4845 careant
2995 4790 3212 4846 solatio.
3261 4788 3466 4845 Punito
3515 4787 3770 4845 divinitus

476 4867 724 4934 pervenit
789 4871 1027 4930 auditus.
1094 4874 1218 4947 Ipso
1277 4862 1497 4935 interim
1542 4889 1785 4954 canente
1846 4898 2070 4939 versum
2180 4879 2420 4937 Absalon
2452 4881 2704 4938 invasore
2733 4882 2948 4952 paterni
2992 4884 3176 4957 regni,
3212 4891 3419 4955 quanta
3471 4897 3636 4954 super
3670 4880 3768 4935 hoc

473 4958 709 5022 mimi;
751 4981 772 5018 ι
806 4961 1038 5033 Quando
1067 4969 1283 5027 veniam
1313 4979 1369 5028 et
1403 4973 1675 5045 apparebo
1718 4982 1845 5030 ante
1870 4968 2069 5032 faciem
2179 4971 2285 5028 fuit
2307 4974 2603 5032 exsultatio
2624 4974 2682 5030 in
2707 4973 2875 5031 Israel
2896 4974 3100 5047 populo
3128 4975 3263 5044 Dei;
3311 4983 3463 5032 tanta
3497 4982 3628 5033 tunc
3654 4978 3768 5030 erat

479 4311 824 4382 sperabatur,
855 4322 911 4371 et
949 4316 1039 4372 nix
1085 4333 1211 4375 cum
1254 4321 1404 4394 larga
1439 4323 1718 4391 deﬂueret,
1752 4341 1860 4381 non
1890 4334 2075 4384 tamen

478 4402 623 4459 ultra
654 4405 792 4463 talos
817 4411 1067 4479 praesulis
1095 4415 1423 4471 ascendebat
1451 4415 1655 4490 (1054).
1686 4417 1820 4475 Tota
1845 4435 2076 4491 prorsus

547 5144 1198 5228 (ipsarcodesqhatcus,
1224 5155 1319 5228 qui
1342 5156 1396 5214 id
1429 5132 1852 5214 exv’l‘heodoeno
1877 5155 2068 5213 audire

472 5219 674 5301 potuit,
707 5221 911 5301 diserte
932 5226 1034 5301 ait,
1068 5219 1350 5301 abbatem,
1401 5229 1495 5300 qui
1534 5231 1847 5301 ignorabat,
1891 5244 1924 5283 a
1955 5242 2068 5299 quo

475 5290 739 5371 strepitus
762 5293 854 5371 i_il_e
882 5290 1063 5371 edit_u_s
1088 5307 1253 5371 esset,
1290 5290 1393 5356 hoc
1419 5290 1498 5355 ita
1528 5290 1848 5371 imperasse.

771 5362 830 5420 Id
867 5375 951 5423 est
977 5367 1181 5425 Christi
1207 5355 1536 5441 exemplum,
1572 5355 1840 5443 quantum
1867 5370 2067 5442 potuit,

548 5501 734 5578 (4051)
770 5503 986 5578 Nescio,

2247 5153 2442 5281 ἐξ)ξὲ
2479 5154 2590 5215 Hos
2618 5171 2812 5215 versus
2841 5165 3125 5258 mutuatus
3152 5164 3239 5215 est
3268 5171 3335 5214 ex
3375 5154 3502 5214 Vita
3534 5154 3763 5215 secunda

2181 5239 2334 5283 num.
2367 5239 2457 5284 22.
3005 5255 3008 5258 ‘

2253 5299 2437 5372 (1057)
2476 5298 2754 5372 8.ίΒθςεςε,
2784 5299 2997 5372 Pippini
3021 5298 3478 5372 Landensisqﬁlia,
3508 5295 3759 5372 Ansigisi,

2183 5369 2438 5443 Ansegisi
2467 5371 2552 5427 vel
2572 5369 2811 5443 Ansigili
2832 5369 2989 5439 uxor,
3008 5380 3062 5443 et
3099 5370 3314 5443 Pippini
3338 5369 3610 5427 Heristalli
3643 5369 3760 5425 ina-

2178 5449 2284 5506 ter,
2314 5441 2512 5497 culitur
2531 5441 2618 5497 die
2641 5441 2753 5498 ινὶι
2782 5441 3116 5498 Decembris.

1071 5511 1348 5585 uodnivis
1367 5512 1697 5585 prodigium,
1726 5514 1795 5570 de
1822 5530 1932 5585 quo
1965 5529 2067 5570 nec
2176 5582 2189 5585 _
2254 5510 2439 5585 (1058)
2477 5511 2810 5585 Faramundi
2851 5512 3225 5585 expulsionem
3270 5514 3557 5584 sanctique

473 5566 888 5658 ρεαεεςῃίειριις
913 5566 1015 5638 nec
1046 5566 1791 5656 sttﬁhaaa‘su'eaa’aaj’hia
1827 5566 2070 5641 salsi-.3
2176 5566 2435 5658 bequh’
2452 5566 2816 5640 sedemus
2845 5566 3617 5658 έεξξιίςιίιίδιίέῇι,”ξβςῖιῑιίεω
3653 5580 3750 5658 ssi

472 5642 712 5699 voluerit
739 5645 1076 5720 Sigebertus.
1128 5642 1162 5717 ,⁸
1640 5642 1654 5653 ’
2173 5655 2262 5710 vel
2292 5653 2418 5721 682,
2476 5670 2549 5709 uo
2578 5662 2820 5725 tempore
2845 5652 3109 5725 Pippinus
3130 5642 3302 5711 solius
3326 5654 3620 5712 Austrasie
3642 5654 3758 5707 ma-

550 5713 736 5779 (1055)
772 5717 830 5774 In
858 5724 1105 5779 margine
1151 5742 1256 5779 ms.
1302 5743 1403 5779 nm
1430 5727 1724 5779 oﬂ'endunt-
1751 5727 1856 5779 alia
1888 5727 2070 5779 denuo
2172 5726 2413 5779 ioratum
2436 5670 2630 5779 ﬂemus
2652 5726 2893 5779 gerebat.
2919 5723 3258 5779 referendam
3278 5741 3404 5779 esse
3425 5723 3756 5779 ostendimus

550 5713 830 5801 (1055)Ιῇ
858 5724 1105 5801 margine
1128 5713 1256 5784 ~ms.
1302 5743 1403 5800 pro
1430 5727 1724 5801 o/j'endunt,
1751 5727 1857 5785 alia
1888 5727 2070 5786 denuo
2170 5713 2416 5801 joratuni
2436 5713 2630 5801 domus
2652 5713 2893 5801 gerebat,
2910 5713 3258 5801 rcferendam
3278 5741 3404 5785 esse
3425 5723 3756 5784 ostendimul

474 5794 645 5841 manu
670 5796 888 5847 notatur
915 5795 1213 5852 attendunt.
1304 5794 1321 5800 ’
1462 5794 1490 5801 ’⁷
1710 5794 1718 5798 ⁷
2172 5794 2233 5853 in
2253 5794 2721 5869 Commentario—5
2756 5796 2809 5866 6,
2840 5811 3004 5868 quem
3028 5797 3273 5856 consule.
