3908 6316
115 321 209 390 798

1242 321 1408 385 VITA
1444 325 1727 388 ALTERA
1765 327 1823 389 S.
1866 321 2239 389 LAMBERTI.

3269 341 3367 408 79d

110 441 281 506 latitia
300 444 502 517 populo
520 440 620 500 Dei
642 453 744 515 pro
767 436 988 515 repulsa
1019 439 1296 502 invaseris
1316 444 1681 516 Faramundi;
1711 447 1761 506 Α
1855 446 1947 503 28.
1986 444 2164 503 Homo
2192 461 2272 515 es,
2301 445 2429 520 quia
2461 446 2528 506 de
2560 447 2694 507 limo
2737 450 2920 527 (1040)
2957 453 3259 527 plasmatus
3287 474 3369 530 es,

109 551 158 600 et
192 547 397 597 tantum
444 538 533 594 isti
570 538 878 611 gestiebant
908 553 1009 610 pro
1047 539 1359 596 revocando
1389 540 1685 625 Lantberto
1785 541 1991 621 animal
2015 542 2227 598 ratione
2249 552 2304 599 et
2332 544 2560 601 mortale
2584 560 2666 614 es,
2693 547 2908 605 medius
2933 549 3074 606 inter
3092 539 3287 623 pecora
3317 561 3368 611 et

107 633 171 692 ad
209 632 574 704 episcopatum
601 653 644 699 ,'
687 640 956 703 quantum
1004 630 1080 688 illi
1136 631 1523 691 laboraverant
1582 649 1684 706 pro
1783 637 2024 709 angelos.
2058 635 2164 694 Per
2192 638 2460 695 rationem
2488 655 2547 696 es
2575 654 2772 712 pecore
2793 638 3366 716 melior,‘per.morta-

105 725 400 785 redueendo
457 724 626 782 David
691 726 749 782 in
813 743 1064 800 regnum.
1130 725 1313 784 Placet
1373 728 1523 800 justa
1582 718 1682 800 pe-

106 822 212 877 titio
248 819 517 891 principi,
558 828 611 876 et
652 818 817 876 edicit
880 833 1157 892 pastorem
1205 821 1398 878 ovibus
1439 820 1555 878 suis
1594 836 1682 876 re-

106 913 258 970 stitui.
1522 990 1525 993 δ
1646 988 1649 993 _

163 1006 245 1061 26.
282 1004 359 1062 Ita
401 1006 560 1063 miles
603 1004 866 1064 emeritus
928 996 1268 1078 permaxima
1329 1006 1679 1065 tribulatione

103 1109 363 1170 purgatus,
390 1100 576 1156 ovium
601 1116 827 1156 suarum
859 1101 1088 1157 vocibus
1109 1101 1395 1168 attollitur,
1418 1109 1472 1157 et
1495 1101 1549 1156 in
1587 1116 1679 1158 ca-

102 1192 271 1247 thedra
295 1191 731 1263 Trajectensium
757 1193 1014 1250 decenter
1039 1194 1335 1251 relocatur.
1364 1193 1430 1249 Et
1455 1194 1673 1262 merito,

100 1281 212 1352 quia
237 1281 288 1335 in
321 1282 487 1338 corde
509 1282 656 1339 illius
675 1291 795 1339 erat
820 1273 1110 1340 sinceritas
1132 1291 1187 1339 et
1210 1284 1347 1362 legis
1370 1283 1672 1354 plenitudo,

100 1375 145 1428 in
165 1366 259 1430 ore
274 1375 422 1453 illius
444 1377 648 1449 veritas
676 1386 791 1433 erat
818 1385 874 1433 et
906 1364 1279 1448 pulchritudo.
1320 1368 1535 1444 QUanta
1574 1393 1673 1433 su-

97 1483 180 1539 per
201 1469 315 1540 ejus
351 1470 530 1527 reditu
565 1469 664 1526 fuit
698 1471 997 1526 exsultatio
1028 1471 1180 1527 omni
1203 1470 1406 1538 ordini,
1440 1470 1586 1527 aetati
1616 1478 1673 1527 et

98 1563 260 1618 sexui!
296 1565 535 1634 qualiter
564 1579 779 1632 omnes,
825 1563 881 1619 in
914 1580 1015 1621 sua
1056 1564 1439 1635 unusquisque
1480 1579 1667 1632 causa,

93 1654 350 1726 jucundati
397 1667 550 1725 sunt,
583 1658 674 1714 ille
703 1658 875 1726 novit,
919 1658 1015 1730 qui
1066 1658 1218 1713 solus
1251 1657 1497 1712 omnium
1534 1657 1667 1712 επεν

101 1762 198 1809 :tus
224 1753 504 1809 discernit.
558 1753 863 1828 Regressus
893 1755 1062 1826 igitur
1102 1753 1187 1808 vir
1222 1753 1556 1824 apostolicus
1598 1754 1665 1810 ad

96 1845 343 1916 propriam
372 1847 599 1916 urbem,
648 1848 1000 1919 depravatam
1032 1862 1061 1903 a
1097 1848 1306 1919 pseudo
1342 1847 1661 1905 Christianis
1690 1833 1736 1894 Β

95 1928 452 1994 ecclesiastica:
498 1939 865 1996 institutionis
900 1925 1175 2012 reparavit
1207 1957 1492 1997 normam-
1514 1942 1581 1999 Et
1609 1952 1671 2000 ut

94 2026 238 2084 David
262 2030 480 2087 dicebat
510 2052 524 2087 :
554 2031 674 2088 Non
708 2033 902 2105 ignoro
926 2049 1012 2089 me
1043 2034 1202 2090 hodie
1248 2051 1430 2108 regem
1464 2034 1669 2093 factum

95 2138 234 2194 super
260 2122 445 2194 Israel,
482 2136 540 2183 et
566 2128 683 2198 ipse
709 2129 960 2196 credens,
988 2144 1047 2185 se
1088 2146 1236 2186 nunc
1272 2130 1515 2202 primum
1555 2131 1670 2202 epi-

94 2239 288 2296 scopum
321 2225 555 2297 faetum,
579 2245 663 2297 ea,
693 2246 815 2301 quae
850 2239 998 2287 retro
1033 2240 1180 2299 sunt,
1214 2231 1440 2299 oblitus,
1474 2232 1531 2286 in
1566 2248 1669 2288 an-

93 2319 265 2377 teriora
292 2337 349 2377 se
379 2323 732 2378 extendebat.
777 2323 984 2382 Malens
1013 2341 1144 2397 ergo
1183 2341 1328 2392 esse,
1357 2341 1523 2397 quam
1560 2325 1669 2382 dici

92 2412 369 2485 episcopus,
418 2416 911 2486 superintendebat
953 2417 1252 2475 instantius
1295 2418 1399 2473 sibi
1450 2427 1503 2473 et
1545 2418 1670 2473 uni-

91 2520 224 2562 verso
256 2509 423 2580 gregi,
464 2523 581 2564 non
630 2509 1073 2583 subterfugiens,
1121 2527 1232 2583 quo
1279 2512 1464 2567 minus
1506 2526 1669 2569 omne

91 2600 348 2656 consilium
368 2601 463 2657 Dei
489 2602 848 2659 annuntiaret
871 2604 1161 2672 omnibus;
1187 2605 1497 2679 timensque
1522 2605 1667 2661 servi

92 2694 197 2748 mali
221 2704 270 2750 et
307 2696 447 2767 pigri
493 2705 708 2765 notam,
741 2698 835 2769 qui
869 2700 1117 2769 reposuit
1148 2699 1203 2754 in
1240 2700 1465 2756 sudario
1500 2716 1669 2772 pecu-

92 2784 215 2841 niam
242 2788 443 2844 domini
480 2790 593 2857 sui,
626 2791 763 2845 nihil
790 2792 1009 2849 remissi
1033 2792 1266 2860 faciebat
1290 2793 1442 2849 cordi
1466 2801 1520 2848 et
1544 2810 1668 2850 cor-

92 2877 190 2946 pori
217 2894 337 2947 suo;
378 2881 477 2937 sed
522 2881 688 2938 urbes
726 2891 783 2937 et
822 2883 1126 2955 municipia
1164 2884 1455 2953 lustrabat,
1482 2892 1537 2941 et
1569 2901 1668 2956 per

92 2969 247 3037 corda,
287 2971 569 3045 ligonibus
607 2974 761 3029 verbi
793 2976 1033 3043 exculta,
1077 2992 1264 3033 semen
1285 2977 1411 3033 vita:
1444 2977 1499 3033 in
1529 2985 1666 3032 tem-

91 3075 202 3131 pore
229 3064 484 3135 jaciebat.
1144 3124 1147 3127 ,
1646 3062 1653 3071 ’

146 3156 222 3212 27.
255 3158 566 3232 Aliquando
606 3161 771 3217 etiam
812 3162 1017 3220 limites
1062 3178 1177 3220 suae
1208 3162 1463 3221 dioecesis
1501 3178 1662 3220 exce-

92 3247 242 3319 debat,
270 3269 336 3310 ne
369 3270 400 3310 a
452 3253 695 3309 Domino
729 3256 1003 3313 diceretur
1037 3272 1230 3314 servus
1259 3257 1490 3325 inutilis,
1515 3254 1665 3329 quod

92 3340 135 3396 id
174 3344 335 3401 solum
381 3345 619 3415 fecerit,
652 3349 841 3419 ~quodv
869 3347 1051 3405 facere
1089 3350 1369 3407 debuerat.
1429 3349 1561 3406 Erat
1607 3349 1665 3406 in

92 3434 306 3503 proximo
331 3438 622 3515 provincia
658 3437 1096 3497 Tessandrorum
1128 3441 1335 3512 (1059),
1366 3442 1459 3497 ubi
1486 3441 1666 3497 adimo

91 3525 274 3597 vigebat
300 3526 612 3587 idololatria
636 3549 652 3599 ;
703 3540 759 3588 et
786 3519 979 3589 dolens
1011 3531 1169 3589 fortis
1199 3531 1403 3589 Christi
1433 3520 1661 3603 athleta,

95 3618 248 3678 hostes
273 3623 577 3681 Christiani
604 3625 846 3682 nominis
870 3626 938 3683 de
962 3635 1071 3683 tam
1095 3620 1356 3700 con'tigno
1383 3616 1663 3684 adversari

92 3724 230 3782 regno
250 3717 388 3790 regis
414 3704 529 3785 sui,
556 3719 727 3775 armis
757 3719 883 3775 fidei
912 3705 1237 3793 accingitur,
1267 3732 1321 3778 et
1346 3723 1528 3779 calore
1552 3722 1665 3778 vir-

92 3803 201 3860 tutis
226 3806 614 3880 inﬂammatus,
636 3808 857 3870 crebris
885 3828 981 3870 eos
1007 3814 1310 3871 assultibus
1337 3815 1661 3885 lacessebat,

93 3903 136 3950 et
156 3897 318 3957 oblata
342 3904 421 3960 eis
448 3920 587 3976 pace
616 3903 927 3974 Dominica,
961 3908 1207 3964 tentabat
1231 3910 1584 3979 omnimodis,
1612 3901 1663 3967 si

92 4000 182 4058 quo
207 3996 357 4051 modo
404 4012 577 4068 super
624 3997 768 4055 ﬁlios
817 4000 971 4070 pacis
998 4016 1106 4071 pax
1139 4017 1239 4057 sua
1266 3990 1659 4073 requiesceret".

93 4077 282 4143 lllicum
311 4088 609 4147 fremerent
629 4100 692 4147 ut
719 4091 961 4161 barbari,
994 4089 1048 4149 et
1072 4110 1197 4149 eum
1230 4088 1541 4167 discerpere
1568 4092 1664 4152 cu-

92 4188 269 4249 perent,
297 4182 408 4253 ipse
422 4183 572 4240 ultro
598 4200 657 4240 se
686 4184 942 4257 ingerens
962 4185 1125 4253 bello,
1148 4186 1350 4257 templa
1363 4196 1417 4243 et
1430 4188 1661 4244 simula-

93 4282 168 4324 cra
191 4288 366 4331 eorum
397 4277 739 4344 destruebat,
766 4276 1064 4349 aliquando
1092 4294 1223 4336 vero
1249 4295 1344 4336 eos
1363 4280 1514 4335 verbi
1545 4279 1664 4334 dul-

94 4363 251 4422 cedine
294 4369 634 4440 demulcens,
668 4372 1147 4429 sermocinabatur
1175 4372 1277 4430 eis.
1328 4370 1401 4429 Ut
1425 4388 1546 4441 vos,
1577 4373 1660 4428 in-

95 4455 210 4525 quit,
241 4458 460 4532 fratres,-
482 4464 551 4520 de
579 4480 710 4521 vera
737 4466 915 4523 salute
944 4481 1221 4536 moneam,
1254 4483 1343 4525 me
1372 4476 1426 4524 et
1455 4483 1577 4524 mea
1605 4462 1663 4524 et

1781 729 1991 787 litatem
2046 732 2241 804 angelo
2281 724 2551 789 inferior.
2601 733 2790 801 Qualis
2837 748 2969 791 vero
3013 744 3229 793 creatus
3271 737 3369 807 sis,

1782 826 2021 882 ostendit
2047 827 2293 897 corporis
2319 828 2399 884 tui
2423 830 2661 888 habitus.
2693 832 2804 888 Cur
2841 834 2993 892 solus
3018 836 3184 894 homo
3218 855 3357 896 crea-

1778 927 1870 976 tus
1897 928 1979 1003 est
2001 920 2083 976 ori
2107 920 2348 992 sublimi,
2375 934 2558 981 erecto
2583 936 2801 998 pectore
2827 937 2881 984 et
2902 930 3066 987 rectis
3086 933 3371 991 manibus?

1779 1011 2049 1070 Nimirum
2076 1024 2154 1071 'ut
2182 1032 2410 1089 corpore
2439 1028 2494 1074 et
2529 1022 2693 1078 corde
2739 1030 2791 1079 et
2834 1033 2957 1080 actu
2991 1042 3204 1098 semper
3231 1029 3372 1084 coelo

1780 1108 2048 1165 intendat.
2083 1108 2180 1166 Vis
2230 1112 2369 1169 scire
2400 1112 2580 1185 qualis
2604 1114 2824 1174 futurus
2852 1119 2965 1175 sis?
3009 1118 3179 1176 Terra
3207 1136 3285 1188 es,
3318 1130 3372 1178 et

1778 1200 1833 1255 in
1862 1210 2063 1257 terram
2093 1205 2402 1261 reverteris.
2455 1204 2512 1277 Si_
2537 1212 2721 1266 tamen
2756 1210 2939 1285 (1041)
2987 1213 3216 1269 salutem
3248 1214 3370 1269 ani-

1776 1308 1880 1350 ma:
1903 1296 2208 1366 qumsieris,
2247 1297 2710 1357 immortalitatem
2744 1305 3120 1376 consequeris.
3151 1304 3229 1362 Ad
3266 1306 3372 1363 hoc

1776 1389 2222 1459 consequendum
2257 1406 2483 1449 necesse
2512 1402 2597 1450 est
2645 1403 2707 1450 ut
2760 1396 2898 1452 sciat
2935 1398 3102 1455 homo
3132 1399 3256 1471 quis
3285 1399 3372 1455 vel

1774 1482 1906 1553 quid
1933 1482 2005 1538 sit
2028 1482 2193 1541 Deus.
2226 1483 2281 1539 Si
2308 1487 2495 1551 nescit
2532 1488 2657 1559 quis
2685 1490 2770 1545 vel
2801 1474 2931 1561 quid
2955 1500 3025 1548 Sit
3050 1491 3215 1561 Deus,
3233 1494 3373 1550 sciat

1774 1576 1967 1631 saltem
2009 1578 2134 1648 quis
2173 1580 2256 1634 vel
2286 1580 2417 1651 quid
2447 1597 2555 1637 non
2612 1582 2683 1639 sit
2712 1582 2875 1640 Deus.
2928 1583 3024 1641 Vis
3065 1586 3204 1642 scire
3239 1586 3369 1658 quid

1773 1666 1845 1722 sit
1868 1666 2045 1725 Deus?
2073 1669 2216 1727 Deus
2244 1681 2347 1739 est,
2380 1674 2475 1744 qui
2504 1675 2689 1730 omnia
2726 1691 2793 1731 ex
2822 1676 2995 1732 nihilo
3024 1678 3248 1745 creavit,
3274 1678 3369 1749 qui

1771 1761 1955 1816 omnia
1985 1762 2142 1834 regit,
2166 1763 2259 1834 qui
2285 1779 2501 1836 semper
2526 1767 2661 1824 vivit
2702 1767 2823 1823 sine
2867 1767 3046 1837 initio,
3075 1768 3194 1825 sine
3238 1768 3371 1846 fine,

1774 1853 1893 1909 sine
1918 1853 2428 1928 circumscriptione
2449 1859 2553 1915 loci
2586 1868 2639 1915 et
2665 1861 2950 1932 temporis,
2980 1862 3098 1918 sine
3125 1862 3367 1918 mutabi-

1772 1945 1924 2003 litate
1954 1949 2294 2006 substantiae.
2320 1950 2518 2007 Audite
2557 1954 2733 2010 etiam
2768 1954 2899 2025 quid
2932 1955 3003 2011 sit
3025 1953 3191 2011 Deus.
3223 1954 3368 2011 Deus

1772 2047 1857 2095 est
1885 2052 2121 2097 aeternus
2147 2050 2202 2097 et
2233 2037 2356 2113 ipsa
2379 2043 2676 2112 aeternitas,
2714 2044 2933 2116 sapiens
2976 2053 3031 2102 et
3057 2046 3323 2119 sapientia
3348 2064 3365 2115 ;

1772 2143 1827 2190 et
1853 2135 2120 2206 quidquid
2166 2135 2386 2192 virtutis
2434 2137 2597 2193 alicui
2638 2137 2790 2195 adest
2831 2153 2928 2210 per
2955 2139 3231 2208 accidens,
3263 2139 3369 2196 hoc

1772 2228 1875 2285 soli
1901 2226 2014 2284 Deo
2037 2228 2179 2284 inest
2213 2228 2665 2286 substantialiter.
2701 2229 2836 2298 Quis
2867 2240 3048 2287 autem
3081 2230 3225 2287 Deus
3256 2244 3368 2286 non

1773 2323 1866 2384 sit.
1896 2322 2021 2393 quis
2046 2322 2327 2378 hominem
2358 2324 2565 2380 nescit?
2599 2322 2796 2393 Homo,
2825 2324 2986 2396 lapis,
3017 2324 3250 2398 lignum,
3280 2323 3367 2380 vel

1772 2415 1981 2487 aliquid
2011 2416 2139 2482 tale,
2164 2432 2272 2471 non
2299 2426 2384 2474 est
2411 2415 2557 2473 Deus
2585 2436 2600 2475 :
2629 2427 2909 2489 postremo
2937 2418 3086 2474 nulla
3114 2424 3367 2475 creatura

1772 2503 1919 2563 Deus
1948 2516 2048 2564 est.
2079 2506 2196 2564 Non
2226 2508 2413 2581 (1042)
2462 2520 2546 2567 est
2574 2509 2720 2568 Deus
2775 2512 2979 2583 aliquid
3020 2528 3210 2569 eorum
3245 2522 3370 2584 quae

1769 2614 1868 2670 per
1891 2599 2251 2679 privationem
2295 2610 2392 2657 aut
2417 2604 2858 2660 contrarietatem
2896 2604 3025 2660 boni
3067 2604 3366 2673 dicuntur;

1771 2702 1832 2749 ut
1858 2694 1928 2750 sit
1950 2694 2210 2765 injustus,
2239 2695 2437 2763 malus,
2462 2698 2545 2752 vel
2568 2697 2772 2769 aliquid
2798 2699 2923 2754 tale.
2948 2696 3054 2766 Qui
3075 2698 3243 2754 homo
3260 2704 3368 2766 est,

1770 2784 1887 2841 hac
1936 2786 2107 2843 solius
2150 2796 2362 2843 naturae
2412 2788 2730 2860 magisterio
2768 2789 2977 2859 discet,
3029 2798 3084 2847 et
3121 2788 3369 2862 inspecta

1770 2884 2042 2945 creatura,
2072 2874 2386 2933 Creatorem
2417 2878 2701 2952 intelliget.
2796 2940 2799 2941 ν

1839 2971 1929 3027 29.
1982 2971 2125 3028 Deus
2172 2973 2380 3028 creavit
2409 2956 2610 3031 coelum
2657 2980 2711 3029 et
2755 2981 2978 3042 terram,
3011 2982 3065 3031 et
3108 2973 3366 3032 ultimum

1760 3053 2019 3120 omnium
2050 3074 2431 3122 creaturarum
2478 3067 2771 3138 plasmavit
2819 3066 3122 3136 hominem,
3153 3067 3293 3125 dans
3314 3066 3369 3126 ei

1742 3157 1981 3217 .arbitrii
2008 3159 2337 3227 libertatem;
2374 3168 2436 3214 ut
2457 3175 2554 3230 per
2585 3161 2959 3217 voluntarium
3000 3160 3133 3218 boni
3160 3162 3365 3234 appeti-

1768 3259 1885 3306 tum
1932 3251 2116 3325 (1045)
2170 3260 2476 3309 mereretur
2523 3253 2687 3309 etiam
2711 3254 3171 3326 boni'praamium
3200 3252 3368 3311 talem

1767 3358 1894 3400 eum
1919 3344 2180 3414 condens,
2215 3353 2294 3413 nt,
2320 3345 2368 3401 si
2401 3342 2513 3401 non
2544 3347 2814 3417 peccaret,
2867 3345 3194 3405 immortalis
3223 3354 3371 3405 esset

1768 3437 1815 3494 si
1840 3447 2110 3509 peccaret,
2142 3439 2388 3495 mortalis
2409 3438 2582 3496 fieret.
2608 3437 2713 3507 Qui
2742 3440 2962 3496 diabolo
2984 3440 3158 3514 magis
3201 3455 3369 3513 quam
3406 3495 3411 3501 .

1766 3530 1881 3589 Deo
1920 3526 2169 3600 credens,
2195 3532 2251 3588 in
2289 3542 2522 3588 mortem
2556 3550 2681 3588 cum
2713 3535 2864 3589 omni
2896 3550 3092 3599 genere
3120 3549 3223 3591 suo
3245 3549 3370 3591 cor-

1767 3627 1899 3696 ruit,
1931 3627 2166 3699 quodin
2198 3635 2405 3682 tantam
2444 3626 2709 3683 malitiam
2748 3628 2949 3700 erupit,
2979 3638 3041 3685 ut
3072 3616 3370 3701 paeniteret

1767 3716 1941 3775 Deum
1978 3717 2174 3775 fecisse
2204 3719 2506 3786 hominem,
2546 3727 2601 3775 et
2646 3736 2743 3792 per
2774 3721 3041 3776 diluvium
3067 3719 3272 3778 deleret
3298 3721 3369 3779 de

1768 3813 1873 3870 sub
1894 3814 2036 3870 ccelo
2063 3829 2282 3868 omnem
2300 3828 2546 3881 carnem,
2576 3814 2723 3871 solas
2750 3822 2876 3871 octo
2898 3815 3113 3872 animas
3138 3831 3239 3889 per
3267 3831 3369 3872 an-

1768 3924 1899 3963 num
1939 3902 2319 3980 integrumin
2366 3900 2504 3963 arca'
2541 3906 2849 3965 reservans.
2898 3907 3104 3965 Horum
3160 3909 3368 3983 posteri

1757 3998 1959 4081 :contra
1988 3996 2161 4057 Deum
2188 4000 2434 4057 volentes
2462 4000 2664 4057 habere
2686 3998 2981 4073 refugium,
3007 4002 3137 4058 dum
3166 4002 3367 4081 turrim

1766 4110 1943 4167 usque
1973 4095 2029 4150 in
2051 4095 2251 4152 caelum
2282 4094 2574 4168 erigerent,
2599 4092 2747 4150 Deus
2773 4096 3087 4166 superbiam
3125 4075 3367 4151 ﬁliorum

1763 4184 1941 4242 Adam
1980 4202 2193 4257 ponens
2218 4184 2383 4257 super
2400 4201 2497 4242 cor
2527 4201 2711 4252 suum,
2740 4185 2925 4257 lingua
2956 4187 3218 4253 humana,
3244 4200 3369 4258 qua:

1765 4296 1876 4336 una
1904 4282 2164 4337 omnibus
2183 4272 2323 4348 erat,
2352 4275 2528 4337 divisa
2567 4280 2621 4334 in
2646 4272 2991 4354 septuaginta
3026 4281 3242 4337 duabus
3270 4279 3370 4335 lin-

1762 4373 1911 4445 guis,
1942 4366 2036 4430 eos
2065 4390 2097 4429 a
2117 4360 2211 4432 se"
2237 4364 2449 4431 divisit.
2501 4373 2662 4430 Omni
2688 4375 2835 4431 malo
2877 4373 3094 4446 gravior
3126 4369 3370 4428 excrevit

1766 4464 2099 4536 idololatria,
2145 4452 2312 4538 quam
2354 4467 2486 4539 quia
2532 4469 2684 4525 solus
2746 4483 2885 4540 pene
2910 4456 3215 4522 [Abraham
3269 4465 3370 4521 ab-

93 4559 245 4607 vestra
269 4556 474 4613 utilitas
504 4566 721 4626 monet;
750 4567 811 4615 ut
838 4570 892 4616 et
920 4576 1020 4617 vos
1047 4550 1355 4629 salvemini,
1385 4570 1441 4616 et
1467 4577 1568 4634 ego
1595 4562 1664 4618 de
1694 4557 1742 4613 D
1767 4558 2007 4626 horruit,
2038 4550 2475 4615 benedictionem
2514 4575 2546 4615 a
2587 4558 2701 4615 Deo
2729 4559 2933 4615 meruit
2967 4567 3023 4614 et
3045 4556 3370 4629 promissio-

92 4640 220 4700 vohis
248 4643 477 4705 fructum
512 4652 717 4725 laboris
739 4653 991 4710 habeam.
1025 4653 1172 4709 Nihil
1199 4662 1283 4711 est
1312 4655 1524 4710 homini
1553 4655 1664 4710 titi-

92 4727 197 4801 liUS,
223 4753 380 4808 quam
409 4743 643 4800 salutem
674 4762 920 4816 quaerere
947 4765 960 4801 :
991 4748 1086 4803 sed
1107 4748 1233 4819 quis
1256 4748 1487 4804 salutem
1510 4764 1663 4820 quae-

92 4832 176 4891 rat,
206 4830 305 4888 nisi
347 4836 487 4892 sciat
524 4837 656 4908 quid
693 4837 767 4893 sit
790 4838 977 4895 salus?
1028 4838 1317 4907 Quomodo
1346 4849 1577 4913 quaerat,
1611 4840 1661 4898 si

91 4920 273 5006 nesciat
316 4928 461 4983 unde
492 4930 794 5001 expetenda
841 4930 946 4988 sit?
989 4930 1096 5000 Qui
1147 4932 1390 5002 aliunde,
1419 4951 1587 5006 quam
1626 4948 1660 4990 a

92 5001 202 5092 Deo,
227 5017 316 5087 qui
343 5019 462 5092 ipsa
486 5023 638 5080 salus
665 5033 772 5093 est,
802 5026 1019 5098 quaerit,
1052 5026 1190 5081 nihil
1218 5027 1348 5100 agit.
1377 5001 1452 5083 Si
1466 5030 1654 5098 homo,

91 5105 303 5175 neglecta
323 5114 527 5185 anima,
550 5104 768 5190 corpori
791 5126 1001 5176 tantum
1026 5121 1299 5191 consulat,
1322 5122 1459 5178 nihil
1487 5122 1658 5179 distat

93 5206 118 5246 ³
142 5203 346 5294 Ρθςυᾶθ,
376 5224 497 5280 qua:
528 5210 831 5268 secundum
862 5214 1114 5294 corporis
1144 5216 1232 5272 sui
1265 5214 1512 5272 habitum
1542 5224 1655 5274 ter-

92 5300 192 5384 ram
218 5293 527 5375 inspiciens,
555 5306 662 5384 son
705 5293 930 5380 corpori
954 5308 1206 5365 intendit.
1258 5308 1400 5378 Quia
1446 5310 1535 5367 ille
1570 5319 1659 5368 est

92 5373 254 5480 ἣρωσι
281 5394 372 5462 qui
401 5381 643 5469 seipsum
674 5402 955 5473 agnoscit;
1002 5418 1242 5476 agnosce
1291 5404 1480 5475 homo,
1531 5404 1658 5477 quis

92 5481 176 5541 "Si
202 5484 370 5550 qualis
399 5480 618 5549 creatus
648 5493 746 5561 sis,
778 5492 904 5566 quis
934 5482 1158 5554 futurus
1187 5497 1287 5555 sis.
1640 5486 1647 5493 ’

134 5588 669 5732 ὒςὲῗξὶ)ὁέῗιαῖαηιιι·ἰθ
689 5608 843 5680 regio
874 5624 905 5664 a
936 5607 1278 5682 Trajectensi
1306 5575 1507 5685 oppido
1533 5608 1661 5668 mll-

174 5732 415 5881 101οζι1η
439 5747 681 5822 margine
704 5749 903 5823 legitur
926 5750 1105 5811 humo.

176 5802 294 5864 1041
355 5811 413 5871 In
439 5821 685 5881 margine
711 5830 933 5881 notatur
955 5825 1047 5881 sed
1071 5845 1105 5881 ελ

176 5802 322 5881 toti)
355 5811 413 5871 in
439 5802 685 5893 niiiﬁiné'
704 5802 1212 5886 nanis-niam.

1770 4666 1919 4720 nem,
1953 4652 2101 4723 quod
2128 4651 2184 4707 in
2211 4652 2427 4708 semine
2455 4651 2600 4724 ejus,
2635 4651 2731 4723 qui
2769 4659 2853 4708 est
2888 4649 3164 4720 Christus,
3200 4650 3370 4708 bene-

1768 4743 2084 4801 dicerentur
2127 4761 2322 4802 omnes
2376 4752 2586 4819 gentes.
2641 4742 2743 4802 Hic
2785 4744 2854 4801 de
2905 4742 3132 4817 Virgine
3178 4751 3366 4812 natus,

1767 4854 1934 4897 verus
1975 4839 2121 4897 Deus
2159 4849 2215 4897 et
2241 4856 2408 4897 verus
2438 4840 2606 4896 homo
2648 4839 2704 4895 in
2742 4854 2854 4896 una
2883 4854 2984 4896 sua
3022 4852 3255 4910 persona
3280 4835 3369 4891 fa-

1766 4934 1920 4992 ciens
1951 4950 2117 5006 opera
2142 4921 2343 4992 divinaa
2365 4943 2422 4991 et
2447 4928 2704 4991 homant‘e
2731 4936 2962 5002 naturae,
2992 4929 3258 5004 quidquid
3284 4935 3371 4987 est

1767 5019 2011 5086 hominis
2039 5031 2249 5102 absque
2277 5037 2523 5101 peccato,
2551 5028 2607 5083 in
2631 5022 2871 5085 homine
2890 5026 3000 5099 egit
3027 5023 3082 5082 et
3104 5020 3367 5097 pertulit;

1759 5136 1815 5180 et
1849 5123 2063 5181 clarens
2085 5123 2268 5180 verbis
2285 5130 2339 5179 et
2358 5122 2551 5196 signis,
2576 5122 2723 5195 quod
2747 5118 2843 5179 Dei
2862 5128 2965 5189 est,
2995 5134 3105 5175 non
3130 5116 3368 5171 abscon-

1764 5220 1864 5277 dit.
2780 5222 3075 5301 ’

1837 5312 1926 5370 50.
1965 5312 2072 5372 Sed
2103 5316 2165 5371 ut
2187 5329 2299 5372 uno
2343 5312 2526 5371 calore
2563 5310 2698 5370 solis
2727 5325 2854 5368 cera
2901 5296 3191 5371 molleScit,
3219 5308 3275 5358 et
3300 5299 3371 5356 li-

1765 5422 1894 5464 mus
1927 5408 2191 5477 durescit,
2222 5410 2303 5466 sic
2341 5410 2409 5467 ad
2453 5408 2692 5466 calorem
2727 5404 2880 5463 verbi
2919 5400 3090 5459 divini
3139 5397 3270 5455 boni
3298 5394 3371 5454 ad

1768 5502 1933 5559 ﬁdem
1963 5500 2197 5560 emolliti
2219 5510 2372 5573 sunt,
2405 5500 2536 5559 mali
2559 5509 2752 5559 contra
2779 5498 2939 5554 tidem
2969 5494 3351 5551 obduruerunt

1845 5612 2736 5692 (1942)Ιυιηπεῑηθνηομφιίά-
2797 5679 2813 5692 .
2934 5688 2944 5692 _
3067 5679 3081 5692 .

1844 5676 2034 5777 (1045)
2077 5682 2137 5745 In
2173 5676 2495 5747 insfnostro
2520 5676 2639 5771 haec
2660 5679 3005 5777 voxluxata,
3036 5679 3118 5738 sic
3139 5676 3373 5735 habetur

1773 5772 1955 5832 appe-.
