3956 6416
535 321 643 381 795

1648 312 2011 383 SIGEBERTI
2046 308 2573 381 GEMBLACENSIS

546 432 613 494 Ut
645 448 779 507 ergo
813 429 958 496 Dens
998 438 1315 503 operaretur
1360 443 1500 501 opus
1533 444 1715 495 suum,
1756 436 1818 485 ut
1844 430 2122 486 hominem
2148 432 2200 492 Α
2225 423 2546 489 idololatria:
2596 419 2826 483 fetorem
2878 418 3065 495 (1044)
3116 419 3421 489 “removens
3445 464 3464 493 ,
3518 425 3805 499 spargebat

533 528 744 589 scilicet
768 525 1022 592 salvaret,
1062 538 1202 595 opus
1238 522 1587 596 peregrinum
1620 529 1676 577 et
1715 521 1955 579 alienum
1984 521 2120 578 adeo

533 628 791 693 operatus
824 627 928 684 est,
959 624 1021 673 ut
1046 615 1180 687 ipse,
1221 614 1317 686 qni
1356 622 1440 670 est
1473 614 1582 669 vita
1618 612 1887 697 omnium,
1932 613 1991 669 in
2022 612 2121 668 bo-

531 713 681 770 mine
716 725 817 782 pro
841 708 1062 768 homine
1099 716 1344 780 gustaret
1376 715 1629 781 mortem,
1656 714 1721 762 et'
1740 714 1971 762 mortem
1994 720 2121 762 cru-

532 803 632 860 cis.
662 799 789 869 Qui,
844 799 1075 871 spoliato
1111 797 1348 865 inferno,
1400 814 1431 853 a
1460 797 1694 854 mortuis
1728 797 1889 853 tertia
1922 796 2011 853 die
2034 812 2123 853 re-

530 910 784 967 surgens,
814 901 870 951 et
896 893 963 949 ad
1011 892 1180 950 coelos
1219 892 1544 957 ascendens,
1573 901 1627 948 et
1679 891 1942 963 Spiritum
1990 906 2120 947 san-

530 1000 681 1049 ctum
731 988 955 1047 mittens
997 986 1283 1058 discipulis
1308 1002 1433 1043 eum
1476 985 1707 1042 scientia
1741 985 1989 1045 omnium
2017 985 2123 1040 lin-

531 1098 785 1156 guarum,
817 1082 967 1139 misit
992 1096 1089 1139 eos
1115 1081 1171 1138 in
1210 1080 1475 1139 mundum
1522 1078 1839 1151 praedicare,
1867 1088 1921 1136 et
1946 1078 2125 1150 bapti-

532 1189 658 1230 zare
697 1173 756 1229 in
795 1172 1017 1233 nomine
1064 1180 1269 1229 sancta:
1304 1170 1610 1227 Trinitatis.
1637 1169 1776 1229 Hinc
1819 1169 1875 1225 in
1905 1185 2123 1225 omnem

531 1276 734 1323 terram
764 1265 933 1325 exivit
959 1280 1131 1322 sonus
1166 1265 1548 1337 apostolorum
1583 1271 1637 1320 et
1695 1262 2120 1339 apostolicorum

527 1362 795 1418 virorum.
839 1356 939 1415 Hic
967 1374 1138 1414 sonus
1170 1357 1388 1414 tandem
1427 1356 1496 1413 ad
1530 1371 1631 1413 vos
1659 1370 1835 1426 usque
1855 1352 2118 1425 pervenit.

530 1450 684 1510 Unde
721 1466 822 1523 pro
850 1448 1029 1518 vobis,
1084 1449 1302 1519 fratres,
1344 1449 1502 1505 doleo
1546 1462 1721 1518 usque
1764 1446 1833 1503 ad
1859 1445 2119 1507 animam,

528 1547 659 1619 quia
682 1543 1004 1615 repellentes
1036 1544 1267 1600 verbum
1301 1542 1418 1612 Dei,
1460 1541 1721 1614 judicatis
1742 1554 1843 1595 vos
1872 1536 2125 1608 indignos

526 1654 650 1695 esse
676 1648 883 1699 aeterna
908 1638 1037 1695 vita.
1071 1636 1283 1708 Fugite,
1316 1633 1649 1698 charissimi,
1680 1632 1750 1687 ab
1792 1628 2119 1686 idololatria.

528 1729 881 1801 Sapientibus
910 1728 1151 1799 loquor;
1195 1743 1296 1783 vos
1346 1725 1451 1797 ipsi
1490 1723 1733 1795 jndicate
1774 1720 1921 1794 quod
1971 1720 2113 1775 dico.

525 1787 666 1889 Quid
701 1820 922 1893 prodest
945 1787 1049 1878 coli
1076 1787 1392 1886 simulacra,
1454 1787 1656 1888 quibus
1672 1831 1780 1871 non
1803 1824 1886 1873 est
1910 1816 2113 1880 anima,
2149 1787 2194 1847 Β

522 1918 701 1984 ηείιιιε
740 1912 895 1969 vita?
943 1911 1154 1985 Fugite,
1207 1912 1454 1983 inquam,
1486 1911 1557 1967 ab
1600 1909 1926 1978 idololatria,
1987 1909 2118 1982 quia

525 2006 674 2061 nulla
714 2006 892 2078 major
915 2007 1021 2062 hac
1048 2014 1131 2065 est
1165 2004 1368 2078 injuria
1414 2004 1470 2061 in
1514 2002 1708 2071 Deum,
1749 2004 1841 2075 qui
1870 2003 2003 2059 dicit
2023 2020 2119 2075 per

523 2100 843 2175 prophetam
874 2120 886 2156 :
921 2120 940 2154 ‹
976 2098 1218 2157 Gloriam
1243 2114 1421 2181 meam
1452 2099 1607 2155 alteri
1634 2114 1741 2154 non
1766 2098 1927 2154 dabo.
1969 2118 1987 2150 ι
2017 2097 2120 2156 Fu-

524 2192 635 2269 gite
664 2208 696 2249 a
734 2194 994 2263 tenebris,
1034 2194 1130 2267 qui
1173 2194 1353 2250 lucem
1389 2192 1657 2249 naturalis
1682 2191 1912 2247 rationis
1950 2191 2118 2248 habe-

525 2285 620 2345 tis.

594 2375 683 2430 51.
718 2372 837 2429 Jam
871 2389 1009 2447 pene
1043 2370 1190 2431 totus
1237 2375 1477 2431 mundus
1525 2375 1772 2432 credidit.
1799 2374 1871 2431 Ut
1902 2376 1985 2431 sol
2009 2385 2117 2431 tres

524 2467 716 2523 mundi
763 2467 1033 2535 cardines,
1080 2465 1378 2535 Orientem,
1418 2467 1719 2537 Mcridiem,
1744 2467 2113 2535 Occidentem,

524 2574 623 2615 sua
654 2560 946 2631 praesentia
970 2561 1189 2635 attingit
1218 2579 1230 2615 ε
1259 2559 1751 2633 Septentrionalem
1774 2578 1908 2618 vero
1939 2562 2118 2618 cardi-

522 2669 646 2709 nem
670 2653 835 2727 jactis
881 2653 1053 2709 radiis
1094 2669 1125 2719 a
1161 2654 1319 2726 longe
1345 2654 1621 2722 illustrat;
1667 2654 1747 2710 sic
1786 2652 1879 2710 Sol
1925 2653 2115 2710 mundi

522 2741 778 2801 Christus
808 2743 1086 2800 Orientem
1115 2745 1393 2801 nascendo
1447 2746 1704 2811 sacravit,
1748 2744 2027 2800 Meridiem
2061 2745 2113 2799 in

522 2834 820 2909 Egyptum
850 2836 1065 2910 fugiens
1106 2837 1310 2906 invisit,
1361 2854 1463 2894 nec
1497 2838 1717 2910 reliquit
1744 2836 2113 2906 Occidentem,

524 2928 620 2983 ubi
652 2929 931 3001 apostolos
960 2929 1130 2998 misit,
1170 2944 1267 3003 per
1295 2945 1437 3002 quos
1454 2930 1569 3003 jam
1601 2940 1763 3003 caput
1792 2931 1981 2988 mundi
2014 2930 2119 2985 Ro-

518 3036 610 3077 ma
644 3021 851 3077 inﬂexit
876 3023 1164 3079 cervicem.
1194 3006 1463 3091 Quartus.
1495 3023 1583 3078 hic
1618 3022 1806 3091 cardo,
1836 3039 2000 3096 quem
2032 3023 2116 3078 in-

518 3114 719 3182 colitis,
759 3115 1011 3189 quamvis
1039 3121 1261 3191 proptcr
1298 3116 1431 3173 solis
1458 3115 1763 3171 absentiam
1793 3117 2004 3173 tardius
2026 3118 2113 3173 lu-

519 3220 637 3260 cem
668 3205 937 3272 admittat,
964 3216 1146 3262 tamen
1173 3221 1205 3260 a
1233 3202 1392 3278 longe
1420 3206 1756 3262 illuminatos
1787 3208 1950 3276 videt,
1991 3216 2043 3264 et
2068 3207 2113 3264 si

516 3298 811 3369 praesentia
851 3297 983 3353 solis
1021 3305 1191 3367 caret,
1222 3297 1418 3353 solaris
1462 3307 1641 3353 tamen
1685 3299 1824 3355 lueis
1863 3316 1967 3356 usu
2005 3316 2113 3355 non

520 3387 706 3444 minus
741 3396 881 3461 eget.
924 3386 1040 3445 Hoc
1068 3389 1252 3457 modo,
1287 3388 1621 3456 charissimi,
1662 3388 1708 3445 si
1738 3390 1918 3461 ipsum
1950 3390 2112 3446 Chri-

519 3488 688 3549 stum,
721 3482 768 3538 si
797 3481 1005 3538 Christi
1059 3482 1337 3556 apostolos
1382 3499 1493 3538 non
1527 3482 1759 3551 vidistis,
1786 3484 1930 3540 beati
1959 3486 2111 3554 estis,

521 3574 569 3631 si
589 3575 811 3632 creditis
856 3576 914 3631 in
958 3592 1085 3633 eum
1119 3593 1283 3649 quem
1322 3593 1434 3633 non
1481 3577 1715 3634 vidistis.
1757 3576 1815 3634 Si
1850 3580 1906 3634 in
1934 3581 2113 3651 ipsum

520 3669 692 3726 solem
732 3684 843 3725 non
875 3671 1105 3743 potestis
1135 3670 1309 3725 aciem
1354 3670 1599 3743 inﬁgere,
1637 3670 1898 3729 intendite
1926 3674 2115 3731 oculos

517 3764 586 3820 ad
613 3773 827 3821 montes
874 3781 906 3821 a
946 3765 1061 3821 sole
1103 3765 1424 3821 illustratos.
1468 3762 1573 3820 Per
1616 3764 1717 3821 hos
1752 3776 1987 3836 montes,
2018 3783 2116 3839 per

519 3858 855 3929 apostolicos
905 3857 1115 3913 scilicet
1151 3856 1323 3924 viros,
1361 3855 1521 3929 longe
1560 3857 1775 3930 lateque
1814 3859 1938 3914 ﬁdei
1993 3860 2116 3917 luce

518 3948 870 4021 transmissa,
891 3947 1004 4018 jam
1044 3945 1275 4007 credidit
1311 3946 1593 4019 Hispania,
1625 3949 1894 4020 tripartito
1919 3950 2113 4019 Gallia,

521 4036 838 4107 Germania,
857 4047 911 4094 et
934 4047 1158 4095 remotae
1181 4038 1284 4095 sub
1305 4039 1412 4094 alio
1429 4041 1561 4096 orbe
1591 4039 1871 4097 Britannia
1897 4051 1952 4098 et
1982 4042 2116 4098 Sco-

518 4130 617 4186 tia.
650 4130 883 4187 Francia
918 4132 984 4187 de
1007 4132 1259 4204 proximo
1280 4148 1380 4188 vos
1408 4134 1589 4206 arguit
1631 4135 1917 4191 obstinatae
1938 4135 2116 4192 inere-

520 4220 786 4278 dulitatis.
815 4221 955 4277 Cum
984 4222 1361 4278 misericordia
1396 4222 1616 4292 Domini
1644 4225 1803 4297 plena
1850 4227 1921 4282 sit
1948 4235 2112 4296 terra,

518 4328 692 4387 quare
721 4329 886 4385 super
907 4328 1026 4382 vos,
1060 4323 1323 4386 tanquam
1345 4331 1510 4387 super
1539 4316 1681 4373 ﬁlios
1719 4317 2117 4375 incredulitatis

518 4414 705 4463 manet
731 4405 808 4462 ira
833 4406 974 4463 Dei?
1014 4406 1233 4464 Currite
1274 4409 1342 4465 ad
1375 4409 1575 4477 lucem,
1629 4411 1831 4467 credite
1856 4412 1912 4466 in
1944 4411 2115 4468 Deum

2223 515 2426 588 ubique
2447 512 2651 571 Christi
2679 513 2885 571 bonum
2913 512 3159 571 odorem.
3184 513 3267 571 illi
3315 524 3505 573 tamen
3548 518 3805 577 humani-

2221 610 2351 668 tatis
2371 616 2620 680 respectu
2640 607 2881 674 addueti,
2904 608 3254 665 attendebant
3280 610 3542 668 virtutem
3564 620 3625 668 et
3645 612 3809 684 pieta-

2223 712 2331 763 tem
2377 703 2550 760 sanCti
2593 701 2716 769 viri,
2754 701 2870 773 qui,
2922 701 3069 773 quod
3120 716 3215 758 ore
3253 704 3612 774 praedicabat,
3653 721 3811 777 opere

2222 796 2503 868 explebat;
2532 803 2587 852 et
2609 811 2734 853 eum
2760 795 2964 853 imitari
2992 795 3254 864 volentes,
3279 797 3636 868 patiebantur
3661 814 3721 854 se
3747 800 3811 859 ab

2224 905 2290 946 eo
2312 890 2367 944 in
2393 889 2498 945 [ide
2519 887 2725 946 Christi
2745 889 3080 945 conﬁrmari.
3110 887 3220 947 Nec
3248 900 3372 947 ante
3399 892 3614 947 destitit
3638 890 3811 965 Signi.

2223 980 2308 1041 fer
2349 982 2575 1051 Christi,
2618 997 2784 1055 quam
2826 998 3045 1045 omnem
3096 982 3245 1039 illam
3279 993 3520 1054 gentem,
3557 985 3811 1058 deregno

2224 1075 2429 1133 diaboli
2474 1076 2745 1146 abactam,
2791 1076 2860 1133 ad
2908 1092 3139 1151 regnum
3185 1077 3370 1152 (1045)
3418 1078 3591 1153 Regis
3628 1096 3813 1153 regum

2225 1168 2554 1225 transduxit.
2600 1167 2727 1225 Haec
2748 1177 2852 1236 est,
2904 1168 3141 1237 Christe,
3190 1178 3282 1226 tua
3304 1171 3518 1242 gratia:
3562 1172 3687 1229 haec
3734 1180 3814 1228 est

2225 1260 2356 1317 boni
2384 1262 2575 1319 militis
2618 1264 2700 1319 tui
2741 1264 3070 1331 constantia,
3121 1263 3218 1335 qui
3269 1279 3407 1335 opus
3448 1265 3814 1336 apostolicum

2226 1369 2540 1427 aggressus,
2588 1356 2655 1412 ad
2685 1366 2866 1413 castra
2913 1365 3009 1414 tua
3041 1357 3311 1430 insignem
3345 1359 3581 1415 adduxit
3629 1359 3816 1415 trium-

2226 1446 2417 1517 phum.
2463 1446 2602 1505 Ecce
2649 1446 3035 1524 Thessandrize
3081 1451 3410 1521 apostolum,
3457 1451 3666 1507 merito
3695 1467 3818 1523 apo-

2228 1538 2384 1595 stolis
2411 1548 2464 1594 et
2511 1539 2825 1610 apostolicis
2868 1540 3003 1595 viris
3041 1539 3456 1599 conferendum.
3509 1541 3657 1597 Cum
3678 1542 3816 1598 enim

2227 1630 2295 1684 ad
2317 1629 2676 1700 judicandnm
2694 1630 2901 1686 venerit
2916 1629 3178 1702 Princeps
3188 1640 3494 1702 pastorum,
3519 1634 3819 1704 etquisque

2226 1731 2508 1792 pastorum
2536 1722 2584 1777 ei
2616 1710 3105 1792 repraesentaverit,
3127 1731 3351 1793 quotam
3387 1730 3608 1795 partem
3636 1725 3818 1781 mundi

2225 1829 2324 1869 sua
2383 1813 2769 1885 praedicatione
2817 1814 3105 1873 adduxerit
3138 1814 3208 1870 ad
3260 1815 3443 1884 Iidem,
3499 1816 3596 1872 hic
3629 1815 3817 1875 Pastor

2217 1915 2403 1967 noster
2456 1908 2597 1964 inter
2646 1916 2895 1978 pastores
2950 1924 3059 1963 non
3109 1908 3289 1966 inanis
3340 1910 3676 1980 apparebit:
3728 1911 3815 1968 sed

2217 2002 2382 2058 etiam
2406 2001 2523 2072 ipse
2549 2002 2753 2057 multos
2785 2017 2886 2057 suo
2913 2001 3101 2057 labore
3121 2002 3191 2057 ab
3222 2002 3535 2058 idololatria
3571 2004 3662 2060 vel
3702 2019 3814 2059 ma-

2218 2093 2333 2150 litia
2363 2103 2630 2151 retractos
2655 2103 2781 2166 post
2807 2110 2865 2150 se
2887 2094 3087 2162 trahet,
3113 2102 3167 2150 et
3190 2095 3422 2166 accipiet
3455 2097 3815 2167 multiplicem

2217 2188 2406 2260 gloriae
2426 2204 2702 2243 coronam.

2288 2282 2376 2336 55.
2410 2279 2584 2350 Quam
2613 2281 2884 2354 gloriosus
2907 2280 2977 2337 sit
3002 2280 3145 2338 Deus
3171 2280 3227 2336 in
3247 2280 3449 2353 seipso,
3474 2281 3632 2338 nullo
3659 2282 3817 2338 modo

2217 2375 2715 2446 deprehenderetur
2739 2374 2806 2429 ab
2836 2374 3176 2442 hominibus,
3206 2373 3313 2430 nisi
3334 2374 3521 2446 aliqua
3550 2375 3816 2431 mirabili-

2221 2476 2300 2523 ter
2329 2466 2385 2521 in
2426 2467 2631 2523 sanctis
2672 2465 2789 2522 suis
2819 2475 3157 2538 operaretur,
3199 2483 3293 2539 per
3324 2484 3447 2539 quae
3473 2484 3504 2523 a
3535 2467 3703 2524 nobis
3732 2468 3815 2523 in—

2218 2560 2492 2632 telligatur
2513 2576 2638 2615 vere
2663 2576 2785 2615 esse
2827 2559 3117 2615 mirabilis.
3145 2557 3374 2615 Francis
3410 2559 3647 2631 Pippino
3668 2561 3816 2632 prin-

2218 2652 2454 2725 cipante,
2480 2651 3109 2707 construxitcoenobium
3140 2651 3195 2706 in
3209 2652 3336 2707 villa
3364 2652 3565 2707 Bclisia
3586 2651 3644 2707 S.
3674 2650 3816 2708 Lan-

2217 2744 2385 2800 drada
2409 2742 2560 2817 virgo
2588 2744 2795 2817 (1046),
2826 2760 2924 2817 per
2957 2744 3137 2805 omnia
3173 2742 3230 2799 S.
3279 2743 3562 2800 Lantberti
3587 2745 3816 2800 consilio

2218 2838 2457 2894 animata
2486 2846 2540 2894 et
2564 2854 2665 2894 usa
2689 2838 2928 2905 auxilio;
2957 2852 3081 2909 quae
3118 2836 3440 2893 imminente
3470 2837 3560 2892 die
3587 2839 3675 2893 sui
3702 2837 3817 2893 exi-

2219 2937 2327 2997 tus,
2376 2937 2437 2986 ut
2467 2939 2657 3002 parata
2688 2930 2755 2985 ad
2783 2930 2999 3000 nuptias
3044 2930 3245 2999 Sponsi
3294 2934 3380 2985 sui
3420 2929 3650 2986 intraret
3690 2947 3815 2986 cum

2218 3037 2449 3079 accensa
2476 3023 2746 3079 bonorum
2771 3038 2998 3093 operum
3027 3022 3299 3093 lampade,
3337 3024 3629 3079 accersivit
3657 3022 3817 3077 fami-

2216 3114 2424 3171 liariter
2444 3114 2695 3171 eumdem
2722 3112 2779 3169 S.
2806 3113 3182 3181 Lantbertum,
3206 3122 3269 3170 ut
3297 3114 3368 3170 ab
3396 3131 3463 3170 eo
3488 3113 3626 3173 Vita:
3653 3116 3815 3177 viati.

2217 3224 2343 3265 cum
2389 3208 2677 3278 acciperet.
2727 3206 3077 3264 Accelerante
3102 3206 3247 3262 viam
3290 3215 3482 3264 sancto
3541 3207 3685 3276 viro,
3726 3209 3814 3265 illa

2217 3301 2433 3357 interim
2467 3301 2643 3356 soluta
2692 3309 2776 3357 est
2800 3300 2983 3357 carnis
3030 3301 3349 3374 ergastulo;
3401 3301 3496 3359 scd
3525 3300 3693 3368 Deus,
3727 3302 3813 3357 cui

2217 3394 2355 3450 nihil
2378 3394 2589 3466 gratius
2617 3391 2859 3449 fraterna
2877 3387 3166 3461 chari'tate,
3197 3392 3307 3451 nee'
3331 3395 3507 3463 illum,
3534 3410 3638 3450 nec
3660 3393 3811 3451 illam

2215 3504 2413 3560 passus
2442 3496 2525 3544 est
2552 3487 2756 3561 privari
2798 3486 2983 3543 fructu
3033 3497 3238 3544 mutuae
3280 3488 3557 3545 amicitiae.
3590 3486 3729 3543 Nam
3757 3489 3809 3545 in

2215 3580 2397 3638 eundo
2439 3581 2681 3653 jucunda
2714 3580 2944 3637 Przesuli
2978 3582 3230 3653 apparuit
3263 3581 3421 3637 visio.
3452 3582 3594 3637 Ante
3622 3581 3810 3637 oculos

2211 3671 2465 3745 jacentis,
2492 3683 2546 3730 et
2579 3674 2737 3746 quasi
2773 3689 2870 3747 per
2902 3673 3135 3730 extasim
3178 3672 3598 3747 semivigilantis
3632 3673 3809 3727 stabat

2216 3766 2364 3822 clara
2390 3766 2561 3825 videri
2609 3767 2724 3839 ipsa
2774 3767 2929 3839 virgo
2980 3765 3186 3823 Christi
3223 3765 3531 3834 Landrada,
3574 3781 3808 3836 eumque

2216 3861 2490 3919 amicabili
2530 3861 2715 3917 vultus
2766 3870 2821 3917 et
2873 3861 2987 3916 oris
3034 3860 3206 3934 gratia
3243 3860 3602 3931 compellans.
3637 3858 3807 3927 Unde,

2216 3954 2415 4027 inquit,
2455 3954 2574 4024 tibi,
2598 3971 2633 4011 ο
2677 3954 2753 4010 mi
2794 3954 2991 4021 amice,
3026 3954 3141 4009 haec
3178 3953 3397 4008 insolita
3437 3952 3544 4007 mei
3575 3952 3806 4018 incuria,

2216 4055 2278 4102 ut
2306 4056 2358 4102 te
2391 4047 2458 4102 ad
2484 4063 2571 4102 me
2597 4045 2928 4103 visitandam
2956 4054 3106 4103 tanta
3132 4045 3365 4102 tenuerit
3391 4060 3546 4100 mora
3567 4045 3593 4098 Ἰ

2288 4138 2376 4193 54.
2415 4136 2767 4204 Lantbertus,
2800 4136 3143 4211 prtetendcns
3171 4134 3424 4191 allectum
3470 4132 3808 4211 familiarita-

2216 4230 2309 4299 tis,
2339 4230 2597 4286 reddebat
2621 4230 2739 4285 htec
2764 4228 2930 4284 verba
2962 4226 3335 4282 excusationis
3370 4247 3383 4279 :
3413 4224 3498 4280 Me
3525 4240 3628 4279 nec
3656 4224 3809 4278 incu-

2218 4325 2314 4380 riae
2359 4340 2460 4380 nec
2504 4340 2672 4383 morte
2700 4324 2953 4378 incusare
2981 4321 3171 4387 habes,
3201 4336 3364 4391 quem
3405 4318 3474 4375 ad
3523 4328 3578 4374 te.
3626 4317 3805 4373 venire

2218 4424 2581 4472 maturantem
2628 4415 2890 4487 praevenit
2920 4414 3073 4469 ocior
3118 4412 3312 4468 mortis
3338 4420 3447 4467 tute
3486 4410 3801 4466 necessitas.

516 4495 756 4570 Patrem,
799 4511 853 4558 et
892 4501 947 4557 in
992 4500 1182 4559 Jesnm
1230 4502 1514 4560 Christum
1545 4502 1745 4559 Filium
1782 4504 1924 4575 ejus,
1961 4506 2114 4581 etin
2145 4515 2192 4577 ι)
2218 4508 2376 4576 Ecce,
2423 4508 2553 4581 quia
2596 4508 2812 4576 adsum,
2864 4519 2917 4563 et
2951 4514 3010 4562 tu
3035 4506 3149 4577 jam
3183 4505 3399 4560 intrasti
3446 4504 3502 4559 in
3550 4502 3803 4576 gaudium

484 4590 785 4665 'Spiritum
846 4603 1117 4653 sanetum.
1165 4596 1383 4655 Credite
1418 4597 1659 4653 futuram
1711 4596 1895 4654 carnis
1924 4614 2112 4655 resur-

516 4691 837 4761 rectionem,
872 4692 1057 4750 timete
1083 4693 1335 4749 nltimum
1354 4691 1548 4763 judicii
1583 4692 1749 4758 diem,
1780 4691 1837 4746 in
1876 4707 1986 4764 quo
2008 4691 2110 4747 ha-

516 4782 768 4840 bebimus
800 4801 989 4842 omnes
1030 4785 1305 4859 judicari;
1355 4785 1503 4852 mali,
1538 4792 1747 4840 nteant
1798 4784 1854 4839 in
1900 4786 2109 4857 suppli-

518 4875 664 4934 cium
701 4886 1003 4948 aeternum;
1053 4878 1204 4946 boni,
1258 4885 1318 4933 ut
1354 4878 1591 4933 habeant
1642 4878 1811 4933 vitam
1849 4888 2107 4934 aeternam

516 4986 643 5030 cum
669 4972 898 5046 angelis,
934 4987 1045 5027 non
1076 4972 1133 5027 in
1157 4972 1457 5044 angelicam
1486 4972 1680 5027 mutati
1711 4981 1987 5041 naturam,
2012 4971 2108 5029 sed

509 5078 569 5143 pt
591 5080 616 5123 ο
644 5066 965 5123 meritorum
995 5066 1260 5122 varietate
1288 5065 1343 5120 in
1372 5066 1539 5123 variis
1562 5068 1880 5140 angelorum
1902 5066 2110 5124 ordini-

512 5156 564 5216 bl
592 5175 620 5215 s
652 5159 720 5214 ad
745 5159 1047 5232 angelicam
1072 5157 1314 5229 provecti
1339 5158 1591 5229 gloriam.

588 5250 675 5305 52.
700 5248 797 5307 His
817 5260 870 5306 et
891 5250 1092 5306 talibus
1120 5247 1452 5306 Praedicator
1467 5249 1675 5306 Christi
1698 5250 1959 5322 paulatim
1984 5249 2112 5306 abo-

508 5339 565 5401 le
590 5358 633 5399 is
658 5344 727 5399 ab
751 5359 941 5399 eorum
966 5343 1226 5399 cordibus
1271 5342 1580 5399 barbariem
1611 5343 1951 5415 gentilitatis,
1989 5343 2108 5399 ine-

505 5442 702 5501 Icabat
748 5460 845 5502 eos
902 5444 971 5500 ad
1018 5442 1451 5501 Christianitatis
1506 5443 2002 5511 mansuetudinem,
2038 5450 2107 5497 -ει

610 5583 770 5656 id“)
808 5583 867 5656 in
894 5584 1141 5656 margine
1168 5591 1273 5651 est,
1305 5584 1581 5656 fervorem.

611 5651 770 5729 1045)
809 5655 869 5711 1η
902 5651 1148 5729 margine
1184 5651 1549 5728 pro'regnum
1591 5651 1825 5729 habetur
1862 5654 2045 5709 (clomi
2081 5669 2099 5707 :

510 5723 658 5783 unde
687 5723 1087 5807 consequentér
1116 5723 1247 5807 mox
1284 5723 1406 5807 pro'
1427 5740 1605 5795 regum
1636 5723 1925 5807 legendum
1956 5733 2103 5783 esset

510 5810 749 5869 regnum.
797 5794 1066 5855 Caeterum
1110 5803 1260 5853 totus
1286 5794 1384 5853 ille
1423 5794 1607 5853 sermo
1651 5794 1936 5868 Sigeberti,
1991 5814 2100 5853 non

2220 4601 2435 4658 Domini
2459 4602 2559 4670 tni,
2591 4602 2742 4675 jnsta
2768 4600 2866 4658 tibi
2892 4601 3099 4657 solvam
3128 4616 3195 4655 ex
3221 4598 3434 4667 debito;
3489 4608 3569 4667 tn,
3604 4612 3801 4671 quaeso,

2218 4697 2354 4752 mihi
2382 4682 2582 4763 indica,
2613 4710 2725 4767 quo
2748 4695 2803 4750 in
2839 4695 2962 4749 loco
2986 4692 3373 4765 corpusculum
3394 4708 3463 4747 ex
3495 4700 3592 4747 tuo
3614 4690 3802 4762 placito

2217 4790 2498 4862 sepeliam.
2542 4788 2610 4846 Et
2641 4789 2732 4844 illa
2767 4808 2779 4843 :
2815 4786 3063 4859 Suspice,
3108 4784 3308 4858 inquit,
3339 4786 3564 4852 caelum,
3608 4794 3661 4839 et
3682 4782 3802 4839 dili-

2215 4891 2406 4956 genter
2437 4882 2590 4937 illum
2620 4880 2676 4936 in
2711 4879 2871 4936 terris
2897 4879 3078 4936 locum
3118 4888 3329 4944 notato,
3363 4878 3420 4932 in
3463 4894 3575 4949 quo
3609 4874 3801 4931 videris

2215 4976 2380 5031 modo
2418 4991 2516 5046 per
2543 4973 2835 5029 micantem
2864 4971 3043 5027 lucem
3071 4972 3289 5026 coalitus
3314 4985 3579 5041 apparere
3609 4976 3801 5025 sancta

2216 5068 2397 5126 crucis
2444 5068 2680 5140 signum.
2728 5065 3058 5120 Lantbertus
3098 5080 3219 5121 eam
3262 5071 3797 5119 monstrantem‘se-

2214 5178 2390 5235 quens
2436 5161 2611 5217 oculis
2659 5168 2714 5215 et
2741 5166 2944 5226 mente,
2973 5173 3099 5214 ecce
3133 5156 3281 5214 videt
3308 5156 3494 5211 locum
3546 5155 3604 5210 in
3645 5152 3796 5209 terris

2214 5256 2420 5315 caelesti
2457 5257 2579 5312 lucc
2612 5252 2885 5326 designari
2927 5253 2981 5307 in
3015 5252 3240 5307 modum
3270 5258 3475 5307 sanetae
3514 5249 3706 5315 crucis,
3742 5253 3793 5301 et

2213 5350 2283 5406 ah
2313 5365 2409 5405 ore
2458 5346 2823 5418 colloquentis
2855 5344 2959 5400 sibi
2988 5343 3217 5415 virginis
3263 5344 3381 5399 haec
3414 5342 3607 5397 ultima
3636 5336 3792 5394 verba

2212 5441 2411 5512 accipit
2441 5462 2453 5496 :
2483 5438 2640 5495 Hunc
2684 5438 2890 5506 locum,
2929 5434 3223 5493 Lantberte
3246 5479 3262 5505 ,
3317 5436 3412 5493 tibi
3463 5434 3790 5491 insinuatum

2209 5578 2383 5637 sancti
2416 5586 2519 5634 est.

2281 5647 2566 5776 $946)}.
2598 5644 2901 5730 handradae
2924 5643 3154 5726 virginis
3192 5654 3247 5701 et
3279 5644 3496 5728 prima.
3506 5638 3790 5727 abbatissa

2281 5735 2527 5776 usrensis
2562 5716 2686 5773 Vita
2724 5717 2851 5772 data
2882 5724 2967 5773 est
2993 5716 3059 5771 ad
3090 5716 3233 5772 diem
3262 5733 3362 5773 vni
3391 5714 3539 5776 Julii.
3572 5719 3787 5771 auctore

2208 5714 2527 5778 Belisiensis
2562 5716 2686 5773 Vita
2724 5717 2851 5772 data
2882 5724 2967 5773 est
2993 5714 3059 5771 a'd
3090 5716 3233 5772 diem
3262 5714 3362 5773 vni
3391 5714 3539 5785 Julii,
3572 5719 3787 5771 auctore

2211 5790 2551 5850 Theoderico
2578 5789 2774 5847 abbate
2804 5786 3328 5867 Trudonopolitano.
