3908 6316
110 274 237 335 797

1276 267 1431 327 vm
1471 267 1753 329 ALTERA
1786 269 1844 341 β.
1886 254 2268 343 LAMBERTI.

3294 272 3399 332 798

105 389 358 461 coalitus,
385 388 529 449 scias
552 385 684 445 olim
702 385 1011 460 delegatum
1039 400 1071 444 a
1090 384 1203 442 Deo
1226 400 1362 444 meae
1391 387 1703 459 sepulturae.
1737 391 1784 463 ,Α
1813 385 2274 444 Wentreshovum
2306 385 2567 455 curritur,
2607 386 2703 458 qui
2745 394 2928 444 mente
2962 394 3019 443 et
3060 354 3400 445 oculis-rele-

104 483 240 542 Hac
267 484 383 540 vice
412 496 729 539 sermonum
748 489 940 538 sancta
961 480 1171 554 virgine
1200 481 1337 538 caelo
1361 491 1595 554 recepta,
1624 481 1709 537 vir

101 588 346 636 sanctus
374 592 570 635 somno
596 576 832 644 solutus,
865 575 1229 647 applaudebat
1258 576 1360 631 sibi
1384 576 1450 631 de
1471 575 1709 632 cmlestis

103 673 350 729 visionis
378 671 624 727 oraculo.
678 670 859 726 Locus
889 678 1071 726 autem
1100 713 1113 738 ,
1162 670 1257 741 qui
1287 671 1523 727 caelestis
1571 671 1711 727 lucis

101 764 280 838 signo
328 765 736 834 irradiabatur,
797 763 1256 821 Wentreshovum
1318 763 1502 836 (1047)
1552 773 1708 832 erat,

98 878 281 933 quem
314 860 431 933 ipse
460 860 516 915 S.
555 860 905 929 Lantbertus,
938 877 969 916 a
1001 859 1058 916 S.
1093 859 1410 917 Landoaldo
1439 860 1574 918 inibi
1603 878 1710 916 nu—

102 952 305 1023 tritus,
334 952 508 1023 prima
536 952 621 1008 sui
648 951 902 1025 tyrocinii
934 951 1116 1009 indole
1140 952 1517 1025 insigniverat.
1687 1026 1695 1033 .

180 1045 276 1101 '55.
328 1043 656 1100 Lantbertus
682 1053 834 1102 tanto
861 1043 1080 1116 quidem
1115 1046 1499 1117 properantius
1533 1054 1713 1102 matu-

99 1137 275 1193 rabat
304 1138 471 1205 viam,
502 1145 708 1211 quanto
736 1137 941 1194 sciebat
979 1138 1084 1193 hoc
1125 1136 1237 1193 Deo
1265 1145 1319 1193 et
1346 1154 1562 1208 sponsa:
1591 1138 1711 1208 ejus

100 1228 233 1284 fore
254 1229 495 1302 gratius;
524 1238 580 1285 et
605 1230 829 1285 veniens
855 1228 1110 1285 Belisiam
1135 1230 1345 1286 tardius
1370 1237 1520 1298 voto,
1545 1245 1708 1301 quam

98 1322 351 1394 pedibus
382 1323 588 1396 (animo
613 1324 761 1379 enim
784 1323 1025 1394 cupienti
1052 1322 1188 1378 nihil
1210 1324 1345 1380 satis
1374 1322 1710 1395 festinatur),

100 1414 387 1471 visionem
420 1415 677 1471 omnibus
727 1415 938 1487 pandit,
986 1431 1191 1486 eosque
1237 1416 1306 1471 ad
1355 1416 1502 1472 illam
1550 1431 1711 1491 exse-

97 1510 394 1581 quendam
424 1511 619 1565 nititur
646 1510 879 1579 ﬂectere,
917 1527 1081 1583 quam
1129 1520 1308 1583 potest
1342 1511 1596 1567 blandius
1649 1528 1713 1566 ac

95 1601 426 1665 facundius.
478 1602 682 1661 Omnes
727 1613 916 1661 contra
947 1622 1116 1660 unum
1169 1606 1492 1675 reclamant,
1524 1624 1713 1666 omnes

98 1712 221 1752 uno
279 1712 379 1753 ore
432 1697 814 1753 tumultuando
867 1699 1213 1754 conclamant
1248 1718 1260 1753 :
1295 1698 1490 1768 Absit,
1538 1698 1709 1756 Lant—

97 1792 285 1860 bertc,
322 1792 486 1860 absit,
518 1808 552 1846 o
578 1792 779 1863 praesul
820 1792 1003 1848 beate!
1060 1790 1157 1848 Hic
1198 1793 1314 1864 ipsa
1342 1803 1531 1850 sancta
1564 1795 1715 1868 virgo

95 1901 129 1943 ι
162 1897 220 1943 te
248 1886 368 1942 Deo
399 1896 720 1943 consecrata
751 1885 854 1942 fuit
882 1907 895 1942 :
931 1887 1046 1943 haec
1071 1887 1300 1944 ecclesia
1329 1889 1448 1960 ejus
1475 1904 1641 1959 opera
1662 1897 1715 1944 ct

96 1980 382 2052 impensis
407 1989 747 2049 constructa,
781 1996 811 2035 a
842 1988 894 2035 te
915 1995 1012 2052 per
1038 1997 1161 2037 eam
1198 1991 1280 2039 est
1310 1981 1558 2038 dedicata
1586 2003 1598 2038 :
1625 1982 1715 2038 hic

96 2071 299 2126 omnia
329 2072 449 2142 ejus
478 2087 574 2143 per
599 2080 652 2127 te
681 2071 750 2127 ab
774 2087 837 2127 ea
865 2070 978 2128 Deo
1005 2072 1251 2146 delegata
1283 2083 1409 2131 sunt
1445 2093 1457 2129 :
1490 2074 1579 2131 hic
1603 2075 1714 2131 Deo

96 2163 503 2220 famulantium
534 2164 692 2220 turba
719 2180 817 2237 per
859 2181 981 2220 eam
1010 2174 1063 2222 et
1095 2183 1192 2239 per
1218 2177 1271 2223 te
1301 2168 1487 2224 adulta
1516 2177 1629 2237 est;
1662 2178 1716 2225 et

97 2258 197 2313 ubi
226 2257 457 2330 dignius
487 2274 614 2314 ossa
646 2258 765 2329 ejus
795 2258 1099 2331 quiescent,
1125 2277 1292 2333 quam
1325 2262 1434 2331 hic,
1463 2262 1554 2318 ubi
1576 2278 1716 2334 pra:-

97 2352 420 2409 sentialiter
450 2361 528 2407 tot
556 2353 829 2410 bonorum
857 2354 976 2425 ejus
1007 2370 1237 2426 operum
1269 2365 1533 2428 apparent
1556 2357 1714 2413 testi-

99 2446 342 2502 monia?
371 2446 438 2501 Et
466 2447 582 2502 haec
609 2447 830 2517 quidem
857 2448 1043 2503 omnia
1078 2448 1244 2504 etiam
1278 2459 1382 2505 tuae
1409 2452 1716 2508 sanctitatis

100 2539 332 2605 merita,
364 2538 677 2608 Lantberte,
706 2542 1075 2609 accumulant,
1106 2542 1235 2611 dum
1262 2559 1358 2615 per
1388 2552 1497 2601 tua:
1526 2557 1716 2619 pasto—

101 2632 351 2688 ralitatis
373 2632 617 2688 studium
648 2632 739 2688 hic
764 2641 814 2689 et
844 2633 1042 2689 merito
1062 2644 1116 2690 et
1140 2652 1371 2692 numero
1398 2645 1561 2695 aucto
1587 2638 1717 2695 ﬁde-

102 2725 243 2778 lium
280 2724 509 2796 populo,
544 2723 670 2780 ﬁdei
700 2732 755 2781 et
781 2726 1000 2782 virtutis
1023 2728 1327 2785 exuberant
1355 2730 1517 2786 dona.
1550 2730 1719 2788 Lant-

101 2822 307 2874 bertus
357 2818 598 2876 offensus
646 2820 953 2893 pervicacia
1006 2821 1274 2878 omnium.
1330 2821 1559 2880 Gratum
1612 2834 1715 2894 est,

101 2912 320 2984 inquit,
352 2927 589 2984 praeesse
615 2912 858 2980 civibus;
889 2914 982 2969 sed
1014 2930 1179 2987 grave
1207 2923 1291 2973 est
1319 2918 1577 2978 omnibus
1602 2919 1719 2990 pla-

100 3021 259 3062 cere.
318 3003 479 3075 Ecce,
533 3006 664 3078 quia
710 3021 894 3062 sermo
941 3005 1036 3062 Dei
1064 3017 1118 3063 et
1161 3026 1319 3067 meus
1350 3027 1459 3068 non
1488 3012 1635 3084 capit
1662 3012 1719 3068 in

1811 497 1945 553 gens
1976 480 2214 538 scelestis
2260 479 2401 553 signi
2446 487 2667 538 ostensa
2716 481 2820 538 sibi
2860 480 3111 555 vestigia,
3164 483 3405 540 ostendit

1812 574 1993 632 locum
2029 575 2430 647 beneplacitum
2457 585 2662 631 sanctae
2680 574 2900 648 virgini.
2947 571 2993 630 Ο
3017 590 3134 631 rem
3159 590 3358 631 novam
3383 574 3398 629 !

1812 668 1890 725 lbi
1941 670 2116 727 sancti
2167 670 2415 742 corporis
2444 670 2678 743 glebam,
2729 685 2856 725 cum
2902 670 3021 741 ipso
3062 669 3403 740 sarcophago

1814 771 2237 836 transportatam
2288 765 2575 821 inveniunt
2599 806 2614 832 ,
2658 775 2771 819 tam
2833 764 3135 836 composite
3182 771 3406 833 tamque

1812 860 2069 915 decenter
2108 859 2403 914 relocatam
2427 900 2443 926 ,
2505 865 2567 913 ut
2612 857 2749 913 nulli
2795 866 2941 913 esset
2978 855 3206 912 dubium
3236 896 3251 922 ,
3300 869 3403 909 an-

1813 955 1985 1026 gelico
2011 954 2317 1012 ministerio
2340 960 2586 1010 sanctam
2614 952 2880 1024 virginem
2919 951 3046 1007 illuc
3087 949 3403 1005 translatam

1813 1046 2005 1104 fuisse.
2434 1038 2437 1043 ’

1885 1141 1972 1195 57.
2011 1139 2077 1195 Et
2107 1140 2237 1211 quid
2272 1141 2497 1208 mirum,
2542 1140 2589 1197 si
2632 1140 2745 1208 ille,
2773 1138 2869 1211 qui
2898 1136 3125 1209 martyri
3161 1149 3263 1191 suo
3286 1132 3410 1190 Cle-

1814 1233 1985 1290 menti
2029 1233 2402 1288 habitaculum
2444 1225 2510 1287 in
2560 1232 2788 1288 modum
2862 1227 3047 1300 templi
3115 1224 3409 1281 marmorei

1813 1326 2138 1401 praeparavit
2163 1327 2217 1381 in
2241 1326 2382 1382 mari
2409 1326 2672 1399 angelicis
2716 1325 2973 1381 manibus
3000 1322 3206 1394 (1048),
3244 1320 3410 1392 hujus

1814 1436 2036 1494 quoque
2084 1419 2314 1491 virginis
2342 1435 2545 1492 corpus
2591 1436 2689 1492 per
2730 1419 2971 1489 angelos,
3022 1415 3412 1504 mysteriorum

1816 1514 1912 1569 Dei
1943 1513 2319 1583 administros,
2350 1522 2461 1569 tam
2490 1522 2861 1586 competenter
2885 1510 3164 1569 transtulit
3186 1507 3415 1581 (1049)?

1815 1607 1955 1663 lluic
1994 1606 2263 1663 miraculo
2290 1615 2551 1680 tanquam
2596 1606 2860 1664 inusitato
2901 1605 2948 1662 si
2981 1605 3107 1676 quis
3132 1602 3412 1669 discredit,

1819 1712 2035 1760 moveat
2055 1721 2180 1761 eum
2206 1704 2397 1760 saltem
2422 1709 2805 1775 argumentum
2829 1715 2859 1754 a
2884 1697 3181 1754 contrario.
3206 1694 3417 1765 Quippe

1748 1768 1789 1829 Β
1819 1816 1943 1856 cum
2006 1800 2145 1856 sciat
2186 1800 2488 1855 multorum
2538 1810 2771 1867 corpora
2820 1794 2876 1848 in
2922 1791 3129 1849 sanctis
3165 1788 3300 1844 locis
3326 1787 3415 1842 in-

1815 1894 1979 1968 digne
2002 1893 2234 1966 sepulta,
2260 1908 2358 1965 per
2380 1891 2605 1963 angelos
2627 1886 2804 1943 malos
2827 1886 2986 1957 longe
3009 1883 3249 1954 projecta
3270 1894 3413 1946 esse,

1816 2004 1925 2044 non
1958 1987 2165 2043 diiIidat
2219 1995 2440 2044 sanctos
2478 1982 2703 2056 angelos
2732 1980 2799 2037 ad
2847 1987 3042 2035 nutum
3078 1975 3173 2032 Dei
3214 1982 3420 2031 sanctae

1813 2083 2017 2156 virgini
2045 2098 2202 2139 suam
2231 2079 2565 2152 impendisse
2596 2091 2842 2148 operam,
2873 2083 2928 2130 et
2952 2080 3083 2128 voto
3123 2068 3419 2140 verbisque

1820 2176 1876 2233 S.
1908 2175 2191 2232 Lantberti
2217 2173 2379 2231 ﬁdem
2410 2171 2629 2229 fecisse.
2662 2168 2932 2224 Attollunt
2952 2179 3082 2238 ergo
3107 2162 3291 2220 cuncti
3320 2159 3421 2216 Dei

1819 2271 2098 2338 virtutem,
2122 2283 2287 2340 super
2334 2265 2520 2323 omnia
2546 2263 2847 2338 praedicant
2884 2260 3045 2316 ﬁdem
3077 2269 3130 2314 et
3156 2255 3415 2312 meritum

1817 2361 2043 2436 gloriosi
2084 2359 2390 2428 Lantberti,
2419 2357 2580 2429 cujus
2628 2351 2977 2412 conversatio
3003 2351 3119 2423 jam
3164 2349 3222 2404 in
3266 2344 3422 2404 caelis

1817 2464 1955 2524 erat,
1993 2453 2245 2528 quamvis
2273 2467 2500 2527 corpore
2542 2450 2724 2506 adhuc
2759 2453 3037 2503 teneretur
3062 2443 3119 2499 in
3151 2440 3335 2508 terris,
3363 2438 3424 2494 in

1819 2565 1929 2620 quo
1957 2547 2214 2603 videbant
2238 2544 2455 2619 impleri
2481 2543 2630 2598 illam
2659 2539 2879 2597 Domini
2901 2553 3088 2595 vocem
3122 2555 3135 2592 :
3174 2555 3192 2589 ι
3224 2531 3423 2590 Omnia

1818 2639 2102 2714 possibilia
2123 2645 2252 2695 sunt
2277 2636 2540 2693 credenti.
2575 2653 2594 2687 ι
2635 2631 2680 2689 Ο
2700 2632 2882 2687 virum
2912 2630 3139 2701 dignum
3169 2625 3304 2693 Deo,
3329 2624 3421 2681 cui

1819 2732 1959 2788 nihil
1988 2731 2139 2787 deest
2161 2729 2231 2785 ad
2254 2725 2610 2799 perfectionis
2640 2723 2946 2792 cumulum,
2976 2727 3232 2793 paratum
3254 2716 3423 2774 etiam

1825 2823 2125 2881 ascendere
2149 2821 2218 2879 ad
2246 2821 2395 2876 illam
2421 2818 2766 2885 charitatem,
2795 2830 2905 2887 qua
2946 2813 3214 2883 majorem
3261 2822 3425 2864 nemo

1821 2916 2005 2984 habet,
2049 2923 2112 2970 ut
2141 2914 2386 2973 animam
2426 2926 2585 2968 suam
2633 2917 2865 2983 poneret
2909 2919 3010 2977 pro
3045 2901 3238 2959 amicis
3264 2899 3420 2957 suis!

1822 3007 1999 3076 Quam
2024 3007 2173 3063 enim
2201 3004 2468 3076 majorem
2494 3003 2649 3059 daret
2680 3016 2779 3057 rex
2824 3013 2925 3055 suo
2967 2995 3199 3053 emerito
3242 2991 3425 3060 militi,

102 3100 273 3156 vobis
299 3142 316 3168 ,
363 3115 465 3155 vos
514 3114 708 3157 omnes
752 3100 959 3157 invitus
991 3117 1194 3173 sequar
1228 3121 1240 3157 :
1270 3112 1454 3160 certus
1483 3120 1606 3160 sum
1638 3114 1718 3161 ta-
1822 3116 1988 3172 quam
2048 3106 2111 3155 ut
2177 3106 2501 3155 coronatum
2583 3092 2848 3166 martyrio
2928 3091 3157 3147 donaret
3197 3129 3212 3155 ,
3290 3085 3429 3141 rude

102 3208 263 3258 men,
292 3191 426 3263 quia
456 3193 695 3249 caelestis
724 3193 933 3249 oraculi
956 3210 1066 3251 non
1095 3194 1267 3250 deerit
1294 3195 1537 3254 effectus.

174 3283 279 3339 36.
320 3282 650 3341 Lantbertus
678 3286 865 3358 igitur,
897 3286 1108 3358 sepulta
1147 3297 1336 3345 sancta
1366 3289 1579 3362 virgine
1604 3306 1721 3346 ma-

102 3379 196 3450 gis
240 3393 311 3433 ex
340 3379 550 3449 populi,
583 3396 749 3452 quam
778 3396 847 3436 ex
893 3395 995 3436 suo
1021 3380 1243 3451 placito,
1274 3382 1459 3438 animo
1486 3382 1719 3440 fluctua—

105 3471 232 3539 bat,
280 3472 413 3527 hinc
459 3472 526 3529 de
570 3456 781 3529 caelesti
810 3474 1037 3529 oraculo
1063 3481 1269 3541 certus,
1304 3474 1454 3532 illinc
1479 3473 1721 3532 incertus

105 3566 175 3622 de
214 3565 432 3637 sepulto
460 3565 690 3638 virginis
717 3566 1067 3638 corpusculo.
1102 3565 1186 3623 0b
1215 3568 1321 3623 hoc
1347 3567 1496 3623 omni
1526 3568 1719 3624 orandi

106 3658 289 3716 modo
334 3675 393 3715 se
437 3659 717 3727 addicens,
750 3660 1031 3732 quaerebat
1072 3676 1190 3716 rem
1236 3659 1307 3718 ab
1350 3676 1438 3730 eo,
1466 3660 1554 3717 cui
1585 3661 1723 3716 nihil

109 3752 464 3825 impossibile
493 3768 618 3810 esse
650 3753 877 3810 sciebat.
934 3753 1027 3810 Sic
1054 3762 1249 3811 exacto
1276 3754 1482 3823 triduo,
1513 3770 1721 3811 convo-

109 3856 245 3904 cato
275 3847 480 3919 populo
508 3848 605 3915 ait,
631 3847 900 3920 virginem
920 3845 1123 3905 Christi
1146 3848 1357 3921 pridem
1384 3847 1719 3917 defunctam,

110 3949 305 3998 vestro
334 3939 500 3996 etiam
525 3940 737 4013 judicio
779 3942 962 4014 magni
1015 3940 1139 3998 dico
1187 3941 1359 3999 fuisse
1404 3942 1618 4013 meriti;
1670 3954 1725 3999 et

113 4035 243 4091 ideo
272 4049 389 4090 non
414 4034 532 4091 leve
559 4050 683 4091 esse
712 4035 875 4105 duco,
904 4036 1051 4107 quod
1080 4036 1149 4091 ab
1185 4052 1281 4092 ore
1311 4036 1430 4108 ejus
1452 4036 1566 4108 jam
1597 4053 1723 4093 cum

113 4126 348 4183 Christo
391 4127 670 4199 regnantis
714 4127 851 4183 mihi
898 4139 1058 4185 teneo
1114 4116 1447 4187 indicatum.»
1482 4128 1610 4185 Ideo
1656 4147 1725 4187 ne

114 4219 451 4293 gravemini,
483 4220 633 4294 quod
670 4235 896 4292 precor,
943 4230 1005 4277 ut
1039 4235 1227 4294 aperta
1255 4221 1484 4294 virginis
1516 4222 1722 4291 tumba,

114 4329 236 4369 rem
274 4313 452 4385 ipsam
482 4314 659 4370 oculis
692 4313 1057 4386 experiamur.
1089 4314 1353 4371 Obeditur
1375 4314 1425 4370 ei
1454 4314 1523 4369 ab
1546 4317 1727 4371 omni-

117 4405 263 4474 bus;
309 4404 496 4461 tumba
525 4404 800 4477 aperitur;
856 4407 952 4463 sed
978 4406 1115 4462 nihil
1144 4406 1417 4479 reperitur
1438 4409 1506 4466 de
1536 4417 1727 4466 sancto

1823 3202 2041 3251 aeternae
2066 3191 2290 3265 quietis.
2326 3189 2440 3246 Nos
2472 3197 2533 3246 ut
2559 3196 2862 3244 extremam
2893 3199 3117 3240 manum
3140 3180 3290 3254 operi
3324 3180 3429 3234 im-

1823 3301 2117 3363 ponamus,
2156 3286 2271 3358 jam
2298 3300 2448 3341 nunc
2479 3281 2758 3355 passionis
2783 3280 2913 3352 'ejus
2955 3277 3216 3335 vexillum
3243 3274 3426 3347 eriga-

1824 3395 1968 3435 mus.

2432 3492 2662 3551 CAPUT
2698 3492 2790 3551 IV.

1824 3589 2089 3663 Pippin“
2126 3591 2189 3646 ob
2232 3590 2451 3663 ductam
2493 3589 2778 3663 Alpaidcm
2820 3587 3064 3663 pellicem
3112 3591 3382 3663 correptus
3407 3597 3428 3639 :

1896 3656 2321 3736 pellicisodium
2347 3672 2399 3718 et
2432 3656 2648 3717 insidiae
2687 3676 2706 3716 :
2738 3656 2934 3729 sancti,
2978 3658 3077 3714 illa
3120 3656 3427 3729 instigante,

1897 3734 2239 3805 martyrium.

1896 3848 1987 3908 38.
2022 3849 2310 3925 Pippinus,
2338 3857 2400 3908 ut
2423 3850 2801 3922 praediximus,
2833 3846 3247 3921 principabatur
3274 3859 3431 3916 egre-

1828 3943 1914 4018 gie
1942 3960 2108 4016 super
2141 3960 2336 4001 omnes
2364 3944 2640 4016 principes
2687 3941 3050 4008 Francorum,
3104 3937 3261 4009 cujus
3310 3936 3429 4008 glo-

1826 4039 1967 4095 riam
2017 4037 2289 4111 augebant
2316 4036 2494 4093 crebri
2521 4036 2880 4093 victoriarum
2928 4033 3093 4101 tituli,
3146 4045 3309 4103 quem
3361 4028 3431 4083 ad

1826 4133 2085 4189 virtutem
2110 4132 2341 4188 incitare
2369 4139 2624 4203 poterant
2658 4131 2851 4186 saltem
2885 4127 3118 4185 deducta
3164 4125 3235 4181 ab
3273 4131 3429 4180 utro-

1828 4241 1937 4298 que
1984 4233 2209 4297 parente
2260 4224 2565 4281 nobilitatis
2609 4232 2665 4281 et
2709 4221 3020 4280 sanctitatis
3050 4224 3427 4275 monumenta.

1829 4315 1903 4374 Ut
1948 4318 2094 4373 enim
2145 4317 2336 4374 sileam
2380 4318 2448 4374 de
2493 4316 2785 4374 sanctitate
2827 4311 3128 4370 Gerdrudis
3171 4316 3432 4366 materte-

1830 4427 1906 4467 rae
1935 4410 2119 4483 (l050)
2152 4410 2294 4481 ejus,
2321 4411 2406 4466 vel
2441 4410 2690 4466 Clodulei
2744 4407 2932 4481 (1051)
2984 4404 3268 4461 Mettensis
3313 4401 3433 4473 epi-

120 4497 207 4557 ibi.
254 4496 476 4568 sepulto
525 4511 757 4569 corpore
781 4539 796 4567 ,
854 4513 981 4553 cum
1027 4497 1149 4569 ipso
1199 4497 1540 4571 sarcophago
1591 4499 1728 4556 alias
1760 4487 1805 4543 Ῑ)
1830 4503 2003 4576 scopi,
2033 4504 2127 4576 qui
2160 4502 2266 4559 fuit
2292 4504 2546 4577 patrinus
2576 4502 2783 4576 ipsius;
2828 4501 2954 4574 quis
3006 4498 3065 4553 S.
3096 4498 3287 4568 Beggaa
3315 4510 3435 4550 ma-

121 4587 489 4659 transposito.
539 4586 790 4660 Expallet
829 4588 1013 4645 vultus
1043 4588 1325 4657 omnium;
1378 4590 1531 4646 solus
1559 4589 1730 4645 Lant-

122 4680 325 4737 bertus
344 4681 562 4753 gaudet,
586 4689 640 4738 et
664 4680 927 4739 attonitos
945 4689 1172 4753 paterne
1199 4682 1534 4741 demulcens.
1566 4682 1727 4754 Quia,

124 4773 336 4845 inquit,
362 4774 716 4831 difﬁdentiam
755 4784 997 4832 vestram
1021 4776 1231 4847 experti
1258 4776 1410 4845 estis,
1439 4777 1555 4848 jam
1582 4795 1731 4836 nunc

125 4862 229 4922 Dei
252 4866 663 4924 miriﬁcentiam
690 4869 1061 4939 experiamur,
1093 4877 1149 4925 et
1183 4869 1239 4925 in
1263 4870 1385 4927 loco
1415 4871 1548 4927 mihi
1579 4871 1730 4929 desi-

127 4966 306 5032 gnato
334 4958 510 5015 sancti
539 4958 787 5030 corporis
821 4960 1036 5031 glebam
1081 4976 1415 5032 quaeramus.
1464 4961 1543 5018 Eo
1592 4963 1731 5020 duce

233 5138 402 5212 1047)
436 5138 573 5212 Yide
602 5139 861 5198 adnotata
897 5139 965 5195 ad
994 5153 1113 5212 cap.
1148 5155 1187 5207 ι,
1219 5140 1323 5196 litt.
1354 5142 1393 5196 ἱ.

235 5209 504 5286 1048)__S.
551 5212 803 5286 Clemens
832 5227 974 5286 papa
1001 5209 1318 5286 et‘martyr,
1347 5228 1509 5286 quem
1539 5213 1631 5268 hic
1658 5214 1744 5271 in-

133 5282 309 5351 dicat,
338 5283 535 5341 colitur
577 5301 715 5342 xxm
751 5282 1068 5353 Novembr.,
1100 5300 1211 5356 quo
1238 5282 1330 5340 die
1368 5282 1491 5340 haec
1535 5287 1746 5342 exami-

137 5356 265 5411 nari
298 5363 576 5411 poterunt.

213 5425 405 5513 (1049)
441 5426 645 5513 Eadem
666 5427 928 5513 leguntur
943 5428 999 5484 in
1022 5425 1147 5484 Vita
1170 5426 1228 5484 S.
1254 5426 1578 5499 Landradaa,
1600 5429 1746 5486 unde

138 5514 209 5556 ea
224 5497 455 5571 discere
474 5499 652 5571 potuit
676 5497 1022 5571 _Sigebertus.

218 5569 406 5644 (1050)
433 5569 650 5644 Iudicat
668 5569 726 5626 S.
753 5569 1076 5628 Gertrudem
1092 5572 1383 5644 virginem,
1407 5572 1747 5630 abbatissam

139 5640 513 5716 Nivellensem
533 5644 592 5716 in
621 5642 936 5716 Brabantia,
970 5644 1130 5716 cujus
1157 5640 1596 5716 g'estagelucidata
1620 5653 1751 5702 sunt

144 5713 222 5790 εει
246 5713 394 5790 diem
415 5713 504 5790 _i7
523 5713 734 5790 Martii.
764 5714 896 5772 Erat
917 5713 1275 5790 haecfip'pini
1306 5714 1348 5784 l,
1381 5728 1748 5790 cognomento

145 5781 482 5860 Elidensis,
511 5786 644 5858 tilia,
674 5794 731 5843 et
754 5801 912 5846 soror
943 5784 1000 5844 S.
1046 5781 1260 5862 Be'ggae,
1287 5781 1354 5845 et
1377 5781 1486 5862 qua
1508 5797 1563 5847 et
1580 5788 1756 5847 Anse-

1834 4598 1936 4655 tris
1967 4598 2086 4669 ejus
2115 4597 2284 4652 vitam
2306 4613 2418 4653 non
2447 4596 2712 4652 miretur?
2738 4593 2876 4662 Quis
2903 4591 3115 4647 nesciat
3138 4588 3437 4646 sanctimo—

1837 4690 1987 4746 niam
2021 4690 2234 4762 paterni
2265 4689 2352 4746 avi
2381 4690 2502 4762 ejus
2547 4687 2818 4759 Arnulphi
2852 4683 3061 4758 (1052),
3112 4682 3207 4756 qui
3256 4681 3435 4755 primo

1837 4782 2015 4853 major
2042 4782 2243 4839 domus
2278 4783 2446 4854 regis,
2477 4789 2603 4853 post
2641 4779 2926 4835 Mettensis
2953 4778 3267 4850 episcopus,
3297 4782 3355 4833 et
3380 4775 3437 4830 in

1837 4874 1949 4930 vita
1982 4884 2037 4930 et
2085 4875 2140 4931 in
2191 4884 2369 4931 morte
2397 4874 2666 4930 mirabilis
2710 4871 2918 4928 mundo
2964 4870 3105 4927 fuit?
3144 4864 3267 4926 lam
3307 4883 3439 4925 vero

1839 4969 2005 5026 etiam
2027 4970 2267 5027 ﬁliorum
2298 4972 2418 5043 ejus
2443 4970 2688 5043 potentia
2706 4970 2924 5043 vigebat
2951 4968 3009 5025 in
3035 4983 3229 5041 regno,
3258 4981 3289 5023 e
3315 4963 3439 5037 qui-

1851 5148 1972 5221 giso
1992 5147 2262 5221 Pippinus
2284 5148 2330 5203 Π
2367 5158 2530 5206 natus
2564 5156 2667 5205 est.

1923 5215 2115 5305 (1051:)-
2141 5219 2201 5277 S.
2237 5220 2604 5305 Clodulphum
2654 5218 3184 5305 seuﬁhlqdulphum
3214 5215 3441 5305 Motae-1‘1.

1852 5290 1967 5347 sem
1998 5290 2318 5365 episcopum
2347 5290 2588 5349 indicare
2616 5291 2812 5358 voluit,
2834 5291 2993 5363 cujus
3014 5290 3168 5362 gesta
3194 5290 3442 5361 exposita

1853 5372 1984 5420 sunt
2013 5364 2081 5420 ad
2105 5365 2249 5421 diem
2282 5365 2315 5421 8
2339 5363 2486 5421 Junii
2512 5379 2623 5421 auo
2648 5364 2863 5420 colitur.

2013 5381 2081 5420 aa
2105 5381 2249 5422 (nem
2282 5381 2315 5421 δ
2339 5381 2486 5421 Junn
2512 5381 2623 5422 auo
2648 5381 2863 5420 COllIUl'.

1926 5381 1984 5419 nt
2013 5381 2081 5420 au
2105 5381 2249 5422 (nem
2282 5381 2315 5421 δ
2339 5381 2486 5421 Junn
2512 5381 2623 5437 quo
2648 5381 2863 5420 contur.

1926 5435 2112 5507 (1052)
2145 5435 2203 5493 S.
2251 5435 2515 5492 Arnulfus
2564 5444 2690 5492 ante
2717 5434 2947 5496 .aditum
2987 5432 3361 5507 episcopatum
3388 5432 3446 5487 in

1857 5504 2062 5565 saeculo
2086 5504 2374 5577 uxoratus,
2417 5508 2476 5564 S.
2504 5507 2941 5578 Chlodulphum,
2974 5504 3133 5577 cujus
3177 5519 3301 5560 mox
3330 5516 3447 5578 men

1858 5579 2140 5654 minimus,
2198 5591 2251 5637 et
2294 5573 2628 5654 Angesisum
2666 5573 2991 5654 procreavit,
3040 5573 3107 5631 ex
3147 5590 3281 5654 quo”
3303 5573 3442 5654 et_S.

1859 5648 2051 5730 Begga
2085 5645 2487 5730 Pippinus,'ut_
2520 5645 2781 5730 diximus,
2826 5648 3054 5730 genitus
3093 5645 3197 5705 est.
3247 5645 3306 5704 S.
3337 5646 3446 5702 Ar-

1860 5664 2052 5781 uegga.
2087 5664 2370 5726 Pippinus,
2416 5664 2477 5737 ῑξῑ
2520 5664 2781 5734 αιιιωιιιε,
2836 5664 3054 5778 ignitus

1860 5738 1933 5781 nu
1957 5726 2054 5797 phi
2084 5741 2174 5784 res
2194 5734 2376 5801 gestas
2398 5723 2522 5781 Vide
2550 5722 2618 5779 ad
2646 5721 2790 5780 diem
2818 5720 2846 5779 1
2910 5718 3061 5777 Julii.
