3956 6452
579 354 685 415 799

575 562 828 617 moaldus
871 562 1073 635 (1054),
1106 560 1513 623 haereditarium
1581 560 1755 633 patris
1802 559 2163 631 principatum

572 654 942 725 exspectabat.
990 652 1101 710 Hos
1149 654 1229 729 illi
1273 663 1536 727 genuerat
1564 652 1804 729 legitima
1837 640 1935 707 sua
1965 650 2167 722 conjux

571 740 884 801 Plictrudis.
910 743 1121 801 Etcum
1145 743 1374 816 Pippino
1403 745 1539 800 nihil
1573 728 1944 817 glorize,'nihil
1976 751 2167 815 poten-

573 837 678 903 tiae,
727 837 865 893 nihil
910 836 1184 894 felicitatis
1212 839 1444 905 deesset,
1484 851 1766 908 nunquam
1800 835 1849 890 ei
1886 851 2051 906 super
2082 835 2166 911 iu-

568 930 839 987 dustriam
870 929 1088 988 fortuna
1117 930 1241 987 fuit.
1340 984 1343 987 λ
1526 920 1527 925 “

638 1023 729 1080 '59.
757 1022 801 1080 Ο
838 1023 975 1079 nihil
1016 1038 1258 1095 unquam
1286 1030 1462 1079 tutum
1518 1022 1660 1094 apul
1706 1019 2024 1105 diabolum!
2068 1017 2165 1074 Vir

568 1128 679 1177 tam
728 1119 1062 1178 victoriosus
1096 1120 1163 1176 de
1193 1119 1374 1190 scipso
1419 1134 1529 1175 non
1574 1118 1753 1189 potuit
1803 1109 2160 1187 triumphare,

566 1222 621 1268 et
650 1213 887 1270 ferreum
919 1223 1106 1285 pectus
1132 1229 1293 1270 suum
1335 1227 1533 1284 passus
1570 1209 1842 1282 perforari
1866 1208 2017 1264 molli
2053 1206 2163 1263 telo

566 1307 826 1374 libidinis,
874 1308 1109 1378 puellam
1166 1306 1405 1362 nobilem
1460 1314 1515 1362 et
1560 1300 2163 1385 elegantem,~nomine

564 1400 869 1472 Alpaidem,
897 1401 1219 1474 superduxit
1244 1399 1498 1473 legitimae
1518 1398 1739 1473 conjugi
1768 1413 1883 1454 sum
1897 1394 2161 1452 Plictrudi

563 1506 629 1547 ex
660 1508 768 1562 qua
799 1492 964 1548 etiam
1013 1491 1254 1563 suscepit
1288 1490 1460 1546 filium
1510 1488 1801 1555 Karolum,
1834 1487 1923 1543 cui
1970 1494 2157 1557 postea

567 1595 788 1657 propter
843 1586 1168 1642 indomitam
1207 1583 1445 1642 bellandi
1495 1581 1871 1639 fortitudinem
1901 1578 2156 1646 Tudetes,

565 1678 679 1733 sive
715 1677 1016 1747 Martellus,
1067 1694 1335 1751 agnomen
1388 1677 1511 1733 fuit.
1547 1674 1671 1731 Haec
1721 1690 1876 1730 soror
1902 1680 2018 1728 erat
2051 1670 2161 1727 Do-

563 1769 723 1825 douis
754 1771 961 1843 (l055),
993 1773 1087 1842 qui
1112 1771 1448 1827 domesticus
1478 1767 1694 1840 Pippini
1728 1766 1997 1837 principis
2016 1774 2154 1832 crat,

561 1862 647 1916 vir
673 1862 866 1933 plenus
901 1863 1119 1935 opibus,
1144 1880 1342 1936 genere
1376 1863 1579 1930 clarus,
1619 1876 1717 1933 per
1746 1860 1955 1945 amicos
1982 1869 2035 1916 et
2065 1875 2159 1916 co-

564 1966 780 2029 gnatos,
811 1967 866 2015 et
904 1959 1105 2014 multos
1132 1958 1235 2014 sibi
1283 1958 1651 2029 obsequentes
1680 1970 1904 2027 pueros,
1930 1954 2158 2010 multam

565 2052 861 2122 potentiam
909 2061 1199 2110 assecutus
1247 2051 1303 2107 in
1332 2066 1521 2124 regno.
1580 2049 1718 2105 Cum
1766 2058 1949 2104 autem
1976 2046 2161 2104 nullus

562 2154 709 2201 esset
761 2145 1164 2217 episcoporum,
1204 2147 1298 2217 qui
1334 2152 1503 2200 staret
1540 2160 1607 2198 ex
1650 2142 1881 2199 adverso
1907 2149 1961 2198 et
1984 2157 2158 2213 oppo-

565 2244 717 2290 neret
744 2251 801 2291 se
846 2252 1062 2292 murum
1110 2252 1212 2308 pro
1236 2236 1400 2292 domo
1434 2232 1626 2303 Israel,
1651 2242 1712 2290 ut
1741 2242 1911 2291 staret
1933 2233 1987 2288 in
2019 2232 2160 2287 bello

564 2328 623 2385 in
647 2329 735 2386 die
756 2328 991 2397 Domini,
1017 2329 1344 2386 Lantbertus
1374 2337 1698 2401 opportune,
1735 2327 2044 2400 importune
2072 2342 2164 2381 ar-

565 2423 763 2494 guebat
793 2423 1115 2494 principem,
1145 2432 1200 2479 et
1222 2424 1453 2479 alterum
1486 2438 1544 2477 se
1569 2419 1749 2477 Eliam
1773 2421 1858 2476 vel
1891 2418 2158 2476 Joannem

564 2498 883 2584 exhibebat,
915 2525 970 2572 et
993 2532 1229 2588 quorum
1278 2515 1596 2571 imitabatur
1629 2514 1830 2583 zelum,
1872 2512 1940 2569 ad
1967 2527 2160 2569 eorum

564 2624 785 2681 quoque
831 2594 1090 2667 tendebat
1133 2610 1414 2677 meritum,
1465 2617 1527 2664 ut
1574 2608 1777 2680 quibus
1818 2623 1917 2679 par
1951 2606 2083 2679 erat:
2104 2606 2161 2661 in

544 2703 825 2761 certando
870 2704 1204 2771 constantia,
1255 2718 1355 2774 par
1397 2700 1535 2758 foret
1572 2702 1628 2756 in
1663 2700 1937 2757 vincendo
1964 2699 2157 2772 gloria.

563 2794 713 2852 Elias
764 2795 883 2852 Aab
913 2796 1097 2869 (l056)
1246 2811 1428 2869 regem
1478 2794 1647 2852 Israel
1697 2797 1911 2851 hostem
1938 2793 2163 2866 pertulit

560 2900 618 2951 et
639 2892 788 2961 vicit,
823 2901 879 2950 et
897 2909 1022 2950 eum
1055 2893 1123 2949 ad
1148 2893 1255 2948 hoc
1300 2891 1578 2964 arguendo
1605 2890 1849 2958 attraxit,
1881 2901 1942 2945 ut
1977 2889 2160 2945 inten-

561 2994 728 3043 tatam
769 2985 866 3042 Dei
920 2978 1060 3043 iram
1091 3002 1122 3041 a
1151 3001 1212 3044 se
1240 2985 1503 3054 differret,
1548 3000 1713 3057 quam
1769 2982 1911 3040 forte
1947 2998 2013 3040 ex
2046 2990 2162 3039 toto

557 3080 861 3155 effugisset,
899 3079 1003 3147 nisi
1030 3094 1158 3136 eum
1192 3077 1412 3155 Iezabel
1440 3093 1581 3134 uxor
1609 3093 1730 3146 sua,
1772 3084 1964 3135 contra
1990 3075 2171 3133 Deum.

558 3173 875 3241 concitans,-
896 3173 1000 3230 sub
1034 3179 1259 3244 peccato
1285 3171 1641 3228 vendidisset.

1082 410 1083 413 η
1744 345 2109 411 SIGEBER’I‘I
2146 342 2675 408 GEMBLACENSIS

482 506 487 512 ι
565 465 682 524 ὤας
708 465 889 540 Drogo
920 464 1107 539 (l053)
1137 464 1248 526 dux
1275 474 1395 524 erat
1437 465 1922 545 Campanensium,
1956 474 2012 521 at
2040 461 2169 520 Gri-
2196 463 2244 521 A
2268 454 2429 520 suum
2457 463 2719 537 martyrio
2742 459 2996 532 devovit;
3031 462 3227 522 tertius
3254 462 3494 523 duorum
3527 456 3833 526 lentim-tus

3742 374 3836 435 800

2270 571 2331 614 se
2375 574 2593 629 quoque
2625 557 2850 630 dignum
2895 559 3143 614 exhibuit
3170 559 3241 615 ad
3294 559 3591 616 bibendum
3624 565 3830 621 calicem

2269 648 2505 707 Domini.
3146 648 3149 651 ’

2338 745 2426 799 «11.
2457 743 2639 801 Pellex
2664 761 2776 801 rem
2807 743 2873 801 ad
2903 741 3127 803 fratrem
3155 762 3319 804 suum
3348 743 3838 817 Dodonem'refert,

2266 836 2427 909 eique
2453 854 2614 894 omne
2659 834 2949 895 collsilium
2997 857 3159 896 suum
3206 839 3481 908 deferens,
3536 838 3839 911 precabatur

2267 940 2328 985 ut
2353 931 2473 1001 ejus
2500 946 2602 1002 ope
2638 932 2920 989 aboleatur
2950 933 3310 1004 opprobrium
3340 934 3561 1006 generis
3582 933 3692 1000 sui,
3713 932 3838 1004 quod

2268 1025 2434 1081 nimis
2457 1026 2832 1094 invalesceret,
2865 1027 2910 1083 si
2942 1042 3040 1097 per
3072 1024 3357 1083 Lantberti
3404 1042 3698 1084 censuram
3723 1041 3840 1081 eou-

2267 1118 2499 1191 tingeret
2549 1135 2709 1176 suum
2752 1136 2784 1176 a
2826 1119 3075 1192 principe
3124 1120 3441 1177 divortium.
3501 1119 3597 1175 Ille
3637 1134 3840 1174 causam

2265 1229 2423 1271 suam
2454 1223 2508 1269 et
2539 1216 2746 1272 sororis
2775 1231 2903 1271 cum
2930 1214 3328 1273 valentioribus
3359 1216 3443 1271 sui
3467 1213 3690 1288 generis
3713 1229 3843 1270 com-

2264 1305 2574 1375 municans,
2607 1323 2704 1378 per
2731 1323 2789 1363 se
2810 1314 2865 1364 et
2885 1324 2982 1379 per
3019 1322 3115 1365 eos
3151 1308 3470 1380 episcopum
3513 1322 3842 1377 compescere

2263 1396 2332 1451 ab
2359 1395 2731 1467 increpatione
2764 1397 3031 1469 principis
3076 1396 3329 1467 laberat;
3363 1415 3529 1471 quem
3566 1398 3699 1470 quia
3722 1398 3844 1454 inve-

2262 1489 2345 1544 nit
2374 1480 2746 1559 iuflexibilem,
2769 1507 2870 1549 nec
2898 1491 3091 1549 faciem
3119 1492 3353 1564 alicujus
3376 1501 3569 1548 contra
3589 1490 3839 1561 justitiam

2262 1585 2498 1640 revereri
2525 1585 2717 1653 sensit,
2748 1586 3016 1657 proximis
3045 1594 3100 1641 et
3129 1586 3323 1642 amicis
3353 1587 3472 1643 suis
3497 1585 3769 1657 promittit
3789 1585 3843 1641 de

2261 1692 2430 1734 causa
2455 1679 2663 1734 sororis
2698 1679 2984 1735 ultionem.
3013 1678 3152 1735 Hinc
3193 1680 3303 1736 duo
3328 1679 3549 1746 fratres,
3603 1678 3787 1734 Gallus
3801 1685 3844 1734 et

2261 1769 2512 1840 Rioldus,
2562 1772 2961 1844 consanguinei
3004 1771 3247 1830 Dodonis
3291 1772 3501 1843 (l058),
3530 1772 3716 1843 neptis
3750 1787 3843 1827 suae

2188 1826 2234 1887 Β
2260 1864 2506 1936 Alpaidis
2555 1864 2883 1922 miserantes
2928 1866 3104 1922 vicem
3129 1908 3145 1933 ,
3188 1866 3495 1922 lacessendi
3542 1866 3879 1936 episcopum.

2263 1957 2726 2029 opportunitatem
2756 1970 3031 2032 quaerunt,
3066 1960 3121 2017 et
3141 1961 3488 2032 insurgentes
3527 1977 3661 2016 cum
3684 1959 3843 2015 omni-

2260 2048 2367 2105 bus
2403 2049 2521 2106 suis
2553 2038 2879 2108 in'ecclesiae
2907 2050 3277 2123 Trajectensis
3303 2051 3573 2107 familiam
3622 2066 3842 2120 omnem,

2262 2141 2632 2214 qualicunque
2661 2152 2778 2200 arte
2807 2152 2998 2201 contra
3022 2161 3120 2201 eos
3146 2145 3479 2201 calumniam
3505 2146 3842 2213 concinnant,

2242 2235 2492 2317 nullam,
2523 2252 2689 2308 quam
2731 2238 2813 2295 eis
2843 2237 3049 2294 inferre
3094 2248 3347 2311 possunt,
3381 2238 3699 2295 molestiam
3730 2253 3846 2309 prte-

2263 2331 2569 2388 termittunt
2594 2350 2609 2399 ;
2644 2332 2689 2388 si
2713 2348 2824 2403 quo
2847 2334 3012 2389 modo
3037 2342 3263 2404 possent
3282 2349 3379 2404 per
3404 2333 3513 2390 hoc
3536 2333 3843 2389 sententiam

2262 2424 2515 2496 praesulis
2546 2425 2844 2495 inflectere,
2870 2436 2933 2483 ut
2958 2427 3153 2483 saltem
3179 2443 3347 2483 causa
3370 2443 3605 2483 suorum
3633 2442 3667 2483 a
3689 2426 3850 2482 redar-

2264 2514 2485 2587 gutionc
2534 2515 2800 2587 principis
2844 2516 3156 2574 desisteret.
3209 2517 3313 2573 Sed
3343 2533 3433 2574 res
3460 2517 3645 2583 aliter,
3669 2532 3734 2573 ac
3759 2515 3849 2571 rati

2262 2609 2645 2674 erant,’cessit.
2677 2607 2868 2667 Justus
2902 2627 3119 2683 nempe,
3155 2620 3217 2667 ut
3243 2611 3330 2668 leo
3357 2610 3666 2679 conﬁdens,
3692 2610 3851 2681 clipeo

2262 2700 2540 2770 patientiae
2593 2710 2786 2756 contra
2830 2716 3024 2759 omnes
3076 2719 3135 2758 se
3184 2702 3425 2774 protexit
3478 2703 3761 2767 incursus,
3804 2708 3853 2755 et

2262 2792 2444 2864 gladio
2475 2790 2734 2864 Spiritus,
2768 2795 2916 2867 quod
2947 2802 3033 2852 est
3059 2796 3286 2851 verbum
3316 2793 3433 2860 Dei,
3463 2802 3657 2851 contra
3686 2793 3852 2849 minas

2262 2893 2492 2942 terrena:
2517 2888 2804 2958 potestatis
2839 2904 2897 2944 se
2921 2888 3180 2956 accinxit,
3205 2897 3260 2944 et
3289 2888 3502 2960 galeam
3547 2886 3750 2943 salutis
3779 2886 3854 2940 in.

2261 2979 2451 3048 dutus,
2476 2982 2670 3053 agebat
2718 2981 3093 3037 indubitanter
3130 2996 3247 3037 rem
3285 2981 3555 3037 veritatis.
3587 2979 3657 3035 Et
3685 2979 3855 3051 primo

2260 3076 2481 3148 quidem
2534 3077 2731 3153 blande
2779 3074 3142 3149 compellebat
3176 3093 3293 3147 eos,
3354 3086 3410 3135 et
3451 3077 3657 3150 quibus
3687 3075 3855 3133 modis

2184 3192 2227 3252 ο
2259 3167 2435 3239 pictas
2478 3167 2680 3238 Patris,
2726 3178 2782 3227 et
2818 3176 3054 3227 censura
3107 3170 3358 3243 pracSulis
3393 3179 3634 3243 poterat,
3671 3186 3771 3228 eos
3795 3170 3855 3226 ab

628 3262 719 3320 40.
751 3262 1019 3321 Joannem
1045 3262 1289 3320 Herodes
1318 3278 1385 3326 se
1411 3251 1732 3336 arguentem
1777 3261 2073 3330 metuebat,
2102 3268 2158 3319 et
2201 3251 2208 3252 ί
2260 3262 2464 3335 injusta
2496 3264 2805 3320 deterrehat
2837 3264 3119 3321 violentia.
3148 3268 3149 3271 “

556 3372 659 3431 pro
683 3373 749 3414 eo
795 3359 966 3414 multa
1010 3356 1283 3425 faciebat;
1329 3357 1421 3419 sed
1465 3373 1591 3413 eum
1640 3346 1862 3429 quoque
1890 3352 2155 3413 Iierodias

557 3465 698 3505 uxor
730 3465 828 3521 per
869 3449 1154 3506 lasciviam
1180 3447 1451 3513 saltantis
1490 3446 1615 3503 filiae
1649 3447 1716 3502 ad
1740 3443 2152 3518 jusjurandum,

555 3552 610 3600 et
637 3559 733 3614 per
754 3544 860 3600 hoc
882 3543 1170 3621 adnecem
1207 3540 1395 3597 Sancti
1439 3540 1694 3612 perpulit.
1736 3532 1955 3598 Tertius
1984 3539 2151 3610 Elias,

518 3702 531 3714 ι
555 3637 641 3693 vel
663 3638 798 3693 alter
827 3636 1069 3693 Joannes
1114 3644 1301 3693 noster
1333 3635 1543 3691 scilicet
1576 3632 1928 3702 Lantbertus,
1956 3634 2011 3690 in
2038 3635 2154 3707 spi-

554 3731 663 3789 ritu
706 3740 761 3788 ct
796 3729 997 3787 virtute
1026 3729 1159 3785 Elite
1191 3714 1261 3785 let
1283 3727 1533 3796 Joannis,
1562 3713 1728 3799 etiam
1763 3727 1878 3799 ipse
1912 3727 2155 3784 directus

554 3846 750 3903 parare
802 3829 948 3885 viam
1008 3826 1589 3899 Domino,~arguebat
1646 3824 1816 3881 libere
1861 3811 2154 3896 Pippinum

553 3923 881 3996 principem,
907 3937 1009 3978 nec
1039 3920 1292 3977 secundae
1315 3917 1640 3975 Herodiadis
1669 3916 1893 3973 timebat
1921 3917 2149 3975 rabiem.

553 4015 692 4072 Nam
730 4014 877 4089 quod
924 4013 1094 4069 animi
1143 4012 1382 4068 habebat
1420 4009 1708 4078 Herodias,
1749 4026 1875 4066 cum
1912 4008 2154 4069 Herodes

551 4104 773 4176 Joanni,
800 4123 925 4163 eum
950 4123 1051 4179 pro
1073 4106 1346 4184 adulterio
1373 4105 1645 4177 arguenti,
1672 4105 1907 4161 libenter
1930 4105 2153 4163 accom-

552 4200 813 4271 modabat
857 4215 1087 4269 aurem;
1134 4200 1239 4256 hoc
1272 4186 1453 4255 animi
1500 4197 1735 4254 habebat
1758 4197 1925 4255 etiam
1966 4192 2154 4270 Alpais

554 4292 765 4366 (l057),
788 4309 915 4372 cum
954 4291 1224 4364 Pippinus
1265 4290 1584 4359 Lantberto,
1618 4306 1743 4346 eum
1790 4305 1890 4362 pro
1916 4291 2153 4363 peliratu

552 4402 658 4445 suo
686 4385 958 4459 arguenti,
990 4385 1595 4458 obediebat..Equidem
1637 4384 1723 4441 vir
1745 4383 1884 4442 alias
1905 4372 2155 4443 laudabi-

548 4483 622 4543 lis
650 4492 707 4542 et
725 4485 1039 4557 religiosus,
1066 4485 1173 4541 hoc
1206 4490 1461 4565 excepto,
1488 4481 1723 4565 multum
1756 4480 2041 4538 Lantberti
2061 4476 2154 4553 ju-

2298 3424 2303 3429 l
2329 3356 2421 3412 42.
2454 3355 2560 3413 Sed
2591 3358 2720 3429 quia
2746 3360 2800 3413 in
2829 3368 3053 3414 ventum
3078 3356 3341 3414 fundebat
3369 3359 3562 3427 verba,
3590 3376 3652 3417 se
3698 3373 3854 3431 quam

2258 3445 2603 3505 familiariter
2616 3449 2671 3505 iu
2688 3449 2859 3506 Deum
2874 3450 3152 3521 rejiciens,
3171 3451 3387 3508 dicebat
3405 3472 3419 3508 :
3442 3450 3749 3523 «Exsurge,
3766 3449 3859 3506 Do-

2259 3543 2428 3611 mine,
2454 3551 2509 3599 et
2532 3540 2715 3615 judic’a
2749 3539 2972 3600 causam
2998 3560 3176 3600 meam
3208 3564 3222 3615 ;
3267 3562 3481 3602 memor
3514 3554 3638 3602 esto
3670 3561 3856 3618 oppro-

2256 3635 2364 3692 brii
2387 3651 2674 3693 servorum
2692 3646 2934 3693 tuorum.
2960 3657 2979 3690 ›
3000 3635 3071 3693 At
3086 3637 3181 3693 lilii
3204 3638 3374 3694 Belial
3397 3640 3585 3697 acrius
3600 3640 3703 3695 Dei
3731 3641 3855 3696 lide-

2226 3808 2227 3811 η
2257 3728 2339 3784 les
2367 3726 2721 3800 impetebant,
2744 3738 2798 3786 et
2838 3729 2987 3785 omni
3017 3745 3214 3802 genere
3265 3732 3500 3787 nocendi
3522 3732 3858 3788 tribulabant

2258 3821 2599 3880 innocentes.
2625 3821 2726 3891 Illi,
2750 3822 2951 3895 quibus
2973 3839 3060 3880 res
3083 3832 3203 3880 erat
3223 3824 3554 3896 proanima,
3578 3833 3635 3881 et
3661 3826 3857 3897 quibus

2224 3913 2372 3973 'tota
2396 3914 2545 3989 'spes
2587 3917 2643 3972 in
2698 3917 2814 3975 sola
2846 3916 3158 3974 innocentia
3207 3917 3499 3989 pendebat,
3539 3918 3859 3974 inconsulto

2258 4010 2517 4082 episcopo
2536 4010 2708 4067 armis
2736 4000 2952 4066 obviam
2994 4011 3074 4067 ire
3102 4018 3319 4082 parant,
3352 4020 3413 4067 ut
3456 4019 3554 4067 aut
3582 4011 3858 4068 ulciscan-

2258 4113 2350 4161 tur
2376 4120 2505 4161 suas
2527 4104 2777 4176 injurias,
2806 4112 2902 4160 aut
2938 4120 3006 4160 ne
3032 4105 3342 4160 moriantur
3387 4105 3572 4160 inulti.
3606 4098 3859 4169 Concur-

2259 4214 2382 4255 sum
2417 4196 2521 4264 est,
2553 4206 2855 4269 pugnatum
2880 4205 2983 4253 est.
3009 4194 3265 4268 Pugnant
3291 4195 3368 4250 illi
3398 4197 3857 4268 pro.temeritate,

2257 4296 2567 4363 repugnant
2592 4287 2681 4344 isti
2714 4304 2814 4359 pro
2850 4288 3063 4344 salute:
3098 4286 3316 4343 Gallum
3338 4295 3395 4342 et
3421 4285 3713 4353 Rioldum,
3741 4302 3862 4343 con-

2213 4367 2221 4373 .
2258 4383 2589 4455 sanguineos
2610 4379 2872 4449 Dodonis,
2900 4381 3045 4436 locat
3078 4379 3334 4451 superbia
3379 4379 3436 4434 in
3472 4380 3657 4451 prima
3686 4380 3862 4441 fronte

2255 4475 2404 4544 belli,
2438 4475 2661 4531 Petrum
2687 4483 2742 4531 et
2766 4474 3129 4542 Audolecum,
3172 4474 3620 4547 consanguineos
3650 4491 3861 4546 presu-

549 4549 896 4636 cundabatur
939 4549 1226 4645 consiliis,
1254 4585 1311 4633 et
1344 4549 1575 4632 monitis
1623 4574 1943 4631 flectebatur
1977 4549 2078 4646 qui
2102 4573 2151 4631 si
2185 4549 2231 4610 Β
2256 4568 2349 4638 lis,
2374 4584 2442 4624 ex
2481 4569 2713 4625 adverso
2749 4568 2805 4624 in
2834 4567 3014 4639 prima
3040 4567 3172 4624 .acie
3199 4567 3429 4638 opponit
3452 4565 3698 4638 justitia.
3724 4566 3861 4624 Galli

549 4680 823 4729 amantem
852 4671 1097 4747 pellicem
1120 4652 1317 4749 fallere
1340 4669 1629 4747 potuisset,
1650 4667 1912 4724 nimirum
1933 4668 2151 4725 lucrose

551 4766 800 4833 audisset
823 4781 883 4822 se
927 4765 1124 4821 merito
1151 4764 1526 4847 increpantem
1560 4762 1874 4834 praesulem.
1908 4759 2058 4817 Elias
2089 4759 2145 4816 in

551 4857 755 4914 caelum
779 4864 971 4928 raptus
1012 4862 1296 4926 exspectat
1330 4853 1511 4909 adhuc
1550 4868 1648 4924 per
1675 4850 1999 4907 Antichristi
2029 4851 2145 4923 gla-

517 4949 702 5010 .dium
726 4949 970 5007 victoria!
1008 4948 1282 5020 palmam;
1311 4946 1553 5004 Joannes
1596 4961 1697 5018 pro
1720 4945 1952 5003 veritate
1979 4939 2146 5016 caput

620 5065 807 5139 (1055)
830 5064 1011 5139 Drogo
1033 5064 1351 5139 Campania
1384 5064 1516 5139 dux,
1538 5061 1777 5139 lI’ippmi
1804 5077 1888 5139 e_x_
1902 5061 2143 5139 legitima

547 5133 722 5195 uxore
747 5133 847 5195 sua
879 5133 1361 5204 Pléctrudelilius,
1392 5135 1448 5190 in
1479 5133 1647 5205 variis
1668 5133 1978 5189 Annalibus
2000 5135 2146 5205 apud

546 5209 826 5266 Cointium
852 5209 1057 5265 obiisse
1081 5216 1305 5265 notatur
1325 5223 1473 5262 anno
1502 5203 1623 5261 708.
1758 5238 1762 5243 ς
2036 5203 2069 5236 ί-

620 5280 806 5353 (1054)
829 5279 962 5361 Fuit
983 5280 1076 5361 hic
1120 5280 1257 5361 alter
1283 5279 1559 5361 legitimus
1582 5277 1799 5361 Pippini
1829 5276 1994 5361 filius,
2026 5276 2142 5348 qui,
2190 5267 2195 5271 ’

546 5318 1096 5431 άυῖιῗέἷιᾏὶἬὶἷη
1120 5318 1799 5431 ’ἕὲξίεςέἶεῗ’ξὲἶ’ῖιῗωιῖἱ›¹ἑῖίί
1829 5318 2019 5431 Ἐρξῖἔη
2027 5318 2143 5431 Ei};

546 5424 860 5498 aegrotantis
907 5418 1081 5494 patris
1125 5422 1213 5479 sui
1263 5420 1637 5477 incelumita'tc
1677 5429 1879 5488 oraret,
1921 5418 2145 5487 interfe:
2186 5474 2191 5479 .

545 5504 669 5553 ctus
698 5504 801 5551 ρει.
1688 5544 1691 5545 ,

619 5565 806 5640 (1055)
844 5566 1152 5640 Do_donem_
1183 5563 1399 5637 Pippini
1430 5564 1795 5640 domesticum
1846 5579 1910 5640 ac
1940 5565 2139 5640 porcu-

547 5636 865 5707 temvirum
906 5638 1098 5706 fuisse,
1129 5636 1404 5696 testantur
1449 5638 1613 5692 etiam
1650 5636 2061 5707 Godesehalcus'
2088 5640 2143 5688 et

549 5705 901 5783 Stephanus;
932 5709 1052 5783 sed
1086 5705 1628 5783 eumdemgAlpaidis
1675 5706 1899 5783 fratrem
1945 5705 2155 5783 fuisse;

547 5776 782 5853 primus,
811 5776 975 5853 quem
997 5780 1145 5853 novi,
1173 5780 1396 5853 scripsit
1424 5776 1756 5853 anonymus.
1785 5779 1943 5853 cujus
1968 5776 2138 5836 verba

551 5849 906 5914 recitarimus
930 5849 1416 5930 in‘ﬂomment‘ario
1435 5849 1588 5910 num'
1620 5849 1759 5930 l‘i8.
1853 5849 1866 5853 ⁷
2115 5854 2127 5871 ‘

1086 6007 1239 6024 ,νυ-ω-

2257 4675 2312 4726 et
2336 4665 2516 4723 Rioldi
2558 4666 2853 4738 degeneres
2898 4656 3115 4721 animos
3146 4665 3311 4721 timor
3359 4664 3581 4739 arguit';
3617 4665 3772 4731 Petri
3808 4674 3861 4723 et

2254 4759 2517 4817 Audoleci
2575 4760 2827 4815 dexteras
2876 4759 2945 4815 ad
2992 4754 3255 4815 virtutem
3299 4754 3465 4831 erigit
3516 4759 3857 4816 innocentia.

2210 4921 2218 4929 ί
2255 4852 2443 4910 Virtus
2472 4852 2799 4909 innocentiae
2840 4849 2994 4921 favit,
3039 4850 3272 4909 victoria
3307 4853 3475 4909 cessit
3506 4854 3655 4924 parti
3683 4853 3861 4910 eccle-

2252 4947 2489 5006 siasticae
2513 4964 2526 5002 :
2552 4930 2744 5003 Gallus
2786 4961 2852 5002 ac
2880 4944 3131 5014 Rioldus,
3183 4943 3442 5001 factionis
3472 4946 3681 5018 iniquae
3709 4945 3862 5017 prin-

2326 5062 2511 5135 (1056)
2543 5061 2685 5135 Lege
2712 5061 2922 5135 Achab.
2952 5060 3057 5135 Hic
3083 5061 3138 5117 in
3164 5077 3270 5118 ms.
3295 5070 3492 5135 nostro
3517 5060 3723 5135 deinde
3756 5077 3863 5118 vox

2253 5133 2362 5192 una
2390 5133 2678 5191 aut’altera
2702 5133 2925 5201 excidit,
2953 5142 3013 5189 ut
3044 5133 3200 5189 locus
3235 5149 3447 5191 vacuus
3479 5133 3711 5188 indicat.

2324 5205 2516 5280 (1037)⁸
2535 5204 2601 5280 1ηΔ
2624 5205 3236 5280 m_s._nostro_mendose
3255 5204 3344 5261 hic
3364 5205 3569 5280 legitur
3585 5203 3858 5280 Alpaidis.

2247 5276 2422 5335 Porro
2462 5277 2554 5333 hic
2575 5276 2782 5348 incipit
2823 5276 3140 5348 Sigebertus
3182 5284 3373 5348 contra
3402 5276 3778 5348 Godesehalci
3797 5292 3860 5331 ac

2253 5349 2516 5423 Stephani
2558 5345 2737 5432 fidem.
2769 5345 2969 5404 novam
3015 5347 3264 5421 martyrii
3300 5345 3359 5403 S.
3407 5346 3697 5403 Lamberti
3727 5362 3861 5403 cau-

2249 5439 2368 5480 sam
2394 5435 2760 5478 οοιηιηιωεει.
3786 5433 3791 5436 ·

2323 5492 2509 5567 (1058)
2528 5491 2749 5567 gallum
2771 5500 2826 5547 et
2853 5489 3111 5567 Rioldum
3135 5489 3860 5567 Dodonisconsanguineos

2249 5562 2503 5635 fuisseret
2528 5562 2936 5635 Trajectensem
2970 5564 3256 5620 ecclesiam
3282 5562 3494 5635 rapinis
3533 5562 3650 5635 suis
3670 5563 3861 5635 gravi-

2251 5645 2333 5701 ter
2361 5633 2648 5702 alllixiSse,
2677 5634 2879 5690 didicit
2906 5650 2974 5691 ex
3026 5634 3400 5691 Godesehalco
3434 5643 3490 5691 et
3531 5633 3853 5705 Stephano:

2249 5722 2461 5781 verum
2487 5705 2545 5761 hi
2601 5706 2808 5762 nullam
2841 5705 3112 5781 amigeudi
3137 5721 3361 5764 causam
3397 5706 3711 5781 assignant,
3754 5721 3857 5764 nec

2246 5777 2495 5852 Alpaidis
2516 5793 2758 5851 unquam
2783 5777 3171 5835 meminerunt.
