3956 6430
147 456 228 518 SOI

1262 424 1427 483 VITA
1461 397 1744 481 ALTERA
1774 415 1832 474 s.
1858 406 2247 487 ,LAMBERTI.

144 574 284 644 θῖνες,
312 559 430 620 ί)εεί
462 558 762 628 oppetunt;
789 547 1174 615 Petrusatque
1215 537 1680 644 a-iudolecus1Ee-
1707 539 1757 598 Α
1785 529 2010 644 Vesperi
2034 521 2455 644 parenteffqirf
2474 521 2752 644 episcopo,
2776 523 2827 644 fi
2850 538 2947 644 per
2968 523 3374 644 suggestionem

143 634 291 728 etesia:
307 657 555 720 vindices,
609 647 855 721 referunt
888 643 1147 700 vexillum
1190 638 1431 695 victoriae
1466 634 1693 728 (1059)..

142 726 331 819 Confusi
352 754 475 805 sunt
507 741 678 819 impii,
704 754 806 795 nec
831 739 1172 819 erubuerunt
1197 750 1212 799 ;
1240 731 1369 787 victi
1403 736 1551 796 sunt,
1580 726 1676 784 sed

143 816 379 915 defatigati
398 852 506 892 non
537 816 821 892 cesserunt
846 848 859 884 :
884 816 1036 883 Dodo
1063 826 1233 892 enim,
1272 822 1368 894 qui
1394 821 1572 877 fuerat
1592 819 1677 874 in-

143 912 299 999 centor
322 929 558 988 omnium
583 925 874 989 malorum,
901 920 1017 992 jam
1044 924 1100 975 et
1119 917 1235 988 ipse
1274 915 1502 971 edicitur
1522 912 1687 989 belli,

141 1040 313 1097 auctor,
334 1033 385 1081 et
406 1020 763 1093 vilipendens,
802 1014 949 1088 quod
972 1014 1040 1070 de
1073 1010 1447 1069 sacerdotibus
1476 1004 1677 1064 dicitur

140 1143 189 1184 cx
211 1136 292 1179 ore
313 1117 403 1173 Dei
430 1134 443 1171 :
477 1134 496 1169 ι
525 1112 631 1181 Qui
665 1109 850 1181 tangit
879 1122 1000 1175 vos,
1048 1104 1221 1177 tangit
1242 1102 1501 1175 pupillam
1529 1098 1676 1156 oculi

140 1217 257 1283 mei;
298 1233 317 1265 ι
350 1216 628 1284 grassatur
656 1207 713 1263 in
754 1206 936 1276 ipsum
978 1208 1145 1272 caput
1191 1199 1366 1265 sancti
1410 1196 1672 1269 episcopi,

138 1312 327 1369 devovet
350 1318 473 1359 eum
500 1299 687 1366 morti,
723 1298 780 1353 in
816 1310 945 1353 eum
979 1294 1159 1352 solum
1198 1300 1477 1365 retorquet
1507 1305 1676 1362 nepo-

137 1416 227 1463 tum
258 1413 470 1458 suorum
500 1394 786 1452 ultionem.

191 1497 264 1552 43.
286 1491 540 1564 Pippiuus
566 1488 820 1560 princeps
844 1484 954 1541 illis
989 1482 1184 1539 diebus
1213 1479 1463 1563 Jopiliam
1490 1478 1673 1550 (1060)

134 1596 333 1652 venerat,
361 1583 426 1639 ad
456 1582 644 1636 villam
683 1578 896 1651 Leggite
923 1576 1259 1651 contiguam,
1301 1572 1394 1628 ubi
1434 1572 1517 1627 vir
1542 1586 1674 1627 san-

137 1693 247 1746 ctus,
268 1675 417 1748 quasi
434 1689 536 1746 pro
560 1672 714 1745 regni
749 1670 966 1744 negotio
1006 1670 1073 1725 ad
1094 1669 1213 1739 ejus
1241 1668 1450 1724 curiam
1474 1666 1689 1743 invitae

136 1784 219 1839 tus,
255 1784 398 1826 suam
468 1764 817 1838 praesentiam
866 1778 979 1818 non
1038 1760 1274 1833 negavit.
1321 1759 1580 1831 Princeps
1621 1767 1677 1816 et

135 1862 352 1938 principis
386 1860 565 1932 pellex
609 1858 1109 1914 vultum‘serenant
1148 1862 1338 1912 contra
1366 1869 1533 1921 eum;
1581 1852 1674 1909 alii

136 1958 243 2013 iram
268 1952 629 2017 dissimulant,
662 1949 926 2007 simulant
953 1948 1047 2004 alii
1087 1948 1353 2014 laetitiam,
1388 1946 1546 2002 multi
1576 1961 1676 2017 pro

135 2064 213 2108 tuo
234 2047 451 2119 quisque
484 2043 720 2117 arbitrio
760 2042 1010 2099 habitum
1051 2040 1233 2098 cordis
1276 2040 1509 2096 variant.
1537 2037 1677 2094 Tra-

135 2141 279 2198 ctahat
322 2147 497 2194 autem
521 2136 696 2209 pellex
729 2143 1036 2207 opportune
1065 2134 1304 2205 aliquem
1349 2120 1543 2202 parare
1571 2131 1677 2189 sibi

134 2239 446 2305 precatorem,
493 2244 593 2301 per
619 2227 781 2299 cujus
818 2228 1183 2283 interventum
1203 2232 1390 2296 posset
1419 2223 1521 2279 sibi
1543 2238 1678 2279 con-

135 2324 284 2381 ciliare
317 2320 559 2377 animum
603 2318 866 2391 episcopi,
910 2317 998 2374 vel
1033 2317 1225 2374 saltem
1269 2316 1339 2372 ab
1364 2306 1677 2386 importuna

133 2414 508 2487 reprehensione
557 2412 823 2484 principis
870 2396 1367 2482 inpraeSentiarum'
1400 2407 1671 2481 mitigare.

135 2507 409 2563 Convivium
427 2490 776 2578 apparatur;
820 2490 1085 2558 invitatur
1123 2492 1413 2573 episcOpus
1436 2518 1450 2568 ;
1475 2500 1678 2571 jucun-
1720 2526 1725 2533 ~

134 2598 258 2653 datur
287 2610 507 2667 prorsus
558 2582 739 2652 Omnis
779 2593 1005 2651 curialis
1044 2591 1371 2663 frequentia.
1412 2590 1691 2663 Princeps,

138 2690 335 2745 oblatum
362 2690 465 2745 sibi
495 2705 527 2745 a
563 2689 823 2761 pincerna
852 2688 1109 2760 poculum
1126 2687 1306 2742 innuit
1336 2685 1674 2743 alferendum

133 2798 227 2837 esse
245 2782 507 2854 episcopo,
547 2782 757 2838 ducens
779 2779 1176 2837 benedictionis
1201 2779 1342 2847 vice,
1377 2778 1425 2835 si
1446 2778 1515 2836 de
1541 2795 1675 2835 con-

134 2883 304 2931 secrata
349 2873 523 2943 sancti
584 2872 826 2944 episcopi
877 2886 1045 2927 manu
1084 2870 1342 2943 poculum
1380 2869 1683 2941 acciperet,

131 2965 245 3036 quod
265 2966 383 3021 olim
412 2983 441 3021 a
482 2965 743 3034 Martino,
788 2963 1096 3020 Turonensi
1138 2958 1418 3033 episeopo,
1466 2963 1675 3018 sciebat

133 3057 351 3128 quaesisse
369 3048 671 3114 Maximum
703 3058 1088 3128 imperatorem
1121 3052 1327 3127 (1061).
1361 3052 1468 3109 Sed
1497 3053 1677 3125 Pippi-

132 3168 212 3208 nus
241 3153 483 3224 majorem
521 3153 963 3209 benedictionem
986 3167 1018 3207 a
1054 3149 1354 3206 Lantberto
1397 3149 1673 3221 percepis-

130 3252 208 3311 set,
232 3261 382 3316 quam
429 3244 708 3301 Maximus
759 3243 1055 3315 imperator
1088 3257 1122 3297 a
1141 3240 1377 3297 Martino
1408 3243 1670 3313 percepit,
1699 3263 1742 3322 ρ

130 3335 165 3390 si
181 3337 316 3393 talem
344 3334 576 3410 gratiam
599 3335 743 3408 apud
765 3334 1122 3391 Lantbertum
1146 3349 1285 3391 uxor
1314 3332 1531 3405 Pippini
1558 3342 1675 3391 me-

130 3428 292 3486 ruisset
308 3431 520 3501 qualem
566 3430 709 3501 apud
732 3427 1027 3485 Martinum
1052 3442 1194 3484 uxor
1212 3425 1433 3483 Maximi
1454 3441 1673 3498 prome-

129 3521 213 3575 ruit
239 3520 428 3595 (ωδε).

183 3613 253 3669 ll.
286 3613 549 3671 Martinus
580 3614 825 3671 melioris
864 3612 1102 3675 Maximo
1152 3613 1480 3685 imperatore
1509 3611 1675 3683 aesti-

129 3706 263 3761 mavit
301 3708 679 3781 presbyterum
736 3722 898 3763 suum
925 3749 941 3774 ,
986 3706 1077 3763 cui
1126 3705 1405 3776 poculum,
1428 3704 1672 3777 porrexit

129 3805 225 3854 ante
259 3815 458 3872 regem;
502 3799 837 3857 Lantbertus
882 3800 1094 3855 nullum
1144 3798 1375 3871 Pippino
1411 3798 1667 3871 praetulit.

129 3888 401 3963 Exemplum
423 3893 690 3964 principis
716 3891 889 3949 secuti
914 3892 1158 3949 minores
1181 3906 1457 3962 proceres,
1477 3906 1672 3949 omnes

128 3997 153 4036 a
175 3994 336 4041 sancta
367 4001 539 4041 manu
567 3985 743 4041 sancti
770 3984 1016 4055 episcopi
1043 3982 1301 4054 poculum
1331 3981 1434 4038 sibi
1466 3983 1672 4056 porrigi

129 4076 394 4150 elllagitant.
425 4077 571 4133 Dum
601 4079 669 4133 ad
688 4079 793 4134 hoc
816 4092 1011 4134 omnes
1034 4075 1239 4132 mistim
1270 4075 1507 4143 irruunt,
1536 4084 1592 4132 et
1613 4092 1674 4134 se

127 4168 312 4226 confuse
338 4171 613 4243 ingerunt,
647 4178 708 4226 ut
749 4170 886 4226 alter
935 4169 1166 4225 alterum
1194 4168 1516 4246 praeveniat;
1546 4184 1673 4226 ecce

125 4261 266 4331 pellex
292 4279 385 4320 sua
424 4279 597 4319 manu
625 4262 934 4319 clanculum
960 4261 1214 4317 manibus
1244 4260 1478 4317 aliorum
1503 4260 1674 4318 inter-

127 4354 276 4421 mista,
302 4357 581 4428 satagebat
604 4356 688 4411 vel
718 4357 799 4412 sic
825 4356 894 4412 de
920 4370 1088 4410 manu
1117 4353 1360 4425 episcopi
1380 4353 1672 4425 praeripere

127 4448 361 4516 poculum.
402 4447 497 4506 Ille
519 4456 646 4504 ante
670 4456 725 4504 et
750 4457 899 4505 retro
921 4447 1194 4515 oculatus,
1225 4446 1485 4517 prmcavit
1512 4443 1673 4501 femi-

127 4550 231 4594 neas
253 4538 469 4598 insidias
497 4539 715 4596 callenti
757 4540 961 4607 animo,
992 4547 1047 4595 et
1085 4538 1153 4594 ad
1196 4537 1499 4609 principem
1530 4552 1673 4599 con-,

1779 624 1989 701 pellicis
2017 639 2049 678 a
2082 618 2327 693 principe
2356 618 2600 692 jubetur,
2631 633 2699 673 ne
2742 618 2902 673 abeat
2930 618 3223 675 insalutata
3269 635 3370 676 sua

1776 703 2040 790 conjuge.
2288 782 2289 785 η
2393 712 2415 736 ⁵

1846 809 1937 865 45.
1974 806 2300 880 Episcopus,
2329 805 2587 877 loquente
2632 804 2686 858 in
2732 818 2791 858 se
2830 800 3036 873 Spiritu
3077 805 3322 861 veritatis
3353 821 3370 836 ο

1777 901 1996 971 Testor,
2024 901 2120 969 ait,
2152 916 2186 956 ο
2213 898 2452 957 maxime
2493 898 2770 970 princeps,
2804 902 2976 952 testor
3004 912 3129 952 vere
3156 896 3368 968 Jesum,

1777 1012 1931 1070 spem
1954 988 2085 1053 'vitae
2101 1004 2321 1061 nostrae,
2346 1009 2435 1050 me
2465 1007 2745 1064 nunquam
2776 976 3085 1046 fornicariae
3118 980 3370 1047 Commu-

1777 1091 2125 1157 nicaturum;
2156 1089 2286 1160 quia
2308 1086 2588 1143 mandavit
2609 1085 2769 1140 nobis
2789 1082 2994 1139 Paulus
3026 1102 3039 1137 :
3072 1102 3090 1135 ι
3118 1081 3198 1139 Ne
3216 1074 3374 1139 com-

1777 1183 2118 1242 misceamini
2147 1181 2475 1238 fornicariis.
2498 1199 2516 1232 ι
2549 1178 2764 1245 Testor,
2790 1178 3037 1249 inquam,
3065 1176 3261 1247 Deum,
3286 1194 3374 1234 me

1780 1292 2064 1350 nunquam
2101 1291 2221 1331 eam
2255 1266 2654 1339 salutatorum;
2685 1271 2814 1342 quia
2851 1270 2967 1326 scio
2997 1269 3203 1326 dixisse
3230 1269 3373 1324 ami-

1777 1384 1903 1426 cum
1937 1367 2034 1423 Dei
2061 1354 2329 1422 Joannem
2366 1384 2380 1419 :
2420 1384 2437 1417 ‹
2471 1361 2529 1418 Si
2560 1362 2685 1437 quis
2722 1358 2841 1416 "non
2876 1369 3160 1433 permanet
3189 1361 3244 1415 in
3274 1359 3375 1415 do-

1776 1463 1953 1517 ctrina
1990 1459 2215 1527 Christi,
2249 1473 2359 1513 non
2385 1472 2512 1513 eum
2542 1454 2843 1527 recipiatis,
2876 1470 2978 1509 nec
3014 1470 3113 1509 ave
3143 1454 3195 1509 ei
3220 1455 3376 1510 dixe-

1775 1556 1897 1611 ritis
1928 1573 1941 1609 :
1979 1553 2074 1625 qui
2103 1553 2250 1609 enim
2280 1550 2413 1608 dicit
2447 1549 2525 1605 illi
2566 1564 2685 1615 ave,
2721 1540 3092 1604 comniuuic‘at
3117 1546 3374 1618 operibus

1775 1646 1924 1703 illius
1962 1644 2240 1718 malignis.
2279 1663 2297 1696 ›
2340 1641 2417 1698 Te
2444 1642 2495 1698 ei
2523 1634 2938 1698 communicare
2981 1639 3146 1694 nimis
3191 1640 3371 1709 doleo,

1778 1748 1828 1798 te
1856 1741 2001 1797 nolle
2034 1733 2355 1810 resipiscere
2374 1751 2517 1807 aegre
2547 1734 2695 1801 fero;
2726 1720 2948 1804 propter
2971 1734 3076 1789 hoc
3106 1732 3201 1787 Dei
3231 1733 3371 1788 iram

1776 1828 1875 1892 tibi
1902 1835 2088 1890 timeo.
2119 1830 2299 1887 Pellex
2318 1830 2485 1904 igitur
2505 1828 2716 1895 videns,
2743 1841 2927 1883 causae
2952 1841 3064 1881 suae
3095 1825 3230 1878 nihil
3249 1838 3374 1880 esse

1779 1928 1995 2000 reliqui,
2036 1925 2380 1999 jamjamque
2402 1965 2418 1992 ,
2466 1923 2515 1979 si
2545 1922 2638 1977 diu
2670 1921 2887 1976 advivat
2919 1919 3270 1985 Lantbertus,
3306 1921 3371 1972 ti-

1779 2006 1939 2076 mens
1965 2019 2070 2075 sibi
2109 2018 2399 2074 imminere
2422 2015 2891 2081 divortium,'rem
2923 2022 3091 2068 totam
3125 2013 3377 2086 seriatiu;

1779 2112 1934 2168 fratri
1963 2104 2174 2167 furioso
2201 2108 2448 2176 mandat,
2479 2115 2534 2163 et
2564 2106 2746 2161 Oleum
2774 2105 2993 2160 camino
3018 2106 3243 2168 addens,
3275 2107 3372 2159 ob-

1777 2198 2034 2273 testatur,
2064 2214 2127 2261 ut
2156 2203 2491 2277 quantOcius
2518 2210 2643 2274 agat
2673 2202 2749 2257 de
2770 2190 3068 2256 occidendo
3094 2200 3367 2269 episcopo.

1777 2299 2053 2367 Dolorem,
2083 2288 2247 2370 quem
2273 2279 2431 2352 Dodo
2448 2296 2684 2351 habebat
2711 2294 2777 2350 de
2807 2308 2938 2349 nece
2960 2302 3219 2363 nepotum
3246 2309 3374 2346 sun-

1777 2409 1923 2461 rum,
1953 2390 2317 2465 exaggerabat
2346 2388 2656 2462 geminatus
2680 2386 2749 2442 de
2775 2386 2992 2457 repulsa
3025 2387 3229 2441 sororis
3261 2401 3374 2441 suae

1776 2485 1967 2553 dolor;
1992 2485 2220 2556 jamque
2250 2482 2307 2537 in
2340 2482 2444 2537 hoc
2474 2489 2621 2538 totus
2669 2488 2808 2547 erat,
2858 2486 2917 2534 ut
2966 2477 3071 2533 sibi
3101 2486 3154 2532 et
3192 2484 3367 2534 soror;

1777 2594 1892 2635 suae
1918 2576 2282 2635 satisfaceret.
3031 2615 3040 2635 κ

1798 2716 1803 2725 .
1846 2671 1937 2728 46.
1974 2670 2162 2726 Praico
2206 2667 2452 2723 veritatis
2500 2664 2854 2730 Lantbertus,
2894 2664 3006 2734 iam
3042 2664 3268 2718 tendens
3304 2666 3368 2719 ad

1775 2764 2024 2820 bravium
2046 2776 2296 2833 supernae
2314 2758 2643 2833 vocationis,
2659 2766 2883 2812 venerat
2900 2756 3162 2811 Leodium
3181 2776 3195 2824 ;
3222 2756 3300 2811 Do
3321 2760 3373 2812 io

1775 2871 1907 2913 vero
1949 2840 2019 2911 ad
2060 2853 2248 2921 vicum
2294 2851 2563 2907 Auridum
2616 2857 2940 2915 secesserat,
2991 2849 3125 2905 satis
3169 2847 3373 2905 Leodio

1709 2949 1717 2959 ’
1775 2950 2138 3022 contiguum:
2184 2954 2341 3019 parat
2382 2960 2557 3010 arma,
2588 2942 2771 3026 socios
2816 2950 3090 3013 aggregat,
3141 2958 3172 2996 a
3208 2936 3373 2997 domo

1773 3041 1939 3098 etiam
1970 3040 2140 3113 regia,
2169 3054 2270 3095 suo
2299 3038 2383 3093 vel
2413 3036 2622 3093 sororis
2646 3051 2760 3091 suae
2783 3034 3002 3089 nomine
3023 3044 3372 3106 comparatos

1773 3144 1965 3195 evocat
1985 3133 2326 3189 auxiliarios.
2356 3128 2644 3202 Dilationis
2667 3144 2852 3185 moras
2877 3128 3010 3193 odit,
3037 3129 3146 3185 iras
3169 3130 3374 3202 colligit

1774 3225 2094 3293 dill'crendo,
2128 3225 2416 3281 irascendo
2448 3223 2700 3279 stimulos
2725 3221 2927 3278 furoris
2964 3222 3029 3276 ad
3064 3231 3239 3278 cotem
3269 3224 3372 3279 du-

1776 3320 1984 3378 rissimi
2028 3319 2212 3375 cordis
2250 3317 2417 3373 acuit.
2477 3314 2809 3372 Lantbertus
2850 3313 3067 3369 interim
3103 3316 3370 3387 praescius

1774 3414 1981 3470 instare
2029 3426 2193 3469 suum
2235 3424 2468 3483 agonem
2495 3449 2512 3477 ,
2580 3415 2797 3462 noctem
2852 3404 3003 3461 illam
3057 3407 3368 3465 insomnem

1773 3504 1964 3572 duxit,
2028 3518 2140 3558 non
2186 3500 2316 3574 quia
2369 3506 2808 3573 terrereiit‘eum
2861 3497 3047 3568 aliqua
3092 3496 3368 3555 insomnia

1774 3596 1969 3654 mortis
1994 3640 2009 3661 ,
2064 3594 2159 3652 sed
2198 3595 2328 3665 quia
2360 3608 2455 3665 spe
2493 3584 2910 3673 praeoccupabat
2943 3590 3129 3647 futura
3166 3591 3368 3663 quietis

1773 3690 1989 3764 gaudia.
2016 3687 2073 3759 In
2097 3688 2225 3759 ipso,
2244 3683 2484 3759 namque
2510 3672 2805 3763 conticinio
2834 3672 3024 3741 noctis
3045 3700 3277 3757 surgens
3296 3683 3367 3740 ad

1774 3781 2139 3841 conﬁtendum
2177 3779 2432 3847 Domino,
2475 3778 2721 3852 angelico
2746 3794 2808 3834 se
2831 3778 2885 3833 in
2917 3777 3076 3834 terris
3099 3778 3364 3849 obsequio

1772 3877 2076 3935 exercebat.
2106 3872 2252 3930 Hora
2273 3874 2612 3931 celebrandae
2637 3880 2919 3929 nocturnae
2941 3872 3162 3946 synaxis
3179 3871 3364 3945 (1064)

1772 3968 2025 4026 excitatis
2038 3965 2347 4038 discipulis,
2367 3965 2444 4020 ait
2468 3983 2480 4019 :
2508 3962 2727 4036 Surgite
2751 3963 2927 4034 ocius,
2950 3962 3204 4047 promisit
3221 3960 3366 4019 Deus

1773 4082 2031 4127 coronam
2064 4064 2437 4139 vigilantibus.
2466 4058 2654 4118 Ollicio
2680 4061 2914 4132 expleto,
2938 4059 3117 4116 caeteri
3145 4075 3203 4115 se
3227 4060 3367 4116 lecto

1771 4161 2046 4228 reddunt;
2102 4159 2220 4231 ipse
2264 4163 2491 4228 praestat
2542 4154 2705 4229 [forte
2730 4153 2964 4235 perstat]
3013 4152 3366 4225 bonioperis

1772 4269 1997 4311 cursum
2052 4250 2508 4320 consummando.
2569 4248 2730 4305 Circa
2797 4248 3182 4319 crepusculum
3243 4262 3368 4302 cor-

1770 4363 1904 4420 pore
1929 4345 2246 4425 corruptivo
2277 4351 2606 4419 aggravante
2653 4342 2928 4407 animam,
2976 4341 3143 4411 coepit
3182 4355 3370 4396 exem-

1771 4441 1863 4515 plo
1915 4441 2135 4498 Domini
2175 4435 2358 4495 euntis
2400 4437 2467 4493 ad
2502 4436 2815 4508 passionem
2863 4434 3080 4501 taedere,
3124 4441 3179 4488 et
3228 4448 3365 4488 ocu-

1773 4536 1842 4592 lis
1878 4535 2117 4608 gravatis
2172 4547 2406 4599 somno,
2463 4529 2717 4602 captabat
2760 4526 3037 4583 dormiens
3087 4524 3367 4583 modicum

126 4643 300 4700 versus,
327 4633 393 4689 de
438 4632 721 4689 nimietate
762 4632 1012 4689 femineae
1044 4630 1488 4703 praesumptionis
1537 4646 1671 4687 con-
1699 4636 1748 4699 ι)
1773 4628 1994 4702 quietis.

126 4722 352 4793 queritur,
381 4741 506 4796 quae
532 4724 730 4782 callida
756 4732 874 4780 arte
894 4723 1181 4795 quaesisset
1204 4722 1425 4777 inurere
1442 4720 1548 4777 sibi
1575 4736 1675 4777 no-

126 4818 213 4869 tam
258 4832 358 4873 non
396 4818 623 4890 placita:
658 4817 771 4874 Deo
801 4814 1228 4873 communionis.
1277 4812 1408 4869 lude
1454 4830 1513 4871 se
1547 4814 1675 4874 aula

126 4909 373 4980 proripuit,
398 4919 453 4969 et
478 4927 697 4970 omnem
725 4911 875 4967 illam
896 4907 1212 4981 principalis
1235 4907 1469 4964 convivii
1491 4892 1675 4962 immi-

129 5001 221 5056 nuit
248 5002 638 5074 jucunditatem
670 5003 874 5077 (1065).
916 5000 1029 5058 Nec
1077 5001 1158 5058 sic
1198 5001 1405 5073 quievit
1431 5002 1674 5058 versutia

125 5086 337 5153 femineae
358 5139 373 5166 ,
435 5097 572 5154 nihil
626 5095 864 5154 volentis
928 5093 1241 5165 relinquere
1304 5091 1670 5163 inexpertum.

186 5351 347 5428 (1059)
376 5355 575 5412 Totum
602 5354 806 5428 bellum
831 5354 959 5428 ,hoc
981 5349 1296 5428 Sigebertus
1323 5364 1424 5428 pro
1464 5362 1567 5405 suo
1586 5346 1672 5403 in-

127 5422 258 5492 genio
278 5422 570 5493 exornavit,
593 5442 717 5485 cum
732 5422 1135 5481 Godeschalcus
1148 5431 1204 5493 et
1227 5422 1675 5493 Stepliauustan-

128 5490 221 5550 tum
250 5498 445 5565 dicant,
476 5490 689 5556 Gallum
730 5512 796 5552 ac
819 5495 1073 5551 Bioldnm
1103 5510 1135 5550 a
1163 5490 1404 5550 Petro—et
1434 5490 1670 5565 Audole-

126 5580 195 5630 ρο,
220 5569 306 5639 qui
349 5562 840 5627 ecclesiasticarum
894 5583 1078 5623 rerum
1118 5565 1480 5638 praedationes
1524 5562 1668 5618 ultra

110 5633 244 5694 ‘ferre
262 5657 366 5696 non
393 5650 661 5698 poterant.
692 5640 905 5696 occisos
929 5638 1120 5695 fuisse.

182 5654 244 5706 {re
262 5657 366 5696 nou
466 5650 661 5709 terant,
692 5650 905 5696 occtsos
929 5650 1120 5695 fuisse.

186 5708 352 5794 ςίοθρ)
369 5657 580 5794 gina,
605 5712 811 5794 Jopila,
832 5709 1092 5794 Jopilu_m,
1119 5708 1319 5782 Jupila,
1349 5705 1668 5794 prii-xilla,

127 5776 487 5864 viget/upilio,
511 5776 776 5864 vicus'est
790 5776 853 5864 in
870 5776 988 5864 ripa
1002 5776 1168 5864 Mosa:
1188 5776 1357 5864 prope
1378 5776 1669 5864 Leodium,

113 5848 494 5981 appium
522 5857 706 5916 villam
748 5848 960 5925 habuit,
1020 5854 1077 5912 in
1125 5848 1233 5928 qua
1249 5848 1446 5929 etiam
1466 5849 1672 5964 obiisse

292 5941 336 5982 l'o
1651 5942 1664 5964 ί

1301 6031 1347 6057 ,λ

1738 4720 1743 4727 ’
1844 4722 1934 4778 47.
1962 4720 2120 4778 Tunc
2147 4734 2296 4788 ecce,
2327 4719 2473 4775 circa
2501 4731 2758 4773 auroram
2781 4713 3190 4770 rarescentibus
3213 4721 3366 4770 tene-

1772 4813 1911 4881 bris,
1944 4811 2200 4869 hostilem
2223 4809 2524 4866 exercitum
2559 4805 2831 4865 cuneatim
2863 4805 3114 4862 incedere
3141 4805 3289 4861 videt
3312 4812 3370 4862 et

1774 4904 1992 4960 nuntiat
2021 4902 2305 4959 excubitor
2325 4899 2651 4973 episcopalis
2671 4898 2890 4965 domus,
2917 4897 3141 4953 nomine
3172 4894 3369 4951 Baldo-

1774 5014 1944 5066 veus;
1978 4980 2035 5053 et
2073 4996 2326 5069 quamvis
2366 4994 2565 5051 nebula
2605 5008 2766 5049 mane
2791 4981 3109 5049 ascendens‘
3130 4990 3365 5046 liberum

1776 5091 2037 5149 intuitum
2080 5088 2416 5158 retunderet,
2462 5086 2622 5145 facile
2660 5096 2779 5143 erat
2805 5101 2922 5143 rem
2960 5082 3365 5157 deprehendere

1851 5343 2376 5420 (106j)__llistoriam
2418 5345 2561 5420 hanc
2592 5338 2758 5420 refert
2790 5342 3036 5420 Severus
3086 5339 3363 5420 sulpicius

1929 5410 2181 5475 25'Vitae
2226 5415 2284 5504 Sp.
2322 5415 2563 5485 Martini,
2608 5416 2698 5472 cui
2720 5415 2918 5471 colitur
2937 5413 3025 5469 die
3049 5429 3106 5468 x1
3128 5410 3361 5468 Novem-

1775 5491 2032 5637 brii'osa)
2050 5513 2157 5617 Adi
2173 5558 2430 5635 Dialogos
2455 5559 2701 5633 ejusdem
2725 5555 2912 5614 Severi
2928 5554 3155 5628 Sulpicii
3180 5553 3276 5611 lib.
3294 5569 3358 5627 ιι,

2057 5703 2130 5778 Et
2153 5702 2505 5778 hocquoque
2527 5710 2702 5778 totum
2731 5700 3045 5778 convivium
3082 5707 3360 5778 antiquio-

1767 5770 2222 5860 ribus'oinnibus
2261 5770 2508 5860 ignotum
2550 5774 2778 5857 prii-nus,
2810 5772 3073 5860 conﬁnxit
3101 5770 3357 5860 Sigebern

1768 5857 1859 5905 tus
1878 5856 2043 5980 ειόἓὶιθ
2074 5847 2150 5903 ita
2180 5841 2385 5913 retulit,
2435 5841 2594 5918 quaéi
2647 5845 2767 5916 ipse
2793 5844 2970 5904 eidem
2994 5841 3353 5918 interfuisset,

1841 5920 1894 5993 (1
2010 5918 2109 5989 )ld
2138 5926 2224 5982 est
2248 5916 2423 5979 Otiicii
2456 5915 2733 5979 nocturni.
3440 5932 3447 5937 ‘
