3952 6324
600 534 687 593 vel
705 549 773 591 ex
799 533 918 591 visa
947 532 1298 589 multitudine
1316 530 1585 598 virorum,
1615 528 1700 584 vel
1729 543 1799 584 ex
1828 528 2014 585 audita
2037 529 2192 585 colli-

599 625 755 683 sione
777 640 1077 680 armorum.
1106 623 1380 678 Micabant
1400 622 1604 689 loricae,
1628 621 2042 692 proeminebant
2069 637 2192 677 cas-

599 719 744 776 sides
789 718 847 773 in
877 717 1089 789 capite,
1137 717 1271 772 levae
1312 715 1635 784 tegebantur
1663 713 1902 786 clypeis,
1956 715 2193 770 dextera:

597 810 955 868 armabantur
981 811 1152 882 spatis
1177 819 1233 866 et
1263 810 1498 878 lanceis;
1538 808 1805 879 praeibam
1834 807 2191 864 fundibularii

597 922 723 964 cum
750 905 1067 978 sagittariis.
1110 904 1308 961 Audite
1340 919 1459 960 rem
1489 902 1816 971 mirabilem,
1841 901 2041 960 divinae
2068 903 2189 974 pie-

597 1001 724 1057 tatis
764 1000 1033 1056 indicem!
1083 996 1153 1053 Ut
1195 997 1342 1054 enim
1392 996 1664 1065 clareret,
1725 995 2082 1052 Lantbertum
2133 997 2190 1052 in

595 1092 748 1148 nullo
794 1090 1062 1163 gloriari,
1116 1090 1226 1147 nisi
1269 1091 1326 1144 in
1367 1105 1530 1145 cruce
1572 1087 1791 1144 Domini
1841 1089 2014 1145 nostri
2058 1086 2188 1145 Jesu

592 1184 820 1252 Christi,
847 1199 945 1255 per
973 1198 1137 1253 quem
1166 1182 1218 1239 ei
1247 1181 1486 1237 mundus
1513 1180 1810 1237 cruciﬁxus
1837 1189 1975 1249 erat,
1999 1189 2053 1236 et
2073 1181 2188 1252 ipse

592 1277 820 1344 mundo,
848 1277 1010 1348 eique
1052 1276 1162 1346 jam
1193 1291 1226 1331 a
1256 1285 1399 1330 terra
1430 1274 1487 1329 in
1539 1273 1741 1329 coelum
1799 1288 1896 1343 per
1926 1272 2187 1329 virtutem

591 1367 776 1424 crucis
797 1382 1091 1423 ascensum
1135 1365 1192 1421 in
1221 1366 1375 1422 caelis
1410 1365 1613 1436 parari,
1647 1364 1870 1436 quidam
1897 1374 2187 1436 sequentes

589 1460 913 1527 exercitum,
932 1458 1121 1516 vident
1142 1459 1356 1531 signum
1383 1456 1703 1514 admirabile
1719 1463 1998 1527 stupentes
2020 1472 2185 1528 supra

588 1554 837 1623 domum,
870 1554 927 1609 in
957 1569 1067 1626 qua
1092 1561 1212 1610 erat
1230 1552 1496 1625 pontifex,
1531 1552 1706 1608 instar
1732 1549 2031 1605 Dominicae
2061 1566 2186 1606 cru-

588 1649 690 1717 cis,
720 1649 924 1705 clarius
952 1648 1105 1705 omni
1134 1650 1355 1705 metallo
1373 1689 1389 1717 ,
1435 1664 1468 1725 a
1517 1659 1661 1704 terra
1692 1660 1867 1717 usque
1890 1645 1960 1700 ad
1983 1646 2185 1702 caelum

584 1742 1101 1800 nutilare..Constat
1127 1742 1479 1813 quibusdam,
1510 1738 1605 1811 qui
1645 1754 1742 1810 spe
1769 1745 1944 1811 pacta:
1970 1752 2182 1793 merce-

584 1838 691 1907 dis,
722 1852 834 1894 non
862 1836 1122 1893 aviditate
1147 1834 1411 1891 fundendi
1442 1832 1748 1905 sanguinis,
1780 1842 1836 1888 et
1863 1830 2078 1887 tantum
2114 1829 2183 1886 ad

584 1931 896 2001 augendum
941 1944 1235 1986 numerum
1286 1927 1545 1996 militum,
1594 1942 1708 1982 non
1752 1922 1821 1980 ad
1850 1923 2180 1996 patrandum

584 2025 767 2081 scelus
811 2022 1096 2080 Dodonem
1161 2022 1534 2094 sequebantur
1560 2062 1576 2089 ,
1643 2026 1889 2076 sanctam
1960 2033 2181 2074 crucem

585 2117 757 2175 fuisse
783 2118 1174 2189 conspicuam;
1226 2118 1334 2175 illis
1358 2129 1585 2185 econtra
1614 2115 1997 2173 occultabatur
2029 2114 2182 2185 obje-

584 2221 673 2269 ctu
707 2213 939 2282 nebulai,
970 2213 1068 2286 qui
1095 2212 1394 2285 cupiditate
1440 2212 1647 2284 rapinae
1690 2219 1747 2266 et
1773 2209 2183 2282 exspectatione

582 2306 793 2378 pramii
855 2307 1138 2378 spirabant
1183 2306 1236 2362 in
1295 2305 1596 2377 perniciem
1663 2303 1841 2361 sancti
1906 2300 2181 2374 pontiﬁcis

583 2400 794 2474 (1065).

651 2536 741 2593 48.
798 2535 984 2592 Primo
1045 2534 1410 2592 Constantino
1472 2531 1791 2605 imperatori
1850 2530 1920 2588 ad
1975 2530 2179 2587 bellum

579 2631 763 2687 aemuli
789 2630 1005 2703 signum
1035 2630 1217 2685 crucis
1264 2628 1422 2699 igneo
1449 2626 1661 2698 fulgore
1687 2624 1915 2681 rutilum
1953 2623 2010 2678 in
2038 2624 2179 2680 coelo

580 2724 852 2796 apparuit,
869 2739 980 2794 quo
998 2722 1324 2793 inscriptum
1346 2720 1665 2776 videbatur:
1685 2718 1861 2789 τούτῳ
1882 2720 2011 2785 νίκα,
2031 2717 2178 2788 quod

580 2825 686 2885 est,
714 2815 777 2871 In
802 2818 908 2872 hoc
952 2817 1110 2888 signo
1138 2815 1324 2871 vinces
1362 2812 1570 2886 (1066).
1621 2810 1919 2867 Lantberto
1957 2825 2179 2881 quoque

579 2911 636 2967 in
683 2909 971 2981 procinctu
1018 2908 1147 2965 belli
1179 2917 1389 2976 stante,
1433 2908 1650 2979 signum
1698 2906 1880 2961 crucis
1926 2905 2181 2976 apparuit

580 3007 744 3073 super
773 3001 997 3056 domum
1028 2999 1171 3070 ejus,
1203 2998 1362 3071 plane
1392 2997 1728 3069 portendens
1754 2996 1853 3063 illi,
1891 2996 1984 3066 qui
2038 2994 2177 3066 stig-

579 3100 728 3148 mata
773 3093 955 3149 crucis
992 3090 1202 3147 Christi
1230 3090 1287 3145 in
1315 3090 1479 3146 corde
1507 3097 1562 3144 et
1587 3099 1818 3159 corpore
1859 3103 1961 3143 suo
1991 3094 2177 3158 pertu-

576 3187 733 3256 lerat,
761 3187 875 3258 jam
910 3201 940 3241 a
970 3183 1083 3241 Deo
1108 3184 1393 3241 victoriam
1417 3191 1470 3238 et
1495 3196 1756 3238 coronam
1790 3181 1995 3251 parari.
2027 3178 2177 3234 Dileo

576 3288 667 3339 cto
698 3292 920 3353 quoque
963 3277 1183 3334 Domini
1228 3272 1526 3333 Benedicto
1564 3275 1654 3330 via
1702 3274 1885 3346 palliis
1922 3281 2094 3329 strata
2123 3281 2180 3328 et

576 3370 924 3444 lampadibus
972 3385 1004 3425 a
1055 3379 1202 3425 terra
1235 3382 1413 3440 usque
1456 3366 1524 3423 ad
1554 3367 1756 3422 cmlum
1801 3374 1994 3437 parata
2032 3380 2178 3434 esse,

576 3478 678 3535 per
706 3470 871 3535 quam
905 3463 973 3520 ad
1019 3463 1220 3519 coelum
1250 3461 1589 3528 ascenderet,
1632 3460 1962 3531 quibusdam
2005 3473 2177 3529 appa-

576 3557 688 3614 ruit
716 3556 900 3629 (l067)
937 3576 949 3613 :
974 3555 1273 3613 Lantberto
1297 3569 1428 3611 vero
1458 3569 1627 3626 quam
1656 3551 1951 3609 Benedicto
1978 3552 2180 3623 glorio-

577 3651 693 3708 sior
721 3651 812 3706 via
842 3659 1036 3722 parata
1063 3656 1168 3718 est,
1195 3649 1289 3721 qui
1313 3663 1414 3720 per
1443 3648 1621 3718 ipsam
1651 3660 1872 3703 crucem
1890 3688 1905 3713 ,
1956 3662 1987 3700 a
2033 3652 2178 3700 terra

574 3747 753 3817 usque
778 3744 847 3800 ad
871 3744 1072 3800 coelum
1102 3743 1442 3809 rutilantem,
1473 3740 1643 3797 caelos
1691 3739 1958 3795 ascendit.
2009 3738 2182 3794 Lant-

574 3836 763 3892 bertus
807 3850 1027 3907 quoque
1072 3833 1282 3890 felicior
1326 3831 1430 3888 fuit
1478 3832 1600 3903 ipso
1650 3828 1769 3884 Elia
1804 3848 1817 3884 :
1856 3828 2004 3886 Elias
2028 3830 2178 3886 enim

574 3930 736 4002 igneo
759 3944 924 3985 curru
955 3928 1012 3982 in
1041 3928 1240 3983 cmlum
1270 3933 1482 3997 raptus,
1532 3933 1709 3979 morte
1736 3923 1924 3990 dilata,
1956 3925 2177 3995 longam

577 4041 730 4096 spem
757 4004 883 4078 vitae
910 4029 1128 4077 aeternae
1155 4020 1337 4074 adhuc
1362 4025 1511 4074 tenet
1546 4035 1558 4071 :
1593 4015 1945 4082 Lantbertus,
2000 4026 2178 4073 morte

579 4117 752 4182 obita,
784 4115 841 4170 in
871 4115 1073 4170 coelum
1101 4113 1300 4168 ductus
1326 4128 1424 4184 per
1449 4125 1669 4167 crucem
1716 4111 1887 4182 igneae
1933 4112 2089 4179 lucis,
2119 4112 2176 4167 in

576 4216 782 4265 aeterna
813 4210 923 4263 vita
956 4208 1157 4280 gaudet
1180 4222 1304 4262 cum
1334 4204 1579 4262 Christo.

651 4347 740 4405 49.
780 4348 944 4405 Acies
968 4347 1215 4423 hostium
1239 4347 1355 4419 jam
1406 4347 1566 4419 quasi
1595 4347 1665 4403 ad
1695 4344 2051 4418 praecinctum
2081 4363 2177 4420 ap-

575 4442 982 4515 propinquabat
1016 4460 1029 4497 :
1061 4442 1349 4498 excubitor
1377 4441 1577 4497 domus
1610 4439 1874 4497 inclamat
1899 4440 2179 4497 dormien-

579 4540 680 4599 tes,
702 4535 904 4604 quibus
932 4534 1051 4606 ipse
1077 4534 1193 4605 jam
1221 4534 1592 4589 circumstans
1622 4532 1896 4589 exercitus
1923 4549 2045 4590 esse
2075 4548 2177 4604 po-

580 4633 720 4681 terat
761 4628 998 4684 nuncius
1043 4627 1309 4682 horroris.
1367 4624 1548 4682 Testis
1594 4624 1802 4683 Christi
1845 4624 2177 4683 Lantbertus

580 4718 843 4775 attonitus
887 4718 1182 4791 gravedine
1228 4718 1409 4775 somni
1436 4726 1493 4773 et
1519 4718 1599 4774 rei
1625 4719 1944 4787 acerbitate,
1974 4718 2177 4775 discal-

577 4810 736 4867 ciatis
762 4812 992 4882 pedibus
1020 4813 1217 4885 surgit,
1247 4821 1303 4869 et
1350 4812 1546 4884 arripit
1582 4813 1846 4885 gladium,
1898 4813 2059 4885 quasi
2115 4828 2176 4871 se

578 4919 821 4977 suosque
849 4903 1215 4962 defensurus:
1242 4906 1340 4963 sed
1367 4906 1438 4963 ad
1465 4922 1525 4965 se
1555 4922 1832 4975 reversus,
1875 4922 1934 4963 se
1955 4907 2177 4964 temeri-

652 5178 840 5253 (l0§5)
870 5177 1081 5253 Quibus
1108 5191 1173 5232 ea
1204 5193 1340 5253 crux
1369 5177 1484 5253 visa
1527 5174 1942 5253 fuerit,_.quibus
1971 5176 2173 5253 occul-

579 5247 716 5321 tata,
747 5247 1062 5322 Sigebertus
1084 5264 1150 5322 ex
1183 5249 1296 5305 sola
1332 5248 1647 5322 conjectura
1671 5247 1898 5322 _diiisse
1932 5248 2168 5315 videtur,

580 5319 714 5405 nam
739 5319 1079 5405 antiquiores
1100 5320 1396 5405 biographi‘
1416 5327 1625 5403 tantum
1655 5319 1865 5387 dicunt,
1889 5334 2010 5375 eam
2031 5335 2173 5405 non-

580 5396 749 5481 nullis
776 5396 843 5450 de
873 5391 1002 5475 ipso
1023 5391 1287 5461 exercitu,
1314 5392 1400 5447 vel
1450 5393 1748 5447 exercitum
1809 5391 2169 5463 sequentibus

581 5477 659 5524 ita
693 5481 832 5524 anna
839 5481 1035 5521 1⁸111858.

654 5494 659 5523 ι
693 5483 1035 5593 θὲἕεωιδεε.
1225 5536 1236 5548 ⁸
1283 5536 1296 5548 .
1336 5535 1349 5548 ⁸
1636 5535 1647 5548 υ
1901 5534 1911 5546 .

654 5539 704 5612 (1
785 5534 1299 5612 ﬁ)__S.Co_n_stant_1nt
1331 5542 1681 5612 imperatoris
1719 5542 1871 5612 gesta
1898 5533 2173 5590 Illustrata

583 5607 716 5669 sunt
742 5610 811 5665 ad
831 5608 976 5665 diem
1019 5609 1103 5682 21(
1132 5607 1290 5682 Maii,
1328 5608 1514 5679 ibique
1542 5608 1607 5662 de
1642 5607 1954 5682 prodigiosa
1987 5619 2172 5672 cruce,

583 5698 749 5754 quam
774 5682 1036 5754 adversus
1049 5679 1393 5754 llaxentium
1419 5678 1670 5754 moturus
1693 5678 1848 5754 vidit,
1885 5686 2067 5733 actum
2091 5682 2176 5732 est

585 5750 704 5825 cap.
733 5752 785 5808 5.
820 5750 997 5825 Voces
1036 5750 1255 5825 Graecas
1303 5751 1537 5821 restitui,
1578 5766 1704 5807 cum
1752 5750 1807 5805 in
1836 5764 1941 5806 ms.
1985 5758 2175 5805 nostro

587 5821 857 5896 legeretur
874 5823 1077 5896 vitiose
1105 5821 1406 5896 D_uthoyca.

661 5891 846 5962 (1067)
874 5892 996 5950 Vita
1026 5892 1084 5950 S.
1131 5891 1429 5966 Benedicti,
1466 5894 1687 5953 Ordinis
1717 5893 1803 5953 sui
1842 5891 2176 5962 fundatoris,

1744 488 1747 491 γ
1782 364 2145 474 SlGEBER'l‘I
2184 410 2717 474 GEMBLACENSIS

2219 530 2268 590 Α
2291 530 2420 586 tatis
2450 528 2761 596 damnavit,
2813 534 2867 584 et
2919 529 3049 600 quia
3095 530 3279 589 illicite
3310 532 3490 589 saltem
3515 540 3786 603 attentam

2296 639 2471 691 arma,
2503 640 2563 680 se
2609 630 2734 691 ante
2781 621 2955 678 Deum
3002 627 3322 699 congruenti
3370 627 3557 683 addixit
3586 633 3784 700 ptem‘ten.

2294 716 2386 773 tiae
2416 716 2620 791 (l068).
2671 716 2746 772 Te
2772 760 2786 786 ,
2838 717 3054 789 inquit,
3107 720 3249 777 bone
3287 720 3413 778 Jesu
3438 764 3452 789 ,
3495 722 3577 794 qui
3618 725 3785 786 dixisti;

2301 829 2320 862 ι
2352 808 2485 864 Mihi
2511 809 2829 880 vindictam,
2862 819 2915 865 et
2942 827 3045 883 ego
3073 813 3391 882 retribuam,
3426 832 3443 865 ι
3488 822 3537 869 te
3560 830 3787 885 precante

2293 902 2515 973 perdam
2546 902 2827 959 victoriam
2858 918 3062 974 meam,
3094 896 3224 977 quia
3255 907 3423 963 satius
3465 912 3543 963 est
3562 909 3785 970 mihimori

2293 994 2350 1050 in
2385 1004 2454 1065 te,
2489 1012 2655 1068 quam
2687 1013 2852 1068 super
2893 998 3148 1055 inimicos
3184 1015 3338 1058 meos
3382 1001 3607 1058 bellando
3637 1004 3786 1064 mittere

2292 1104 2510 1146 manus.
2545 1087 2628 1145 Tu
2656 1089 2889 1147 bellator
2918 1090 3097 1161 fortis,
3126 1093 3467 1164 apprehende
3492 1110 3622 1152 arma
3644 1104 3686 1152 et
3703 1114 3787 1156 sca-

2293 1189 2430 1249 tum,
2462 1189 2517 1237 et
2556 1196 2791 1254 exsurge
2838 1183 2895 1237 in
2932 1183 3269 1254 adjutorium
3319 1184 3469 1241 mibi.
3503 1183 3609 1241 lam
3630 1188 3787 1259 inepti

2290 1272 2484 1343 portis,
2528 1273 2644 1343 jam
2695 1273 2937 1331 eﬁ‘ractis
2966 1273 3199 1345 foribus,
3249 1276 3397 1348 ipsos
3426 1277 3603 1334 domus
3623 1280 3786 1350 parietes

2290 1364 2664 1437 impingebant
2688 1365 2930 1435 lanceis;
2963 1368 3131 1439 aliqui
3153 1370 3318 1424 etiam
3342 1370 3647 1442 introgressi,
3664 1372 3784 1444 ignea

2290 1459 2650 1515 intentabant.
2680 1459 2877 1517 Petrus
2895 1470 2949 1517 et
2975 1460 3288 1519 Audolecns
3313 1462 3648 1536 introgressos
3668 1466 3785 1522 clini-

2289 1551 2515 1621 nabant,
2542 1563 2595 1609 et
2622 1562 2734 1609 tam
2758 1555 2948 1611 multis
2981 1564 3095 1612 tam
3116 1572 3419 1627 paucorum
3444 1558 3630 1614 viribus
3649 1557 3785 1614 frustra

2288 1645 2629 1700 conabantur
2666 1646 2962 1715 resistere;
3017 1662 3160 1719 quos
3215 1655 3441 1704 sanctus
3497 1663 3586 1720 pro
3617 1656 3787 1720 tempore

2288 1739 2601 1795 consolans.
2657 1737 2737 1809 Si,
2772 1740 2970 1812 inquit,
3007 1756 3117 1809 me,
3154 1739 3376 1810 fratres,
3406 1727 3589 1797 vicai'ie
3612 1742 3784 1807 amastis,

2287 1828 2591 1900 Christum,
2636 1833 2780 1887 sicut
2822 1848 2922 1904 ego
2969 1832 3157 1906 diligo,
3202 1834 3411 1907 diligite
3460 1854 3472 1889 :
3517 1844 3666 1891 vestra
3702 1834 3785 1891 lesl

2287 1931 2512 1993 peccata
2539 1924 2895 1994 conﬁtemini,
2937 1934 2993 1982 et
3025 1936 3179 1983 orate
3216 1942 3322 2000 pro
3346 1927 3583 1997 invicem,
3605 1928 3787 1985 ntsalve

2287 2017 2444 2073 mini.
2476 2016 2561 2074 Me
2591 2028 2805 2090 oportet
2823 2020 2937 2091 jam
2979 2020 3230 2089 dissolvi,
3271 2028 3330 2078 et
3378 2036 3497 2077 cum
3538 2018 3785 2078 Chﬁstovi-

2286 2124 2431 2167 VCI‘C.

2212 1890 2259 1951 Β

2356 2248 2446 2303 50.
2483 2247 2650 2305 Scitis
2663 2262 2786 2316 vos,
2810 2264 2845 2305 o
2864 2256 3093 2321 nepotes
3112 2250 3244 2318 mei,
3276 2265 3405 2307 reos
3432 2247 3784 2306 etnoxiosluiste

2284 2340 2344 2397 in
2392 2341 2622 2396 crimine
2680 2341 2788 2398 isto
2844 2340 3067 2414 (1069),
3124 2343 3194 2398 de
3234 2358 3352 2413 quo
3396 2342 3552 2398 modo
3585 2342 3692 2397 ultio
3728 2356 3785 2395 et-

2284 2435 2529 2505 petitur;
2584 2434 2735 2505 quod
2786 2443 2920 2491 tunc
2957 2435 3163 2506 injuste
3189 2420 3397 2509 egistis.
3434 2436 3599 2503 modo,
3640 2450 3785 2507 preco.

2279 2526 2430 2597 justo
2454 2542 2521 2582 ac
2544 2526 2815 2597 patienter
2833 2527 2987 2583 luite.
3013 2525 3135 2583 Non
3161 2527 3435 2598 judicabit
3465 2528 3592 2584 Deus
3613 2528 3679 2583 his
3696 2528 3734 2581 in
3752 2526 3787 2580 id

2284 2619 2489 2689 ipsum,
2522 2633 2626 2676 nec
2650 2629 2947 2692 consurget
2974 2621 3174 2692 duplex
3208 2621 3511 2677 tribulatio.
3538 2618 3622 2687 Ne,
3644 2633 3785 2691 quaso,

2283 2722 2570 2784 peccatum
2594 2723 2840 2771 vestrum
2867 2722 2995 2770 ante
3023 2714 3197 2770 Deum
3245 2715 3494 2782 inundet,
3521 2730 3609 2770 nec
3627 2728 3788 2784 perm

2284 2824 2390 2865 nus
2415 2818 2629 2866 vestras
2651 2810 2880 2881 sanguis
2931 2809 3257 2881 sanguinem
3304 2817 3509 2880 tangat.
3536 2805 3636 2863 Non
3655 2807 3787 2862 tim-

2258 2894 2409 2958 mus
2443 2903 2708 2958 saevitiam
2760 2912 3200 2973 persecutorum,
3256 2904 3392 2974 quia
3420 2903 3523 2957 illis
3550 2899 3789 2957 eritinvin-

2283 2994 2488 3052 dictam
2516 2995 2733 3066 gladius
2762 3004 2817 3051 et
2843 2996 3010 3068 ignis,
3033 2997 3129 3067 qui
3152 2996 3509 3052 manducabit
3535 3007 3693 3051 carnes
3710 2990 3788 3046 illo-

2283 3104 2407 3143 rum
2437 3103 2613 3159 usque
2638 3088 2709 3144 ad
2737 3089 3057 3144 medullam.
3082 3086 3194 3144 Vos
3217 3096 3439 3144 tantum
3463 3094 3790 3143 manusvestns

2284 3193 2499 3240 servate
2528 3185 2802 3252 innoxiae,
2834 3193 2896 3240 ut
2943 3193 3001 3241 et
3032 3186 3261 3255 spiritus
3311 3194 3488 3242 vester
3522 3186 3573 3240 in
3597 3192 3785 3239 eternal

2206 3248 2250 3311 Ο
2285 3282 2355 3337 sit
2384 3281 2602 3338 salvus:
2631 3248 2846 3338 vestras
2876 3282 3043 3338 etiam
3064 3248 3266 3338 earnm
3288 3281 3423 3339 date
3446 3282 3550 3338 illis
3573 3281 3631 3335 ad
3646 3278 3786 3333 dilace-

2281 3373 2535 3429 randum.
2571 3371 2668 3429 His
2690 3372 2902 3429 ultimis
2914 3373 3142 3429 monitis
3166 3372 3355 3429 Patris
3376 3373 3482 3441 sui,
3504 3372 3603 3443 jam
3642 3369 3686 3423 in
3705 3378 3788 3437 ago-

2281 3469 2373 3524 nia
2409 3468 2715 3534 constituti,
2764 3467 2993 3523 animati
3050 3475 3178 3523 sunt
3227 3482 3427 3522 omnes
3456 3466 3521 3521 ad
3548 3461 3788 3520 occumben-

2280 3559 2413 3615 dum
2444 3574 2546 3629 pro
2578 3558 2796 3629 justitia
2837 3565 2894 3613 et
2918 3558 3255 3614 innocentia.
3281 3557 3411 3629 [pse
3438 3564 3633 3627 anepto
3647 3551 3787 3609 Psalle-

2280 3652 2386 3719 rio,
2416 3664 2473 3708 et
2511 3652 2756 3722 primum
2801 3651 3002 3722 psalmi
3048 3667 3294 3719 versum,
3340 3653 3440 3723 qui
3476 3648 3693 3712 occurrit,
3725 3656 3787 3714 μθ

2280 3744 2550 3817 ριέδδεὶο
2584 3743 2899 3816 accipiens:
2936 3765 2957 3796 ι
3012 3743 3288 3811 Quoniam
3324 3745 3557 3815 requiret
3600 3737 3786 3795 llo-tim

2281 3840 2603 3911 sanguinem
2628 3854 2920 3895 servon
2951 3853 3179 3893 suorum
3204 3856 3221 3905 ;
3255 3857 3272 3889 ι
3316 3839 3424 3894 hoc
3448 3834 3690 3907 subjuuil
3703 3827 3787 3881 ιω-

2281 3948 2432 3989 mum
2461 3952 2473 3987 :
2508 3931 2704 3988 Videat
2730 3931 3018 4000 Dominus,
3043 3941 3096 3987 et
3124 3932 3395 4003 requirat.
3430 3930 3493 3985 Et
3511 3925 3788 4000 egressum-

2280 4027 2445 4082 nibus
2471 4035 2627 4081 extra
2658 4026 2996 4091 cubiculum,
3026 4034 3082 4081 et
3103 4027 3265 4095 quasi
3287 4013 3449 4097 agnis
3496 4025 3545 4078 in
3569 4021 3709 4076 medio
3729 4015 3785 4069 11·

2280 4120 2538 4175 rientium
2569 4119 2631 4192 [ι.
2664 4118 2988 4191 furentium]
3028 4119 3318 4189 expositis,
3349 4119 3465 4189 ipse
3490 4112 3696 4171 extensis
3712 4121 3785 4161 III-

2280 4213 2464 4279 nibus,
2488 4223 2650 4268 terrae
2670 4213 2725 4267 in
2754 4213 2981 4268 modum
3010 4213 3190 4267 crucis
3221 4211 3595 4283 prosternitur,
3617 4214 3661 4261 et
3678 4212 3784 4257 orm

2280 4320 2407 4362 cum
2452 4306 2712 4378 lacrymis
2737 4347 2753 4373 ,
2800 4305 2858 4359 in
2912 4320 3112 4360 manus
3162 4303 3385 4360 Domini
3433 4303 3643 4384 animant
3681 4303 3783 4350 sul

2281 4401 2703 4468 commendavit,
2736 4408 2798 4456 ut
2825 4413 2991 4455 nemo
3045 4413 3290 4470 unquam
3323 4384 3785 4454 affectuosusaellﬂ

2281 4492 2768 4550 commendaverit.

2206 4614 2257 4674 ο
2353 4630 2441 4686 51.
2470 4628 2782 4699 ,Carnifices
2817 4627 3026 4683 interea
3049 4623 3274 4680 Petrum
3302 4633 3359 4679 et
3386 4621 3679 4678 Audolecum
3701 4622 3781 4680 pef-

2282 4731 2552 4791 emerunt,
2586 4731 2640 4777 ct
2680 4730 2950 4793 quotquot
2978 4718 3367 4776 ecclesiasticae
3397 4712 3633 4793 clientela
3649 4702 3781 4793 ibidela

2214 4887 2231 4895 -
2282 4816 2629 4873 invenerunt.
2654 4814 2809 4873 Unus
2836 4814 3048 4871 caeteris
3077 4811 3460 4895 truculentior,
3489 4789 3680 4863 ascenso

2284 4902 2544 4974 culmine,
2583 4922 2819 4979 eumque
2846 4906 3036 4963 videns
3069 4907 3371 4962 haerentem
3416 4890 3528 4957 solo
3549 4890 3780 4969 parilem

2280 5184 2505 5234 auctore
2536 5174 2593 5231 S.
2629 5174 2893 5246 Gregorio
2921 5172 3139 5246 Magno,
3179 5171 3306 5227 data
3330 5176 3417 5227 est
3443 5168 3526 5226 die
3563 5164 3619 5220 21
3641 5153 3777 5217 lanii.

2280 5249 2375 5304 ubi
2406 5265 2524 5319 cap.
2559 5248 2591 5319 6
2620 5248 2725 5303 ista
2743 5243 2887 5301 visio
2915 5243 3171 5319 refertur.

2352 5308 2536 5393 (1068)
2563 5317 2861 5393 Sanctum,
2881 5316 3095 5393 abiecto
3112 5330 3239 5393 mox
3260 5314 3470 5393 gladio,
3481 5321 3624 5389 quem

2279 5382 2460 5465 gravis
2492 5382 2673 5462 primo
2698 5390 2898 5444 mentis
2933 5382 3138 5465 impetu
3165 5388 3231 5441 ad
3260 5382 3345 5465 sui
3376 5382 3775 5465 defensiongflff:

2281 5441 2548 5536 iiﬁdéiai,"
2562 5441 3225 5536 "mutas—sescnte‘ntiam,
3240 5530 3252 5536 _
3277 5459 3430 5536 nium
3461 5453 3606 5536 etiam

2279 5520 2503 5591 clinicus
2528 5520 2582 5590 et
2625 5533 2975 5604 Stephanus;
3017 5531 3112 5586 sed
3142 5520 3438 5585 de"indicta
3475 5523 3571 5581 sibi
3594 5520 3774 5589 prop“?

2281 5624 2343 5642 ο..
2403 5606 2721 5642 “mansum
2773 5613 2962 5642 nnnfar
3012 5603 3259 5642 mminit
3319 5599 3482 5642 Dm
3526 5591 3773 5642 meum”:

2280 5624 2347 5665 ea
2403 5598 2737 5680 poenitentia
2771 5613 2962 5661 neuter
3012 5603 3280 5658 meminit.
3319 5599 3484 5659 Poeta
3526 5598 3773 5657 anonymu.

2281 5695 2436 5735 num.
2489 5678 2592 5734 174
2636 5679 2862 5744 relatus,
2890 5690 2959 5731 ex
3002 5688 3224 5730 rumore
3276 5672 3540 5744 fabulatus
3581 5660 3773 5727 659m

2282 5743 2962 5824 septennio_p(enitere,__si
2989 5746 3195 5824 viveret
3222 5743 3499 5824 statuisse.

2356 5812 2539 5896 (1069)
2563 5812 2623 5877 ni
2657 5823 2803 5879 caede
2825 5812 3034 5878 scilicet
3055 5817 3194 5874 Galli
3216 5826 3271 5873 et
3292 5812 3489 5870 Rioldi.
