3908 6316
57 417 184 481 8ῢῦ

1246 418 1407 478 VITA
1442 414 1728 479 ALTERA
1766 420 1827 479 S.
1872 418 2248 482 LAMBERTI.

3290 408 3396 498 sos

63 534 183 594 chr
219 525 346 608 eius
361 527 520 610 'jacto
563 534 672 594 telo
713 535 996 594 transﬁxit
1023 533 1207 610 (1070)
1236 554 1252 606 ;
1286 537 1529 594 animam
1567 547 1699 595 vero
1726 540 1775 600 Α
1800 540 2007 598 sanctis
2028 541 2291 599 membris
2318 541 2771 616 inﬁgere‘oscul’a.
2798 544 3128 609 Delectabile
3154 569 3219 611 ac
3238 557 3390 628 pium

62 634 213 705 ejus
247 648 378 691 cum
422 632 544 704 ipso
589 631 857 689 orationis
904 631 1213 688 murmurio
1248 632 1427 704 angeli
1460 631 1692 689 intulere

62 726 254 783 calo.
303 722 587 782 Pretiosus
636 740 738 798 ego
780 725 1039 782 sacerdos
1074 723 1292 781 Domini
1338 724 1687 796 Lantbertus,

61 819 179 891 qui
244 818 341 875 hic
406 818 588 875 fuerat
639 818 913 891 particeps
961 819 1210 874 omnium
1264 820 1688 877 custodientium

61 910 353 968 mandata
377 910 495 979 D81,
521 911 726 968 fruitur
751 911 864 968 illic
890 911 1136 983 gaudens
1166 920 1219 969 et
1237 914 1540 983 exsultans,
1564 929 1686 970 om-

61 1000 243 1062 nium
296 1012 615 1062 sanctorum
667 1005 1052 1064 contubernio.
1104 1005 1242 1063 Cum
1277 1008 1685 1065 continentibus

58 1110 124 1158 et
173 1103 489 1176 virginibus
528 1103 816 1160 redimitus
865 1114 1013 1161 serto
1063 1103 1353 1173 castitatis,
1404 1103 1687 1162 confessor

63 1210 211 1251 cum
238 1195 680 1266 confessoribus,
711 1206 838 1254 ante
866 1196 1039 1254 Deum
1071 1196 1211 1253 bibit
1237 1196 1537 1253 secundum
1558 1196 1687 1253 cali-

60 1304 201 1343 cem
230 1287 632 1357 confessionis;
672 1290 978 1346 monachus
1009 1306 1136 1346 cum
1174 1289 1462 1346 monachis
1485 1289 1683 1360 accipit

62 1382 404 1452 centuplum
480 1391 700 1439 aterna
761 1382 1328 1454 recompensationis;
1399 1383 1681 1454 apostolus

62 1494 209 1534 cum
238 1477 522 1550 Apostolis
568 1479 627 1535 in
655 1479 786 1536 sede
825 1478 1136 1551 iudiciaria
1176 1478 1464 1551 potestatis
1487 1478 1675 1547 sedet;

60 1572 355 1643 pr0pheta
378 1589 504 1629 cum
534 1573 815 1646 prophetis
845 1588 942 1645 spe
971 1571 1189 1646 gaudet,
1215 1571 1529 1644 patriarcha
1551 1587 1677 1628 cum

60 1666 415 1736 patriarchis
439 1666 543 1723 ﬁde
565 1667 772 1740 fulget;
803 1673 1084 1740 postremo
1128 1675 1337 1739 martyr
1367 1682 1493 1722 cum
1523 1682 1675 1721 mar-

59 1759 295 1831 tyribus
321 1760 543 1817 calicem
574 1761 830 1818 salutaris
860 1761 1156 1834 accipiens,
1206 1775 1407 1816 nomen
1458 1759 1677 1815 Domini

60 1852 321 1920 invocat,
350 1852 479 1925 quia
514 1854 695 1925 majus
742 1870 852 1910 non
884 1854 1096 1922 habuit,
1138 1851 1288 1925 quod
1319 1851 1555 1909 Domino
1583 1868 1673 1908 re-

56 1944 348 2000 tribueret
373 1960 472 2016 pro
503 1947 782 2014 omnibus,
813 1962 935 2018 qua
963 1945 1219 2001 retribuit
1245 1944 1369 2001 sibi.
1399 1942 1544 1998 Inter
1566 1958 1670 1998 no-

58 2052 193 2092 vem
216 2038 389 2093 etiam
416 2037 599 2095 locum
632 2039 854 2096 ordines
885 2039 1205 2111 angelorum
1240 2038 1423 2104 habet,
1471 2037 1671 2109 in'quo

60 2129 309 2201 singulis
351 2145 452 2201 pro
490 2132 688 2187 merito
717 2130 876 2188 oilicii
909 2130 993 2187 sui
1025 2130 1330 2202 participet.
1364 2128 1552 2201 Itaque
1584 2128 1670 2184 fa-

58 2229 189 2278 ctus
234 2223 487 2279 omnium
531 2224 825 2296 particeps,
857 2223 1063 2281 electus
1092 2231 1177 2280 est
1199 2224 1255 2277 in
1280 2232 1483 2278 aterna
1513 2221 1668 2279 curia

57 2314 379 2390 municeps,
423 2316 518 2372 ubi
561 2316 768 2373 obtinet
808 2317 1048 2388 palmam
1089 2317 1346 2388 perennis
1375 2315 1582 2389 gloria,
1615 2323 1670 2373 et
1708 2400 1709 2403 η

60 2408 269 2463 stolam
298 2408 665 2479 iucunditatis
692 2417 927 2466 aterna.

697 2544 928 2603 CAPUT
968 2545 1034 2603 V.

61 2660 321 2734 Corporis
365 2662 637 2733 sepultura
684 2662 917 2733 Trajecti
958 2677 977 2716 :
1012 2661 1352 2734 Dodoniset
1395 2663 1664 2718 sociorum

128 2751 289 2806 pana
322 2751 341 2789 :
374 2735 637 2789 miracula
665 2734 850 2790 Leodii
879 2735 1048 2806 facta,
1083 2742 1132 2788 et
1168 2733 1390 2806 ecclesia
1420 2734 1509 2790 ibi
1524 2736 1662 2791 tedi-

128 2803 302 2879 ﬁsatu
348 2822 366 2860 :
408 2823 597 2879 corpus
636 2803 1051 2879 eodtranslatum
1090 2820 1109 2858 :
1156 2803 1453 2861 Grimoaldi
1494 2807 1660 2862 cades

130 2877 393 2961 diuinitus
419 2876 605 2961 puni-ta
632 2893 659 2961 ε.
678 2876 1038 2960 Νονιὴεηαηηὶ
1072 2893 1104 2930 a
1148 2892 1301 2930 sacro
1327 2894 1542 2961 carpere
1574 2895 1660 2932 re-

123 2949 272 3017 pulsi
302 2964 321 3002 :
350 2950 584 3003 auctoris
606 2949 900 3023 observatio
926 2963 945 3002 :
976 2955 1179 3018 tempus
1213 2949 1483 3019 martyrii.

128 3054 220 3117 52.
266 3060 434 3118 Pauci
483 3078 549 3119 ex
585 3062 840 3118 satellitio
872 3062 1049 3118 sancti
1081 3062 1360 3134 martyris,
1404 3061 1497 3134 qui
1531 3079 1658 3118 eva-

57 3165 251 3211 serunt
298 3155 493 3212 mortis
522 3156 847 3227 periculum,
876 3162 1118 3227 tegentes
1146 3154 1240 3210 vili
1268 3156 1504 3227 tegmine
1533 3171 1657 3212 cor-

1794 640 1913 688 erat
1951 633 2138 691 videre
2185 650 2378 692 omnes
2424 639 2631 708 pastori
2683 655 2786 697 suo
2834 643 3146 714 impendere
3191 648 3390 722 pignus

1793 728 2036 797 amoris;
2087 729 2184 785 sed
2211 730 2526 787 miserabile
2554 748 2619 789 ac
2643 735 2846 791 mirum
2870 746 2990 793 erat
3017 739 3165 797 circa
3192 743 3389 800 errati-

1791 834 1886 877 cas
1911 828 2041 878 oves
2076 822 2215 878 iram
2245 822 2321 895 pii
2350 826 2591 896 pastoris
2619 827 2919 886 advertere.
2953 830 3211 890 Traditur
3236 837 3387 893 enim

1790 929 1821 969 a
1853 915 2178 986 majOribus,
2205 918 2356 989 quia,
2389 930 2515 974 cum
2545 918 2802 978 omnibus
2848 933 3100 981 sanctum
3148 943 3376 986 exoscu-

1788 1006 1937 1063 landi
1967 1008 2105 1064 liber
2129 1008 2310 1067 aditus
2335 1018 2566 1083 pateret,
2600 1013 2647 1069 si
2675 1029 2780 1085 qua
2806 1015 2983 1086 pellex
3015 1034 3073 1076 se
3103 1020 3383 1092 ingerebat

1787 1099 2084 1175 adeorpus
2106 1105 2364 1177 martyris
2395 1106 2778 1179 osculandum,
2811 1112 2972 1183 quasi
3003 1115 3243 1184 quodam
3267 1124 3385 1174 tur-

1785 1193 1914 1249 bine
1949 1202 2150 1263 rotata,
2193 1198 2568 1255 retrocedcbat
2591 1199 2796 1274 (1072).
2839 1201 2946 1258 Per
2963 1204 3216 1275 pellicum
3253 1226 3384 1283 ergo

1784 1285 2059 1357 repulsam
2081 1288 2323 1346 clarebat
2346 1291 2530 1360 nimis,
2556 1291 2667 1348 Deo
2688 1302 2741 1351 et
2762 1304 2953 1352 sancto
2975 1300 3205 1373 martyri
3225 1302 3383 1373 pelli-

1784 1396 1902 1437 cem
1927 1380 2112 1455 (1075)
2137 1384 2285 1440 illam
2329 1386 2576 1443 odiosam
2618 1386 2809 1460 fuisse,
2854 1407 2977 1463 qua
3019 1394 3223 1465 duplici
3268 1398 3381 1453 cri-

1782 1474 1931 1531 mine
1971 1474 2262 1535 Franciam
2290 1474 2673 1551 infamaverat,
2703 1490 2759 1541 et
2803 1493 3048 1541 sanctam
3087 1491 3383 1546 conturba-

1780 1577 1933 1626 verat
1971 1568 2315 1629 Ecclesiam.
2342 1572 2551 1646 Tantus
2589 1583 2772 1632 autem
2813 1578 2979 1634 timor
3002 1578 3380 1653 Trajectenses

1780 1675 1882 1731 pro
1924 1662 2090 1733 hujus
2131 1665 2211 1719 rei
2235 1666 2531 1723 acerbitate
2575 1668 2898 1739 incesserat,
2924 1680 2985 1727 ut
3016 1688 3118 1729 nec
3151 1691 3378 1731 mauso-

1779 1753 1926 1810 leum
1966 1755 2191 1828 dignum
2243 1759 2380 1813 tanti
2420 1760 2661 1818 nominis
2702 1762 2822 1819 viro
2866 1765 3131 1822 auderent
3169 1785 3378 1841 praepa-

1778 1862 1902 1903 rare
1952 1867 1966 1903 :
2011 1848 2217 1906 idcirco
2283 1860 2470 1922 aperta
2518 1854 2708 1910 tumba
2770 1855 2905 1927 Apri
2968 1859 3142 1928 patris
3202 1860 3376 1931 ipsius

2044 1903 2048 1904 ν
2161 1903 2207 1906 ν-
2287 1903 2470 1922 --ν-η
2520 1903 2708 1910 --___
2770 1903 2905 1927 --τη
2968 1903 3142 1928 μη...
3202 1903 3373 1931 “an-..

1702 1903 1751 1964 Β
1780 1940 1837 1997 S.
1864 1939 2166 2011 Lantberti,
2192 1959 2354 2002 mane
2372 1945 2517 2003 facto
2542 1964 2667 2004 cum
2692 1949 2913 2007 ossibus
2944 1953 3116 2023 patris
3139 1954 3225 2009 sui
3247 1971 3373 2011 cor-

1774 2049 1878 2105 pus
1906 2037 2240 2092 sanctissimi
2277 2037 2375 2093 ﬁlii
2398 2040 2518 2111 ejus
2551 2058 2728 2115 usque
2750 2043 2819 2099 ad
2852 2052 3067 2117 tempus
3093 2048 3370 2103 tumulan-

1724 2129 1727 2133 ‘
1773 2125 1904 2180 dum
1932 2125 2311 2184 decreverunt.

1962 2228 2258 2323 Exanimes
2288 2253 2436 2323 artus
2478 2262 2582 2301 non
2616 2247 2774 2323 liquit
2815 2250 3000 2307 cadica
3028 2253 3218 2323 virtus,
3254 2262 3307 2311 et

1846 2310 2168 2406 AMonstravit
2202 2314 2432 2385 populis,
2466 2310 2682 2389 quantté
2713 2321 2912 2392 fuerint
2936 2310 3216 2381 bonitatis:

1846 2398 1928 2461 Ne
1959 2407 2107 2462 enim
2136 2415 2475 2465 terrerentur
2495 2412 2683 2484 populi
2718 2400 2962 2472 humano
3003 2424 3234 2488 terrore,
3258 2433 3371 2492 quo

1769 2499 1958 2555 minus
1988 2509 2240 2557 sanctum
2264 2501 2471 2558 domini
2488 2501 2847 2563 Lantbertum
2863 2506 3029 2581 digno
3049 2509 3258 2568 honore
3276 2526 3372 2570 ve-

1767 2602 2117 2662 nerarentur,
2133 2595 2301 2667 coepit
2315 2595 2383 2653 ad
2403 2598 2678 2654 tumulum
2697 2600 2819 2671 ejus
2834 2611 2999 2659 noctu
3016 2612 3071 2659 et
3093 2602 3369 2661 interdum

1768 2684 1824 2739 in
1841 2684 1930 2740 die
1946 2686 2123 2741 audiri
2139 2689 2447 2760 angelicum
2463 2692 2818 2749 conticinium
2837 2695 3208 2766 psallentium,
3229 2713 3371 2769 quo-

1768 2779 1872 2835 ties
1894 2779 1967 2834 ibi
1993 2780 2297 2838 humanum
2328 2784 2607 2840 silentium
2629 2772 2753 2843 esse
2784 2788 3092 2845 videbatur.
3139 2788 3252 2847 Nec
3274 2791 3369 2847 de-

1765 2870 2010 2941 fuerunt,
2053 2874 2149 2944 qui
2194 2875 2274 2931 rei
2310 2876 2487 2947 ipsius
2529 2880 2818 2937 veritatem
2858 2883 3268 2952 scrutabantur,
3314 2892 3369 2940 et

1764 2976 1889 3021 cum
1919 2976 2260 3038 apponerent
2298 2984 2518 3026 omnem
2558 2974 2757 3029 mentis
2794 2981 2849 3029 et
2881 2975 3097 3030 aurium
3133 2975 3366 3048 diligen-

1762 3058 1917 3126 tiam,
1954 3059 2244 3116 videbatur
2263 3060 2345 3118 eis
2387 3060 2480 3137 [ex
2502 3063 2768 3134 qualitate
2794 3066 2942 3121 vocis
2984 3065 3042 3120 S.
3086 3064 3364 3122 Lantberti

1761 3150 1901 3207 bene
1910 3152 2014 3208 sibi
2027 3161 2157 3209 nota
2172 3152 2405 3229 (1074)],
2430 3157 2577 3227 quod
2598 3158 2714 3229 ipse
2737 3168 2959 3214 sanctus
2971 3175 3096 3214 cum
3110 3161 3251 3229 aliis,
3270 3162 3364 3232 qui

52 3264 157 3320 pus
184 3263 344 3303 roseo
368 3240 564 3304 cruore
587 3248 890 3319 perfusum,
915 3248 1243 3328 quantocius
1268 3249 1487 3322 navigio
1518 3248 1653 3306 Tra-
1679 3270 1722 3328 ο
1760 3258 1949 3301 secum
1990 3248 2388 3318 occubuerant,
2410 3249 2610 3306 divina
2648 3250 2923 3321 majestati
2957 3252 3172 3307 dulcem
3194 3254 3351 3309 melo-

47 3343 257 3414 jectum
285 3349 727 3398 transvexerunt.
779 3326 935 3398 Volat
964 3341 1109 3397 fama
1146 3357 1242 3413 per
1268 3343 1521 3414 populos,
1554 3358 1651 3415 pa-

51 3449 189 3489 vore
209 3441 264 3489 et
292 3433 523 3491 horrore
543 3430 834 3492 universos
855 3435 1172 3491 c‘oncutiens
1200 3454 1211 3488 :
1236 3442 1437 3506 pavent
1457 3451 1651 3492 omnes

51 3544 153 3600 pro
182 3525 392 3585 offensa
421 3527 688 3599 principis
713 3524 921 3601 (1071),
948 3528 1180 3583 horrent
1206 3540 1400 3585 omnes
1430 3544 1531 3605 pro
1559 3529 1648 3584 in-

49 3620 235 3678 debita
275 3637 409 3679 nece
435 3622 708 3694 prasulis,
740 3620 940 3678 deflent
987 3614 1386 3693 Trajectenses,
1416 3638 1475 3679 se
1504 3623 1647 3679 ami-

48 3713 193 3769 sisse
222 3712 301 3784 pii
326 3713 499 3784 patris
530 3713 988 3780 benevolentiam,
1018 3728 1119 3769 nec
1162 3720 1345 3789 tamen
1377 3714 1511 3772 satis
1543 3731 1644 3771 au-

44 3808 176 3864 dent
209 3806 449 3862 debitam
480 3814 636 3862 tanto
665 3806 806 3878 patri
830 3807 1192 3862 reverentiam
1228 3807 1507 3864 exhibere.
1542 3807 1647 3866 Vix

43 3916 208 3957 caros
254 3901 462 3973 lugere,
508 3901 601 3956 vix
651 3916 775 3956 reos
820 3907 977 3956 vacat
1022 3899 1222 3956 odisse.
1265 3898 1525 3972 Exposito
1576 3902 1644 3959 ad

40 4002 265 4066 portum
298 4001 489 4050 sancto
518 4004 768 4064 corpore,
822 3993 1066 4049 cucurrit
1110 3995 1346 4064 populus
1391 3996 1509 4051 sine
1539 4012 1642 4052 no-

41 4089 195 4143 mine
226 4095 283 4141 et
309 4101 561 4154 numero,
589 4094 645 4141 et
672 4086 864 4157 quanti
895 4087 1037 4158 apud
1064 4101 1256 4143 omnes
1283 4085 1341 4142 S.
1370 4084 1640 4144 Lantber-

42 4192 131 4238 tus
167 4182 473 4239 aestimatus
520 4182 612 4248 sit,
643 4197 708 4236 ex
742 4179 987 4237 confusis
1036 4181 1283 4235 omnium
1331 4181 1641 4252 planctibus

43 4275 309 4331 astimari
336 4281 570 4346 poterat.
595 4273 894 4346 lmposit'ns
919 4273 1120 4330 feretro
1140 4273 1384 4330 defertur
1413 4283 1641 4332 sanctus

40 4375 251 4441 martyr
280 4367 347 4423 ad
376 4366 658 4424 basilicam
708 4364 765 4423 S.
799 4363 946 4423 Petri
994 4383 1119 4424 cum
1160 4369 1369 4427 honore
1415 4368 1634 4438 debito;

40 4462 223 4517 clerus
268 4474 393 4514 cum
447 4459 676 4530 psalmis
723 4466 778 4516 et
827 4460 1059 4517 canticis
1101 4461 1487 4534 prosequitur,
1538 4479 1640 4535 po-

37 4556 203 4627 pulus
258 4554 556 4625 complodit
613 4569 812 4611 manus
862 4568 988 4611 cum
1039 4555 1295 4612 lamentis
1336 4574 1348 4610 :
1401 4559 1636 4631 populus

1757 3340 1907 3396 diam
1932 3350 2174 3397 caneret.
2201 3341 2260 3398 Si
2282 3342 2412 3414 quis
2432 3358 2498 3399 ea
2527 3343 2666 3399 hora
2687 3344 2849 3401 vellet
2883 3344 3035 3401 adire
3055 3345 3361 3415 basilicam,

1756 3450 1869 3506 pra
1892 3434 2125 3491 horrore
2148 3452 2259 3492 non
2282 3445 2499 3508 poterat
2546 3437 2797 3507 introire,
2821 3445 2876 3495 et
2908 3442 3115 3510 quanto
3139 3442 3265 3513 quis
3303 3457 3363 3498 sc

1755 3527 1985 3599 propius
2021 3523 2315 3602 ingereret,
2350 3538 2503 3587 tanto
2525 3531 2711 3587 minus
2749 3531 3025 3605 angelicas
3055 3549 3221 3590 voces
3262 3534 3361 3589 ad-

1754 3621 2008 3677 mittebat
2036 3623 2239 3679 retusis
2290 3624 2519 3681 auribus
2552 3644 2564 3680 :
2597 3642 2723 3682 cum
2757 3633 2940 3682 autem
2971 3625 3352 3698 elongabatur,

1754 3714 2000 3787 angelica
2030 3715 2267 3772 melodia
2310 3717 2548 3788 amplius
2596 3719 2915 3775 iterabatur.
2969 3715 3016 3776 0
3062 3717 3354 3774 ineffabilis

1752 3808 1995 3879 potentia
2025 3816 2138 3877 tua,
2171 3808 2415 3866 Christe!
2468 3808 2605 3879 Quis
2653 3819 2968 3882 compenset
3007 3819 3100 3867 tua
3129 3826 3357 3886 magna..-

1749 3902 1860 3958 lia?
1891 3901 2051 3971 Ecce,
2081 3904 2261 3974 palam
2286 3903 2442 3973 facis,
2480 3904 2628 3978 quod
2659 3921 2754 3962 ore
2783 3914 2878 3962 tuo
2907 3907 3093 3964 dixisti
3127 3927 3139 3965 :
3184 3928 3202 3961 ι
3230 3906 3351 3965 Νοη

1749 4004 1834 4053 est
1876 3995 2022 4053 Deus
2057 4008 2425 4068 mortuorum,
2458 4000 2553 4056 sed
2582 4000 2855 4056 vivorum.
2887 4020 2907 4054 ι
2961 4000 3166 4058 Omnes
3202 4002 3349 4058 enim

1748 4092 1847 4147 tibi
1877 4091 2088 4162 vivunt,
2118 4092 2214 4164 qui
2263 4094 2404 4150 vivis
2444 4102 2498 4150 et
2545 4110 2744 4168 regnas
2794 4096 2850 4151 in
2895 4097 3093 4154 saecula
3123 4098 3351 4156 saculo-

1747 4202 1894 4241 rum.
3144 4234 3151 4243 .

1818 4276 1909 4333 55.
1948 4270 2101 4334 Miles
2128 4275 2334 4334 Christi
2379 4276 2656 4351 gloriosus
2702 4277 3055 4351 Lantbertus,
3106 4291 3349 4353 quantus

1744 4369 1889 4440 apud
1916 4367 2119 4442 Regem
2147 4384 2338 4442 regum
2381 4369 2439 4425 in
2473 4370 2629 4428 calis
2676 4378 2845 4440 esset,
2876 4373 3041 4444 coepit
3076 4375 3262 4430 Statim
3290 4376 3347 4430 in

1742 4461 1910 4518 terris
1935 4460 2240 4533 patefacere
2265 4505 2280 4531 ,
2328 4477 2424 4532 per
2468 4462 2571 4518 hoc
2601 4464 2775 4519 multo
2804 4464 3035 4532 beatior,
3067 4468 3212 4536 quod
3249 4483 3349 4538 per

1745 4571 1871 4611 eum
1897 4557 2062 4612 etiam
2086 4563 2212 4627 post
2235 4565 2467 4611 mortem
2496 4571 2695 4612 nomen
2735 4550 2954 4613 Domini
2986 4559 3345 4617 benediceba-

39 4655 327 4720 pernoctat
367 4646 705 4717 solemniter,
752 4646 934 4705 clerus
975 4648 1079 4704 rite
1127 4647 1436 4720 frequentat
1463 4667 1632 4707 excu-
1667 4636 1713 4693 Ῑ)
1741 4661 1834 4708 tur
1858 4652 1916 4706 in
1952 4650 2190 4723 populis.
2223 4650 2510 4721 Apparens
2566 4650 2713 4706 enim
2763 4659 2925 4708 nocte
2972 4652 3340 4723 thesaurario,

38 4741 177 4798 bias.

106 4836 197 4891 55.
233 4833 398 4891 Juvat
437 4850 641 4923 omnes,
677 4836 975 4892 allambere
1021 4837 1251 4909 vestigia
1298 4839 1375 4910 pii
1416 4839 1628 4909 patris;

37 4945 233 5001 magna
262 4945 322 4986 se
348 4937 506 5000 putat
547 4922 807 5000 suffragia
840 4929 1131 4997 meruisse,
1173 4930 1261 4986 cui
1288 4932 1636 5002 contingebat

108 5177 292 5251 (1070)
328 5176 549 5251 Primus
584 5177 914 5251 (Sigebertus
958 5177 1185 5251 scripsit
1237 5176 1297 5235 S.
1349 5177 1632 5238 Lamberti

34 5249 130 5307 cor
154 5249 484 5305 transﬁxum
517 5249 707 5306 fuisse.
739 5249 1146 5308 Godeschalcus
1172 5251 1249 5306 ait
1274 5270 1287 5307 :

139 5340 210 5396 In
232 5342 345 5395 ictu
379 5340 469 5396 teli
489 5340 759 5412 jaculavit
785 5356 948 5398 eum:

107 5458 420 5530 Stephanus
444 5478 457 5513 :
520 5482 527 5487 ε

46 5601 55 5609 .
143 5559 417 5615 Percussit
448 5559 551 5616 telo
572 5561 1400 5626 uicturummmleChristo:

104 5669 277 5729 Poeta
295 5687 605 5755 awaymus
627 5699 641 5736 :

145 5776 304 5841 Hunc
341 5787 444 5841 telo
470 5786 655 5859 ﬁgens,
685 5785 838 5841 auxit
860 5784 964 5842 sibi
991 5783 1211 5842 uulnera
1239 5787 1428 5860 culpa.

111 5909 442 5997 (1071)_lmo
467 5908 732 5997 Dodoni),
757 5910 979 5997 ut
1000 5926 1159 5998 sape.
1172 5912 1386 5998 dictum
1411 5923 1514 5974 est.

1742 4747 1968 4802 nomine
1994 4745 2275 4817 Amalgiso
2306 4744 2527 4816 (1075);
2551 4744 2727 4817 judici
2753 4744 3029 4817 quondam
3060 4762 3182 4813 suo,
3212 4763 3340 4804 eum

1740 4841 1943 4897 blando
1993 4840 2355 4911 compellabat
2402 4838 2643 4909 alloquio
2677 4857 2690 4893 :
2721 4838 2816 4910 qui
2843 4838 2910 4894 de
2939 4853 3106 4895 causa
3134 4840 3340 4896 adven-

1741 4941 1832 4990 tus
1856 4932 1941 4990 sui
1963 4933 2032 4989 ab
2053 4931 2388 5003 eodemiviro
2409 4930 2695 5003 diligenter
2718 4930 3049 5003 inquisitus;
3082 4929 3335 5001 Romam,

1817 5178 2002 5253 (1072)
2022 5178 2186 5254 Βατία
2213 5177 2538 5254 ’mirabtam
2556 5178 2815 5254 pellicum
2850 5180 3134 5253 repulsam
3179 5176 3336 5254 Sige-

1738 5249 1929 5324 bertus
1950 5249 2162 5323 primus
2191 5266 2222 5324 e
2242 5249 2557 5324 biographis
2591 5252 2833 5308 tradidit.

1811 5321 1996 5397 (1073)
2022 5322 2305 5407 alpaidem
2342 5321 2615 5407 designat,
2644 5338 2810 5394 quam
2840 5321 2897 5377 S.
2923 5321 3203 5379 Lamberti
3228 5340 3333 5382 ne-

1737 5393 1993 5452 cis'reani
2022 5393 2195 5451 fuisse
2218 5411 2326 5450 non
2349 5393 2644 5452 credimus.

1811 5466 1997 5540 (1074)
2042 5467 2175 5535 Qua
2225 5468 2383 5540 uncis
2412 5468 2623 5540 inclusa
2673 5473 2821 5532 sunt,
2870 5465 3216 5540 restituimus
3262 5482 3331 5526 ex

1738 5534 1862 5609 Vita
1891 5534 2128 5595 breviori
2175 5540 2245 5595 ab
2287 5539 2479 5596 eodem
2531 5537 2833 5609 Sigeberto,
2892 5538 3223 5609 conscripta,
3276 5549 3331 5598 et

1736 5608 1974 5684 Beinero
1998 5627 2281 5684 perperam
2318 5608 2612 5684 attributa;
2628 5608 2688 5664 In
2718 5625 2822 5684 ms.
2848 5608 2995 5684 enim
3024 5619 3216 5684 nostro
3240 5613 3331 5669 hic

1736 5680 2029 5755 luxato‘it'a
2060 5680 2303 5755 legitur:
2360 5682 2656 5755 Videbatur
2699 5681 2782 5736 eis
2826 5680 2978 5735 vocis
3025 5681 3130 5737 sibi
3184 5693 3328 5741 nota

1736 5755 1882 5811 unde
1902 5752 1975 5810 -S.
2007 5752 2306 5823 Lantberti,
2337 5755 2483 5826 quod
2502 5754 2632 5826 ipse
2646 5761 2891 5826 sanctus,
2923 5759 3029 5809 etc.

1810 5825 1994 5908 (1075)
2017 5828 2063 5908 ᾼ
2089 5823 2462 5908 (ξοάεξριιᾲμςο
2482 5823 2833 5908 finialgisilus
2863 5835 3085 5908 vocatur
3113 5870 3129 5898 ,
3161 5836 3327 5903 atqnq

1736 5895 2005 5956 ita‘etiam
2026 5900 2221 5972 legitur
2243 5899 2301 5954 in
2327 5895 2449 5953 Vita
2478 5895 2717 5954 brevidri
2741 5911 2869 5953 mox
2893 5900 3083 5969 citata.
3115 5895 3122 5898 ⁷
3234 5895 3256 5925 ῖ
