3952 6324
601 354 703 414 807

1775 345 2138 406 SIGEBERTI
2176 339 2704 405 GEMBLACENSIS
3669 423 3676 430 .
3716 345 3795 419 εκ

595 469 795 541 inquit,
850 470 1082 537 ‘mmus;
1132 467 1339 535 Roma,
1388 482 1543 534 ecce,
1596 465 1858 530 redimus,
1909 462 2186 520 visitaturi
2214 467 2265 528 Α
2291 463 2495 520 cubare
2520 460 2588 516 ad
2611 460 2794 516 locum
2817 458 3066 532 martyrii
3089 459 3232 532 ejus,
3267 470 3320 521 et
3343 465 3476 522 alter
3501 469 3690 540 quidam
3717 473 3798 532 Ra."

599 561 874 617 Dodonem
904 572 958 618 et
986 563 1280 633 compliees
1305 561 1459 632 ejus;
1495 558 1718 631 sanguis
1747 559 1893 613 enim
1925 558 2188 614 innocen-

598 655 757 723 tium,
788 655 881 726 qui
910 671 1124 712 mecum
1154 670 1252 726 pro
1299 653 1522 709 Christo
1554 668 1717 723 super
1753 660 1953 708 terram
1980 652 2188 708 effusus

595 756 697 813 est,
724 747 1062 819 jamjamque
1113 748 1317 818 expetit
1346 748 1416 802 ab
1443 763 1509 801 eo
1553 745 1870 812 vindictam,
1902 761 2002 800 nec
2030 761 2189 801 suam

598 839 742 896 Deus
773 841 843 896 ab
870 842 952 896 eis
980 841 1208 914 gratiam
1259 840 1554 910 elongabit.
1607 837 1703 895 His
1750 838 1911 894 dictis
1934 881 1950 906 ,
2005 838 2190 909 dispa-

596 932 726 987 ruit.
761 931 867 987 Sed
897 933 1024 1003 quia
1073 932 1214 988 visio
1243 947 1350 988 non
1381 930 1485 988 fuit
1513 930 1826 998 fantastica,
1860 947 2045 986 rerum
2089 945 2187 986 cx-

600 1025 710 1080 itns
737 1025 941 1080 docuit.
963 1025 1112 1081 Dodo
1134 1041 1327 1096 nempe
1353 1025 1557 1082 sanctis
1585 1024 1846 1081 antistitis
1873 1021 2190 1079 interfector

597 1121 779 1174 statim
832 1119 1064 1175 incurrit
1111 1120 1248 1174 iram
1297 1119 1495 1174 divinae
1542 1117 1768 1174 ultionis
1802 1137 1814 1173 :
1847 1133 1974 1172 nam
2005 1117 2190 1172 omnia

595 1211 782 1264 vitalia
831 1209 1134 1280 putrefacta
1171 1219 1225 1265 et
1268 1208 1434 1265 fetida
1465 1226 1560 1280 per
1591 1225 1653 1266 os
1682 1226 1844 1266 suum
1873 1210 2186 1280 projiciens,

593 1303 829 1356 ostendit
855 1303 1110 1358 omnibus
1141 1303 1517 1359 infelicitatem
1549 1319 1707 1358 suam
1757 1318 1854 1374 per
1905 1303 2192 1358 miserabi-

594 1395 701 1450 lem
729 1397 852 1451 vita:
878 1397 1115 1463 exitum;
1148 1404 1203 1451 et
1231 1397 1326 1466 qui
1375 1396 1464 1451 hic
1518 1411 1718 1466 pompa
1767 1396 1950 1451 saeculi
1982 1396 2190 1454 abusus

593 1500 694 1555 est,
727 1489 1020 1559 deputatus
1049 1497 1134 1544 est
1162 1489 1215 1542 in
1247 1487 1462 1544 inferno
1487 1489 1600 1561 jam
1633 1488 1793 1563 [igni]
1826 1487 2190 1561 inexstingui-

593 1582 709 1646 bili,
741 1591 794 1637 et
824 1583 997 1637 vermi
1027 1599 1134 1637 non
1164 1583 1438 1639 morienti.
1712 1575 1714 1578 ’

665 1678 753 1733 56.
797 1678 993 1734 Fertur
1019 1681 1206 1746 etiam,
1237 1680 1384 1750 quod
1414 1687 1634 1751 propter
1665 1680 2074 1735 intolerantiam
2101 1677 2190 1734 ni-

2292 553 2561 626 ginfridus
2599 541 2850 608 eumdem
2877 553 3058 608 locum
3087 556 3385 612 emundare
3428 561 3658 630 monitus,
3679 568 3793 628 ambo

2291 647 2477 702 lumen
2514 647 2820 712 oculorum,
2845 661 2956 716 quo
2982 647 3264 716 carebant,
3311 664 3631 724 receperunt,
3657 658 3700 712 in
3725 678 3795 721 suo

2291 741 2524 812 quisque
2560 749 2824 810 tempore.

2290 847 2340 902 (_.,
2365 834 2453 890 58.
2488 833 2752 888 Veniebat
2781 849 2909 888 cum
2938 824 3042 888 lide
3070 833 3136 888 ad
3161 834 3310 891 hunc
3342 836 3520 895 locum
3552 842 3681 914 virgo
3703 847 3796 916 Oda,

2292 932 2350 980 et
2376 926 2494 995 ipsa
2523 940 2666 980 caeca
2695 931 2788 992 ;et
2815 925 2937 979 loco
2987 927 3240 997 proxima
3272 937 3331 982 ut
3368 945 3556 987 nomen
3599 933 3799 996 invocavit

2293 1019 2468 1075 sancti
2515 1019 2796 1090 martyris,
2841 1020 2988 1090 quod
3040 1021 3259 1076 volebat
3301 1025 3507 1095 accepit
3543 1026 3798 1100 (1089.).His

2293 1113 2595 1184 augebatur
2617 1127 2809 1170 recens
2837 1115 3115 1170 veneratio
3142 1117 3269 1172 novi
3295 1122 3529 1188 patroni,
3557 1131 3602 1176 et
3635 1139 3797 1182 accensa

2293 1204 2482 1276 populi
2523 1205 2741 1260 devotio
2781 1215 2973 1260 sancto
3015 1207 3303 1264 basilicam
3341 1212 3578 1278 aedificat,
3613 1224 3730 1270 tanto
3749 1221 3799 1272 ci-

2294 1299 2425 1366 tius,
2452 1308 2658 1370 quanto
2696 1298 2967 1354 devotius.
3001 1299 3200 1359 Lectus
3247 1303 3413 1359 etiam
3447 1307 3604 1361 sancti
3633 1323 3657 1362 a
3684 1309 3798 1365 fideli-

2292 1393 2397 1449 bus
2434 1393 2756 1460 fabricatus,
2783 1393 2837 1446 in
2876 1393 2968 1448 illo
2998 1394 3120 1450 loco
3158 1396 3376 1467 positus
3400 1407 3502 1465 est,
3532 1401 3613 1455 ubi
3644 1413 3798 1458 sanctus

2297 1485 2404 1538 telo
2433 1484 2606 1553 iniqui
2636 1469 2935 1540 transfixus
2966 1484 3088 1540 fuit.
3133 1485 3259 1543 llaec
3285 1487 3614 1561 Legiensium
3651 1493 3798 1549 devou'o

2295 1577 2432 1632 adeo
2464 1575 2697 1632 Domino
2726 1577 2950 1647 placuit,
2980 1587 3041 1633 ut
3065 1573 3407 1649 jam'crebro
3433 1585 3603 1639 multis
3622 1586 3798 1642 ﬁdelibus

2295 1670 2512 1726 coalitus
2539 1670 2656 1726 viso
2691 1680 2999 1742 appareret,
3030 1681 3091 1727 ut
3119 1684 3349 1738 sanctus
3394 1675 3586 1750 Martyr
3615 1680 3796 1736 relatus:

595 1773 689 1829 mii
714 1773 902 1829 fetoris
923 1789 1123 1846 corpus
1149 1775 1268 1844 ejus
1290 1775 1346 1838 in
1397 1774 1623 1830 ﬂuvium
1654 1774 1862 1830 Mosam
1884 1775 2189 1845 projectum
2224 1835 2265 1846 ﬁ
2298 1761 2552 1835 Trajecw
2597 1765 2846 1836 martyrii
2897 1766 2980 1821 δαί
3024 1767 3146 1823 Ῑοεο
3202 1770 3594 1826 restitue-remr-
3637 1772 3798 1829 Sanctus

595 1866 689 1932 sit,
723 1865 998 1922 vermibus
1020 1835 1080 1922 ξι
1111 1835 1235 1921 (al-,9
1267 1835 1586 1937 ciu-rupium
1622 1865 1804 1936 (1076)
1831 1884 1844 1934 ;
1884 1835 1999 1920 ὐθέ
2024 1865 2189 1921 aliam
2223 1835 2268 1890 Β
2293 1855 2592 1925 Hubertus,
2643 1835 2981 1914 sanctissimi
3027 1858 3314 1917 Lantberti
3365 1863 3641 1935 discipulus
3661 1875 3700 1920 et
3717 1883 3800 1923 suc-

595 1957 932 2029 sepulturam
979 1959 1198 2025 meruit,
1232 1958 1326 2028 qui
1362 1957 1730 2013 miserabilem
1760 1957 1899 2012 tanti
1942 1956 2191 2013 criminis

597 2053 703 2109 sibi
766 2053 1085 2108 memoriam
1169 2052 1477 2124 acquisivit.
1558 2051 1770 2107 Dodoni
1835 2052 1891 2106 in
1961 2051 2192 2108 crimine

595 2146 896 2217 aequandus
940 2146 1048 2212 ille,
1089 2147 1183 2217 qui
1229 2155 1479 2203 sanctum
1530 2145 1747 2202 Domini
1780 2146 1896 2202 suis
1935 2147 2192 2203 manibus

596 2238 845 2309 peremit,
889 2236 1042 2292 fratri
1071 2235 1185 2294 'suo
1215 2240 1382 2294 miser
1406 2240 1550 2294 bello
1591 2239 1962 2310 congreditur,
1999 2247 2053 2294 et
2077 2237 2190 2295 fra-

593 2340 732 2388 trem
756 2332 1050 2402 perimens,
1087 2343 1280 2388 mutuo
1311 2349 1342 2389 a
1373 2332 1540 2388 fratre
1576 2332 1882 2403 perimitur.
1923 2330 2190 2403 Utaiunt,

594 2425 787 2495 paucis
813 2424 996 2480 omnia
1029 2426 1356 2482 concludam
1392 2445 1404 2480 :
1440 2425 1583 2481 infra
1607 2425 1735 2481 anni
1759 2425 1932 2497 ipsius
1955 2426 2193 2498 spatium

593 2519 684 2574 vix
721 2519 921 2592 aliquis
961 2519 1154 2586 evasit,
1183 2519 1278 2590 qui
1311 2520 1364 2574 in
1406 2534 1539 2574 nece
1569 2519 1745 2576 sancti
1778 2518 2038 2591 martyris
2065 2531 2194 2573 reus

595 2610 701 2666 fuit
750 2631 762 2666 :
813 2621 868 2668 et
915 2613 964 2668 si
1036 2613 1162 2683 quis
1225 2612 1540 2682 superfuit,
1611 2611 1667 2664 in
1717 2619 1930 2666 tantum
1993 2626 2052 2666 sc
2099 2617 2196 2664 aut

595 2719 764 2758 sensu
810 2703 993 2776 (1077)
1044 2704 1319 2774 perdoluit
1366 2703 1640 2758 annullari
1668 2745 1683 2770 ,
1735 2712 1796 2759 ut
1837 2703 1962 2758 illos
2007 2701 2194 2759 felices

594 2796 811 2850 duxerit
835 2813 977 2864 esse,
1021 2797 1116 2867 qui
1141 2797 1326 2862 citata,
1364 2796 1618 2867 quamvis
1665 2795 1985 2862 miserabili,
2016 2804 2193 2852 morte

595 2891 907 2960 consumpti
935 2899 1080 2945 sunt.
1109 2889 1178 2944 At
1207 2888 1414 2944 Christi
1447 2897 1655 2960 martyr
1675 2897 1970 2944 coronatus
1992 2889 2192 2944 trium-

597 2983 750 3053 phat,
799 2991 853 3038 ct
896 2983 1140 3038 victoria:
1189 2983 1428 3053 palmam
1483 2981 1667 3054 (1078)
1713 2991 1928 3050 tenens,
1967 2985 2022 3038 in
2069 2983 2194 3040 sinu

539 3149 548 3156 ο
594 3070 830 3126 Abrahae
849 3071 1107 3128 exsultat.
1137 3070 1248 3138 Sic,
1284 3071 1520 3139 Christe,
1553 3071 1609 3126 in
1635 3073 1841 3128 sanctis
1869 3074 1977 3128 tuis
1999 3074 2066 3129 de
2091 3073 2195 3128 ini-

597 3164 756 3219 micis
781 3164 1106 3236 triumphas,
1131 3173 1186 3221 et
1206 3164 1491 3239 diligentes
1512 3174 1564 3221 te
1585 3166 1835 3238 diligens,
1861 3167 2194 3226 honorificas

597 3256 932 3314 honorantes
963 3265 1037 3314 te.

671 3349 760 3404 57.
801 3349 986 3422 Legia,
1021 3367 1145 3422 quae
1174 3352 1435 3407 illustrari
1466 3351 1665 3407 meruit
1687 3351 1902 3424 patroni
1935 3352 2022 3407 sui
2049 3368 2197 3407 mar-

597 3442 760 3514 tyrio,
790 3444 1042 3514 quamvis
1067 3461 1297 3517 corpore
1319 3446 1493 3517 ipsius
1530 3461 1590 3501 se
1612 3446 1679 3501 ad
1717 3455 1935 3516 tempus
1959 3446 2198 3502 doluerit

597 3535 878 3591 viduatam
920 3553 1062 3606 esse,
1109 3547 1292 3594 tamen
1329 3539 1723 3608 miraculorum
1768 3539 1888 3609 ejus
1935 3539 2196 3595 immunis

598 3646 707 3687 non
732 3629 853 3687 fuit.
879 3628 937 3686 In
966 3633 1220 3689 cubiculo
1258 3648 1499 3704 namque
1527 3633 1777 3706 martyrii
1804 3633 1948 3688 illius
1973 3633 2196 3688 conscio

598 3723 912 3793 luminaria,
933 3726 1197 3782 divinitus
1225 3742 1479 3794 accensa,
1503 3727 1703 3797 szepius
1735 3726 2193 3796 resplendebant;

599 3827 660 3874 ut
690 3827 801 3874 tota
839 3820 1059 3889 domus,
1083 3821 1242 3892 quasi
1265 3822 1416 3878 solus
1447 3823 1652 3889 radius,
1679 3821 1974 3892 refulgeret
2005 3819 2090 3894 [ut
2112 3823 2198 3876 lu-

599 3929 718 3969 cem
743 3914 894 3969 illam
915 3915 1007 3969 vix
1030 3916 1307 3970 humanus
1329 3914 1494 3970 ferret
1517 3913 1778 3987 (1079)],
1820 3915 2035 3970 oculus.
2073 3911 2200 3974 Haec

599 4005 761 4064 fama:
801 4009 1102 4080 primordia
1136 4007 1452 4064 veriﬁcabat
1475 4022 1714 4078 sequens
1743 4007 1918 4078 gratia
1953 4007 2195 4063 miracu-

599 4101 802 4169 IOrum,
826 4117 1064 4173 quorum
1086 4102 1178 4158 hic
1200 4118 1416 4158 summa
1450 4103 1796 4174 capitulanda
1825 4111 1928 4158 est.
1959 4101 2197 4160 Theodi-

600 4207 753 4248 mum
787 4193 970 4266 (1080)
1017 4195 1311 4266 quemdam
1333 4197 1418 4251 vir
1457 4204 1681 4254 sanctus
1703 4197 1872 4254 semel
1893 4214 1992 4271 per
2013 4198 2196 4254 visum

600 4286 845 4354 monuit,
892 4297 953 4344 ut
983 4289 1255 4361 pectinem
1301 4307 1464 4346 suum
1507 4291 1777 4362 optimum
1819 4292 2088 4360 redderet,
2127 4292 2197 4350 ab

598 4380 720 4451 ejus
753 4397 921 4439 uxore
959 4383 1064 4440 sibi
1100 4394 1430 4455 praereptum
1472 4404 1484 4438 :
1524 4384 1685 4440 tertio
1725 4384 1907 4457 (1081)
1945 4401 2054 4442 non
2099 4401 2197 4455 pa-

601 4473 772 4531 rentis
793 4475 894 4530 sibi
919 4471 1314 4547 pectus'aﬂ‘ecit
1340 4477 1630 4534 insanabili
1656 4478 1788 4545 ictu,
1817 4479 2006 4548 sicque
2031 4492 2194 4534 suum

600 4567 670 4624 ab
698 4567 869 4628 invito
898 4570 1122 4642 recepit.
1157 4569 1505 4630 Baldivisilus
1536 4571 1728 4642 jussus
1766 4587 1863 4643 per
1892 4551 2196 4627 visumoex-

2293 1968 2502 2020 cessor,
2562 1967 2670 2006 non
2723 1953 3031 2019 contraibat
3074 1953 3169 2009 Dei
3219 1964 3273 2010 et
3324 1958 3571 2029 martyris
3595 1959 3796 2014 voluntati.

2292 2047 2453 2102 Anno
2495 2045 2662 2118 igitur
2711 2046 3061 2118 episcopatus
3109 2048 3196 2102 sui
3251 2065 3352 2103 xm
3398 2049 3571 2122 (1083)
3609 2053 3797 2106 tumulum

2295 2137 2481 2218 sancti.
2496 2135 2769 2207 aperiens,
2809 2152 3012 2207 corpus
3037 2138 3157 2208 ejus
3193 2139 3433 2196 solidum
3460 2152 3511 2196 et
3538 2141 3743 2197 illibatum
3758 2160 3797 2199 ac

2295 2231 2438 2307 miro
2461 2230 2630 2285 odore
2663 2245 2978 2304 respersum
3007 2231 3216 2288 invenit
3240 2252 3253 2289 :
3287 2236 3519 2291 mutavit
3546 2237 3795 2302 vestimenta,

2295 2333 2352 2380 et
2374 2325 2561 2394 priora
2589 2337 2688 2395 pro
2716 2322 2914 2382 dandis
2948 2325 3273 2399 pignoribus
3311 2328 3496 2401 (1084)
3527 2331 3737 2387 servanda
3751 2333 3794 2386 si-

2296 2418 2524 2492 gillavit.

2369 2513 2458 2568 59.
2518 2510 2730 2568 Claruit
2791 2512 2880 2570 vel
2935 2513 3356 2585 transferendo,
3417 2517 3520 2575 hoc
3574 2519 3797 2589 beneplzci-

2297 2614 2415 2662 tum
2445 2604 2619 2662 fuisse
2641 2604 2875 2663 Domino
2907 2626 2922 2664 :
2956 2607 3015 2664 in
3057 2609 3183 2665 villa
3230 2611 3440 2683 quippe
3492 2609 3654 2667 Nuella
3677 2611 3798 2682 (1085)

2298 2697 2678 2772 requieScente
2710 2696 2936 2772 populo,
2980 2717 3190 2774 pauper
3236 2711 3294 2759 et
3331 2719 3526 2772 aecus,
3569 2706 3798 2760 ditatusest

2251 2817 2254 2819 ·
2297 2792 2512 2848 reddito
2567 2793 2673 2849 sibi
2721 2792 2899 2849 oﬂicio
2949 2795 3258 2850 oculorum.
3319 2793 3431 2852 Nec
3472 2797 3623 2851 multo
3660 2796 3798 2866 postia

2297 2885 2423 2940 villa
2448 2882 2702 2941 Hermala
2741 2885 2926 2957 (1086)
2949 2887 3163 2943 cunctis
3200 2888 3398 2959 requie
3432 2888 3798 2944 relevantibuslao

2292 2981 2487 3057 lborem
2504 2979 2837 3052 paralyticus
2865 2979 3050 3054 (1087)
3076 2981 3276 3037 ibidem
3304 2983 3564 3039 adductus
3583 2984 3628 3037 in
3649 2991 3798 3052 aspectu
3874 2979 3875 3034 Ϊ

2300 3075 2477 3154 sancti
2525 3074 2714 3130 feretri
2757 3075 2990 3131 solidata
3030 3092 3297 3148 compage
3350 3073 3796 3142 membrorum,
3874 3061 3875 3123 ἰ

2299 3169 2545 3226 redditus
2567 3176 2671 3224 est.
2701 3166 2762 3222 In
2799 3155 3030 3240 singulis
3058 3170 3146 3226 his
3177 3169 3322 3226 locis
3359 3171 3535 3226 statim
3567 3167 3796 3224 basilicam

2220 3233 2271 3296 ε
2299 3261 2565 3317 honorem
2623 3261 2801 3317 sancti
2866 3233 3124 3334 martyris
3175 3261 3560 3318 fundabantur.
3601 3262 3707 3317 Cum
3740 3258 3794 3313 tali

2297 3355 2539 3424 tripudio
2584 3353 3130 3426 appropinquabatur
3170 3364 3287 3424 tuo,
3347 3373 3380 3412 ο
3428 3356 3597 3428 Legia,
3635 3352 3793 3408 munici-

2296 3447 2594 3520 pio(-1088)
2623 3450 2635 3502 !
2662 3447 2879 3514 Quanta
2928 3457 2982 3504 ct
3019 3449 3202 3520 qualis
3245 3449 3417 3506 fuerit
3460 3448 3696 3522 processio
3715 3446 3794 3502 clen'

2296 3547 2351 3595 et
2379 3539 2584 3610 populi,
2617 3546 2822 3610 quanta
2869 3549 2925 3596 et
2956 3541 3137 3613 qualis
3171 3543 3472 3598 exsultatio
3503 3542 3699 3612 undique
3714 3553 3794 3593 con-

2297 3634 2661 3702 currentium,
2713 3643 2918 3705 quanta
2957 3635 3207 3690 omnium
3255 3636 3551 3692 liberalitas
3589 3635 3634 3690 in
3667 3631 3794 3688 dandis

2298 3735 2490 3781 sancto
2528 3726 2872 3794 muneribus,
2921 3734 3128 3797 quanta
3169 3725 3341 3783 fuerit
3368 3727 3591 3783 ﬁdelium
3612 3724 3792 3781 orandiet

2298 3829 2424 3876 vota
2471 3820 2718 3876 solvendi
2767 3820 3024 3890 puritas;
3073 3821 3187 3876 haec
3231 3829 3288 3876 et
3333 3820 3624 3894 hujusmodi
3652 3817 3793 3872 facilius

2298 3931 2330 3969 a
2355 3915 2598 3984 sapiente
2632 3914 2893 3970 :estimari
2922 3923 3199 3986 poterunt,
3229 3931 3403 3988 quam
3431 3916 3636 3986 alicujus
3658 3928 3726 3967 ore
3743 3910 3791 3963 vel

2298 4005 2440 4077 stylo
2462 4005 2698 4060 narrari.

2369 4094 2456 4150 60.
2517 4093 2720 4162 Habes,
2768 4095 2956 4167 Legia,
3004 4104 3161 4153 tuum
3211 4099 3669 4171 gaudiumfecce,
3697 4103 3790 4147 tenes
3870 4079 3871 4092 “

2299 4198 2454 4269 tuu_m
2501 4190 2735 4262 speciale
2783 4191 3171 4261 patrocinium.
3218 4191 3360 4249 Hinc
3390 4193 3546 4265 ccepit
3570 4193 3631 4246 tui
3670 4183 3790 4259 profc-

2297 4293 2419 4341 ctus
2440 4282 2536 4357 [αι.
2553 4283 2866 4356 provectus]
2887 4283 3127 4351 initium,
3158 4299 3255 4355 per
3282 4286 3430 4340 hunc
3454 4286 3506 4340 in
3532 4283 3682 4338 urbem
3696 4275 3787 4333 enl-

2297 4384 2432 4443 tata,
2456 4375 2775 4445 proveheris
2800 4374 2868 4430 de
2893 4374 3005 4430 filia
3026 4376 3082 4429 in
3115 4384 3349 4432 matrem
3385 4375 3558 4447 (1089)
3577 4393 3587 4427 :
3604 4387 3679 4444 per
3696 4370 3788 4423 hunc

2299 4473 2355 4526 in
2384 4470 2750 4541 episcopalem
2788 4469 2974 4526 sedem
3008 4479 3286 4544 promota,
3326 4472 3381 4526 in
3417 4483 3613 4526 omnem
3632 4461 3786 4536 profeci'

2298 4565 2370 4624 sti
2421 4564 2786 4621 honestatem.
2832 4562 2971 4624 Aliis
3019 4565 3250 4624 urbibus
3291 4565 3351 4621 in
3382 4563 3580 4622 senium
3604 4555 3785 4632 quodin?
3868 4583 3869 4589 η

674 4831 856 4912 (1076)
876 4832 957 4912 _De
987 4849 1219 4912 corpore
1246 4834 1302 4890 in
1326 4834 1533 4892 Mosam
1556 4837 1800 4908 projecto
1828 4835 1965 4892 nihil
1992 4833 2192 4906 legitur
2217 4835 2270 4898 D
2296 4833 2622 4912 deschalcus
2667 4848 2806 4912 cap._
2838 4834 2893 4912 ᾗ,
2925 4849 2993 4889 ex
3023 4851 3154 4912 quo,
3197 4837 3362 4912 _uti_et
3403 4853 3518 4912 qua:
3541 4837 3597 4894 de
3631 4828 3782 4888 eodem

601 4904 745 4974 apud
775 4903 1227 4962 Godeschalcum.

676 4974 859 5051 (1077)
884 4975 942 5030 In
973 4993 1075 5032 ms.
1110 4986 1302 5035 nostro
1343 4995 1503 5034 censu
1535 4979 1734 5051 legitur
1778 4997 1789 5032 :
1820 4976 1982 5034 Forte
2007 4985 2191 5036 tamen

601 5047 890 5118 legendum
923 5065 1153 5104 sensum.

675 5117 860 5193 (1078)
915 5118 1016 5176 Ms.
1065 5133 1315 5193 nostrum
1365 5122 1565 5177 habet:
1624 5121 1922 5178 Victoriam
1960 5121 2188 5193 palmae;

602 5190 747 5262 quod
771 5206 836 5262 ex
870 5193 1061 5262 eadem
1085 5191 1209 5248 Vita
1238 5193 1474 5248 breviori
1501 5195 1734 5250 correxi.

675 5261 858 5334 (1079)
883 5261 1052 5320 Uncis
1091 5263 1303 5320 inclusa
1327 5279 1394 5319 ex
1430 5265 1650 5320 laudata
1676 5265 1795 5322 Vita
1831 5266 2066 5322 breviori
2090 5266 2188 5322 de-

601 5347 716 5390 nuo
737 5335 1127 5407 restitui,cum
1155 5335 1210 5389 in
1241 5350 1347 5390 ms.
1386 5344 1576 5391 nostro
1600 5346 1723 5407 post
1766 5339 1989 5394 verbum
2023 5336 2191 5394 reful-

602 5406 1026 5480 gerettomissis
1051 5407 1290 5480 caeteris,
1332 5414 1546 5480 tantum
1591 5406 1932 5480 sequeretur,
1973 5411 2186 5466 oculus.

676 5475 860 5551 (10_8_0)
880 5476 1261 5551 Tlreoduinum
1277 5477 1440 5535 habet
1464 5477 1580 5537 Vita
1603 5475 1839 5551 brevior,
1867 5475 2192 5539 Gedescbal-

602 5547 723 5615 cus,
753 5547 1165 5605 Theodoenum.

675 5619 858 5702 (i081)
885 5619 1537 5702 Codeschalcustantum
1572 5626 1658 5683 bis
1687 5634 1938 5702 sanctum
1950 5626 2083 5702 _ipsi_
2105 5642 2194 5697 ap-

602 5696 855 5820 pguisse
889 5700 1162 5762 testatur;
1198 5696 1412 5752 tertiam
1463 5698 1638 5755 vicem
1667 5699 1918 5771 adjunxit
1945 5696 2195 5771 Sigeber-

677 5833 863 5908 (1082)
911 5836 992 5897 De
1036 5837 1188 5900 hisce
1221 5841 1396 5903 tribus
1441 5842 1649 5907 lumine
1688 5844 1906 5905 donatis
1950 5843 2061 5917 agit
2090 5841 2192 5900 Go-

2298 4904 2489 4980 Leodii
2503 4913 2694 4980 erecta
2722 4904 2926 4972 subdit,
2952 4921 3016 4963 ea
3041 4904 3238 4965 didicit
3268 4904 3606 4980 Sigeb'ertus.
3688 4967 3781 4980 ,ω
3866 4959 3867 4980 η

2371 4977 2556 5049 (1085)
2583 4975 2740 5032 Hunc
2763 4967 2991 5046 annum,
3024 4994 3187 5048 quem
3224 4982 3278 5036 in
3307 4967 3504 5038 Christi
3531 4979 3611 5034 721
3638 4974 3700 5049 vel

2295 5046 2557 5124 incidisse
2597 5049 2960 5124 ostendimus,
3008 5046 3344 5124 deprompsit
3389 5069 3454 5110 ex
3488 5046 3724 5122 biographo
3744 5046 3777 5091 δ-

2296 5119 2525 5178 Huberti
2548 5120 2692 5178 apud
2720 5117 2964 5176 Surium.

2398 5190 2557 5268 10851)
2581 5187 2644 5268 Id
2670 5200 2754 5268 est
2776 5208 2876 5268 pro
2907 5193 3093 5268 sc_ari_s_
3110 5196 3356 5268 reliquiis
3380 5187 3710 5253 distribuenda.

2399 5261 2558 5338 1085)
2587 5262 2646 5338 in
2671 5261 2793 5338 Vita
2821 5261 3276 5338 breviorilegittir
3301 5267 3519 5338 Nivella.

2397 5333 2558 5406 1086)
2588 5333 2647 5389 In
2669 5335 2863 5406 eadem
2897 5334 3019 5391 Vita
3051 5333 3287 5394 bréviori
3319 5349 3403 5395 est
3431 5334 3661 5392 Harmala.

2397 5405 2556 5475 1087)
2579 5406 2625 5459 A
2652 5405 3026 5464 Godeschalco
3057 5420 3370 5467 contractus
3392 5411 3587 5466 dicitur.

2396 5470 2556 5548 1088)
2588 5476 2754 5550 Legia
2781 5480 2896 5533 sive
2932 5478 3216 5548 Leodium,
3246 5483 3452 5537 vivente
3482 5479 3530 5534 S.
3555 5470 3771 5550 Lamb’ﬂtb

2299 5547 2424 5607 villa
2465 5547 2688 5604 tantum
2725 5548 2937 5616 fuerat;
2971 5553 3064 5606 sed
3111 5555 3401 5610 verisimile
3425 5563 3580 5608 tamen
3600 5554 3674 5602 est.
3697 5547 3769 5616 δέξω

2297 5625 2368 5679 ob
2403 5608 3061 5704 locum.martyriiillius,
3106 5608 3394 5704 miraculis
3419 5634 3469 5680 et
3493 5608 3769 5678 ecclesiaiﬂll‘

2298 5703 2552 5773 stratum,
2580 5698 2695 5773 j_a_m
2724 5702 2840 5749 tum
2868 5698 3485 5773 interementa_cepisse._
3543 5762 3557 5773 ο
3661 5748 3766 5773 ψει
3861 5719 3863 5773 ς

2372 5765 2556 5838 (1089)
2583 5761 2818 5822 Matrem
2844 5766 3057 5822 restitui
3079 5783 3146 5824 ex
3178 5761 3304 5825 Vita
3345 5762 3589 5834 breviori;
3625 5768 3714 5814 nam
3735 5761 3768 5802 ¹⁵
3861 5769 3863 5838 i

2301 5853 2408 5897 ms.
2437 5844 2629 5929 nostro
2660 5853 2948 5934 perperam
2967 5839 3189 5914 legitur,
3211 5849 3508 5916 martyrem.

3857 5797 3863 6060 i
