3908 6316
572 369 672 428 8H

1743 371 2104 433 SIGEBERTI
2139 371 2669 434 GEMBLACENSIS

1711 733 2688 854 SIGEBERTI

1254 969 1729 1088 SERMO
1814 971 1997 1084 DE
2087 969 2646 1136 SANCTA
2730 976 3162 1099 LUGIA

1662 1203 1979 1277 (MEUBISSE,
2013 1203 2161 1262 Hist.
2196 1205 2262 1261 de
2287 1204 2452 1276 Metz,
2484 1221 2539 1279 p.
2571 1207 2725 1281 520.)

624 1592 892 1664 Tempore
917 1603 1029 1662 quo
1053 1589 1528 1664 Constantinopoli
1555 1589 1899 1647 Justinianus
1945 1603 2144 1645 secun-
2170 1570 2228 1626 Α
2253 1582 2668 1644 incursionibus
2713 1589 2783 1646 ad
2845 1591 2954 1648 hoc
3003 1592 3227 1652 redacta
3273 1605 3376 1667 est,
3414 1609 3470 1657 ut
3509 1605 3646 1675 qualis
3679 1613 3734 1670 vel

551 1687 676 1754 dus,
706 1693 762 1740 et
788 1691 913 1754 post
933 1699 1059 1738 eum
1089 1682 1426 1754 Philippicus
1453 1683 1762 1754 imperavit,
1793 1681 1937 1752 apud
1972 1679 2146 1736 Fran-

549 1795 648 1835 cos
668 1792 802 1833 vero
827 1776 1089 1847 Pippinus
1135 1777 1340 1844 senior,
1388 1776 1532 1831 ﬁlius
1568 1774 1851 1846 Ansigisi,
1907 1781 1962 1830 et
2021 1781 2147 1844 post

550 1889 679 1928 eum
727 1870 957 1926 Carolus
1004 1869 1284 1927 Martellus
1327 1870 1694 1940 principatum
1743 1866 2147 1934 administravit

539 1941 724 2036 regni.
760 1963 1251 2034 Longobardorum
1297 1979 1524 2034 regnum
1578 1962 1867 2032 Aripertus
1924 1969 2146 2015 strenue

547 2058 712 2124 rexit,
744 2064 799 2112 et
846 2065 971 2128 post
991 2071 1116 2111 eum
1140 2056 1288 2111 ﬁlius
1316 2056 1437 2126 ejus
1459 2055 1829 2111 Liutbrandus
1872 2053 2139 2126 regnavit.

551 2149 671 2205 Sub
699 2150 804 2216 his,
830 2148 1084 2221 Ariperto
1112 2146 1321 2206 scilicet
1339 2158 1392 2205 et
1423 2149 1778 2217 Liutlu'ando,
1808 2151 1950 2204 inter
1974 2149 2144 2204 duces

548 2240 1041 2311 Longobardorum
1065 2241 1177 2296 dux
1208 2239 1613 2312 Spoletinorum
1639 2241 1959 2308 Faroaldus,
1997 2239 2143 2296 ﬁlius

547 2331 936 2402 Trasamundi,
965 2332 1253 2390 fortissimi
1274 2333 1451 2402 ducis,
1482 2334 1725 2404 potentia
1753 2332 2144 2404 etlfortitudine

545 2425 695 2482 domi
731 2425 1049 2497 militiaque
1095 2426 1356 2481 clarebat.
1386 2425 1453 2481 Et
1481 2441 1592 2481 non
1624 2427 1803 2482 solum
1831 2428 1969 2482 lines
2007 2440 2142 2482 suos

540 2515 774 2573 viriliter
805 2516 874 2571 ab
913 2516 1036 2571 aliis
1082 2516 1358 2584 tuebatur,
1408 2530 1597 2571 verum
1647 2516 1814 2572 etiam
1874 2516 2141 2572 ﬁnitimos

541 2625 677 2667 suos
709 2608 898 2665 hostili
928 2609 1254 2665 excursione
1284 2609 1478 2665 crebro
1503 2609 1779 2676 turbabat,
1812 2617 1866 2664 ct
1897 2609 2139 2680 potentia

542 2716 644 2758 sua
667 2702 874 2756 abusus
903 2701 1010 2772 ipsi
1035 2711 1240 2758 sancta
1261 2700 1527 2756 Romana
1548 2701 1809 2758 Ecclesia
1829 2709 1949 2756 erat
1973 2701 2138 2758 nimis

537 2794 813 2852 infensus.
843 2795 946 2852 Hic
974 2796 1140 2851 etiam
1164 2804 1317 2851 trans
1345 2795 1516 2851 maris
1555 2796 1738 2850 littora
1768 2796 1960 2851 laxans
1981 2797 2138 2868 prin-

539 2888 754 2958 cipatus
784 2890 870 2945 sui
901 2889 1166 2957 habenas,
1195 2890 1414 2944 devenit
1443 2888 1643 2946 Sicilia
1691 2888 2014 2962 Syracusas;
2047 2891 2136 2946 in-

538 2979 716 3050 deque
758 2978 1016 3036 auferens
1058 2981 1386 3036 venerabilis
1416 2980 1600 3037 Lucia
1636 2997 1857 3037 sacrum
1907 2997 2132 3054 corpus,

535 3072 821 3128 transtulit
844 3072 978 3128 illud
1007 3074 1064 3128 in
1101 3072 1335 3142 Italiam,
1365 3073 1433 3131 ad
1467 3074 1773 3143 Corﬁnum,
1805 3075 1994 3130 urbem
2046 3077 2134 3131 sui

533 3166 894 3238 principatus.
925 3167 1136 3238 Agebat
1159 3169 1266 3224 hoc
1291 3184 1425 3224 sane
1463 3169 1605 3224 mira
1630 3168 1727 3224 Dei
1771 3169 2130 3240 dispensatio,

533 3267 599 3314 ut
620 3259 829 3316 scilicet
849 3260 1077 3316 lucerna
1102 3261 1240 3317 tanti
1277 3261 1503 3316 luminis
1529 3275 1762 3316 accensa
1793 3261 1850 3315 in
1880 3263 2087 3316 mundo
2112 3303 2129 3330 ,

533 3352 589 3407 in
627 3361 781 3408 arcto
809 3351 990 3408 brevis
1012 3353 1226 3421 insula,
1249 3368 1372 3424 qua
1392 3352 1557 3424 paulo
1588 3352 1752 3408 latius
1773 3367 1939 3423 quam
1969 3367 2131 3408 sexa-

535 3441 686 3512 ginta
708 3441 950 3498 millibus
971 3443 1253 3510 dilatatur,
1278 3459 1392 3500 non
1415 3443 1612 3499 lateret
1642 3443 1844 3515 angulo
1870 3461 1884 3510 ;
1911 3444 2006 3500 sed
2035 3459 2132 3514 pa-

495 3553 498 3558 ·
533 3535 644 3589 lam
674 3537 1004 3592 candelabro
1028 3539 1396 3609 superposita,
1422 3538 1690 3593 mundum
1721 3539 1883 3609 longe
1912 3538 2130 3610 lateque

532 3626 852 3698 multiplicis
892 3628 1107 3699 jubaris
1142 3630 1441 3686 illustraret
1480 3629 1672 3702 gratia.
1723 3628 1896 3685 Porro
1939 3642 2130 3687 contra

531 3717 860 3774 Faroaldum
887 3720 1034 3776 ﬁlius
1055 3722 1176 3793 ejus
1205 3721 1622 3779 Trasamundus
1643 3722 1962 3791 insurrexit,
1981 3739 2133 3779 eum-

530 3825 640 3880 que
680 3811 992 3882 principatu
1031 3813 1328 3883 privatum,
1380 3814 1438 3869 in
1491 3814 1751 3870 clericum
1797 3816 2126 3873 tonsuravit.

528 3901 896 3958 Attendamus
919 3912 975 3959 et
1002 3905 1094 3960 hic
1117 3903 1212 3960 Dei
1243 3904 1669 3975 ordinationem,
1699 3917 1754 3962 et
1788 3917 1992 3964 sancta
2012 3910 2128 3964 vir-

530 3995 675 4067 ginis
703 3997 963 4066 pietatem
1013 4011 1144 4068 erga
1185 3996 1444 4052 devotum
1471 3998 1575 4054 sibi
1596 3999 1813 4055 ducem.
1844 3999 1983 4068 Quia
2015 4003 2128 4076 hu-

529 4086 785 4157 jusmodi
827 4089 985 4144 ducis
1024 4087 1203 4144 bonos
1240 4097 1398 4145 actus
1443 4089 1746 4147 oﬁ‘uscabat
1784 4094 2145 4166 negligentia-

528 4179 766 4236 maculis
791 4181 1073 4236 saecularis
1100 4184 1423 4254 occupatio;
1454 4184 1586 4254 quia
1631 4193 1814 4240 tamen
1866 4203 1996 4258 erga
2027 4187 2126 4246 Dei

2254 1687 2460 1749 quanta
2496 1679 2664 1738 fuerit
2709 1683 2864 1753 olim,
2891 1686 3057 1743 modo
3096 1689 3231 1747 solis
3261 1692 3611 1763 parietinarum
3647 1703 3735 1762 ind.

2251 1772 2356 1828 ciis
2386 1777 2688 1831 monstrari
2717 1779 2914 1848 possit.

2322 1863 2458 1920 Post
2487 1867 2718 1922 multam
2749 1884 3023 1927 annorum
3051 1874 3439 1948 evolutionem,
3480 1898 3584 1938 cum
3617 1887 3735 1945 multa

2249 1972 2575 2030 magnaque
2604 1968 2962 2032 tempestates
2983 1981 3017 2021 a
3047 1977 3288 2038 quatuor
3311 1974 3478 2031 ventis
3503 1978 3603 2032 cali
3629 1980 3734 2053 longe

2248 2049 2467 2122 lateque
2489 2051 2960 2127 diu'multumque
2987 2063 3404 2121 concussissent
3441 2069 3597 2125 orbem
3627 2049 3734 2126 terra-

2247 2160 2404 2211 rum,
2452 2147 2672 2202 tandem
2712 2148 2911 2206 divina
2955 2153 3330 2214 miserationis
3380 2161 3551 2218 oculos
3580 2167 3735 2234 respexit

2247 2250 2414 2306 super
2436 2236 2580 2294 ﬁlios
2605 2239 2916 2310 hominum,
2940 2244 3072 2301 dum
3098 2248 3165 2303 ad
3201 2252 3489 2322 regendum
3523 2256 3734 2327 reipublic:

2246 2336 2471 2394 statum,
2506 2331 2718 2388 invenit
2733 2335 2914 2391 virum
2938 2341 3244 2397 secundum
3269 2359 3364 2399 cor
3385 2361 3550 2416 suum,
3577 2351 3734 2419 primm

2245 2421 2455 2478 scilicet
2479 2422 2754 2492 Oltonem,
2791 2425 3012 2499 fortem,
3061 2434 3387 2505 sapientem,
3433 2449 3482 2496 et
3514 2441 3734 2512 religiosum

2242 2531 2449 2588 regem.
2491 2515 2611 2586 Hic,
2655 2519 2962 2590 inspirante
3018 2524 3131 2582 Deo
3178 2529 3341 2587 bona
3387 2534 3615 2589 voluntati
3647 2537 3734 2604 ejus,

2241 2616 2535 2678 postquam
2561 2610 2819 2668 intestina
2842 2623 2897 2670 et
2917 2616 3219 2676 domestica
3258 2621 3396 2679 bella
3442 2623 3737 2681 fcrtitudineet

2241 2698 2511 2764 industria
2539 2719 2637 2758 sua
2663 2706 2928 2764 exstinxit
2954 2708 3229 2783 funditus,
3259 2715 3599 2789 barbarasque
3617 2731 3737 2789 gentes

2241 2793 2311 2847 ab
2335 2793 2540 2852 invasis
2566 2798 2781 2871 imperii
2808 2805 3124 2861 exturbavit
3147 2807 3375 2878 ﬁnibus,
3406 2813 3467 2867 ad
3500 2826 3722 2883 componcn

2241 2885 2372 2940 dum
2428 2887 2643 2958 imperii
2689 2900 2894 2949 statum
2935 2903 3085 2954 totus
3127 2902 3398 2957 incubuit.
3433 2901 3529 2958 Pro
3564 2902 3739 2958 Ecclesia

2240 2994 2463 3051 quoque
2488 2998 2622 3052 pace
2645 2992 2700 3040 et
2723 2987 2993 3058 religione
3025 2991 3376 3051 reformanda
3417 3011 3517 3051 non
3559 2996 3738 3052 minorei

2239 3088 2372 3128 cura
2396 3074 2518 3131 fuit.
2547 3076 2652 3144 Qui
2682 3091 2850 3152 caput
2886 3083 3104 3155 imperii
3145 3088 3342 3146 adiens
3371 3089 3591 3156 Romam,
3630 3093 3739 3161 impc-

2237 3167 2428 3222 rialem
2457 3172 2666 3242 accepit
2695 3189 2982 3244 coronam,
3007 3189 3064 3234 et
3086 3196 3185 3251 per
3216 3183 3505 3240 triennium
3524 3199 3738 3256 peragrans

2236 3256 2470 3330 Italiam,
2499 3264 2568 3318 ab
2599 3267 2749 3320 omni
2783 3276 3140 3341 tyrannorum
3167 3279 3455 3334 vexatione
3481 3278 3678 3334 liberavit
3699 3277 3738 3330 il-

2237 3353 2368 3408 lam.
2401 3353 2458 3410 ln
2489 3356 2592 3414 hac
2619 3359 2878 3416 triennali
2902 3367 3277 3438 expeditione,
3311 3371 3594 3428 individuus
3615 3372 3653 3428 ei
3676 3370 3738 3424 ad-
3838 3353 3839 3418 l

2235 3445 2393 3502 hasit
2443 3448 2772 3510 Deodericus
2796 3496 2812 3523 ,
2867 3458 3124 3528 gloriosa
3181 3466 3462 3522 memoria
3502 3465 3737 3522 Metensium
3838 3461 3839 3502 ἲ

2234 3541 2692 3621 quadragesimus
2718 3557 2908 3606 sextus
2935 3552 3253 3625 episcopus,
3279 3559 3375 3629 qui
3399 3560 3554 3631 ipsius
3575 3560 3738 3630 impera-

2233 3634 2370 3689 toris
2412 3639 2799 3709 consobrinus,
2852 3645 3156 3705 nobilitatis
3209 3652 3383 3723 gloria
3439 3663 3489 3710 et
3543 3651 3738 3724 sapienti:

2233 3727 2407 3797 gratia
2463 3732 2853 3800 praeminebat
2903 3739 3162 3809 palatinis
3232 3746 3500 3803 omnibus.
3532 3745 3615 3802 Per
3643 3745 3738 3800 hunc

2230 3822 2611 3880 tractabantur
2645 3838 2843 3885 cuncta
2876 3831 3092 3903 imperii
3130 3839 3388 3910 negotia;
3423 3856 3513 3912 per
3538 3841 3736 3896 huncine-

2210 3911 2574 4000 lliorabantur
2625 3921 3028 3994 ecclesiastica;
3089 3943 3187 3999 per
3231 3931 3381 3990 hunc
3421 3911 3634 4004 placebat
3662 3929 3738 4001 qui-

2210 4005 2448 4078 cunque
2477 4009 2792 4081 imperatori
2825 4016 3111 4089 placebat;
3137 4037 3240 4092 per
3267 4025 3414 4081 hunc
3434 4026 3631 4098 quisque
3660 4034 3737 4093 (μη

2231 4098 2527 4158 obtinenda
2554 4115 2734 4176 erant,
2768 4109 3074 4168 obtinebat.
3098 4112 3218 4170 Jam
3266 4119 3407 4174 mira
3445 4098 3681 4175 dilectione
3705 4121 3739 4168 cl

2228 4188 2602 4253 familiaritate
2628 4198 2946 4270 imperatori
2977 4205 3334 4278 conjunctus,
3358 4220 3413 4266 et
3450 4211 3618 4267 divina
3652 4207 3735 4263 reli‘

529 4273 798 4329 famulam
834 4274 1133 4332 aﬂ‘ectuosa
1165 4275 1271 4332 fuit
1311 4278 1432 4349 ejus
1467 4277 1705 4347 devotio,
1739 4277 2000 4338 credibile
2041 4293 2127 4340 est
2153 4307 2199 4370 (ι
2231 4283 2410 4354 gionis
2440 4289 2611 4343 cultui
2633 4291 2871 4362 deditus,
2894 4273 3242 4372 quacunque
3268 4273 3338 4359 ad
3359 4303 3659 4361 honorcmct
3681 4299 3737 4354 de-

529 4367 677 4437 quod
700 4367 912 4440 meritis
939 4378 1144 4425 sancta
1164 4370 1394 4442 virginis
1416 4371 1473 4426 in
1495 4375 1752 4442 praesenti
1773 4376 1972 4430 saculo
1995 4392 2126 4447 pec-

527 4462 666 4518 catis
692 4464 840 4521 illius
869 4481 901 4521 a
931 4464 1044 4522 Deo
1069 4466 1234 4522 fuerit
1258 4468 1594 4537 retaliatum,
1622 4480 1676 4526 et
1698 4471 1818 4528 loco
1841 4482 1894 4528 et
1945 4476 2126 4546 spatio

525 4557 828 4625 paenitendi
852 4575 885 4613 a
913 4557 1026 4615 Deo
1058 4561 1162 4618 sibi
1187 4561 1420 4629 indulto,
1462 4564 1660 4619 anima
1686 4565 1806 4636 ejus
1848 4566 1904 4620 in
1937 4566 2124 4625 futuro

525 4647 600 4702 sit
627 4650 961 4719 consultum.
1007 4651 1427 4710 Trasamundus
1481 4665 1685 4724 autem,
1738 4658 1833 4728 qui
1883 4660 2123 4718 edictum

524 4738 622 4793 Dei
653 4744 984 4812 contempsit
1018 4745 1254 4802 dicentis
1288 4767 1301 4802 :
1329 4746 1570 4823 Honore
1601 4758 1808 4820 patrem
1852 4762 2022 4822 tuum,
2066 4764 2124 4810 ut

522 4833 598 4886 sis
620 4831 885 4904 longaeua
908 4852 1064 4907 super
1087 4847 1304 4907 terram,
1330 4857 1441 4896 non
1466 4841 1656 4914 eﬁ‘ugit
1681 4843 1776 4900 Dei
1802 4846 2118 4905 vindictam.

521 4921 663 4978 Nam
699 4925 971 4981 rebellans
999 4937 1188 4984 contra
1211 4945 1392 5002 regem
1418 4931 1838 5005 Liutbrandum,
1863 4937 2122 4995 ducatum

525 5030 693 5089 quem
727 5019 872 5091 patri
897 5021 1256 5092 praripuerat
1301 5025 1520 5082 tandem
1549 5029 1808 5099 perdidit,
1850 5040 1905 5088 et
1925 5033 1981 5088 in
2012 5034 2122 5091 cle-

521 5113 703 5169 ricum
743 5122 1088 5186 tonsuratus,
1134 5121 1461 5177 sententiam
1511 5141 1677 5196 quam
1724 5128 1868 5197 patri
1898 5145 2000 5185 suo
2034 5131 2121 5186 in-

520 5205 740 5262 ﬂixerat
759 5215 814 5264 et
847 5209 966 5280 ipse
987 5211 1216 5282 excepit.
1256 5211 1462 5270 Civitas
1515 5233 1646 5273 vero
1675 5217 1931 5277 Corﬁnus
1970 5225 2118 5295 quod

521 5297 693 5356 fuerit
717 5303 1020 5374 antiquitus
1058 5305 1236 5362 valida
1266 5308 1463 5390 muris,
1494 5319 1548 5365 et
1588 5312 1748 5385 plena
1793 5315 2021 5388 divitiis,
2063 5328 2119 5376 et

520 5407 591 5447 ex
611 5401 898 5464 poetarum
929 5398 1194 5467 carmine,
1217 5408 1272 5456 et
1299 5415 1363 5456 ex
1392 5401 1748 5462 historiarum
1778 5409 1882 5467 ﬁde
1904 5411 2118 5471 discere

521 5485 694 5542 lector
726 5488 944 5559 poterit.
968 5488 1141 5563 Cujus
1189 5494 1531 5552 nobilitatem
1571 5499 1796 5558 adauxit
1833 5506 1968 5564 satis
2003 5483 2114 5565 dux

520 5576 844 5650 Faroaldus,
903 5583 1034 5639 dum
1084 5586 1139 5641 in
1190 5598 1313 5644 eam
1365 5600 1572 5649 sancta
1630 5594 1862 5669 virginis
1928 5600 2113 5662 Lucia

2234 4392 2417 4434 corem
2447 4396 2544 4436 seu
2572 4386 2977 4445 munimentum
3023 4408 3138 4448 sua
3177 4406 3387 4454 sancta
3417 4399 3567 4466 sedis,
3592 4396 3735 4451 Meten-

2231 4471 2378 4536 sium
2413 4475 2624 4532 scilicet
2649 4475 2928 4552 Ecclesia,
2982 4496 3140 4542 erant
3173 4493 3425 4546 certatim
3479 4488 3734 4563 exquirelulv

2229 4572 2283 4619 et
2308 4573 2368 4620 ut
2394 4565 2686 4626 efﬁcaciter
2709 4575 2854 4630 votis
2881 4576 3003 4648 ejus
3047 4591 3249 4639 cuncta
3299 4593 3633 4656 suppeterent,
3652 4595 3734 4637 cot-

2227 4673 2425 4729 porum
2464 4673 2782 4723 sanctorum
2810 4672 3108 4730 maximam
3131 4678 3347 4748 copiam
3373 4696 3438 4735 ex
3457 4678 3650 4735 diversis
3664 4673 3730 4729 lu-

2226 4750 2314 4846 lia
2339 4752 2494 4822 locis,
2532 4757 2715 4813 divina
2756 4776 2815 4817 se
2850 4765 3024 4835 gratia
3056 4768 3352 4840 adjuvantc
3382 4774 3595 4846 collegit,
3618 4781 3659 4824 et
3685 4767 3732 4820 ἀί·

2227 4844 2408 4915 gniori
2459 4849 2608 4906 cultu
2650 4863 2815 4926 atque
2856 4857 3067 4916 honore
3105 4864 3235 4920 alibi
3278 4844 3604 4938 prastantius
3628 4875 3731 4917 me

2224 4938 2395 4994 randa
2419 4941 2594 4998 eidem
2618 4960 2734 5003 sua
2755 4961 2956 5007 sancta
2987 4955 3102 5010 sedi
3129 4954 3360 5014 Metensi
3383 4959 3549 5016 invehi
3569 4954 3731 5018 studuit,

2225 5043 2279 5088 et
2307 5033 2364 5089 in
2392 5037 2643 5108 ecclesia,
2676 5041 2731 5096 in
2764 5043 2975 5102 honore
3019 5053 3196 5107 sancti
3236 5049 3502 5110 Vinoentii
3541 5052 3729 5108 levitzd

2223 5129 2482 5201 martyris
2513 5148 2544 5187 a
2570 5149 2630 5190 se
2663 5136 2721 5191 in
2752 5137 2932 5196 insula
2969 5141 3194 5202 Metensi
3241 5147 3488 5220 fundata,
3509 5145 3729 5205 honoriﬁci

2222 5225 2547 5282 recondidit.
2577 5227 2648 5285 Et
2674 5231 2819 5289 inter
2845 5245 3038 5294 catera
3081 5251 3398 5300 sanctorum
3435 5246 3729 5318 pignorum

2219 5315 2482 5374 laudabili
2510 5323 2806 5395 cupiditate
2831 5330 3194 5406 undecunque
3231 5337 3337 5393 sibi
3364 5315 3627 5411 congessit.
3643 5341 3728 5387 ⁸³³·

2218 5410 2344 5468 dem
2369 5429 2568 5488 magna
2601 5427 2655 5475 et
2685 5416 3012 5482 universalis
3051 5427 3312 5488 Ecclesia
3353 5410 3630 5488 celebritate
3648 5437 3729 5482 lt“

2218 5509 2505 5567 morabilis
2530 5499 2684 5586 virgo
2710 5526 2764 5573 et
2789 5528 2996 5594 martyr
3023 5520 3195 5580 Lucia
3226 5523 3490 5598 Syracusa
3507 5523 3568 5580 ad
3587 5517 3730 5578 aridit-

2219 5603 2415 5660 simam
2440 5606 2562 5678 ejus
2582 5609 2925 5669 devotionem
2947 5619 3213 5686 pervenit.
3239 5617 3374 5675 Eam
3394 5615 3610 5692 praedicti
3633 5621 3728 5686 ιη·

520 5673 1046 5782 ²¹Ῑ³¹ἷῗί¹¹¹ἷ⁸⁰⁰νν¹¹⁵ο
1090 5676 1261 5781 ειξῑυε
1297 5683 1456 5782 δθθῗο
1500 5687 1733 5759 Ρίεηοτθ
1782 5707 1882 5762 Pe!“
1934 5710 2112 5755 annos
2145 5675 2190 5731 θ
2219 5673 3597 5782 SUIiSPI‘englefUvigericus,virsatis‘tutalldel,
3633 5673 3728 5764 tunc

520 5761 739 5818 circiter
759 5764 1022 5824 ducentos
1051 5770 1237 5840 gavisa
1261 5782 1364 5843 est,
1392 5777 1566 5834 donec
1608 5789 1662 5836 et
1708 5761 1846 5853 ipsa,
1871 5791 2109 5857 peccatis

519 5853 887 5941 exigentibus,
922 5875 1049 5921 cum
1087 5863 1211 5922 aliis
1261 5865 1429 5925 Italia
1456 5873 1704 5945 urbibus,
1745 5853 2108 5950 barbarorum

2216 5793 2481 5863 cantoris,
2513 5805 2638 5867 post
2666 5801 2912 5858 custodis
2946 5805 3190 5863 ecclesia
3210 5806 3354 5862 beati
3391 5791 3724 5877 Stephani"

2217 5884 2364 5943 cium
2395 5902 2611 5962 gerens,
2645 5891 2713 5950 ab
2738 5893 2870 5951 urbe
2911 5893 3118 5954 Corﬁni
3159 5899 3370 5978 detulit,
3529 5898 3721 5964 GM
