  <div class='ocr_page' id='page_1' title='image "/cluster/home/n/w/nwhite01/storage/ocr_20150623/160/hvd.32044015473846/408.png"; bbox 0 0 3908 6316; ppageno 0'>
   <div class='ocr_carea' id='block_1_1' title="bbox 124 533 242 592">
    <p class='ocr_par' dir='ltr' id='par_1_1' title="bbox 124 533 242 592">
     <span class='ocr_line' id='line_1_1' title="bbox 124 533 242 592; baseline -0.017 0"><span class='ocrx_word' id='word_1_1' title='bbox 124 533 242 592; x_wconf 76' lang='grc'><strong>815</strong></span> 
     </span>
    </p>
   </div>
   <div class='ocr_carea' id='block_1_2' title="bbox 1131 524 2372 597">
    <p class='ocr_par' dir='ltr' id='par_1_2' title="bbox 1131 524 2372 597">
     <span class='ocr_line' id='line_1_2' title="bbox 1131 524 2372 597; baseline 0.001 -14"><span class='ocrx_word' id='word_1_2' title='bbox 1131 524 1350 584; x_wconf 86' lang='lat' dir='ltr'><strong>EPIST.</strong></span> <span class='ocrx_word' id='word_1_3' title='bbox 1397 525 1488 582; x_wconf 88' lang='lat' dir='ltr'><strong>DE</strong></span> <span class='ocrx_word' id='word_1_4' title='bbox 1523 527 1868 597; x_wconf 78' lang='lat' dir='ltr'><strong>QUATUOR</strong></span> <span class='ocrx_word' id='word_1_5' title='bbox 1906 527 2372 587; x_wconf 78' lang='lat' dir='ltr'><strong>TEMPORIBUS.</strong></span> 
     </span>
    </p>
   </div>
   <div class='ocr_carea' id='block_1_3' title="bbox 3307 534 3417 597">
    <p class='ocr_par' dir='ltr' id='par_1_3' title="bbox 3307 534 3417 597">
     <span class='ocr_line' id='line_1_3' title="bbox 3307 534 3417 597; baseline 0.036 -3"><span class='ocrx_word' id='word_1_6' title='bbox 3307 534 3417 597; x_wconf 70' lang='lat' dir='ltr'><strong>8M</strong></span> 
     </span>
    </p>
   </div>
   <div class='ocr_carea' id='block_1_4' title="bbox 121 642 3418 718">
    <p class='ocr_par' dir='ltr' id='par_1_4' title="bbox 121 642 3418 718">
     <span class='ocr_line' id='line_1_4' title="bbox 121 642 3418 718; baseline 0 -12"><span class='ocrx_word' id='word_1_7' title='bbox 121 665 283 716; x_wconf 71' lang='lat' dir='ltr'><strong>ossa,</strong></span> <span class='ocrx_word' id='word_1_8' title='bbox 314 646 384 704; x_wconf 84' lang='lat' dir='ltr'><strong>ab</strong></span> <span class='ocrx_word' id='word_1_9' title='bbox 422 645 560 718; x_wconf 88' lang='lat' dir='ltr'><strong>ipsa,</strong></span> <span class='ocrx_word' id='word_1_10' title='bbox 596 659 721 718; x_wconf 69' lang='lat' dir='ltr'><strong>quae</strong></span> <span class='ocrx_word' id='word_1_11' title='bbox 763 657 877 700; x_wconf 88' lang='lat' dir='ltr'><strong>non</strong></span> <span class='ocrx_word' id='word_1_12' title='bbox 917 642 1026 700; x_wconf 89' lang='lat' dir='ltr'><strong>levi</strong></span> <span class='ocrx_word' id='word_1_13' title='bbox 1056 642 1725 716; x_wconf 41' lang='lat' dir='ltr'><strong>muniminefarctabatur,</strong></span> <span class='ocrx_word' id='word_1_14' title='bbox 1757 648 1806 708; x_wconf 77' lang='grc' dir='ltr'><strong>Α</strong></span> <span class='ocrx_word' id='word_1_15' title='bbox 1830 646 1920 702; x_wconf 90' lang='lat' dir='ltr'><strong>nis</strong></span> <span class='ocrx_word' id='word_1_16' title='bbox 1963 645 2320 702; x_wconf 85' lang='lat' dir='ltr'><strong>eminentiam</strong></span> <span class='ocrx_word' id='word_1_17' title='bbox 2343 643 2698 716; x_wconf 81' lang='lat' dir='ltr'><strong>congruebat.</strong></span> <span class='ocrx_word' id='word_1_18' title='bbox 2756 643 3020 713; x_wconf 84' lang='lat' dir='ltr'><strong>Quamvis</strong></span> <span class='ocrx_word' id='word_1_19' title='bbox 3047 647 3418 711; x_wconf 72' lang='lat' dir='ltr'><strong>exterioribus</strong></span> 
     </span>
    </p>
   </div>
   <div class='ocr_carea' id='block_1_5' title="bbox 121 737 1722 812">
    <p class='ocr_par' dir='ltr' id='par_1_5' title="bbox 121 737 1722 812">
     <span class='ocr_line' id='line_1_5' title="bbox 121 737 1722 812; baseline -0.001 -13"><span class='ocrx_word' id='word_1_20' title='bbox 121 759 291 808; x_wconf 87' lang='lat' dir='ltr'><strong>urna,</strong></span> <span class='ocrx_word' id='word_1_21' title='bbox 321 742 575 797; x_wconf 89' lang='lat' dir='ltr'><strong>manibus</strong></span> <span class='ocrx_word' id='word_1_22' title='bbox 597 739 809 795; x_wconf 79' lang='lat' dir='ltr'><strong>extulit.</strong></span> <span class='ocrx_word' id='word_1_23' title='bbox 839 737 997 806; x_wconf 87' lang='lat' dir='ltr'><strong>Quod</strong></span> <span class='ocrx_word' id='word_1_24' title='bbox 1024 739 1152 810; x_wconf 88' lang='lat' dir='ltr'><strong>quia</strong></span> <span class='ocrx_word' id='word_1_25' title='bbox 1193 755 1307 810; x_wconf 66' lang='lat' dir='ltr'><strong>prae</strong></span> <span class='ocrx_word' id='word_1_26' title='bbox 1345 740 1722 812; x_wconf 80' lang='lat' dir='ltr'><strong>magnitudine</strong></span> 
     </span>
    </p>
   </div>
   <div class='ocr_carea' id='block_1_6' title="bbox 118 832 1720 904">
    <p class='ocr_par' dir='ltr' id='par_1_6' title="bbox 118 832 1720 904">
     <span class='ocr_line' id='line_1_6' title="bbox 118 832 1720 904; baseline -0.002 -10"><span class='ocrx_word' id='word_1_27' title='bbox 118 839 204 894; x_wconf 85' lang='lat' dir='ltr'><strong>rei</strong></span> <span class='ocrx_word' id='word_1_28' title='bbox 231 835 556 892; x_wconf 79' lang='lat' dir='ltr'><strong>incredibile</strong></span> <span class='ocrx_word' id='word_1_29' title='bbox 583 833 891 901; x_wconf 80' lang='lat' dir='ltr'><strong>videbatur,</strong></span> <span class='ocrx_word' id='word_1_30' title='bbox 918 834 1036 904; x_wconf 89' lang='lat' dir='ltr'><strong>ipse</strong></span> <span class='ocrx_word' id='word_1_31' title='bbox 1058 832 1350 904; x_wconf 88' lang='lat' dir='ltr'><strong>episcopus</strong></span> <span class='ocrx_word' id='word_1_32' title='bbox 1395 835 1524 902; x_wconf 90' lang='lat' dir='ltr'><strong>loci,</strong></span> <span class='ocrx_word' id='word_1_33' title='bbox 1552 851 1720 890; x_wconf 90' lang='lat' dir='ltr'><strong>manu</strong></span> 
     </span>
    </p>
   </div>
   <div class='ocr_carea' id='block_1_7' title="bbox 115 927 1721 1001">
    <p class='ocr_par' dir='ltr' id='par_1_7' title="bbox 115 927 1721 1001">
     <span class='ocr_line' id='line_1_7' title="bbox 115 927 1721 1001; baseline 0.001 -15"><span class='ocrx_word' id='word_1_34' title='bbox 115 938 323 989; x_wconf 87' lang='lat' dir='ltr'><strong>sancto</strong></span> <span class='ocrx_word' id='word_1_35' title='bbox 353 929 648 1001; x_wconf 86' lang='lat' dir='ltr'><strong>Evangelio</strong></span> <span class='ocrx_word' id='word_1_36' title='bbox 679 928 949 1000; x_wconf 87' lang='lat' dir='ltr'><strong>apposita,</strong></span> <span class='ocrx_word' id='word_1_37' title='bbox 969 927 1330 999; x_wconf 84' lang='lat' dir='ltr'><strong>jurejurando</strong></span> <span class='ocrx_word' id='word_1_38' title='bbox 1375 930 1721 990; x_wconf 87' lang='lat' dir='ltr'><strong>conﬁrmavit</strong></span> 
     </span>
    </p>
   </div>
   <div class='ocr_carea' id='block_1_8' title="bbox 113 1020 1721 1098">
    <p class='ocr_par' dir='ltr' id='par_1_8' title="bbox 113 1020 1721 1098">
     <span class='ocr_line' id='line_1_8' title="bbox 113 1020 1721 1098; baseline 0 -18"><span class='ocrx_word' id='word_1_39' title='bbox 113 1024 271 1080; x_wconf 85' lang='lat' dir='ltr'><strong>hanc</strong></span> <span class='ocrx_word' id='word_1_40' title='bbox 293 1023 471 1096; x_wconf 88' lang='lat' dir='ltr'><strong>ipsam</strong></span> <span class='ocrx_word' id='word_1_41' title='bbox 502 1020 908 1096; x_wconf 84' lang='lat' dir='ltr'><strong>Syracusanam</strong></span> <span class='ocrx_word' id='word_1_42' title='bbox 936 1037 1060 1077; x_wconf 92' lang='lat' dir='ltr'><strong>esse</strong></span> <span class='ocrx_word' id='word_1_43' title='bbox 1095 1020 1346 1090; x_wconf 89' lang='lat' dir='ltr'><strong>Luciam,</strong></span> <span class='ocrx_word' id='word_1_44' title='bbox 1389 1025 1457 1079; x_wconf 93' lang='lat' dir='ltr'><strong>de</strong></span> <span class='ocrx_word' id='word_1_45' title='bbox 1487 1041 1596 1098; x_wconf 77' lang='lat' dir='ltr'><strong>qua</strong></span> <span class='ocrx_word' id='word_1_46' title='bbox 1634 1040 1721 1080; x_wconf 89' lang='lat' dir='ltr'><strong>re-</strong></span> 
     </span>
    </p>
   </div>
   <div class='ocr_carea' id='block_1_9' title="bbox 111 1116 1720 1190">
    <p class='ocr_par' dir='ltr' id='par_1_9' title="bbox 111 1116 1720 1190">
     <span class='ocr_line' id='line_1_9' title="bbox 111 1116 1720 1190; baseline -0.001 -14"><span class='ocrx_word' id='word_1_47' title='bbox 111 1119 415 1190; x_wconf 85' lang='lat' dir='ltr'><strong>spousoria</strong></span> <span class='ocrx_word' id='word_1_48' title='bbox 443 1125 498 1174; x_wconf 89' lang='lat' dir='ltr'><strong>et</strong></span> <span class='ocrx_word' id='word_1_49' title='bbox 519 1117 834 1188; x_wconf 84' lang='lat' dir='ltr'><strong>antiphonae</strong></span> <span class='ocrx_word' id='word_1_50' title='bbox 855 1132 981 1172; x_wconf 91' lang='lat' dir='ltr'><strong>cum</strong></span> <span class='ocrx_word' id='word_1_51' title='bbox 1010 1116 1178 1171; x_wconf 90' lang='lat' dir='ltr'><strong>missa</strong></span> <span class='ocrx_word' id='word_1_52' title='bbox 1210 1117 1414 1188; x_wconf 86' lang='lat' dir='ltr'><strong>ubique</strong></span> <span class='ocrx_word' id='word_1_53' title='bbox 1447 1117 1503 1172; x_wconf 91' lang='lat' dir='ltr'><strong>in</strong></span> <span class='ocrx_word' id='word_1_54' title='bbox 1527 1117 1720 1174; x_wconf 87' lang='lat' dir='ltr'><strong>Eccle-</strong></span> 
     </span>
    </p>
   </div>
   <div class='ocr_carea' id='block_1_10' title="bbox 109 1208 1721 1290">
    <p class='ocr_par' dir='ltr' id='par_1_10' title="bbox 109 1208 1721 1290">
     <span class='ocr_line' id='line_1_10' title="bbox 109 1208 1721 1290; baseline 0.001 -26"><span class='ocrx_word' id='word_1_55' title='bbox 109 1213 206 1264; x_wconf 85' lang='lat' dir='ltr'><strong>sia</strong></span> <span class='ocrx_word' id='word_1_56' title='bbox 230 1219 526 1290; x_wconf 72' lang='lat' dir='ltr'><strong>cauuntur.</strong></span> <span class='ocrx_word' id='word_1_57' title='bbox 561 1208 912 1265; x_wconf 88' lang='lat' dir='ltr'><strong>Translatum</strong></span> <span class='ocrx_word' id='word_1_58' title='bbox 956 1218 1040 1265; x_wconf 91' lang='lat' dir='ltr'><strong>est</strong></span> <span class='ocrx_word' id='word_1_59' title='bbox 1082 1217 1265 1264; x_wconf 83' lang='lat' dir='ltr'><strong>autem</strong></span> <span class='ocrx_word' id='word_1_60' title='bbox 1311 1209 1477 1280; x_wconf 86' lang='lat' dir='ltr'><strong>hujus</strong></span> <span class='ocrx_word' id='word_1_61' title='bbox 1518 1220 1721 1266; x_wconf 62' lang='lat' dir='ltr'><strong>sancta;</strong></span> 
     </span>
    </p>
   </div>
   <div class='ocr_carea' id='block_1_11' title="bbox 106 1300 1722 1374">
    <p class='ocr_par' dir='ltr' id='par_1_11' title="bbox 106 1300 1722 1374">
     <span class='ocr_line' id='line_1_11' title="bbox 106 1300 1722 1374; baseline 0.002 -21"><span class='ocrx_word' id='word_1_62' title='bbox 106 1300 352 1372; x_wconf 79' lang='lat' dir='ltr'><strong>virginis</strong></span> <span class='ocrx_word' id='word_1_63' title='bbox 399 1316 602 1372; x_wconf 85' lang='lat' dir='ltr'><strong>corpus</strong></span> <span class='ocrx_word' id='word_1_64' title='bbox 646 1315 794 1356; x_wconf 88' lang='lat' dir='ltr'><strong>anno</strong></span> <span class='ocrx_word' id='word_1_65' title='bbox 847 1301 1268 1372; x_wconf 84' lang='lat' dir='ltr'><strong>nongentcsimo</strong></span> <span class='ocrx_word' id='word_1_66' title='bbox 1319 1303 1722 1374; x_wconf 87' lang='lat' dir='ltr'><strong>septuagesimo</strong></span> 
     </span>
    </p>
   </div>
   <div class='ocr_carea' id='block_1_12' title="bbox 103 1391 1722 1467">
    <p class='ocr_par' dir='ltr' id='par_1_12' title="bbox 103 1391 1722 1467">
     <span class='ocr_line' id='line_1_12' title="bbox 103 1391 1722 1467; baseline 0.004 -20"><span class='ocrx_word' id='word_1_67' title='bbox 103 1391 422 1450; x_wconf 74' lang='lat' dir='ltr'><strong>Duminicae</strong></span> <span class='ocrx_word' id='word_1_68' title='bbox 446 1393 866 1462; x_wconf 88' lang='lat' dir='ltr'><strong>lncarnationis,</strong></span> <span class='ocrx_word' id='word_1_69' title='bbox 899 1404 953 1450; x_wconf 93' lang='lat' dir='ltr'><strong>et</strong></span> <span class='ocrx_word' id='word_1_70' title='bbox 999 1410 1127 1450; x_wconf 91' lang='lat' dir='ltr'><strong>cum</strong></span> <span class='ocrx_word' id='word_1_71' title='bbox 1162 1395 1396 1451; x_wconf 89' lang='lat' dir='ltr'><strong>miriﬁco</strong></span> <span class='ocrx_word' id='word_1_72' title='bbox 1434 1397 1722 1467; x_wconf 89' lang='lat' dir='ltr'><strong>utriusque</strong></span> 
     </span>
    </p>
   </div>
   <div class='ocr_carea' id='block_1_13' title="bbox 103 1487 1722 1560">
    <p class='ocr_par' dir='ltr' id='par_1_13' title="bbox 103 1487 1722 1560">
     <span class='ocr_line' id='line_1_13' title="bbox 103 1487 1722 1560; baseline 0.002 -18"><span class='ocrx_word' id='word_1_73' title='bbox 103 1489 334 1544; x_wconf 89' lang='lat' dir='ltr'><strong>ordinis</strong></span> <span class='ocrx_word' id='word_1_74' title='bbox 383 1490 648 1560; x_wconf 90' lang='lat' dir='ltr'><strong>applausu</strong></span> <span class='ocrx_word' id='word_1_75' title='bbox 696 1490 934 1546; x_wconf 92' lang='lat' dir='ltr'><strong>locatum</strong></span> <span class='ocrx_word' id='word_1_76' title='bbox 980 1488 1035 1542; x_wconf 90' lang='lat' dir='ltr'><strong>in</strong></span> <span class='ocrx_word' id='word_1_77' title='bbox 1077 1487 1308 1544; x_wconf 87' lang='lat' dir='ltr'><strong>ecclesia</strong></span> <span class='ocrx_word' id='word_1_78' title='bbox 1356 1487 1541 1545; x_wconf 80' lang='lat' dir='ltr'><strong>Sancti</strong></span> <span class='ocrx_word' id='word_1_79' title='bbox 1588 1488 1722 1545; x_wconf 79' lang='lat' dir='ltr'><strong>Vin-</strong></span> 
     </span>
    </p>
   </div>
   <div class='ocr_carea' id='block_1_14' title="bbox 100 1581 1722 1656">
    <p class='ocr_par' dir='ltr' id='par_1_14' title="bbox 100 1581 1722 1656">
     <span class='ocr_line' id='line_1_14' title="bbox 100 1581 1722 1656; baseline 0 -18"><span class='ocrx_word' id='word_1_80' title='bbox 100 1584 284 1638; x_wconf 86' lang='lat' dir='ltr'><strong>centii</strong></span> <span class='ocrx_word' id='word_1_81' title='bbox 311 1584 568 1656; x_wconf 79' lang='lat' dir='ltr'><strong>martyris</strong></span> <span class='ocrx_word' id='word_1_82' title='bbox 611 1593 666 1640; x_wconf 92' lang='lat' dir='ltr'><strong>et</strong></span> <span class='ocrx_word' id='word_1_83' title='bbox 688 1584 882 1639; x_wconf 61' lang='lat' dir='ltr'><strong>levitm.</strong></span> <span class='ocrx_word' id='word_1_84' title='bbox 916 1581 1148 1653; x_wconf 89' lang='lat' dir='ltr'><strong>Operata</strong></span> <span class='ocrx_word' id='word_1_85' title='bbox 1179 1589 1272 1637; x_wconf 89' lang='lat' dir='ltr'><strong>est.</strong></span> <span class='ocrx_word' id='word_1_86' title='bbox 1303 1591 1357 1637; x_wconf 90' lang='lat' dir='ltr'><strong>et</strong></span> <span class='ocrx_word' id='word_1_87' title='bbox 1391 1583 1480 1639; x_wconf 93' lang='lat' dir='ltr'><strong>hic</strong></span> <span class='ocrx_word' id='word_1_88' title='bbox 1501 1583 1722 1654; x_wconf 89' lang='lat' dir='ltr'><strong>dispen-</strong></span> 
     </span>
    </p>
   </div>
   <div class='ocr_carea' id='block_1_15' title="bbox 100 1658 1720 1748">
    <p class='ocr_par' dir='ltr' id='par_1_15' title="bbox 100 1658 1720 1748">
     <span class='ocr_line' id='line_1_15' title="bbox 100 1658 1720 1748; baseline 0.001 -17"><span class='ocrx_word' id='word_1_89' title='bbox 100 1676 290 1732; x_wconf 82' lang='lat' dir='ltr'><strong>sative</strong></span> <span class='ocrx_word' id='word_1_90' title='bbox 337 1676 905 1747; x_wconf 88' lang='lat' dir='ltr'><strong>incomprehensibilis</strong></span> <span class='ocrx_word' id='word_1_91' title='bbox 941 1675 1037 1731; x_wconf 88' lang='lat' dir='ltr'><strong>Dei</strong></span> <span class='ocrx_word' id='word_1_92' title='bbox 1074 1677 1365 1748; x_wconf 87' lang='lat' dir='ltr'><strong>sapientia,</strong></span> <span class='ocrx_word' id='word_1_93' title='bbox 1407 1658 1468 1733; x_wconf 67' lang='lat' dir='ltr'><strong>ut</strong></span> <span class='ocrx_word' id='word_1_94' title='bbox 1517 1693 1720 1733; x_wconf 88' lang='lat' dir='ltr'><strong>nomen</strong></span> 
     </span>
    </p>
   </div>
   <div class='ocr_carea' id='block_1_16' title="bbox 97 1769 1722 1842">
    <p class='ocr_par' dir='ltr' id='par_1_16' title="bbox 97 1769 1722 1842">
     <span class='ocr_line' id='line_1_16' title="bbox 97 1769 1722 1842; baseline 0.001 -18"><span class='ocrx_word' id='word_1_95' title='bbox 97 1778 157 1824; x_wconf 88' lang='lat' dir='ltr'><strong>et</strong></span> <span class='ocrx_word' id='word_1_96' title='bbox 197 1771 455 1825; x_wconf 90' lang='lat' dir='ltr'><strong>meritum</strong></span> <span class='ocrx_word' id='word_1_97' title='bbox 480 1779 684 1826; x_wconf 66' lang='lat' dir='ltr'><strong>sancta:</strong></span> <span class='ocrx_word' id='word_1_98' title='bbox 722 1769 952 1841; x_wconf 86' lang='lat' dir='ltr'><strong>virginis</strong></span> <span class='ocrx_word' id='word_1_99' title='bbox 989 1769 1158 1826; x_wconf 87' lang='lat' dir='ltr'><strong>etiam</strong></span> <span class='ocrx_word' id='word_1_100' title='bbox 1206 1771 1425 1842; x_wconf 85' lang='lat' dir='ltr'><strong>Alpium</strong></span> <span class='ocrx_word' id='word_1_101' title='bbox 1462 1772 1722 1826; x_wconf 84' lang='lat' dir='ltr'><strong>transiret</strong></span> 
     </span>
    </p>
   </div>
   <div class='ocr_carea' id='block_1_17' title="bbox 99 1858 1720 1932">
    <p class='ocr_par' dir='ltr' id='par_1_17' title="bbox 99 1858 1720 1932">
     <span class='ocr_line' id='line_1_17' title="bbox 99 1858 1720 1932; baseline 0.002 -19"><span class='ocrx_word' id='word_1_102' title='bbox 99 1858 159 1913; x_wconf 89' lang='lat' dir='ltr'><strong>in</strong></span> <span class='ocrx_word' id='word_1_103' title='bbox 198 1860 325 1928; x_wconf 89' lang='lat' dir='ltr'><strong>via;</strong></span> <span class='ocrx_word' id='word_1_104' title='bbox 351 1869 405 1916; x_wconf 90' lang='lat' dir='ltr'><strong>et</strong></span> <span class='ocrx_word' id='word_1_105' title='bbox 425 1875 592 1932; x_wconf 91' lang='lat' dir='ltr'><strong>quam</strong></span> <span class='ocrx_word' id='word_1_106' title='bbox 611 1861 725 1931; x_wconf 91' lang='lat' dir='ltr'><strong>jam</strong></span> <span class='ocrx_word' id='word_1_107' title='bbox 750 1861 880 1916; x_wconf 91' lang='lat' dir='ltr'><strong>olim</strong></span> <span class='ocrx_word' id='word_1_108' title='bbox 908 1869 1022 1916; x_wconf 89' lang='lat' dir='ltr'><strong>tota</strong></span> <span class='ocrx_word' id='word_1_109' title='bbox 1050 1862 1383 1932; x_wconf 63' lang='lat' dir='ltr'><strong>praadicahat</strong></span> <span class='ocrx_word' id='word_1_110' title='bbox 1404 1862 1580 1930; x_wconf 89' lang='lat' dir='ltr'><strong>Italia,</strong></span> <span class='ocrx_word' id='word_1_111' title='bbox 1607 1877 1720 1916; x_wconf 90' lang='lat' dir='ltr'><strong>non</strong></span> 
     </span>
    </p>
   </div>
   <div class='ocr_carea' id='block_1_18' title="bbox 97 1951 1716 2023">
    <p class='ocr_par' dir='ltr' id='par_1_18' title="bbox 97 1951 1716 2023">
     <span class='ocr_line' id='line_1_18' title="bbox 97 1951 1716 2023; baseline 0 -17"><span class='ocrx_word' id='word_1_112' title='bbox 97 1951 394 2023; x_wconf 76' lang='lat' dir='ltr'><strong>ignoraret</strong></span> <span class='ocrx_word' id='word_1_113' title='bbox 425 1952 615 2023; x_wconf 90' lang='lat' dir='ltr'><strong>etjam</strong></span> <span class='ocrx_word' id='word_1_114' title='bbox 651 1953 925 2023; x_wconf 89' lang='lat' dir='ltr'><strong>tripartita</strong></span> <span class='ocrx_word' id='word_1_115' title='bbox 957 1951 1152 2008; x_wconf 88' lang='lat' dir='ltr'><strong>Gallia.</strong></span> <span class='ocrx_word' id='word_1_116' title='bbox 1189 1953 1409 2021; x_wconf 92' lang='lat' dir='ltr'><strong>Quanto</strong></span> <span class='ocrx_word' id='word_1_117' title='bbox 1431 1953 1578 2008; x_wconf 92' lang='lat' dir='ltr'><strong>enim</strong></span> <span class='ocrx_word' id='word_1_118' title='bbox 1602 1951 1716 2007; x_wconf 87' lang='lat' dir='ltr'><strong>fre-</strong></span> 
     </span>
    </p>
   </div>
   <div class='ocr_carea' id='block_1_19' title="bbox 1823 738 3414 813">
    <p class='ocr_par' dir='ltr' id='par_1_19' title="bbox 1823 738 3414 813">
     <span class='ocr_line' id='line_1_19' title="bbox 1823 738 3414 813; baseline 0.003 -17"><span class='ocrx_word' id='word_1_119' title='bbox 1823 739 2040 810; x_wconf 89' lang='lat' dir='ltr'><strong>imperii</strong></span> <span class='ocrx_word' id='word_1_120' title='bbox 2066 738 2300 810; x_wconf 90' lang='lat' dir='ltr'><strong>negotiis</strong></span> <span class='ocrx_word' id='word_1_121' title='bbox 2343 738 2576 794; x_wconf 87' lang='lat' dir='ltr'><strong>sollicite</strong></span> <span class='ocrx_word' id='word_1_122' title='bbox 2611 739 2931 810; x_wconf 89' lang='lat' dir='ltr'><strong>invigilabat</strong></span> <span class='ocrx_word' id='word_1_123' title='bbox 2973 739 3284 813; x_wconf 80' lang='lat' dir='ltr'><strong>Conradus,</strong></span> <span class='ocrx_word' id='word_1_124' title='bbox 3325 753 3414 801; x_wconf 82' lang='lat' dir='ltr'><strong>ta-</strong></span> 
     </span>
    </p>
   </div>
   <div class='ocr_carea' id='block_1_20' title="bbox 1823 833 3410 906">
    <p class='ocr_par' dir='ltr' id='par_1_20' title="bbox 1823 833 3410 906">
     <span class='ocr_line' id='line_1_20' title="bbox 1823 833 3410 906; baseline 0.004 -17"><span class='ocrx_word' id='word_1_125' title='bbox 1823 850 1950 890; x_wconf 88' lang='lat' dir='ltr'><strong>men</strong></span> <span class='ocrx_word' id='word_1_126' title='bbox 1983 849 2105 904; x_wconf 86' lang='lat' dir='ltr'><strong>quae</strong></span> <span class='ocrx_word' id='word_1_127' title='bbox 2127 833 2290 905; x_wconf 81' lang='lat' dir='ltr'><strong>Regis</strong></span> <span class='ocrx_word' id='word_1_128' title='bbox 2324 849 2515 906; x_wconf 85' lang='lat' dir='ltr'><strong>regum</strong></span> <span class='ocrx_word' id='word_1_129' title='bbox 2539 842 2716 901; x_wconf 89' lang='lat' dir='ltr'><strong>erant,</strong></span> <span class='ocrx_word' id='word_1_130' title='bbox 2743 850 2850 889; x_wconf 93' lang='lat' dir='ltr'><strong>non</strong></span> <span class='ocrx_word' id='word_1_131' title='bbox 2879 835 2934 889; x_wconf 92' lang='lat' dir='ltr'><strong>in</strong></span> <span class='ocrx_word' id='word_1_132' title='bbox 2961 837 3218 893; x_wconf 90' lang='lat' dir='ltr'><strong>secundis</strong></span> <span class='ocrx_word' id='word_1_133' title='bbox 3239 838 3410 896; x_wconf 86' lang='lat' dir='ltr'><strong>hahe-</strong></span> 
     </span>
    </p>
   </div>
   <div class='ocr_carea' id='block_1_21' title="bbox 1827 927 3417 1006">
    <p class='ocr_par' dir='ltr' id='par_1_21' title="bbox 1827 927 3417 1006">
     <span class='ocr_line' id='line_1_21' title="bbox 1827 927 3417 1006; baseline 0.005 -23"><span class='ocrx_word' id='word_1_134' title='bbox 1827 927 1950 995; x_wconf 86' lang='lat' dir='ltr'><strong>hat;</strong></span> <span class='ocrx_word' id='word_1_135' title='bbox 1979 928 2125 983; x_wconf 90' lang='lat' dir='ltr'><strong>unde</strong></span> <span class='ocrx_word' id='word_1_136' title='bbox 2159 928 2300 984; x_wconf 91' lang='lat' dir='ltr'><strong>inter</strong></span> <span class='ocrx_word' id='word_1_137' title='bbox 2321 939 2546 1006; x_wconf 65' lang='lat' dir='ltr'><strong>caetera,</strong></span> <span class='ocrx_word' id='word_1_138' title='bbox 2587 929 2642 984; x_wconf 92' lang='lat' dir='ltr'><strong>in</strong></span> <span class='ocrx_word' id='word_1_139' title='bbox 2673 930 2935 1000; x_wconf 90' lang='lat' dir='ltr'><strong>parochia</strong></span> <span class='ocrx_word' id='word_1_140' title='bbox 2988 929 3264 1000; x_wconf 90' lang='lat' dir='ltr'><strong>Spirensis</strong></span> <span class='ocrx_word' id='word_1_141' title='bbox 3310 933 3417 991; x_wconf 87' lang='lat' dir='ltr'><strong>Ee-</strong></span> 
     </span>
    </p>
   </div>
   <div class='ocr_carea' id='block_1_22' title="bbox 1823 1019 3412 1093">
    <p class='ocr_par' dir='ltr' id='par_1_22' title="bbox 1823 1019 3412 1093">
     <span class='ocr_line' id='line_1_22' title="bbox 1823 1019 3412 1093; baseline 0.006 -18"><span class='ocrx_word' id='word_1_142' title='bbox 1823 1019 2023 1088; x_wconf 74' lang='lat' dir='ltr'><strong>clesize,</strong></span> <span class='ocrx_word' id='word_1_143' title='bbox 2076 1021 2282 1076; x_wconf 89' lang='lat' dir='ltr'><strong>inloco</strong></span> <span class='ocrx_word' id='word_1_144' title='bbox 2311 1022 2405 1093; x_wconf 89' lang='lat' dir='ltr'><strong>qui</strong></span> <span class='ocrx_word' id='word_1_145' title='bbox 2453 1023 2655 1077; x_wconf 92' lang='lat' dir='ltr'><strong>dicitur</strong></span> <span class='ocrx_word' id='word_1_146' title='bbox 2712 1021 3072 1090; x_wconf 88' lang='lat' dir='ltr'><strong>Lindiburch,</strong></span> <span class='ocrx_word' id='word_1_147' title='bbox 3110 1025 3165 1079; x_wconf 94' lang='lat' dir='ltr'><strong>in</strong></span> <span class='ocrx_word' id='word_1_148' title='bbox 3199 1026 3412 1085; x_wconf 85' lang='lat' dir='ltr'><strong>honore</strong></span> 
     </span>
    </p>
   </div>
   <div class='ocr_carea' id='block_1_23' title="bbox 1825 1112 3420 1176">
    <p class='ocr_par' dir='ltr' id='par_1_23' title="bbox 1825 1112 3420 1176">
     <span class='ocr_line' id='line_1_23' title="bbox 1825 1112 3420 1176; baseline 0.006 -9"><span class='ocrx_word' id='word_1_149' title='bbox 1825 1121 2029 1168; x_wconf 71' lang='lat' dir='ltr'><strong>sancta:</strong></span> <span class='ocrx_word' id='word_1_150' title='bbox 2052 1112 2147 1168; x_wconf 88' lang='lat' dir='ltr'><strong>Dei</strong></span> <span class='ocrx_word' id='word_1_151' title='bbox 2170 1113 2461 1170; x_wconf 89' lang='lat' dir='ltr'><strong>Genitricis</strong></span> <span class='ocrx_word' id='word_1_152' title='bbox 2486 1113 2668 1170; x_wconf 68' lang='lat' dir='ltr'><strong>Mariae</strong></span> <span class='ocrx_word' id='word_1_153' title='bbox 2687 1116 2998 1171; x_wconf 69' lang='lat' dir='ltr'><strong>cmnobium</strong></span> <span class='ocrx_word' id='word_1_154' title='bbox 3026 1117 3274 1174; x_wconf 81' lang='lat' dir='ltr'><strong>fundavit</strong></span> <span class='ocrx_word' id='word_1_155' title='bbox 3295 1136 3420 1176; x_wconf 88' lang='lat' dir='ltr'><strong>mu-</strong></span> 
     </span>
    </p>
   </div>
   <div class='ocr_carea' id='block_1_24' title="bbox 1823 1206 3412 1284">
    <p class='ocr_par' dir='ltr' id='par_1_24' title="bbox 1823 1206 3412 1284">
     <span class='ocr_line' id='line_1_24' title="bbox 1823 1206 3412 1284; baseline 0.006 -25"><span class='ocrx_word' id='word_1_156' title='bbox 1823 1206 2101 1260; x_wconf 88' lang='lat' dir='ltr'><strong>niﬁcentia</strong></span> <span class='ocrx_word' id='word_1_157' title='bbox 2130 1207 2320 1277; x_wconf 80' lang='lat' dir='ltr'><strong>regali,</strong></span> <span class='ocrx_word' id='word_1_158' title='bbox 2348 1207 2496 1262; x_wconf 87' lang='lat' dir='ltr'><strong>Gisla</strong></span> <span class='ocrx_word' id='word_1_159' title='bbox 2538 1209 2695 1264; x_wconf 71' lang='lat' dir='ltr'><strong>bonae</strong></span> <span class='ocrx_word' id='word_1_160' title='bbox 2734 1211 3014 1266; x_wconf 74' lang='lat' dir='ltr'><strong>memerize</strong></span> <span class='ocrx_word' id='word_1_161' title='bbox 3039 1211 3275 1284; x_wconf 86' lang='lat' dir='ltr'><strong>conjuge</strong></span> <span class='ocrx_word' id='word_1_162' title='bbox 3309 1230 3412 1269; x_wconf 86' lang='lat' dir='ltr'><strong>sua</strong></span> 
     </span>
    </p>
   </div>
   <div class='ocr_carea' id='block_1_25' title="bbox 1826 1298 3420 1375">
    <p class='ocr_par' dir='ltr' id='par_1_25' title="bbox 1826 1298 3420 1375">
     <span class='ocr_line' id='line_1_25' title="bbox 1826 1298 3420 1375; baseline 0.006 -23"><span class='ocrx_word' id='word_1_163' title='bbox 1826 1309 2152 1369; x_wconf 87' lang='lat' dir='ltr'><strong>cooperante</strong></span> <span class='ocrx_word' id='word_1_164' title='bbox 2179 1301 2303 1354; x_wconf 89' lang='lat' dir='ltr'><strong>sibi.</strong></span> <span class='ocrx_word' id='word_1_165' title='bbox 2354 1298 2458 1355; x_wconf 90' lang='lat' dir='ltr'><strong>Sed</strong></span> <span class='ocrx_word' id='word_1_166' title='bbox 2497 1317 2647 1357; x_wconf 89' lang='lat' dir='ltr'><strong>mors</strong></span> <span class='ocrx_word' id='word_1_167' title='bbox 2697 1318 2854 1372; x_wconf 61' lang='lat' dir='ltr'><strong>sequo</strong></span> <span class='ocrx_word' id='word_1_168' title='bbox 2892 1304 3028 1373; x_wconf 86' lang='lat' dir='ltr'><strong>pede</strong></span> <span class='ocrx_word' id='word_1_169' title='bbox 3065 1305 3292 1375; x_wconf 87' lang='lat' dir='ltr'><strong>pulsans</strong></span> <span class='ocrx_word' id='word_1_170' title='bbox 3334 1323 3420 1362; x_wconf 87' lang='lat' dir='ltr'><strong>re-</strong></span> 
     </span>
    </p>
   </div>
   <div class='ocr_carea' id='block_1_26' title="bbox 1825 1393 3419 1469">
    <p class='ocr_par' dir='ltr' id='par_1_26' title="bbox 1825 1393 3419 1469">
     <span class='ocr_line' id='line_1_26' title="bbox 1825 1393 3419 1469; baseline 0.006 -24"><span class='ocrx_word' id='word_1_171' title='bbox 1825 1408 1954 1461; x_wconf 89' lang='lat' dir='ltr'><strong>gum</strong></span> <span class='ocrx_word' id='word_1_172' title='bbox 1988 1401 2165 1448; x_wconf 89' lang='lat' dir='ltr'><strong>turres</strong></span> <span class='ocrx_word' id='word_1_173' title='bbox 2196 1402 2250 1447; x_wconf 93' lang='lat' dir='ltr'><strong>ct</strong></span> <span class='ocrx_word' id='word_1_174' title='bbox 2292 1393 2546 1449; x_wconf 86' lang='lat' dir='ltr'><strong>tabernas</strong></span> <span class='ocrx_word' id='word_1_175' title='bbox 2589 1410 2913 1465; x_wconf 85' lang='lat' dir='ltr'><strong>pauperum,</strong></span> <span class='ocrx_word' id='word_1_176' title='bbox 2963 1396 3246 1467; x_wconf 90' lang='lat' dir='ltr'><strong>impedivit</strong></span> <span class='ocrx_word' id='word_1_177' title='bbox 3298 1399 3419 1469; x_wconf 90' lang='lat' dir='ltr'><strong>ejus</strong></span> 
     </span>
    </p>
   </div>
   <div class='ocr_carea' id='block_1_27' title="bbox 1824 1483 3412 1560">
    <p class='ocr_par' dir='ltr' id='par_1_27' title="bbox 1824 1483 3412 1560">
     <span class='ocr_line' id='line_1_27' title="bbox 1824 1483 3412 1560; baseline 0.005 -23"><span class='ocrx_word' id='word_1_178' title='bbox 1824 1483 2178 1552; x_wconf 84' lang='lat' dir='ltr'><strong>desiderium,</strong></span> <span class='ocrx_word' id='word_1_179' title='bbox 2208 1498 2276 1538; x_wconf 93' lang='lat' dir='ltr'><strong>nc</strong></span> <span class='ocrx_word' id='word_1_180' title='bbox 2298 1484 2366 1538; x_wconf 92' lang='lat' dir='ltr'><strong>ad</strong></span> <span class='ocrx_word' id='word_1_181' title='bbox 2397 1483 2558 1539; x_wconf 89' lang='lat' dir='ltr'><strong>ﬁnem</strong></span> <span class='ocrx_word' id='word_1_182' title='bbox 2583 1487 2904 1557; x_wconf 84' lang='lat' dir='ltr'><strong>perduceret</strong></span> <span class='ocrx_word' id='word_1_183' title='bbox 2926 1503 3066 1559; x_wconf 86' lang='lat' dir='ltr'><strong>opus</strong></span> <span class='ocrx_word' id='word_1_184' title='bbox 3088 1489 3412 1560; x_wconf 63' lang='lat' dir='ltr'><strong>incoeptum.</strong></span> 
     </span>
    </p>
   </div>
   <div class='ocr_carea' id='block_1_28' title="bbox 1825 1574 3416 1648">
    <p class='ocr_par' dir='ltr' id='par_1_28' title="bbox 1825 1574 3416 1648">
     <span class='ocr_line' id='line_1_28' title="bbox 1825 1574 3416 1648; baseline 0.006 -20"><span class='ocrx_word' id='word_1_185' title='bbox 1825 1574 1977 1631; x_wconf 90' lang='lat' dir='ltr'><strong>Bono</strong></span> <span class='ocrx_word' id='word_1_186' title='bbox 2014 1575 2156 1646; x_wconf 86' lang='lat' dir='ltr'><strong>patri</strong></span> <span class='ocrx_word' id='word_1_187' title='bbox 2198 1577 2378 1632; x_wconf 93' lang='lat' dir='ltr'><strong>bonus</strong></span> <span class='ocrx_word' id='word_1_188' title='bbox 2407 1579 2706 1634; x_wconf 89' lang='lat' dir='ltr'><strong>succedens</strong></span> <span class='ocrx_word' id='word_1_189' title='bbox 2742 1579 2907 1648; x_wconf 91' lang='lat' dir='ltr'><strong>ﬁlius,</strong></span> <span class='ocrx_word' id='word_1_190' title='bbox 2939 1579 3230 1638; x_wconf 82' lang='lat' dir='ltr'><strong>lleiuricus</strong></span> <span class='ocrx_word' id='word_1_191' title='bbox 3261 1583 3416 1639; x_wconf 88' lang='lat' dir='ltr'><strong>scili-</strong></span> 
     </span>
    </p>
   </div>
   <div class='ocr_carea' id='block_1_29' title="bbox 1824 1669 3418 1744">
    <p class='ocr_par' dir='ltr' id='par_1_29' title="bbox 1824 1669 3418 1744">
     <span class='ocr_line' id='line_1_29' title="bbox 1824 1669 3418 1744; baseline 0.005 -21"><span class='ocrx_word' id='word_1_192' title='bbox 1824 1677 1928 1736; x_wconf 88' lang='lat' dir='ltr'><strong>cet,</strong></span> <span class='ocrx_word' id='word_1_193' title='bbox 1959 1669 2125 1739; x_wconf 84' lang='lat' dir='ltr'><strong>hujus</strong></span> <span class='ocrx_word' id='word_1_194' title='bbox 2154 1670 2393 1726; x_wconf 91' lang='lat' dir='ltr'><strong>nominis</strong></span> <span class='ocrx_word' id='word_1_195' title='bbox 2434 1670 2733 1741; x_wconf 86' lang='lat' dir='ltr'><strong>imperator</strong></span> <span class='ocrx_word' id='word_1_196' title='bbox 2760 1673 2979 1741; x_wconf 89' lang='lat' dir='ltr'><strong>tertius,</strong></span> <span class='ocrx_word' id='word_1_197' title='bbox 3016 1690 3156 1744; x_wconf 91' lang='lat' dir='ltr'><strong>opus</strong></span> <span class='ocrx_word' id='word_1_198' title='bbox 3206 1674 3418 1732; x_wconf 79' lang='lat' dir='ltr'><strong>fundati</strong></span> 
     </span>
    </p>
   </div>
   <div class='ocr_carea' id='block_1_30' title="bbox 1824 1761 3412 1844">
    <p class='ocr_par' dir='ltr' id='par_1_30' title="bbox 1824 1761 3412 1844">
     <span class='ocr_line' id='line_1_30' title="bbox 1824 1761 3412 1844; baseline 0.005 -31"><span class='ocrx_word' id='word_1_199' title='bbox 1824 1776 1864 1844; x_wconf 37' lang='grc' dir='ltr'><strong>τε.</strong></span> <span class='ocrx_word' id='word_1_200' title='bbox 1893 1761 2216 1831; x_wconf 87' lang='lat' dir='ltr'><strong>parentibus</strong></span> <span class='ocrx_word' id='word_1_201' title='bbox 2257 1761 2513 1830; x_wconf 73' lang='lat' dir='ltr'><strong>cmnobii,</strong></span> <span class='ocrx_word' id='word_1_202' title='bbox 2565 1764 2724 1834; x_wconf 88' lang='lat' dir='ltr'><strong>quasi</strong></span> <span class='ocrx_word' id='word_1_203' title='bbox 2775 1780 2844 1820; x_wconf 82' lang='lat' dir='ltr'><strong>ex</strong></span> <span class='ocrx_word' id='word_1_204' title='bbox 2886 1764 3011 1834; x_wconf 89' lang='lat' dir='ltr'><strong>jure</strong></span> <span class='ocrx_word' id='word_1_205' title='bbox 3043 1765 3412 1834; x_wconf 86' lang='lat' dir='ltr'><strong>haereditario,</strong></span> 
     </span>
    </p>
   </div>
   <div class='ocr_carea' id='block_1_31' title="bbox 1823 1854 3414 1926">
    <p class='ocr_par' dir='ltr' id='par_1_31' title="bbox 1823 1854 3414 1926">
     <span class='ocr_line' id='line_1_31' title="bbox 1823 1854 3414 1926; baseline 0.004 -18"><span class='ocrx_word' id='word_1_206' title='bbox 1823 1854 1890 1908; x_wconf 88' lang='lat' dir='ltr'><strong>ad</strong></span> <span class='ocrx_word' id='word_1_207' title='bbox 1917 1869 1975 1910; x_wconf 91' lang='lat' dir='ltr'><strong>se</strong></span> <span class='ocrx_word' id='word_1_208' title='bbox 2000 1855 2184 1922; x_wconf 87' lang='lat' dir='ltr'><strong>traxit,</strong></span> <span class='ocrx_word' id='word_1_209' title='bbox 2213 1855 2470 1926; x_wconf 87' lang='lat' dir='ltr'><strong>regaliter</strong></span> <span class='ocrx_word' id='word_1_210' title='bbox 2491 1855 2802 1925; x_wconf 66' lang='lat' dir='ltr'><strong>aedificavit,</strong></span> <span class='ocrx_word' id='word_1_211' title='bbox 2848 1857 3104 1914; x_wconf 87' lang='lat' dir='ltr'><strong>nobiliter</strong></span> <span class='ocrx_word' id='word_1_212' title='bbox 3153 1873 3414 1914; x_wconf 87' lang='lat' dir='ltr'><strong>consum-</strong></span> 
     </span>
    </p>
   </div>
   <div class='ocr_carea' id='block_1_32' title="bbox 1822 1947 3416 2014">
    <p class='ocr_par' dir='ltr' id='par_1_32' title="bbox 1822 1947 3416 2014">
     <span class='ocr_line' id='line_1_32' title="bbox 1822 1947 3416 2014; baseline 0.006 -14"><span class='ocrx_word' id='word_1_213' title='bbox 1822 1947 2022 2014; x_wconf 86' lang='lat' dir='ltr'><strong>mavit;</strong></span> <span class='ocrx_word' id='word_1_214' title='bbox 2058 1957 2112 2002; x_wconf 90' lang='lat' dir='ltr'><strong>et</strong></span> <span class='ocrx_word' id='word_1_215' title='bbox 2166 1949 2255 2004; x_wconf 92' lang='lat' dir='ltr'><strong>cui</strong></span> <span class='ocrx_word' id='word_1_216' title='bbox 2294 1949 2445 2004; x_wconf 92' lang='lat' dir='ltr'><strong>nulla</strong></span> <span class='ocrx_word' id='word_1_217' title='bbox 2486 1959 2717 2007; x_wconf 82' lang='lat' dir='ltr'><strong>terrenae</strong></span> <span class='ocrx_word' id='word_1_218' title='bbox 2761 1951 3086 2008; x_wconf 70' lang='lat' dir='ltr'><strong>substantia:</strong></span> <span class='ocrx_word' id='word_1_219' title='bbox 3115 1953 3302 2009; x_wconf 88' lang='lat' dir='ltr'><strong>deerat</strong></span> <span class='ocrx_word' id='word_1_220' title='bbox 3333 1953 3416 2009; x_wconf 88' lang='lat' dir='ltr'><strong>af-</strong></span> 
     </span>
    </p>
   </div>
   <div class='ocr_carea' id='block_1_33' title="bbox 95 2012 3415 2123">
    <p class='ocr_par' dir='ltr' id='par_1_33' title="bbox 95 2012 3415 2123">
     <span class='ocr_line' id='line_1_33' title="bbox 95 2012 3415 2123; baseline 0.005 -35"><span class='ocrx_word' id='word_1_221' title='bbox 95 2012 396 2119; x_wconf 51' lang='grc' dir='ltr'><strong>(Ῐῖιεηιίοιιί</strong></span> <span class='ocrx_word' id='word_1_222' title='bbox 423 2049 782 2106; x_wconf 57' lang='lat' dir='ltr'><strong>translatione</strong></span> <span class='ocrx_word' id='word_1_223' title='bbox 817 2051 1092 2106; x_wconf 64' lang='lat' dir='ltr'><strong>recentior</strong></span> <span class='ocrx_word' id='word_1_224' title='bbox 1117 2060 1236 2106; x_wconf 59' lang='lat' dir='ltr'><strong>erat</strong></span> <span class='ocrx_word' id='word_1_225' title='bbox 1261 2059 1464 2108; x_wconf 49' lang='lat' dir='ltr'><strong>sancta</strong></span> <span class='ocrx_word' id='word_1_226' title='bbox 1485 2050 1716 2123; x_wconf 73' lang='lat' dir='ltr'><strong>virginis</strong></span> <span class='ocrx_word' id='word_1_227' title='bbox 1748 2012 1790 2071; x_wconf 73' lang='grc' dir='ltr'><strong>Β</strong></span> <span class='ocrx_word' id='word_1_228' title='bbox 1819 2038 2064 2109; x_wconf 82' lang='lat' dir='ltr'><strong>fluentia,</strong></span> <span class='ocrx_word' id='word_1_229' title='bbox 2096 2041 2329 2097; x_wconf 91' lang='lat' dir='ltr'><strong>intendit</strong></span> <span class='ocrx_word' id='word_1_230' title='bbox 2351 2043 2598 2098; x_wconf 89' lang='lat' dir='ltr'><strong>animum</strong></span> <span class='ocrx_word' id='word_1_231' title='bbox 2623 2046 2692 2101; x_wconf 90' lang='lat' dir='ltr'><strong>ad</strong></span> <span class='ocrx_word' id='word_1_232' title='bbox 2717 2045 3095 2102; x_wconf 87' lang='lat' dir='ltr'><strong>contrahenda</strong></span> <span class='ocrx_word' id='word_1_233' title='bbox 3129 2049 3415 2105; x_wconf 87' lang='lat' dir='ltr'><strong>undecun-</strong></span> 
     </span>
    </p>
   </div>
   <div class='ocr_carea' id='block_1_34' title="bbox 95 2143 1717 2217">
    <p class='ocr_par' dir='ltr' id='par_1_34' title="bbox 95 2143 1717 2217">
     <span class='ocr_line' id='line_1_34' title="bbox 95 2143 1717 2217; baseline 0.002 -21"><span class='ocrx_word' id='word_1_234' title='bbox 95 2143 403 2211; x_wconf 87' lang='lat' dir='ltr'><strong>memoria,</strong></span> <span class='ocrx_word' id='word_1_235' title='bbox 433 2151 587 2199; x_wconf 91' lang='lat' dir='ltr'><strong>tanto</strong></span> <span class='ocrx_word' id='word_1_236' title='bbox 617 2143 782 2200; x_wconf 89' lang='lat' dir='ltr'><strong>ﬁebat</strong></span> <span class='ocrx_word' id='word_1_237' title='bbox 808 2143 1077 2200; x_wconf 89' lang='lat' dir='ltr'><strong>celebrior</strong></span> <span class='ocrx_word' id='word_1_238' title='bbox 1107 2145 1313 2217; x_wconf 85' lang='lat' dir='ltr'><strong>ubique</strong></span> <span class='ocrx_word' id='word_1_239' title='bbox 1364 2147 1500 2200; x_wconf 90' lang='lat' dir='ltr'><strong>tanti</strong></span> <span class='ocrx_word' id='word_1_240' title='bbox 1539 2146 1717 2201; x_wconf 86' lang='lat' dir='ltr'><strong>nomi-</strong></span> 
     </span>
    </p>
   </div>
   <div class='ocr_carea' id='block_1_35' title="bbox 95 2233 1715 2310">
    <p class='ocr_par' dir='ltr' id='par_1_35' title="bbox 95 2233 1715 2310">
     <span class='ocr_line' id='line_1_35' title="bbox 95 2233 1715 2310; baseline 0.004 -21"><span class='ocrx_word' id='word_1_241' title='bbox 95 2234 197 2290; x_wconf 91' lang='lat' dir='ltr'><strong>nis</strong></span> <span class='ocrx_word' id='word_1_242' title='bbox 226 2237 556 2292; x_wconf 87' lang='lat' dir='ltr'><strong>reverentia.</strong></span> <span class='ocrx_word' id='word_1_243' title='bbox 587 2236 729 2304; x_wconf 84' lang='lat' dir='ltr'><strong>Quia</strong></span> <span class='ocrx_word' id='word_1_244' title='bbox 754 2253 884 2310; x_wconf 88' lang='lat' dir='ltr'><strong>ergo</strong></span> <span class='ocrx_word' id='word_1_245' title='bbox 910 2237 1097 2294; x_wconf 89' lang='lat' dir='ltr'><strong>animo</strong></span> <span class='ocrx_word' id='word_1_246' title='bbox 1124 2237 1407 2294; x_wconf 83' lang='lat' dir='ltr'><strong>festinanti</strong></span> <span class='ocrx_word' id='word_1_247' title='bbox 1458 2239 1536 2294; x_wconf 91' lang='lat' dir='ltr'><strong>nil</strong></span> <span class='ocrx_word' id='word_1_248' title='bbox 1579 2233 1715 2295; x_wconf 81' lang='lat' dir='ltr'><strong>satis</strong></span> 
     </span>
    </p>
   </div>
   <div class='ocr_carea' id='block_1_36' title="bbox 95 2322 1716 2400">
    <p class='ocr_par' dir='ltr' id='par_1_36' title="bbox 95 2322 1716 2400">
     <span class='ocr_line' id='line_1_36' title="bbox 95 2322 1716 2400; baseline 0.005 -22"><span class='ocrx_word' id='word_1_249' title='bbox 95 2322 424 2395; x_wconf 76' lang='lat' dir='ltr'><strong>festinatur,</strong></span> <span class='ocrx_word' id='word_1_250' title='bbox 454 2325 785 2384; x_wconf 89' lang='lat' dir='ltr'><strong>Deodericus</strong></span> <span class='ocrx_word' id='word_1_251' title='bbox 825 2327 1046 2398; x_wconf 63' lang='lat' dir='ltr'><strong>praesul,</strong></span> <span class='ocrx_word' id='word_1_252' title='bbox 1085 2327 1140 2382; x_wconf 90' lang='lat' dir='ltr'><strong>in</strong></span> <span class='ocrx_word' id='word_1_253' title='bbox 1169 2329 1496 2400; x_wconf 87' lang='lat' dir='ltr'><strong>obsequium</strong></span> <span class='ocrx_word' id='word_1_254' title='bbox 1534 2327 1716 2386; x_wconf 72' lang='lat' dir='ltr'><strong>Luciae</strong></span> 
     </span>
    </p>
   </div>
   <div class='ocr_carea' id='block_1_37' title="bbox 95 2413 1715 2492">
    <p class='ocr_par' dir='ltr' id='par_1_37' title="bbox 95 2413 1715 2492">
     <span class='ocr_line' id='line_1_37' title="bbox 95 2413 1715 2492; baseline 0.004 -20"><span class='ocrx_word' id='word_1_255' title='bbox 95 2417 340 2488; x_wconf 84' lang='lat' dir='ltr'><strong>virginis</strong></span> <span class='ocrx_word' id='word_1_256' title='bbox 361 2433 430 2473; x_wconf 82' lang='lat' dir='ltr'><strong>ex</strong></span> <span class='ocrx_word' id='word_1_257' title='bbox 470 2413 586 2474; x_wconf 80' lang='lat' dir='ltr'><strong>teto</strong></span> <span class='ocrx_word' id='word_1_258' title='bbox 634 2435 867 2491; x_wconf 89' lang='lat' dir='ltr'><strong>pronus,</strong></span> <span class='ocrx_word' id='word_1_259' title='bbox 909 2423 1313 2492; x_wconf 58' lang='lat' dir='ltr'><strong>praeoccupavit</strong></span> <span class='ocrx_word' id='word_1_260' title='bbox 1359 2423 1544 2477; x_wconf 90' lang='lat' dir='ltr'><strong>statim</strong></span> <span class='ocrx_word' id='word_1_261' title='bbox 1584 2439 1715 2479; x_wconf 92' lang='lat' dir='ltr'><strong>con-</strong></span> 
     </span>
    </p>
   </div>
   <div class='ocr_carea' id='block_1_38' title="bbox 95 2512 1711 2586">
    <p class='ocr_par' dir='ltr' id='par_1_38' title="bbox 95 2512 1711 2586">
     <span class='ocr_line' id='line_1_38' title="bbox 95 2512 1711 2586; baseline 0.006 -23"><span class='ocrx_word' id='word_1_262' title='bbox 95 2518 328 2565; x_wconf 84' lang='lat' dir='ltr'><strong>struere</strong></span> <span class='ocrx_word' id='word_1_263' title='bbox 354 2512 662 2567; x_wconf 86' lang='lat' dir='ltr'><strong>oratorium</strong></span> <span class='ocrx_word' id='word_1_264' title='bbox 686 2513 744 2567; x_wconf 92' lang='lat' dir='ltr'><strong>in</strong></span> <span class='ocrx_word' id='word_1_265' title='bbox 767 2529 880 2585; x_wconf 92' lang='lat' dir='ltr'><strong>quo</strong></span> <span class='ocrx_word' id='word_1_266' title='bbox 907 2513 1169 2570; x_wconf 89' lang='lat' dir='ltr'><strong>decenter</strong></span> <span class='ocrx_word' id='word_1_267' title='bbox 1193 2525 1485 2586; x_wconf 85' lang='lat' dir='ltr'><strong>reponeret</strong></span> <span class='ocrx_word' id='word_1_268' title='bbox 1518 2517 1711 2573; x_wconf 89' lang='lat' dir='ltr'><strong>datum</strong></span> 
     </span>
    </p>
   </div>
   <div class='ocr_carea' id='block_1_39' title="bbox 94 2603 1714 2678">
    <p class='ocr_par' dir='ltr' id='par_1_39' title="bbox 94 2603 1714 2678">
     <span class='ocr_line' id='line_1_39' title="bbox 94 2603 1714 2678; baseline 0.003 -19"><span class='ocrx_word' id='word_1_269' title='bbox 94 2603 214 2659; x_wconf 83' lang='lat' dir='ltr'><strong>sibi</strong></span> <span class='ocrx_word' id='word_1_270' title='bbox 237 2604 504 2661; x_wconf 92' lang='lat' dir='ltr'><strong>divinitus</strong></span> <span class='ocrx_word' id='word_1_271' title='bbox 524 2606 850 2662; x_wconf 87' lang='lat' dir='ltr'><strong>thesaurum</strong></span> <span class='ocrx_word' id='word_1_272' title='bbox 876 2606 1183 2677; x_wconf 89' lang='lat' dir='ltr'><strong>pretiosum</strong></span> <span class='ocrx_word' id='word_1_273' title='bbox 1219 2622 1384 2678; x_wconf 81' lang='lat' dir='ltr'><strong>super</strong></span> <span class='ocrx_word' id='word_1_274' title='bbox 1423 2624 1621 2664; x_wconf 90' lang='lat' dir='ltr'><strong>aurum</strong></span> <span class='ocrx_word' id='word_1_275' title='bbox 1658 2619 1714 2665; x_wconf 88' lang='lat' dir='ltr'><strong>et</strong></span> 
     </span>
    </p>
   </div>
   <div class='ocr_carea' id='block_1_40' title="bbox 95 2696 1712 2770">
    <p class='ocr_par' dir='ltr' id='par_1_40' title="bbox 95 2696 1712 2770">
     <span class='ocr_line' id='line_1_40' title="bbox 95 2696 1712 2770; baseline 0.004 -18"><span class='ocrx_word' id='word_1_276' title='bbox 95 2698 385 2768; x_wconf 83' lang='lat' dir='ltr'><strong>topazion.</strong></span> <span class='ocrx_word' id='word_1_277' title='bbox 436 2696 558 2766; x_wconf 93' lang='lat' dir='ltr'><strong>Quo</strong></span> <span class='ocrx_word' id='word_1_278' title='bbox 588 2714 752 2770; x_wconf 89' lang='lat' dir='ltr'><strong>opere</strong></span> <span class='ocrx_word' id='word_1_279' title='bbox 771 2698 1119 2755; x_wconf 86' lang='lat' dir='ltr'><strong>laudabiliter</strong></span> <span class='ocrx_word' id='word_1_280' title='bbox 1148 2709 1532 2757; x_wconf 91' lang='lat' dir='ltr'><strong>consummato</strong></span> <span class='ocrx_word' id='word_1_281' title='bbox 1556 2701 1712 2758; x_wconf 91' lang='lat' dir='ltr'><strong>dedi-</strong></span> 
     </span>
    </p>
   </div>
   <div class='ocr_carea' id='block_1_41' title="bbox 94 2790 1713 2868">
    <p class='ocr_par' dir='ltr' id='par_1_41' title="bbox 94 2790 1713 2868">
     <span class='ocr_line' id='line_1_41' title="bbox 94 2790 1713 2868; baseline 0.004 -22"><span class='ocrx_word' id='word_1_282' title='bbox 94 2790 254 2846; x_wconf 81' lang='lat' dir='ltr'><strong>cavit</strong></span> <span class='ocrx_word' id='word_1_283' title='bbox 277 2791 594 2847; x_wconf 81' lang='lat' dir='ltr'><strong>solemuiter</strong></span> <span class='ocrx_word' id='word_1_284' title='bbox 619 2792 798 2862; x_wconf 86' lang='lat' dir='ltr'><strong>ipsam</strong></span> <span class='ocrx_word' id='word_1_285' title='bbox 822 2793 1109 2849; x_wconf 88' lang='lat' dir='ltr'><strong>basilicam</strong></span> <span class='ocrx_word' id='word_1_286' title='bbox 1139 2793 1195 2848; x_wconf 91' lang='lat' dir='ltr'><strong>in</strong></span> <span class='ocrx_word' id='word_1_287' title='bbox 1221 2794 1432 2851; x_wconf 87' lang='lat' dir='ltr'><strong>honore</strong></span> <span class='ocrx_word' id='word_1_288' title='bbox 1459 2796 1713 2868; x_wconf 73' lang='lat' dir='ltr'><strong>gloriosae</strong></span> 
     </span>
    </p>
   </div>
   <div class='ocr_carea' id='block_1_42' title="bbox 95 2881 1704 2960">
    <p class='ocr_par' dir='ltr' id='par_1_42' title="bbox 95 2881 1704 2960">
     <span class='ocr_line' id='line_1_42' title="bbox 95 2881 1704 2960; baseline 0.006 -24"><span class='ocrx_word' id='word_1_289' title='bbox 95 2883 335 2954; x_wconf 80' lang='lat' dir='ltr'><strong>virginis</strong></span> <span class='ocrx_word' id='word_1_290' title='bbox 359 2881 542 2940; x_wconf 61' lang='lat' dir='ltr'><strong>Lucina</strong></span> <span class='ocrx_word' id='word_1_291' title='bbox 565 2893 761 2940; x_wconf 87' lang='lat' dir='ltr'><strong>octavo</strong></span> <span class='ocrx_word' id='word_1_292' title='bbox 784 2883 913 2942; x_wconf 89' lang='lat' dir='ltr'><strong>ldus</strong></span> <span class='ocrx_word' id='word_1_293' title='bbox 945 2885 1202 2957; x_wconf 81' lang='lat' dir='ltr'><strong>Augusti,</strong></span> <span class='ocrx_word' id='word_1_294' title='bbox 1229 2903 1377 2944; x_wconf 86' lang='lat' dir='ltr'><strong>anno</strong></span> <span class='ocrx_word' id='word_1_295' title='bbox 1414 2905 1563 2944; x_wconf 94' lang='lat' dir='ltr'><strong>nono</strong></span> <span class='ocrx_word' id='word_1_296' title='bbox 1585 2890 1704 2960; x_wconf 81' lang='lat' dir='ltr'><strong>epi-</strong></span> 
     </span>
    </p>
   </div>
   <div class='ocr_carea' id='block_1_43' title="bbox 93 2977 1710 3046">
    <p class='ocr_par' dir='ltr' id='par_1_43' title="bbox 93 2977 1710 3046">
     <span class='ocr_line' id='line_1_43' title="bbox 93 2977 1710 3046; baseline 0.004 -14"><span class='ocrx_word' id='word_1_297' title='bbox 93 2985 369 3046; x_wconf 81' lang='lat' dir='ltr'><strong>scopatus</strong></span> <span class='ocrx_word' id='word_1_298' title='bbox 413 2977 530 3046; x_wconf 89' lang='lat' dir='ltr'><strong>sui,</strong></span> <span class='ocrx_word' id='word_1_299' title='bbox 569 2993 716 3032; x_wconf 88' lang='lat' dir='ltr'><strong>anno</strong></span> <span class='ocrx_word' id='word_1_300' title='bbox 773 2993 906 3034; x_wconf 87' lang='lat' dir='ltr'><strong>vero</strong></span> <span class='ocrx_word' id='word_1_301' title='bbox 954 2977 1255 3036; x_wconf 66' lang='lat' dir='ltr'><strong>Dominicae</strong></span> <span class='ocrx_word' id='word_1_302' title='bbox 1311 2978 1710 3038; x_wconf 88' lang='lat' dir='ltr'><strong>lncarnationis</strong></span> 
     </span>
    </p>
   </div>
   <div class='ocr_carea' id='block_1_44' title="bbox 93 3067 1710 3141">
    <p class='ocr_par' dir='ltr' id='par_1_44' title="bbox 93 3067 1710 3141">
     <span class='ocr_line' id='line_1_44' title="bbox 93 3067 1710 3141; baseline 0.005 -21"><span class='ocrx_word' id='word_1_303' title='bbox 93 3067 529 3138; x_wconf 86' lang='lat' dir='ltr'><strong>nongentesimo</strong></span> <span class='ocrx_word' id='word_1_304' title='bbox 564 3069 970 3140; x_wconf 88' lang='lat' dir='ltr'><strong>septuagesimo</strong></span> <span class='ocrx_word' id='word_1_305' title='bbox 1011 3071 1254 3126; x_wconf 90' lang='lat' dir='ltr'><strong>secundo</strong></span> <span class='ocrx_word' id='word_1_306' title='bbox 1281 3112 1297 3136; x_wconf 90' lang='lat'><strong>,</strong></span> <span class='ocrx_word' id='word_1_307' title='bbox 1349 3073 1710 3141; x_wconf 82' lang='lat' dir='ltr'><strong>praesentibus</strong></span> 
     </span>
    </p>
   </div>
   <div class='ocr_carea' id='block_1_45' title="bbox 93 3160 1702 3236">
    <p class='ocr_par' dir='ltr' id='par_1_45' title="bbox 93 3160 1702 3236">
     <span class='ocr_line' id='line_1_45' title="bbox 93 3160 1702 3236; baseline 0.004 -21"><span class='ocrx_word' id='word_1_308' title='bbox 93 3168 159 3215; x_wconf 91' lang='lat' dir='ltr'><strong>et</strong></span> <span class='ocrx_word' id='word_1_309' title='bbox 182 3160 609 3230; x_wconf 91' lang='lat' dir='ltr'><strong>cooperautibus</strong></span> <span class='ocrx_word' id='word_1_310' title='bbox 631 3161 737 3217; x_wconf 87' lang='lat' dir='ltr'><strong>sibi</strong></span> <span class='ocrx_word' id='word_1_311' title='bbox 762 3163 880 3218; x_wconf 90' lang='lat' dir='ltr'><strong>suis</strong></span> <span class='ocrx_word' id='word_1_312' title='bbox 906 3162 1381 3235; x_wconf 85' lang='lat' dir='ltr'><strong>consuﬁ‘raganeis</strong></span> <span class='ocrx_word' id='word_1_313' title='bbox 1405 3166 1702 3236; x_wconf 90' lang='lat' dir='ltr'><strong>episcopis,</strong></span> 
     </span>
    </p>
   </div>
   <div class='ocr_carea' id='block_1_46' title="bbox 95 3251 1708 3330">
    <p class='ocr_par' dir='ltr' id='par_1_46' title="bbox 95 3251 1708 3330">
     <span class='ocr_line' id='line_1_46' title="bbox 95 3251 1708 3330; baseline 0.004 -22"><span class='ocrx_word' id='word_1_314' title='bbox 95 3251 356 3309; x_wconf 88' lang='lat' dir='ltr'><strong>Gerardo</strong></span> <span class='ocrx_word' id='word_1_315' title='bbox 385 3252 629 3310; x_wconf 90' lang='lat' dir='ltr'><strong>Tullensi</strong></span> <span class='ocrx_word' id='word_1_316' title='bbox 650 3263 706 3311; x_wconf 91' lang='lat' dir='ltr'><strong>et</strong></span> <span class='ocrx_word' id='word_1_317' title='bbox 730 3253 1044 3313; x_wconf 84' lang='lat' dir='ltr'><strong>Wiuofrido</strong></span> <span class='ocrx_word' id='word_1_318' title='bbox 1069 3255 1424 3327; x_wconf 84' lang='lat' dir='ltr'><strong>Virdunensi,</strong></span> <span class='ocrx_word' id='word_1_319' title='bbox 1449 3260 1542 3330; x_wconf 90' lang='lat' dir='ltr'><strong>qui</strong></span> <span class='ocrx_word' id='word_1_320' title='bbox 1577 3261 1708 3315; x_wconf 90' lang='lat' dir='ltr'><strong>olim</strong></span> 
     </span>
    </p>
   </div>
   <div class='ocr_carea' id='block_1_47' title="bbox 93 3345 1706 3417">
    <p class='ocr_par' dir='ltr' id='par_1_47' title="bbox 93 3345 1706 3417">
     <span class='ocr_line' id='line_1_47' title="bbox 93 3345 1706 3417; baseline 0.004 -15"><span class='ocrx_word' id='word_1_321' title='bbox 93 3345 164 3402; x_wconf 85' lang='lat' dir='ltr'><strong>in</strong></span> <span class='ocrx_word' id='word_1_322' title='bbox 189 3345 315 3402; x_wconf 87' lang='lat' dir='ltr'><strong>aula</strong></span> <span class='ocrx_word' id='word_1_323' title='bbox 358 3346 703 3417; x_wconf 83' lang='lat' dir='ltr'><strong>imperatoris</strong></span> <span class='ocrx_word' id='word_1_324' title='bbox 752 3347 1011 3406; x_wconf 85' lang='lat' dir='ltr'><strong>familiari</strong></span> <span class='ocrx_word' id='word_1_325' title='bbox 1066 3351 1429 3407; x_wconf 91' lang='lat' dir='ltr'><strong>contubernio</strong></span> <span class='ocrx_word' id='word_1_326' title='bbox 1461 3353 1565 3408; x_wconf 87' lang='lat' dir='ltr'><strong>sibi</strong></span> <span class='ocrx_word' id='word_1_327' title='bbox 1607 3354 1706 3409; x_wconf 88' lang='lat' dir='ltr'><strong>ad-</strong></span> 
     </span>
    </p>
   </div>
   <div class='ocr_carea' id='block_1_48' title="bbox 95 3436 1708 3515">
    <p class='ocr_par' dir='ltr' id='par_1_48' title="bbox 95 3436 1708 3515">
     <span class='ocr_line' id='line_1_48' title="bbox 95 3436 1708 3515; baseline 0.006 -22"><span class='ocrx_word' id='word_1_328' title='bbox 95 3438 404 3506; x_wconf 59' lang='lat' dir='ltr'><strong>haeserant,</strong></span> <span class='ocrx_word' id='word_1_329' title='bbox 437 3448 494 3496; x_wconf 88' lang='lat' dir='ltr'><strong>et</strong></span> <span class='ocrx_word' id='word_1_330' title='bbox 513 3436 679 3497; x_wconf 83' lang='lat' dir='ltr'><strong>modo</strong></span> <span class='ocrx_word' id='word_1_331' title='bbox 705 3442 787 3498; x_wconf 92' lang='lat' dir='ltr'><strong>eis</strong></span> <span class='ocrx_word' id='word_1_332' title='bbox 815 3444 1183 3515; x_wconf 85' lang='lat' dir='ltr'><strong>exsequendis</strong></span> <span class='ocrx_word' id='word_1_333' title='bbox 1209 3445 1599 3502; x_wconf 67' lang='lat' dir='ltr'><strong>ecclesiastica:</strong></span> <span class='ocrx_word' id='word_1_334' title='bbox 1622 3463 1708 3503; x_wconf 84' lang='lat' dir='ltr'><strong>re-</strong></span> 
     </span>
    </p>
   </div>
   <div class='ocr_carea' id='block_1_49' title="bbox 96 3531 1708 3602">
    <p class='ocr_par' dir='ltr' id='par_1_49' title="bbox 96 3531 1708 3602">
     <span class='ocr_line' id='line_1_49' title="bbox 96 3531 1708 3602; baseline 0.005 -14"><span class='ocrx_word' id='word_1_335' title='bbox 96 3531 332 3602; x_wconf 89' lang='lat' dir='ltr'><strong>ligionis</strong></span> <span class='ocrx_word' id='word_1_336' title='bbox 357 3531 570 3602; x_wconf 80' lang='lat' dir='ltr'><strong>ofﬁciis,</strong></span> <span class='ocrx_word' id='word_1_337' title='bbox 603 3535 853 3592; x_wconf 89' lang='lat' dir='ltr'><strong>unanimi</strong></span> <span class='ocrx_word' id='word_1_338' title='bbox 886 3537 1176 3595; x_wconf 89' lang='lat' dir='ltr'><strong>devotione</strong></span> <span class='ocrx_word' id='word_1_339' title='bbox 1207 3538 1314 3594; x_wconf 87' lang='lat' dir='ltr'><strong>sibi</strong></span> <span class='ocrx_word' id='word_1_340' title='bbox 1339 3538 1573 3594; x_wconf 90' lang='lat' dir='ltr'><strong>invicem</strong></span> <span class='ocrx_word' id='word_1_341' title='bbox 1611 3540 1708 3596; x_wconf 88' lang='lat' dir='ltr'><strong>ob-</strong></span> 
     </span>
    </p>
   </div>
   <div class='ocr_carea' id='block_1_50' title="bbox 96 3613 1365 3697">
    <p class='ocr_par' dir='ltr' id='par_1_50' title="bbox 96 3613 1365 3697">
     <span class='ocr_line' id='line_1_50' title="bbox 96 3613 1365 3697; baseline 0.006 -17"><span class='ocrx_word' id='word_1_342' title='bbox 96 3626 511 3697; x_wconf 88' lang='lat' dir='ltr'><strong>temperabant.</strong></span> <span class='ocrx_word' id='word_1_343' title='bbox 1361 3613 1365 3618; x_wconf 48' lang='grc'><em>’</em></span> 
     </span>
    </p>
   </div>
   <div class='ocr_carea' id='block_1_51' title="bbox 177 3708 1707 3797">
    <p class='ocr_par' dir='ltr' id='par_1_51' title="bbox 177 3708 1707 3797">
     <span class='ocr_line' id='line_1_51' title="bbox 177 3708 1707 3797; baseline 0.007 -24"><span class='ocrx_word' id='word_1_344' title='bbox 177 3719 340 3775; x_wconf 79' lang='lat' dir='ltr'><strong>Anno</strong></span> <span class='ocrx_word' id='word_1_345' title='bbox 364 3708 491 3791; x_wconf 84' lang='lat' dir='ltr'><strong>post</strong></span> <span class='ocrx_word' id='word_1_346' title='bbox 525 3721 644 3779; x_wconf 73' lang='lat' dir='ltr'><strong>haec</strong></span> <span class='ocrx_word' id='word_1_347' title='bbox 667 3723 1130 3797; x_wconf 89' lang='lat' dir='ltr'><strong>quinquagesimo</strong></span> <span class='ocrx_word' id='word_1_348' title='bbox 1177 3727 1422 3784; x_wconf 89' lang='lat' dir='ltr'><strong>secundo</strong></span> <span class='ocrx_word' id='word_1_349' title='bbox 1447 3768 1465 3796; x_wconf 89' lang='lat'><strong>,</strong></span> <span class='ocrx_word' id='word_1_350' title='bbox 1499 3727 1707 3784; x_wconf 91' lang='lat' dir='ltr'><strong>electus</strong></span> 
     </span>
    </p>
   </div>
   <div class='ocr_carea' id='block_1_52' title="bbox 97 3810 1706 3892">
    <p class='ocr_par' dir='ltr' id='par_1_52' title="bbox 97 3810 1706 3892">
     <span class='ocr_line' id='line_1_52' title="bbox 97 3810 1706 3892; baseline 0.007 -27"><span class='ocrx_word' id='word_1_351' title='bbox 97 3810 176 3867; x_wconf 85' lang='lat' dir='ltr'><strong>ad</strong></span> <span class='ocrx_word' id='word_1_352' title='bbox 208 3811 502 3882; x_wconf 85' lang='lat' dir='ltr'><strong>imperium</strong></span> <span class='ocrx_word' id='word_1_353' title='bbox 540 3811 828 3872; x_wconf 89' lang='lat' dir='ltr'><strong>Conradus</strong></span> <span class='ocrx_word' id='word_1_354' title='bbox 882 3818 1178 3889; x_wconf 87' lang='lat' dir='ltr'><strong>secundus,</strong></span> <span class='ocrx_word' id='word_1_355' title='bbox 1233 3820 1382 3892; x_wconf 92' lang='lat' dir='ltr'><strong>quod</strong></span> <span class='ocrx_word' id='word_1_356' title='bbox 1430 3819 1534 3876; x_wconf 91' lang='lat' dir='ltr'><strong>sibi</strong></span> <span class='ocrx_word' id='word_1_357' title='bbox 1575 3836 1706 3891; x_wconf 89' lang='lat' dir='ltr'><strong>pro-</strong></span> 
     </span>
    </p>
   </div>
   <div class='ocr_carea' id='block_1_53' title="bbox 99 3903 1703 3984">
    <p class='ocr_par' dir='ltr' id='par_1_53' title="bbox 99 3903 1703 3984">
     <span class='ocr_line' id='line_1_53' title="bbox 99 3903 1703 3984; baseline 0.006 -24"><span class='ocrx_word' id='word_1_358' title='bbox 99 3912 229 3976; x_wconf 85' lang='lat' dir='ltr'><strong>pter</strong></span> <span class='ocrx_word' id='word_1_359' title='bbox 269 3903 671 3963; x_wconf 64' lang='lat' dir='ltr'><strong>hatreditariam</strong></span> <span class='ocrx_word' id='word_1_360' title='bbox 723 3911 923 3982; x_wconf 89' lang='lat' dir='ltr'><strong>regalis</strong></span> <span class='ocrx_word' id='word_1_361' title='bbox 971 3913 1243 3984; x_wconf 70' lang='lat' dir='ltr'><strong>prosapia:</strong></span> <span class='ocrx_word' id='word_1_362' title='bbox 1294 3915 1703 3970; x_wconf 88' lang='lat' dir='ltr'><strong>successionem</strong></span> 
     </span>
    </p>
   </div>
   <div class='ocr_carea' id='block_1_54' title="bbox 100 3997 1703 4078">
    <p class='ocr_par' dir='ltr' id='par_1_54' title="bbox 100 3997 1703 4078">
     <span class='ocr_line' id='line_1_54' title="bbox 100 3997 1703 4078; baseline 0.008 -26"><span class='ocrx_word' id='word_1_363' title='bbox 100 3997 475 4068; x_wconf 88' lang='lat' dir='ltr'><strong>competehat,</strong></span> <span class='ocrx_word' id='word_1_364' title='bbox 499 4009 554 4056; x_wconf 90' lang='lat' dir='ltr'><strong>et</strong></span> <span class='ocrx_word' id='word_1_365' title='bbox 575 4002 750 4074; x_wconf 90' lang='lat' dir='ltr'><strong>magis</strong></span> <span class='ocrx_word' id='word_1_366' title='bbox 771 4013 993 4076; x_wconf 90' lang='lat' dir='ltr'><strong>propter</strong></span> <span class='ocrx_word' id='word_1_367' title='bbox 1019 4007 1303 4078; x_wconf 83' lang='lat' dir='ltr'><strong>sapientiae</strong></span> <span class='ocrx_word' id='word_1_368' title='bbox 1339 4016 1395 4064; x_wconf 92' lang='lat' dir='ltr'><strong>et</strong></span> <span class='ocrx_word' id='word_1_369' title='bbox 1421 4007 1703 4066; x_wconf 89' lang='lat' dir='ltr'><strong>fortitudi-</strong></span> 
     </span>
    </p>
   </div>
   <div class='ocr_carea' id='block_1_55' title="bbox 1813 2136 3414 2215">
    <p class='ocr_par' dir='ltr' id='par_1_55' title="bbox 1813 2136 3414 2215">
     <span class='ocr_line' id='line_1_55' title="bbox 1813 2136 3414 2215; baseline 0.008 -28"><span class='ocrx_word' id='word_1_370' title='bbox 1813 2147 1925 2206; x_wconf 86' lang='lat' dir='ltr'><strong>que</strong></span> <span class='ocrx_word' id='word_1_371' title='bbox 1975 2143 2294 2191; x_wconf 90' lang='lat' dir='ltr'><strong>sanctorum</strong></span> <span class='ocrx_word' id='word_1_372' title='bbox 2335 2136 2585 2210; x_wconf 88' lang='lat' dir='ltr'><strong>pignora,</strong></span> <span class='ocrx_word' id='word_1_373' title='bbox 2629 2147 2690 2195; x_wconf 90' lang='lat' dir='ltr'><strong>ut</strong></span> <span class='ocrx_word' id='word_1_374' title='bbox 2710 2155 2901 2195; x_wconf 89' lang='lat' dir='ltr'><strong>eorum</strong></span> <span class='ocrx_word' id='word_1_375' title='bbox 2948 2153 3202 2215; x_wconf 86' lang='lat' dir='ltr'><strong>prompta</strong></span> <span class='ocrx_word' id='word_1_376' title='bbox 3225 2145 3330 2201; x_wconf 89' lang='lat' dir='ltr'><strong>sibi</strong></span> <span class='ocrx_word' id='word_1_377' title='bbox 3355 2147 3414 2201; x_wconf 91' lang='lat' dir='ltr'><strong>in</strong></span> 
     </span>
    </p>
   </div>
   <div class='ocr_carea' id='block_1_56' title="bbox 1817 2226 3417 2307">
    <p class='ocr_par' dir='ltr' id='par_1_56' title="bbox 1817 2226 3417 2307">
     <span class='ocr_line' id='line_1_56' title="bbox 1817 2226 3417 2307; baseline 0.008 -27"><span class='ocrx_word' id='word_1_378' title='bbox 1817 2226 2246 2284; x_wconf 88' lang='lat' dir='ltr'><strong>necessitatibus</strong></span> <span class='ocrx_word' id='word_1_379' title='bbox 2282 2229 2539 2285; x_wconf 89' lang='lat' dir='ltr'><strong>adessent</strong></span> <span class='ocrx_word' id='word_1_380' title='bbox 2577 2231 2854 2304; x_wconf 75' lang='lat' dir='ltr'><strong>suffragia,</strong></span> <span class='ocrx_word' id='word_1_381' title='bbox 2892 2249 3130 2304; x_wconf 89' lang='lat' dir='ltr'><strong>quorum</strong></span> <span class='ocrx_word' id='word_1_382' title='bbox 3172 2253 3417 2307; x_wconf 76' lang='lat' dir='ltr'><strong>praesen-</strong></span> 
     </span>
    </p>
   </div>
   <div class='ocr_carea' id='block_1_57' title="bbox 1817 2320 3418 2398">
    <p class='ocr_par' dir='ltr' id='par_1_57' title="bbox 1817 2320 3418 2398">
     <span class='ocr_line' id='line_1_57' title="bbox 1817 2320 3418 2398; baseline 0.008 -23"><span class='ocrx_word' id='word_1_383' title='bbox 1817 2320 2022 2377; x_wconf 89' lang='lat' dir='ltr'><strong>tialiter</strong></span> <span class='ocrx_word' id='word_1_384' title='bbox 2049 2321 2504 2394; x_wconf 87' lang='lat' dir='ltr'><strong>frequentabatur</strong></span> <span class='ocrx_word' id='word_1_385' title='bbox 2548 2327 2637 2381; x_wconf 89' lang='lat' dir='ltr'><strong>die</strong></span> <span class='ocrx_word' id='word_1_386' title='bbox 2674 2337 2945 2398; x_wconf 90' lang='lat' dir='ltr'><strong>nocteque</strong></span> <span class='ocrx_word' id='word_1_387' title='bbox 2986 2331 3271 2386; x_wconf 86' lang='lat' dir='ltr'><strong>memoria.</strong></span> <span class='ocrx_word' id='word_1_388' title='bbox 3303 2329 3418 2388; x_wconf 88' lang='lat' dir='ltr'><strong>Nec</strong></span> 
     </span>
    </p>
   </div>
   <div class='ocr_carea' id='block_1_58' title="bbox 1815 2415 3412 2490">
    <p class='ocr_par' dir='ltr' id='par_1_58' title="bbox 1815 2415 3412 2490">
     <span class='ocr_line' id='line_1_58' title="bbox 1815 2415 3412 2490; baseline 0.007 -22"><span class='ocrx_word' id='word_1_389' title='bbox 1815 2422 1996 2468; x_wconf 89' lang='lat' dir='ltr'><strong>tamen</strong></span> <span class='ocrx_word' id='word_1_390' title='bbox 2021 2415 2250 2470; x_wconf 89' lang='lat' dir='ltr'><strong>credidit</strong></span> <span class='ocrx_word' id='word_1_391' title='bbox 2271 2418 2413 2472; x_wconf 89' lang='lat' dir='ltr'><strong>votis</strong></span> <span class='ocrx_word' id='word_1_392' title='bbox 2435 2417 2554 2474; x_wconf 91' lang='lat' dir='ltr'><strong>suis</strong></span> <span class='ocrx_word' id='word_1_393' title='bbox 2579 2417 2920 2475; x_wconf 88' lang='lat' dir='ltr'><strong>satisfactum</strong></span> <span class='ocrx_word' id='word_1_394' title='bbox 2948 2436 3091 2490; x_wconf 87' lang='lat' dir='ltr'><strong>esse,</strong></span> <span class='ocrx_word' id='word_1_395' title='bbox 3116 2421 3222 2478; x_wconf 91' lang='lat' dir='ltr'><strong>nisi</strong></span> <span class='ocrx_word' id='word_1_396' title='bbox 3245 2423 3412 2478; x_wconf 87' lang='lat' dir='ltr'><strong>etiam</strong></span> 
     </span>
    </p>
   </div>
   <div class='ocr_carea' id='block_1_59' title="bbox 1813 2509 3410 2588">
    <p class='ocr_par' dir='ltr' id='par_1_59' title="bbox 1813 2509 3410 2588">
     <span class='ocr_line' id='line_1_59' title="bbox 1813 2509 3410 2588; baseline 0.009 -27"><span class='ocrx_word' id='word_1_397' title='bbox 1813 2509 2044 2581; x_wconf 87' lang='lat' dir='ltr'><strong>pignora</strong></span> <span class='ocrx_word' id='word_1_398' title='bbox 2094 2520 2296 2566; x_wconf 58' lang='lat' dir='ltr'><strong>sanctae</strong></span> <span class='ocrx_word' id='word_1_399' title='bbox 2339 2512 2568 2583; x_wconf 77' lang='lat' dir='ltr'><strong>virginis</strong></span> <span class='ocrx_word' id='word_1_400' title='bbox 2616 2512 2801 2572; x_wconf 71' lang='lat' dir='ltr'><strong>Lucia:</strong></span> <span class='ocrx_word' id='word_1_401' title='bbox 2846 2522 3148 2574; x_wconf 63' lang='lat' dir='ltr'><strong>mereretur</strong></span> <span class='ocrx_word' id='word_1_402' title='bbox 3184 2519 3410 2588; x_wconf 80' lang='lat' dir='ltr'><strong>habere,</strong></span> 
     </span>
    </p>
   </div>
   <div class='ocr_carea' id='block_1_60' title="bbox 1814 2603 3416 2685">
    <p class='ocr_par' dir='ltr' id='par_1_60' title="bbox 1814 2603 3416 2685">
     <span class='ocr_line' id='line_1_60' title="bbox 1814 2603 3416 2685; baseline 0.006 -25"><span class='ocrx_word' id='word_1_403' title='bbox 1814 2603 1974 2673; x_wconf 92' lang='lat' dir='ltr'><strong>cujus</strong></span> <span class='ocrx_word' id='word_1_404' title='bbox 1992 2604 2046 2658; x_wconf 92' lang='lat' dir='ltr'><strong>in</strong></span> <span class='ocrx_word' id='word_1_405' title='bbox 2071 2603 2314 2660; x_wconf 89' lang='lat' dir='ltr'><strong>Ecclesia</strong></span> <span class='ocrx_word' id='word_1_406' title='bbox 2336 2607 2550 2662; x_wconf 90' lang='lat' dir='ltr'><strong>celebre</strong></span> <span class='ocrx_word' id='word_1_407' title='bbox 2573 2624 2771 2664; x_wconf 91' lang='lat' dir='ltr'><strong>nomen</strong></span> <span class='ocrx_word' id='word_1_408' title='bbox 2794 2610 3119 2680; x_wconf 86' lang='lat' dir='ltr'><strong>habebatur,</strong></span> <span class='ocrx_word' id='word_1_409' title='bbox 3143 2614 3416 2685; x_wconf 87' lang='lat' dir='ltr'><strong>cujusque</strong></span> 
     </span>
    </p>
   </div>
   <div class='ocr_carea' id='block_1_61' title="bbox 1811 2695 3412 2771">
    <p class='ocr_par' dir='ltr' id='par_1_61' title="bbox 1811 2695 3412 2771">
     <span class='ocr_line' id='line_1_61' title="bbox 1811 2695 3412 2771; baseline 0.008 -22"><span class='ocrx_word' id='word_1_410' title='bbox 1811 2711 1911 2766; x_wconf 87' lang='lat' dir='ltr'><strong>per</strong></span> <span class='ocrx_word' id='word_1_411' title='bbox 1945 2695 2150 2753; x_wconf 87' lang='lat' dir='ltr'><strong>Gallias</strong></span> <span class='ocrx_word' id='word_1_412' title='bbox 2181 2698 2501 2771; x_wconf 75' lang='lat' dir='ltr'><strong>suffragium</strong></span> <span class='ocrx_word' id='word_1_413' title='bbox 2531 2699 2674 2756; x_wconf 89' lang='lat' dir='ltr'><strong>ﬁdeli</strong></span> <span class='ocrx_word' id='word_1_414' title='bbox 2703 2702 2991 2760; x_wconf 91' lang='lat' dir='ltr'><strong>devotione</strong></span> <span class='ocrx_word' id='word_1_415' title='bbox 3037 2705 3107 2761; x_wconf 91' lang='lat' dir='ltr'><strong>ah</strong></span> <span class='ocrx_word' id='word_1_416' title='bbox 3152 2707 3412 2764; x_wconf 92' lang='lat' dir='ltr'><strong>omnibus</strong></span> 
     </span>
    </p>
   </div>
   <div class='ocr_carea' id='block_1_62' title="bbox 1812 2789 3411 2868">
    <p class='ocr_par' dir='ltr' id='par_1_62' title="bbox 1812 2789 3411 2868">
     <span class='ocr_line' id='line_1_62' title="bbox 1812 2789 3411 2868; baseline 0.009 -27"><span class='ocrx_word' id='word_1_417' title='bbox 1812 2789 2186 2866; x_wconf 84' lang='lat' dir='ltr'><strong>expetebatur.</strong></span> <span class='ocrx_word' id='word_1_418' title='bbox 2217 2789 2469 2847; x_wconf 90' lang='lat' dir='ltr'><strong>Mettensi</strong></span> <span class='ocrx_word' id='word_1_419' title='bbox 2500 2791 2778 2862; x_wconf 62' lang='lat' dir='ltr'><strong>Ecclesiae,</strong></span> <span class='ocrx_word' id='word_1_420' title='bbox 2800 2812 2924 2866; x_wconf 72' lang='lat' dir='ltr'><strong>qua:</strong></span> <span class='ocrx_word' id='word_1_421' title='bbox 2945 2797 3258 2868; x_wconf 87' lang='lat' dir='ltr'><strong>specialiter</strong></span> <span class='ocrx_word' id='word_1_422' title='bbox 3286 2815 3411 2855; x_wconf 85' lang='lat' dir='ltr'><strong>eor-</strong></span> 
     </span>
    </p>
   </div>
   <div class='ocr_carea' id='block_1_63' title="bbox 1811 2883 3413 2962">
    <p class='ocr_par' dir='ltr' id='par_1_63' title="bbox 1811 2883 3413 2962">
     <span class='ocr_line' id='line_1_63' title="bbox 1811 2883 3413 2962; baseline 0.008 -28"><span class='ocrx_word' id='word_1_423' title='bbox 1811 2897 1945 2951; x_wconf 90' lang='lat' dir='ltr'><strong>pore</strong></span> <span class='ocrx_word' id='word_1_424' title='bbox 1991 2891 2195 2937; x_wconf 72' lang='lat' dir='ltr'><strong>sancta:</strong></span> <span class='ocrx_word' id='word_1_425' title='bbox 2229 2883 2458 2956; x_wconf 88' lang='lat' dir='ltr'><strong>virginis</strong></span> <span class='ocrx_word' id='word_1_426' title='bbox 2499 2885 2804 2956; x_wconf 69' lang='lat' dir='ltr'><strong>lzetabatur,</strong></span> <span class='ocrx_word' id='word_1_427' title='bbox 2859 2887 3194 2946; x_wconf 88' lang='lat' dir='ltr'><strong>Deodericus</strong></span> <span class='ocrx_word' id='word_1_428' title='bbox 3221 2891 3413 2962; x_wconf 91' lang='lat' dir='ltr'><strong>junior</strong></span> 
     </span>
    </p>
   </div>
   <div class='ocr_carea' id='block_1_64' title="bbox 1811 2976 3413 3058">
    <p class='ocr_par' dir='ltr' id='par_1_64' title="bbox 1811 2976 3413 3058">
     <span class='ocr_line' id='line_1_64' title="bbox 1811 2976 3413 3058; baseline 0.009 -29"><span class='ocrx_word' id='word_1_429' title='bbox 1811 2976 2270 3048; x_wconf 88' lang='lat' dir='ltr'><strong>quadragesimus</strong></span> <span class='ocrx_word' id='word_1_430' title='bbox 2323 2988 2552 3035; x_wconf 91' lang='lat' dir='ltr'><strong>octavus</strong></span> <span class='ocrx_word' id='word_1_431' title='bbox 2601 2981 2894 3053; x_wconf 89' lang='lat' dir='ltr'><strong>episcopus</strong></span> <span class='ocrx_word' id='word_1_432' title='bbox 2943 2995 3194 3054; x_wconf 68' lang='lat' dir='ltr'><strong>praeerat,</strong></span> <span class='ocrx_word' id='word_1_433' title='bbox 3219 2987 3311 3058; x_wconf 89' lang='lat' dir='ltr'><strong>qui</strong></span> <span class='ocrx_word' id='word_1_434' title='bbox 3356 2995 3413 3044; x_wconf 89' lang='lat' dir='ltr'><strong>et</strong></span> 
     </span>
    </p>
   </div>
   <div class='ocr_carea' id='block_1_65' title="bbox 1809 3069 3410 3149">
    <p class='ocr_par' dir='ltr' id='par_1_65' title="bbox 1809 3069 3410 3149">
     <span class='ocr_line' id='line_1_65' title="bbox 1809 3069 3410 3149; baseline 0.007 -28"><span class='ocrx_word' id='word_1_435' title='bbox 1809 3077 2032 3139; x_wconf 88' lang='lat' dir='ltr'><strong>pr0pter</strong></span> <span class='ocrx_word' id='word_1_436' title='bbox 2067 3069 2412 3124; x_wconf 82' lang='lat' dir='ltr'><strong>nobilitatem</strong></span> <span class='ocrx_word' id='word_1_437' title='bbox 2446 3073 2664 3142; x_wconf 89' lang='lat' dir='ltr'><strong>generis</strong></span> <span class='ocrx_word' id='word_1_438' title='bbox 2689 3073 2745 3127; x_wconf 91' lang='lat' dir='ltr'><strong>in</strong></span> <span class='ocrx_word' id='word_1_439' title='bbox 2775 3075 2975 3130; x_wconf 74' lang='lat' dir='ltr'><strong>saeculo</strong></span> <span class='ocrx_word' id='word_1_440' title='bbox 3006 3077 3193 3132; x_wconf 73' lang='lat' dir='ltr'><strong>multae</strong></span> <span class='ocrx_word' id='word_1_441' title='bbox 3214 3088 3410 3149; x_wconf 87' lang='lat' dir='ltr'><strong>poten-</strong></span> 
     </span>
    </p>
   </div>
   <div class='ocr_carea' id='block_1_66' title="bbox 1813 3159 3407 3237">
    <p class='ocr_par' dir='ltr' id='par_1_66' title="bbox 1813 3159 3407 3237">
     <span class='ocr_line' id='line_1_66' title="bbox 1813 3159 3407 3237; baseline 0.005 -23"><span class='ocrx_word' id='word_1_442' title='bbox 1813 3159 1919 3227; x_wconf 85' lang='lat' dir='ltr'><strong>tiae,</strong></span> <span class='ocrx_word' id='word_1_443' title='bbox 1945 3169 1999 3216; x_wconf 91' lang='lat' dir='ltr'><strong>et</strong></span> <span class='ocrx_word' id='word_1_444' title='bbox 2027 3169 2251 3232; x_wconf 88' lang='lat' dir='ltr'><strong>propter</strong></span> <span class='ocrx_word' id='word_1_445' title='bbox 2279 3161 2564 3232; x_wconf 68' lang='lat' dir='ltr'><strong>sapientiae</strong></span> <span class='ocrx_word' id='word_1_446' title='bbox 2593 3163 2916 3233; x_wconf 90' lang='lat' dir='ltr'><strong>dignitatem</strong></span> <span class='ocrx_word' id='word_1_447' title='bbox 2948 3181 3161 3237; x_wconf 83' lang='lat' dir='ltr'><strong>magnae</strong></span> <span class='ocrx_word' id='word_1_448' title='bbox 3212 3167 3268 3221; x_wconf 90' lang='lat' dir='ltr'><strong>in</strong></span> <span class='ocrx_word' id='word_1_449' title='bbox 3299 3166 3407 3223; x_wconf 90' lang='lat' dir='ltr'><strong>Ec-</strong></span> 
     </span>
    </p>
   </div>
   <div class='ocr_carea' id='block_1_67' title="bbox 1808 3254 3409 3328">
    <p class='ocr_par' dir='ltr' id='par_1_67' title="bbox 1808 3254 3409 3328">
     <span class='ocr_line' id='line_1_67' title="bbox 1808 3254 3409 3328; baseline 0.002 -18"><span class='ocrx_word' id='word_1_450' title='bbox 1808 3254 1975 3310; x_wconf 88' lang='lat' dir='ltr'><strong>clesia</strong></span> <span class='ocrx_word' id='word_1_451' title='bbox 2005 3263 2122 3309; x_wconf 88' lang='lat' dir='ltr'><strong>erat</strong></span> <span class='ocrx_word' id='word_1_452' title='bbox 2149 3255 2486 3310; x_wconf 75' lang='lat' dir='ltr'><strong>reverentiae.</strong></span> <span class='ocrx_word' id='word_1_453' title='bbox 2512 3254 2596 3310; x_wconf 85' lang='lat' dir='ltr'><strong>Ab</strong></span> <span class='ocrx_word' id='word_1_454' title='bbox 2623 3255 2729 3312; x_wconf 91' lang='lat' dir='ltr'><strong>hoc</strong></span> <span class='ocrx_word' id='word_1_455' title='bbox 2764 3255 3060 3312; x_wconf 82' lang='lat' dir='ltr'><strong>lleinricus</strong></span> <span class='ocrx_word' id='word_1_456' title='bbox 3107 3258 3409 3328; x_wconf 89' lang='lat' dir='ltr'><strong>imperator</strong></span> 
     </span>
    </p>
   </div>
   <div class='ocr_carea' id='block_1_68' title="bbox 1809 3346 3411 3422">
    <p class='ocr_par' dir='ltr' id='par_1_68' title="bbox 1809 3346 3411 3422">
     <span class='ocr_line' id='line_1_68' title="bbox 1809 3346 3411 3422; baseline 0.002 -20"><span class='ocrx_word' id='word_1_457' title='bbox 1809 3347 2099 3402; x_wconf 87' lang='lat' dir='ltr'><strong>brachium</strong></span> <span class='ocrx_word' id='word_1_458' title='bbox 2129 3355 2334 3404; x_wconf 70' lang='lat' dir='ltr'><strong>sancta:</strong></span> <span class='ocrx_word' id='word_1_459' title='bbox 2356 3346 2540 3403; x_wconf 69' lang='lat' dir='ltr'><strong>Lucina</strong></span> <span class='ocrx_word' id='word_1_460' title='bbox 2567 3348 2672 3403; x_wconf 92' lang='lat' dir='ltr'><strong>sibi</strong></span> <span class='ocrx_word' id='word_1_461' title='bbox 2696 3349 2814 3404; x_wconf 87' lang='lat' dir='ltr'><strong>dari</strong></span> <span class='ocrx_word' id='word_1_462' title='bbox 2845 3350 3102 3420; x_wconf 83' lang='lat' dir='ltr'><strong>expetiit;</strong></span> <span class='ocrx_word' id='word_1_463' title='bbox 3134 3359 3188 3406; x_wconf 90' lang='lat' dir='ltr'><strong>et</strong></span> <span class='ocrx_word' id='word_1_464' title='bbox 3219 3367 3411 3422; x_wconf 89' lang='lat' dir='ltr'><strong>quam-</strong></span> 
     </span>
    </p>
   </div>
   <div class='ocr_carea' id='block_1_69' title="bbox 1809 3437 3407 3514">
    <p class='ocr_par' dir='ltr' id='par_1_69' title="bbox 1809 3437 3407 3514">
     <span class='ocr_line' id='line_1_69' title="bbox 1809 3437 3407 3514; baseline 0.003 -20"><span class='ocrx_word' id='word_1_465' title='bbox 1809 3439 1892 3495; x_wconf 83' lang='lat' dir='ltr'><strong>vis</strong></span> <span class='ocrx_word' id='word_1_466' title='bbox 1945 3437 2252 3506; x_wconf 87' lang='lat' dir='ltr'><strong>difliculter,</strong></span> <span class='ocrx_word' id='word_1_467' title='bbox 2304 3446 2487 3494; x_wconf 85' lang='lat' dir='ltr'><strong>tamen</strong></span> <span class='ocrx_word' id='word_1_468' title='bbox 2537 3439 2867 3510; x_wconf 90' lang='lat' dir='ltr'><strong>impetravit.</strong></span> <span class='ocrx_word' id='word_1_469' title='bbox 2921 3439 3068 3496; x_wconf 87' lang='lat' dir='ltr'><strong>Idem</strong></span> <span class='ocrx_word' id='word_1_470' title='bbox 3117 3441 3235 3512; x_wconf 89' lang='lat' dir='ltr'><strong>ipse</strong></span> <span class='ocrx_word' id='word_1_471' title='bbox 3276 3457 3407 3514; x_wconf 89' lang='lat' dir='ltr'><strong>ergo</strong></span> 
     </span>
    </p>
   </div>
   <div class='ocr_carea' id='block_1_70' title="bbox 1809 3531 3405 3606">
    <p class='ocr_par' dir='ltr' id='par_1_70' title="bbox 1809 3531 3405 3606">
     <span class='ocr_line' id='line_1_70' title="bbox 1809 3531 3405 3606; baseline 0.003 -20"><span class='ocrx_word' id='word_1_472' title='bbox 1809 3533 2011 3604; x_wconf 81' lang='lat' dir='ltr'><strong>praesul</strong></span> <span class='ocrx_word' id='word_1_473' title='bbox 2032 3531 2322 3588; x_wconf 89' lang='lat' dir='ltr'><strong>brachium</strong></span> <span class='ocrx_word' id='word_1_474' title='bbox 2354 3542 2608 3588; x_wconf 90' lang='lat' dir='ltr'><strong>sanctum</strong></span> <span class='ocrx_word' id='word_1_475' title='bbox 2639 3533 2707 3587; x_wconf 91' lang='lat' dir='ltr'><strong>ad</strong></span> <span class='ocrx_word' id='word_1_476' title='bbox 2731 3543 2916 3588; x_wconf 91' lang='lat' dir='ltr'><strong>votum</strong></span> <span class='ocrx_word' id='word_1_477' title='bbox 2942 3533 3310 3606; x_wconf 85' lang='lat' dir='ltr'><strong>imperatoris,</strong></span> <span class='ocrx_word' id='word_1_478' title='bbox 3335 3535 3405 3591; x_wconf 89' lang='lat' dir='ltr'><strong>ad</strong></span> 
     </span>
    </p>
   </div>
   <div class='ocr_carea' id='block_1_71' title="bbox 1810 3623 3405 3700">
    <p class='ocr_par' dir='ltr' id='par_1_71' title="bbox 1810 3623 3405 3700">
     <span class='ocr_line' id='line_1_71' title="bbox 1810 3623 3405 3700; baseline 0.004 -20"><span class='ocrx_word' id='word_1_479' title='bbox 1810 3625 2122 3680; x_wconf 68' lang='lat' dir='ltr'><strong>coenobium</strong></span> <span class='ocrx_word' id='word_1_480' title='bbox 2157 3623 2593 3697; x_wconf 85' lang='lat' dir='ltr'><strong>Lindihurgense</strong></span> <span class='ocrx_word' id='word_1_481' title='bbox 2632 3627 2844 3694; x_wconf 90' lang='lat' dir='ltr'><strong>detulit,</strong></span> <span class='ocrx_word' id='word_1_482' title='bbox 2886 3643 2998 3698; x_wconf 88' lang='lat' dir='ltr'><strong>quo</strong></span> <span class='ocrx_word' id='word_1_483' title='bbox 3027 3627 3163 3682; x_wconf 89' lang='lat' dir='ltr'><strong>nihil</strong></span> <span class='ocrx_word' id='word_1_484' title='bbox 3196 3629 3405 3700; x_wconf 88' lang='lat' dir='ltr'><strong>gratius</strong></span> 
     </span>
    </p>
   </div>
   <div class='ocr_carea' id='block_1_72' title="bbox 1808 3717 3401 3790">
    <p class='ocr_par' dir='ltr' id='par_1_72' title="bbox 1808 3717 3401 3790">
     <span class='ocr_line' id='line_1_72' title="bbox 1808 3717 3401 3790; baseline 0.003 -17"><span class='ocrx_word' id='word_1_485' title='bbox 1808 3733 1930 3773; x_wconf 87' lang='lat' dir='ltr'><strong>esse</strong></span> <span class='ocrx_word' id='word_1_486' title='bbox 1962 3718 2281 3788; x_wconf 88' lang='lat' dir='ltr'><strong>imperatori</strong></span> <span class='ocrx_word' id='word_1_487' title='bbox 2310 3719 2506 3790; x_wconf 90' lang='lat' dir='ltr'><strong>potuit.</strong></span> <span class='ocrx_word' id='word_1_488' title='bbox 2537 3717 2885 3775; x_wconf 86' lang='lat' dir='ltr'><strong>Translatum</strong></span> <span class='ocrx_word' id='word_1_489' title='bbox 2915 3729 3000 3775; x_wconf 91' lang='lat' dir='ltr'><strong>est</strong></span> <span class='ocrx_word' id='word_1_490' title='bbox 3027 3729 3212 3775; x_wconf 90' lang='lat' dir='ltr'><strong>autem</strong></span> <span class='ocrx_word' id='word_1_491' title='bbox 3254 3736 3401 3778; x_wconf 92' lang='lat' dir='ltr'><strong>anno</strong></span> 
     </span>
    </p>
   </div>
   <div class='ocr_carea' id='block_1_73' title="bbox 1811 3810 3404 3881">
    <p class='ocr_par' dir='ltr' id='par_1_73' title="bbox 1811 3810 3404 3881">
     <span class='ocr_line' id='line_1_73' title="bbox 1811 3810 3404 3881; baseline 0.001 -13"><span class='ocrx_word' id='word_1_492' title='bbox 1811 3810 2094 3881; x_wconf 85' lang='lat' dir='ltr'><strong>reguiejus</strong></span> <span class='ocrx_word' id='word_1_493' title='bbox 2116 3811 2296 3879; x_wconf 90' lang='lat' dir='ltr'><strong>tertio,</strong></span> <span class='ocrx_word' id='word_1_494' title='bbox 2313 3810 2612 3867; x_wconf 76' lang='lat' dir='ltr'><strong>Dominicae</strong></span> <span class='ocrx_word' id='word_1_495' title='bbox 2633 3822 2811 3868; x_wconf 90' lang='lat' dir='ltr'><strong>autem</strong></span> <span class='ocrx_word' id='word_1_496' title='bbox 2843 3811 3242 3870; x_wconf 83' lang='lat' dir='ltr'><strong>lncarnationis</strong></span> <span class='ocrx_word' id='word_1_497' title='bbox 3257 3828 3404 3870; x_wconf 87' lang='lat' dir='ltr'><strong>anno</strong></span> 
     </span>
    </p>
   </div>
   <div class='ocr_carea' id='block_1_74' title="bbox 1813 3905 2852 3979">
    <p class='ocr_par' dir='ltr' id='par_1_74' title="bbox 1813 3905 2852 3979">
     <span class='ocr_line' id='line_1_74' title="bbox 1813 3905 2852 3979; baseline -0.001 -17"><span class='ocrx_word' id='word_1_498' title='bbox 1813 3905 2107 3962; x_wconf 89' lang='lat' dir='ltr'><strong>millesimo</strong></span> <span class='ocrx_word' id='word_1_499' title='bbox 2134 3905 2558 3979; x_wconf 85' lang='lat' dir='ltr'><strong>quadragesimo</strong></span> <span class='ocrx_word' id='word_1_500' title='bbox 2589 3907 2852 3962; x_wconf 90' lang='lat' dir='ltr'><strong>secundo.</strong></span> 
     </span>
    </p>
   </div>
   <div class='ocr_carea' id='block_1_75' title="bbox 120 4121 3393 4164">
    <p class='ocr_par' dir='ltr' id='par_1_75' title="bbox 120 4121 3393 4164">
     <span class='ocr_line' id='line_1_75' title="bbox 120 4121 3393 4164; baseline 0.003 -11"><span class='ocrx_word' id='word_1_501' title='bbox 120 4121 3393 4164; x_wconf 42' lang='grc' dir='ltr'>Ἢ</span> 
     </span>
    </p>
   </div>
   <div class='ocr_carea' id='block_1_76' title="bbox 531 4192 2970 4388">
    <p class='ocr_par' dir='ltr' id='par_1_76' title="bbox 531 4192 2970 4388">
     <span class='ocr_line' id='line_1_76' title="bbox 531 4192 2970 4388; baseline 0.004 -10"><span class='ocrx_word' id='word_1_502' title='bbox 531 4260 1522 4381; x_wconf 66' lang='grc' dir='ltr'><strong>ειαΕΒι-πυιιι</strong></span> <span class='ocrx_word' id='word_1_503' title='bbox 1580 4267 2970 4388; x_wconf 73' lang='lat' dir='ltr'><strong>GEMBLACENSIS</strong></span> 
     </span>
    </p>
   </div>
   <div class='ocr_carea' id='block_1_77' title="bbox 1175 4481 2331 4594">
    <p class='ocr_par' dir='ltr' id='par_1_77' title="bbox 1175 4481 2331 4594">
     <span class='ocr_line' id='line_1_77' title="bbox 1175 4481 2331 4594; baseline 0.003 -6"><span class='ocrx_word' id='word_1_504' title='bbox 1175 4481 1767 4594; x_wconf 34' lang='lat' dir='ltr'><strong>EPIST&#39;OLA</strong></span> <span class='ocrx_word' id='word_1_505' title='bbox 1840 4501 2331 4594; x_wconf 85' lang='lat' dir='ltr'><strong>DUPLEX</strong></span> 
     </span>
    </p>
   </div>
   <div class='ocr_carea' id='block_1_78' title="bbox 917 4688 2608 4791">
    <p class='ocr_par' dir='ltr' id='par_1_78' title="bbox 917 4688 2608 4791">
     <span class='ocr_line' id='line_1_78' title="bbox 917 4688 2608 4791; baseline 0.007 -41"><span class='ocrx_word' id='word_1_506' title='bbox 917 4688 1029 4752; x_wconf 88' lang='lat' dir='ltr'><strong>DE</strong></span> <span class='ocrx_word' id='word_1_507' title='bbox 1091 4691 1639 4791; x_wconf 81' lang='lat' dir='ltr'><strong>DIFFERENTIA</strong></span> <span class='ocrx_word' id='word_1_508' title='bbox 1701 4693 2090 4770; x_wconf 79' lang='lat' dir='ltr'><strong>QUATUOR</strong></span> <span class='ocrx_word' id='word_1_509' title='bbox 2157 4697 2608 4762; x_wconf 79' lang='lat' dir='ltr'><strong>TEMPORUM</strong></span> 
     </span>
    </p>
   </div>
   <div class='ocr_carea' id='block_1_79' title="bbox 681 4862 2797 4949">
    <p class='ocr_par' dir='ltr' id='par_1_79' title="bbox 681 4862 2797 4949">
     <span class='ocr_line' id='line_1_79' title="bbox 681 4862 2797 4949; baseline 0.003 -23"><span class='ocrx_word' id='word_1_510' title='bbox 681 4863 1184 4932; x_wconf 85' lang='lat' dir='ltr'><strong>Trevirensibus</strong></span> <span class='ocrx_word' id='word_1_511' title='bbox 1213 4863 1517 4947; x_wconf 57' lang='lat' dir='ltr'><strong>;clericis,</strong></span> <span class='ocrx_word' id='word_1_512' title='bbox 1575 4862 1699 4928; x_wconf 87' lang='lat' dir='ltr'><strong>sub</strong></span> <span class='ocrx_word' id='word_1_513' title='bbox 1745 4863 2013 4928; x_wconf 88' lang='lat' dir='ltr'><strong>nomine</strong></span> <span class='ocrx_word' id='word_1_514' title='bbox 2043 4862 2529 4943; x_wconf 86' lang='lat' dir='ltr'><strong>Leodiensium,</strong></span> <span class='ocrx_word' id='word_1_515' title='bbox 2560 4864 2797 4949; x_wconf 78' lang='lat' dir='ltr'><strong>scripta</strong></span> 
     </span>
    </p>
   </div>
   <div class='ocr_carea' id='block_1_80' title="bbox 1244 5021 2244 5099">
    <p class='ocr_par' dir='ltr' id='par_1_80' title="bbox 1244 5021 2244 5099">
     <span class='ocr_line' id='line_1_80' title="bbox 1244 5021 2244 5099; baseline 0.004 -20"><span class='ocrx_word' id='word_1_516' title='bbox 1244 5023 1555 5099; x_wconf 60' lang='lat' dir='ltr'><strong>(Maerens,</strong></span> <span class='ocrx_word' id='word_1_517' title='bbox 1585 5021 1741 5080; x_wconf 76' lang='lat' dir='ltr'><strong>Thes.</strong></span> <span class='ocrx_word' id='word_1_518' title='bbox 1763 5023 1990 5095; x_wconf 80' lang='lat' dir='ltr'><strong>Anecd.,</strong></span> <span class='ocrx_word' id='word_1_519' title='bbox 2015 5021 2060 5095; x_wconf 88' lang='lat' dir='ltr'><strong>l,</strong></span> <span class='ocrx_word' id='word_1_520' title='bbox 2089 5025 2244 5098; x_wconf 71' lang='lat'><strong>294.,</strong></span> 
     </span>
    </p>
   </div>
   <div class='ocr_carea' id='block_1_81' title="bbox 154 5379 1710 5460">
    <p class='ocr_par' dir='ltr' id='par_1_81' title="bbox 154 5379 1701 5456">
     <span class='ocr_line' id='line_1_81' title="bbox 154 5379 1701 5456; baseline 0.004 -20"><span class='ocrx_word' id='word_1_521' title='bbox 154 5379 348 5454; x_wconf 78' lang='grc'><strong>(1097)</strong></span> <span class='ocrx_word' id='word_1_522' title='bbox 363 5379 745 5449; x_wconf 67' lang='lat' dir='ltr'><strong>Quaerentibus</strong></span> <span class='ocrx_word' id='word_1_523' title='bbox 759 5380 917 5438; x_wconf 92' lang='lat' dir='ltr'><strong>nobis</strong></span> <span class='ocrx_word' id='word_1_524' title='bbox 930 5390 1245 5438; x_wconf 90' lang='lat' dir='ltr'><strong>utrumnam</strong></span> <span class='ocrx_word' id='word_1_525' title='bbox 1258 5383 1440 5439; x_wconf 85' lang='lat' dir='ltr'><strong>statim</strong></span> <span class='ocrx_word' id='word_1_526' title='bbox 1453 5384 1507 5440; x_wconf 92' lang='lat' dir='ltr'><strong>in</strong></span> <span class='ocrx_word' id='word_1_527' title='bbox 1522 5384 1701 5456; x_wconf 90' lang='lat' dir='ltr'><strong>primo</strong></span> 
     </span>
    </p>
   </div>
   <div class='ocr_carea' id='block_1_82' title="bbox 1815 5379 3393 5460">
    <p class='ocr_par' dir='ltr' id='par_1_82' title="bbox 1815 5391 3393 5460">
     <span class='ocr_line' id='line_1_82' title="bbox 1815 5391 3393 5460; baseline 0.005 -14"><span class='ocrx_word' id='word_1_528' title='bbox 1815 5391 2094 5460; x_wconf 72' lang='lat' dir='ltr'><strong>sententia,</strong></span> <span class='ocrx_word' id='word_1_529' title='bbox 2139 5399 2195 5448; x_wconf 89' lang='lat' dir='ltr'><strong>et</strong></span> <span class='ocrx_word' id='word_1_530' title='bbox 2231 5392 2470 5450; x_wconf 80' lang='lat' dir='ltr'><strong>maxime</strong></span> <span class='ocrx_word' id='word_1_531' title='bbox 2495 5408 2562 5450; x_wconf 85' lang='lat' dir='ltr'><strong>ex</strong></span> <span class='ocrx_word' id='word_1_532' title='bbox 2610 5394 2875 5452; x_wconf 84' lang='lat' dir='ltr'><strong>auctorali</strong></span> <span class='ocrx_word' id='word_1_533' title='bbox 2923 5392 3181 5452; x_wconf 70' lang='lat' dir='ltr'><strong>Ecclesia:</strong></span> <span class='ocrx_word' id='word_1_534' title='bbox 3205 5402 3393 5454; x_wconf 77' lang='lat' dir='ltr'><strong>vestra</strong></span> 
     </span>
    </p>
   </div>
   <div class='ocr_carea' id='block_1_83' title="bbox 97 5475 1698 5547">
    <p class='ocr_par' dir='ltr' id='par_1_83' title="bbox 97 5475 1698 5547">
     <span class='ocr_line' id='line_1_83' title="bbox 97 5475 1698 5547; baseline 0.002 -13"><span class='ocrx_word' id='word_1_535' title='bbox 97 5477 349 5534; x_wconf 85' lang='lat' dir='ltr'><strong>Sahbato</strong></span> <span class='ocrx_word' id='word_1_536' title='bbox 376 5475 556 5532; x_wconf 83' lang='lat' dir='ltr'><strong>Martii</strong></span> <span class='ocrx_word' id='word_1_537' title='bbox 579 5476 650 5532; x_wconf 92' lang='lat' dir='ltr'><strong>sit</strong></span> <span class='ocrx_word' id='word_1_538' title='bbox 671 5475 1053 5547; x_wconf 86' lang='lat' dir='ltr'><strong>jejunandum,</strong></span> <span class='ocrx_word' id='word_1_539' title='bbox 1077 5478 1293 5534; x_wconf 89' lang='lat' dir='ltr'><strong>etiamsi</strong></span> <span class='ocrx_word' id='word_1_540' title='bbox 1316 5479 1459 5534; x_wconf 89' lang='lat' dir='ltr'><strong>idem</strong></span> <span class='ocrx_word' id='word_1_541' title='bbox 1490 5481 1698 5538; x_wconf 88' lang='lat' dir='ltr'><strong>mensis</strong></span> 
     </span>
    </p>
   </div>
   <div class='ocr_carea' id='block_1_84' title="bbox 93 5570 1699 5644">
    <p class='ocr_par' dir='ltr' id='par_1_84' title="bbox 93 5570 1699 5644">
     <span class='ocr_line' id='line_1_84' title="bbox 93 5570 1699 5644; baseline 0.003 -19"><span class='ocrx_word' id='word_1_542' title='bbox 93 5570 320 5644; x_wconf 85' lang='lat' dir='ltr'><strong>quinta,</strong></span> <span class='ocrx_word' id='word_1_543' title='bbox 355 5578 504 5626; x_wconf 81' lang='lat' dir='ltr'><strong>sexta</strong></span> <span class='ocrx_word' id='word_1_544' title='bbox 531 5570 617 5626; x_wconf 82' lang='lat' dir='ltr'><strong>vel</strong></span> <span class='ocrx_word' id='word_1_545' title='bbox 658 5571 887 5642; x_wconf 87' lang='lat' dir='ltr'><strong>septima</strong></span> <span class='ocrx_word' id='word_1_546' title='bbox 917 5570 1049 5626; x_wconf 84' lang='lat' dir='ltr'><strong>feria</strong></span> <span class='ocrx_word' id='word_1_547' title='bbox 1089 5571 1332 5643; x_wconf 89' lang='lat' dir='ltr'><strong>incipiat,</strong></span> <span class='ocrx_word' id='word_1_548' title='bbox 1363 5589 1434 5628; x_wconf 91' lang='lat' dir='ltr'><strong>an</strong></span> <span class='ocrx_word' id='word_1_549' title='bbox 1463 5573 1518 5629; x_wconf 93' lang='lat' dir='ltr'><strong>in</strong></span> <span class='ocrx_word' id='word_1_550' title='bbox 1549 5573 1699 5630; x_wconf 88' lang='lat' dir='ltr'><strong>aliud</strong></span> 
     </span>
    </p>
   </div>
   <div class='ocr_carea' id='block_1_85' title="bbox 98 5661 1694 5736">
    <p class='ocr_par' dir='ltr' id='par_1_85' title="bbox 98 5661 1694 5736">
     <span class='ocr_line' id='line_1_85' title="bbox 98 5661 1694 5736; baseline 0.001 -16"><span class='ocrx_word' id='word_1_551' title='bbox 98 5661 408 5720; x_wconf 81' lang='lat' dir='ltr'><strong>Sabbatum</strong></span> <span class='ocrx_word' id='word_1_552' title='bbox 445 5671 669 5736; x_wconf 80' lang='lat' dir='ltr'><strong>prapter</strong></span> <span class='ocrx_word' id='word_1_553' title='bbox 697 5672 947 5736; x_wconf 88' lang='lat' dir='ltr'><strong>quartam</strong></span> <span class='ocrx_word' id='word_1_554' title='bbox 991 5663 1178 5720; x_wconf 86' lang='lat' dir='ltr'><strong>feriam</strong></span> <span class='ocrx_word' id='word_1_555' title='bbox 1217 5665 1288 5721; x_wconf 91' lang='lat' dir='ltr'><strong>sit</strong></span> <span class='ocrx_word' id='word_1_556' title='bbox 1315 5665 1694 5736; x_wconf 84' lang='lat' dir='ltr'><strong>differendum,</strong></span> 
     </span>
    </p>
   </div>
   <div class='ocr_carea' id='block_1_86' title="bbox 94 5757 1693 5832">
    <p class='ocr_par' dir='ltr' id='par_1_86' title="bbox 94 5757 1693 5832">
     <span class='ocr_line' id='line_1_86' title="bbox 94 5757 1693 5832; baseline 0.003 -19"><span class='ocrx_word' id='word_1_557' title='bbox 94 5773 202 5814; x_wconf 75' lang='lat' dir='ltr'><strong>vos</strong></span> <span class='ocrx_word' id='word_1_558' title='bbox 231 5772 301 5813; x_wconf 82' lang='lat' dir='ltr'><strong>ex</strong></span> <span class='ocrx_word' id='word_1_559' title='bbox 327 5757 530 5829; x_wconf 81' lang='lat' dir='ltr'><strong>scripta</strong></span> <span class='ocrx_word' id='word_1_560' title='bbox 561 5766 879 5815; x_wconf 90' lang='lat' dir='ltr'><strong>sanctorum</strong></span> <span class='ocrx_word' id='word_1_561' title='bbox 906 5766 1071 5830; x_wconf 84' lang='lat' dir='ltr'><strong>atque</strong></span> <span class='ocrx_word' id='word_1_562' title='bbox 1093 5759 1447 5832; x_wconf 88' lang='lat' dir='ltr'><strong>antiquorum</strong></span> <span class='ocrx_word' id='word_1_563' title='bbox 1469 5759 1693 5817; x_wconf 92' lang='lat' dir='ltr'><strong>Patrum</strong></span> 
     </span>
    </p>
   </div>
   <div class='ocr_carea' id='block_1_87' title="bbox 177 5891 1691 5969">
    <p class='ocr_par' dir='ltr' id='par_1_87' title="bbox 177 5891 1691 5969">
     <span class='ocr_line' id='line_1_87' title="bbox 177 5891 1691 5969; baseline 0.005 -20"><span class='ocrx_word' id='word_1_564' title='bbox 177 5893 366 5966; x_wconf 84' lang='lat' dir='ltr'><strong>(l097)</strong></span> <span class='ocrx_word' id='word_1_565' title='bbox 387 5891 564 5966; x_wconf 81' lang='lat' dir='ltr'><strong>llujus</strong></span> <span class='ocrx_word' id='word_1_566' title='bbox 589 5895 834 5969; x_wconf 71' lang='lat' dir='ltr'><strong>epistolae</strong></span> <span class='ocrx_word' id='word_1_567' title='bbox 855 5904 1135 5957; x_wconf 88' lang='lat' dir='ltr'><strong>auctorem</strong></span> <span class='ocrx_word' id='word_1_568' title='bbox 1161 5895 1503 5969; x_wconf 87' lang='lat' dir='ltr'><strong>Sigebertum</strong></span> <span class='ocrx_word' id='word_1_569' title='bbox 1525 5895 1691 5956; x_wconf 87' lang='lat' dir='ltr'><strong>Gem-</strong></span> 
     </span>
    </p>
   </div>
   <div class='ocr_carea' id='block_1_88' title="bbox 99 5965 1696 6043">
    <p class='ocr_par' dir='ltr' id='par_1_88' title="bbox 99 5965 1696 6043">
     <span class='ocr_line' id='line_1_88' title="bbox 99 5965 1696 6043; baseline 0.003 -21"><span class='ocrx_word' id='word_1_570' title='bbox 99 5965 415 6043; x_wconf 47' lang='lat' dir='ltr'><strong>bb&#39;mnsem</strong></span> <span class='ocrx_word' id='word_1_571' title='bbox 440 5965 767 6043; x_wconf 68' lang='lat' dir='ltr'><strong>monachum</strong></span> <span class='ocrx_word' id='word_1_572' title='bbox 787 5969 1074 6043; x_wconf 79' lang='lat' dir='ltr'><strong>docetnos</strong></span> <span class='ocrx_word' id='word_1_573' title='bbox 1100 5965 1267 6025; x_wconf 75' lang='lat' dir='ltr'><strong>codex</strong></span> <span class='ocrx_word' id='word_1_574' title='bbox 1289 5969 1696 6043; x_wconf 89' lang='lat' dir='ltr'><strong>manuscriptus</strong></span> 
     </span>
    </p>
   </div>
   <div class='ocr_carea' id='block_1_89' title="bbox 99 6037 1694 6140">
    <p class='ocr_par' dir='ltr' id='par_1_89' title="bbox 99 6037 1694 6140">
     <span class='ocr_line' id='line_1_89' title="bbox 99 6037 1694 6140; baseline -0.003 -37"><span class='ocrx_word' id='word_1_575' title='bbox 99 6037 536 6133; x_wconf 59' lang='lat' dir='ltr'><strong>Gemltlacenﬂis,</strong></span> <span class='ocrx_word' id='word_1_576' title='bbox 589 6038 680 6115; x_wconf 65' lang='lat' dir='ltr'><strong>tibi</strong></span> <span class='ocrx_word' id='word_1_577' title='bbox 731 6055 855 6114; x_wconf 66' lang='lat' dir='ltr'><strong>eam</strong></span> <span class='ocrx_word' id='word_1_578' title='bbox 920 6039 1182 6130; x_wconf 64' lang='lat' dir='ltr'><strong>Vidimus,</strong></span> <span class='ocrx_word' id='word_1_579' title='bbox 1241 6037 1588 6140; x_wconf 61' lang='lat' dir='ltr'><strong>constatque</strong></span> <span class='ocrx_word' id='word_1_580' title='bbox 1625 6055 1694 6116; x_wconf 57' lang='lat' dir='ltr'><strong>es</strong></span> 
     </span>
    </p>
   </div>
   <div class='ocr_carea' id='block_1_90' title="bbox 1806 5485 3423 5561">
    <p class='ocr_par' dir='ltr' id='par_1_90' title="bbox 1806 5485 3423 5561">
     <span class='ocr_line' id='line_1_90' title="bbox 1806 5485 3423 5561; baseline 0.006 -21"><span class='ocrx_word' id='word_1_581' title='bbox 1806 5485 2202 5542; x_wconf 90' lang='lat' dir='ltr'><strong>consuetudine</strong></span> <span class='ocrx_word' id='word_1_582' title='bbox 2261 5488 2623 5560; x_wconf 87' lang='lat' dir='ltr'><strong>rescripsistis</strong></span> <span class='ocrx_word' id='word_1_583' title='bbox 2675 5489 2924 5556; x_wconf 83' lang='lat' dir='ltr'><strong>difllnite,</strong></span> <span class='ocrx_word' id='word_1_584' title='bbox 2977 5489 3125 5560; x_wconf 87' lang='lat' dir='ltr'><strong>quod</strong></span> <span class='ocrx_word' id='word_1_585' title='bbox 3191 5489 3423 5561; x_wconf 71' lang='lat' dir='ltr'><strong>absque!</strong></span> 
     </span>
    </p>
   </div>
   <div class='ocr_carea' id='block_1_91' title="bbox 1805 5576 3401 5652">
    <p class='ocr_par' dir='ltr' id='par_1_91' title="bbox 1805 5576 3401 5652">
     <span class='ocr_line' id='line_1_91' title="bbox 1805 5576 3401 5652; baseline 0.003 -20"><span class='ocrx_word' id='word_1_586' title='bbox 1805 5577 1918 5632; x_wconf 90' lang='lat' dir='ltr'><strong>ulla</strong></span> <span class='ocrx_word' id='word_1_587' title='bbox 1956 5576 2324 5652; x_wconf 89' lang='lat' dir='ltr'><strong>refragatione</strong></span> <span class='ocrx_word' id='word_1_588' title='bbox 2365 5595 2580 5652; x_wconf 89' lang='lat' dir='ltr'><strong>semper</strong></span> <span class='ocrx_word' id='word_1_589' title='bbox 2619 5581 2782 5652; x_wconf 89' lang='lat' dir='ltr'><strong>primi</strong></span> <span class='ocrx_word' id='word_1_590' title='bbox 2828 5579 3035 5637; x_wconf 89' lang='lat' dir='ltr'><strong>mensis</strong></span> <span class='ocrx_word' id='word_1_591' title='bbox 3064 5579 3202 5636; x_wconf 85' lang='lat' dir='ltr'><strong>feria</strong></span> <span class='ocrx_word' id='word_1_592' title='bbox 3239 5581 3401 5636; x_wconf 88' lang='lat' dir='ltr'><strong>debet</strong></span> 
     </span>
    </p>
   </div>
   <div class='ocr_carea' id='block_1_92' title="bbox 1802 5671 3401 5744">
    <p class='ocr_par' dir='ltr' id='par_1_92' title="bbox 1802 5671 3401 5744">
     <span class='ocr_line' id='line_1_92' title="bbox 1802 5671 3401 5744; baseline 0.002 -18"><span class='ocrx_word' id='word_1_593' title='bbox 1802 5673 2128 5743; x_wconf 83' lang='lat' dir='ltr'><strong>exspectari,</strong></span> <span class='ocrx_word' id='word_1_594' title='bbox 2178 5675 2438 5744; x_wconf 90' lang='lat' dir='ltr'><strong>quoniam</strong></span> <span class='ocrx_word' id='word_1_595' title='bbox 2496 5672 2638 5727; x_wconf 89' lang='lat' dir='ltr'><strong>idem</strong></span> <span class='ocrx_word' id='word_1_596' title='bbox 2683 5673 2954 5744; x_wconf 88' lang='lat' dir='ltr'><strong>jejunium</strong></span> <span class='ocrx_word' id='word_1_597' title='bbox 3007 5671 3156 5744; x_wconf 91' lang='lat' dir='ltr'><strong>quod</strong></span> <span class='ocrx_word' id='word_1_598' title='bbox 3204 5680 3401 5744; x_wconf 82' lang='lat' dir='ltr'><strong>quarta</strong></span> 
     </span>
    </p>
   </div>
   <div class='ocr_carea' id='block_1_93' title="bbox 1800 5761 3402 5839">
    <p class='ocr_par' dir='ltr' id='par_1_93' title="bbox 1800 5761 3402 5839">
     <span class='ocr_line' id='line_1_93' title="bbox 1800 5761 3402 5839; baseline 0.002 -21"><span class='ocrx_word' id='word_1_599' title='bbox 1800 5761 1938 5824; x_wconf 89' lang='lat' dir='ltr'><strong>feria</strong></span> <span class='ocrx_word' id='word_1_600' title='bbox 1957 5767 2216 5839; x_wconf 89' lang='lat' dir='ltr'><strong>incipitur</strong></span> <span class='ocrx_word' id='word_1_601' title='bbox 2233 5773 2288 5823; x_wconf 91' lang='lat' dir='ltr'><strong>et</strong></span> <span class='ocrx_word' id='word_1_602' title='bbox 2309 5764 2546 5822; x_wconf 89' lang='lat' dir='ltr'><strong>Sahbato</strong></span> <span class='ocrx_word' id='word_1_603' title='bbox 2563 5765 2771 5835; x_wconf 91' lang='lat' dir='ltr'><strong>ﬁnitur,</strong></span> <span class='ocrx_word' id='word_1_604' title='bbox 2794 5782 3141 5838; x_wconf 81' lang='lat' dir='ltr'><strong>nequaquam</strong></span> <span class='ocrx_word' id='word_1_605' title='bbox 3159 5765 3402 5823; x_wconf 85' lang='lat' dir='ltr'><strong>Februa-</strong></span> 
     </span>
    </p>
   </div>
   <div class='ocr_carea' id='block_1_94' title="bbox 1800 5900 3400 5980">
    <p class='ocr_par' dir='ltr' id='par_1_94' title="bbox 1800 5900 3400 5980">
     <span class='ocr_line' id='line_1_94' title="bbox 1800 5900 3400 5980; baseline -0.005 -17"><span class='ocrx_word' id='word_1_606' title='bbox 1800 5907 1970 5980; x_wconf 66' lang='lat' dir='ltr'><strong>altera</strong></span> <span class='ocrx_word' id='word_1_607' title='bbox 1992 5902 2219 5980; x_wconf 80' lang='lat' dir='ltr'><strong>epistola</strong></span> <span class='ocrx_word' id='word_1_608' title='bbox 2243 5917 2408 5980; x_wconf 84' lang='lat' dir='ltr'><strong>quam</strong></span> <span class='ocrx_word' id='word_1_609' title='bbox 2428 5900 2653 5980; x_wconf 73' lang='lat' dir='ltr'><strong>nomine</strong></span> <span class='ocrx_word' id='word_1_610' title='bbox 2668 5901 2990 5980; x_wconf 65' lang='lat' dir='ltr'><strong>clericorum</strong></span> <span class='ocrx_word' id='word_1_611' title='bbox 3014 5900 3400 5980; x_wconf 70' lang='lat' dir='ltr'><strong>Leodiensium</strong></span> 
     </span>
    </p>
   </div>
   <div class='ocr_carea' id='block_1_95' title="bbox 1805 5972 3084 6051">
    <p class='ocr_par' dir='ltr' id='par_1_95' title="bbox 1805 5972 3084 6051">
     <span class='ocr_line' id='line_1_95' title="bbox 1805 5972 3084 6051; baseline -0.005 -14"><span class='ocrx_word' id='word_1_612' title='bbox 1805 5972 2220 6051; x_wconf 75' lang='lat' dir='ltr'><strong>Trevirehsibus</strong></span> <span class='ocrx_word' id='word_1_613' title='bbox 2247 5974 2467 6046; x_wconf 85' lang='lat' dir='ltr'><strong>scripsit</strong></span> <span class='ocrx_word' id='word_1_614' title='bbox 2495 5972 2570 6030; x_wconf 89' lang='lat' dir='ltr'><strong>De</strong></span> <span class='ocrx_word' id='word_1_615' title='bbox 2594 5972 2778 6046; x_wconf 88' lang='lat' dir='ltr'><strong>regula</strong></span> <span class='ocrx_word' id='word_1_616' title='bbox 2801 5972 3084 6036; x_wconf 86' lang='lat' dir='ltr'><strong>Bernonis.</strong></span> 
     </span>
    </p>
   </div>
  </div>
