3952 6324
140 226 253 286 817

1153 249 1376 312 EPIST.
1414 255 1504 314 DE
1540 259 1878 330 QUATUOR
1918 269 2369 336 TEMPORIBUS.

3313 289 3419 348 8i8

361 362 559 470 vestrae
581 362 864 470 sententia?
890 364 1052 422 lectio
1077 373 1391 470 prophetica
1416 387 1723 450 conveniat,
1754 385 1802 444 A
1825 402 1950 458 pus,
1983 390 2214 447 hiemem
2241 409 2386 449 nono
2413 392 2680 455 Kalendas
2713 393 3046 470 Decembris,
3084 417 3178 459 ver
3223 405 3418 462 octavo

136 459 266 533 quae
311 462 436 502 cum
486 464 589 506 nec
637 453 704 508 de
742 455 934 512 ordine
973 462 1267 533 mensium,
1307 475 1423 524 nec'
1454 471 1522 528 de
1564 488 1731 530 causa

127 532 472 634 jejuniorum
502 557 603 634 pro
628 545 786 604 vobis
815 561 960 622 agat,
992 553 1061 610 ad
1086 555 1193 612 hoc
1215 532 1426 617 tantum
1453 563 1544 622 hic
1564 566 1730 634 valet,

238 631 492 725 cntempla
519 631 833 696 Iudaeorum
873 643 943 698 ad
969 639 1296 707 celebranda
1335 662 1573 725 quatuor
1599 631 1730 715 anni

125 717 340 790 jejunia
377 739 480 781 nos
518 726 725 788 incitet.

204 810 427 913 Pici—tis:
465 837 500 913 ιλ
521 818 797 892 Jejunium
820 829 967 898 quod
999 847 1032 888 a
1065 846 1259 903 quarta
1287 835 1422 895 feria
1447 840 1726 913 incipitur,

126 911 186 1001 et
210 903 452 1001 sabbato
473 911 681 983 ﬁnitur,
707 935 1055 993 nequaquam
1083 925 1401 1001 Februario,
1426 935 1521 990 sed
1549 903 1724 992 totum

126 992 330 1053 Martio
377 999 710 1072 deputatur:
759 1025 823 1067 ea
868 992 1119 1074 videlicet
1163 992 1399 1093 ratione,
1451 1035 1513 1082 ut
1559 1027 1617 1083 in
1660 1044 1726 1085 eo

126 1103 324 1148 mense
371 1096 611 1167 primum
653 1101 926 1173 jejunium
990 1121 1240 1170 nostrum
1295 1115 1530 1176 Domino
1592 1137 1726 1178 con-

123 1196 399 1283 secretur,
450 1191 506 1246 in
557 1208 670 1266 quo
715 1199 1050 1273 principium
1087 1208 1220 1264 anni
1259 1225 1325 1267 ac
1369 1212 1488 1283 ipsa
1516 1218 1723 1274 creatio

121 1278 296 1346 coepit
321 1283 530 1344 mundi.
565 1305 591 1345 ι

196 1368 355 1474 lianc
377 1387 612 1435 vestram
637 1387 963 1445 sententiam
993 1407 1102 1449 non
1126 1405 1379 1466 proterve
1398 1399 1720 1474 refellimus,

119 1464 328 1570 quippe
355 1469 459 1570 qui
475 1476 780 1543 paratiores
810 1496 1004 1542 sumus
1042 1464 1256 1547 discere
1287 1510 1454 1564 quam
1481 1498 1678 1557 docere

119 1558 216 1614 sed
245 1568 334 1616 est
357 1565 500 1621 ratio
542 1584 667 1639 qua;
704 1587 808 1631 nos
849 1575 1192 1650 dehortatur,
1237 1558 1321 1643 ne-
1336 1589 1492 1652 vobis
1526 1591 1581 1646 in
1616 1558 1721 1651 hoc

118 1655 512 1727 assentiamus,
535 1661 602 1718 de
630 1679 741 1734 qua
760 1666 1009 1737 judicare
1039 1672 1260 1732 habebit
1287 1678 1501 1738 sincera
1521 1694 1717 1741 vestrae

117 1742 432 1847 dilectionis
451 1758 741 1816 sententia.
759 1759 1016 1822 .Calixtus
1037 1782 1199 1839 papa,
1234 1786 1266 1826 a
1288 1770 1449 1830 Petro
1468 1780 1718 1847 apostolo
1748 1751 1793 1812 Β

121 1834 264 1935 ξιξῃ
321 1842 562 1904 decrevit
613 1848 732 1906 ﬁeri
789 1862 872 1912 ter
923 1857 981 1913 in
1028 1834 1583 1935 anno‘jejunium-in
1626 1834 1716 1928 die

119 1929 348 2026 Saiibati
370 1953 473 2008 pro
499 1939 796 2015 frumeto,
836 1950 967 2007 vino
1005 1961 1061 2009 et
1101 1929 1244 2012 oleo.
1265 1929 1394 2026 'Quo
1411 1962 1628 2019 decreto
1656 1965 1713 2020 in

119 2024 318 2124 melius
346 2038 578 2102 mutato,
609 2035 850 2095 decrevit
876 2041 997 2098 ﬁeri
1023 2024 1453 2121 triduanum'per
1476 2063 1715 2124 quatuor

117 2116 247 2172 anni
315 2128 564 2195 tempora
608 2127 881 2200 jejunium
905 2177 922 2202 ,
975 2136 1051 2194 ita
1109 2116 1375 2201 scribens
1417 2116 1712 2206 Benedicto

117 2209 414 2284 episcopo:
469 2237 493 2272 ι
527 2217 805 2292 Jejunium
843 2231 992 2300 quod
1031 2241 1115 2288 ter
1160 2235 1216 2290 in
1265 2254 1413 2295 anno
1445 2242 1710 2301 celebrari

117 2305 261 2404 apud
293 2323 398 2366 nos
423 2311 682 2383 didicisti,
715 2331 776 2374 ut
797 2321 943 2378 sicut
963 2327 1238 2396 repiemur
1260 2330 1554 2404 frumento,
1579 2337 1709 2396 vino

115 2407 168 2501 et
191 2401 316 2501 oleo
337 2404 406 2460 ad
431 2405 623 2466 alenda
657 2427 908 2485 corpora,
942 2418 1025 2476 sic
1049 2422 1359 2493 repleamur
1380 2401 1612 2501 jejunio,
1639 2431 1709 2488 ad

114 2491 344 2594 alendas
383 2498 634 2571 animas;
682 2523 831 2564 nunc
869 2491 1282 2574 convenientius
1334 2491 1451 2591 perw
1471 2491 1709 2594 quatuor

109 2586 246 2642 anni
285 2596 529 2662 tempora
582 2595 702 2654 ﬁeri
745 2600 1114 2675 decernimus,
1149 2620 1208 2665 ut
1239 2586 1382 2670 sicut
1404 2586 1583 2674 annus
1610 2634 1708 2690 per

108 2692 353 2777 quatuor
395 2687 633 2745 volvitur
681 2701 944 2765 tempora,
995 2699 1076 2755 sic
1121 2710 1176 2757 et
1220 2718 1325 2762 nos
1375 2687 1704 2777 quaternum

109 2773 362 2832 solemne
396 2793 626 2850 agamus
654 2784 926 2858 jejunium
969 2805 1066 2861 per
1105 2804 1345 2864 quatuor
1389 2773 1519 2856 anni
1563 2811 1703 2859 tem-

107 2880 269 2934 pora,
293 2877 356 2925 ut
373 2870 516 2928 inter
535 2883 728 2934 cetera
752 2895 818 2936 ex
842 2883 1024 2941 verbis
1048 2883 1288 2958 Domini,
1313 2892 1390 2948 ait
1409 2893 1705 2954 Zacharias

106 2960 379 3062 propheta
411 2963 729 3036 :‘Jejunium
780 2979 961 3045 quarti
1014 2987 1065 3034 et
1117 2981 1386 3054 jejunium
1439 2989 1610 3058 quinti
1653 2999 1703 3045 et

102 3061 371 3121 jejunium
423 3061 633 3128 septimi
682 3072 735 3119 et
767 3066 1036 3137 jejunium
1081 3073 1274 3130 decimi
1313 3087 1468 3133 erunt
1520 3081 1702 3138 domui

103 3142 258 3247 Iuda
285 3149 350 3204 in
370 3153 627 3247 gaudium
654 3165 706 3212 et
733 3157 984 3218 ltetitiam
1009 3174 1064 3220 et
1099 3167 1157 3220 in
1179 3168 1540 3230 solemnitates
1563 3193 1704 3247 pm-

104 3241 312 3341 ilaras.
383 3245 670 3307 Veritatem
721 3264 932 3313 tantum
973 3270 1024 3315 et
1071 3279 1258 3333 pacem
1310 3268 1520 3341 diligite
1564 3241 1706 3328 dicit

105 3333 394 3438 Dominus.
456 3341 515 3397 In
551 3345 656 3403 hoc
692 3365 824 3422 ergo
857 3367 959 3411 nos
988 3358 1280 3417 unanimes
1321 3373 1536 3434 oportet
1559 3382 1702 3438 esse,

102 3435 168 3480 ut
179 3431 478 3488 secundum
491 3440 847 3506 apostolicam
860 3444 1189 3518 doctrinam,
1206 3431 1442 3523 idipsum
1458 3431 1705 3516 dicamus

102 3534 322 3613 omnes,
372 3533 426 3581 et
449 3544 558 3584 non
582 3531 765 3589 sint‘in
785 3538 945 3595 nobis
965 3543 1285 3613 schismata,
1325 3548 1500 3604 simus
1519 3559 1702 3608 autem

100 3610 330 3679 perfecti
382 3615 435 3670 in
465 3621 655 3677 eodem
698 3641 862 3683 sensu
891 3637 948 3684 et
975 3631 1030 3686 in
1060 3634 1250 3690 eadem
1273 3610 1538 3696 scientia.
1581 3659 1601 3694 ι

179 3702 306 3805 llaec
331 3707 578 3805 galixtus
610 3730 746 3788 papa
785 3734 1054 3796 praesago,
1081 3729 1264 3797 credo,
1313 3732 1508 3802 spiritu
1559 3750 1702 3805 prte-

101 3797 302 3900 videns
320 3802 692 3900 dissensiones
717 3811 974 3873 Ecclesia:
1009 3817 1224 3878 futuras
1246 3797 1360 3895 pro
1373 3825 1479 3883 hoc
1493 3797 1704 3900 jejunio

98 3907 130 3987 a
178 3909 242 3987 se
287 3893 557 3956 instituto.
590 3901 670 3958 Ex
717 3905 804 3963 his
831 3907 1030 3966 Calixti
1072 3893 1263 3971 verbis
1297 3893 1698 3987 patres'n'ostri

97 3983 342 4042 instituti
367 4000 497 4046 sunt
519 4002 572 4049 et
601 4010 704 4052 nos
727 3983 1347 4079 instituerunt,.ut‘quot
1366 4026 1542 4069 annus
1570 4021 1704 4068 tem-

96 4092 258 4148 pora,
305 4089 386 4136 tot
414 4083 611 4141 habent
637 4097 694 4144 et
713 4090 961 4162 jejunia;
990 4103 1046 4150 et
1075 4106 1211 4166 quot
1244 4115 1461 4158 menses
1495 4118 1700 4158 unum-

97 4172 364 4244 quodque
387 4184 601 4248 tempus
624 4181 809 4252 habet,
825 4193 913 4242 tot
933 4187 1272 4260 jejuniorum
1309 4193 1428 4251 dies
1457 4195 1656 4252 habeat
1681 4215 1696 4264 ;

95 4274 154 4319 et
191 4266 324 4321 dum
377 4270 607 4344 singulis
651 4286 890 4346 quatuor
925 4273 1257 4353 temporum
1282 4285 1510 4357 jejuniis
1556 4293 1698 4349 terni

94 4359 435 4430 deputantur
499 4366 638 4436 dies,
679 4378 875 4441 quarta
929 4384 986 4431 et
1045 4389 1197 4435 sexta
1249 4380 1386 4438 feria
1449 4392 1504 4441 et
1562 4384 1700 4443 Sab-

1730 3119 1776 3185 C.

1834 485 2106 544 Kalendas
2155 488 2371 558 Martii;
2421 499 2664 548 aestatem
2707 499 2854 551 nono
2900 493 3170 555 Kalendas
3226 495 3413 569 Junii;

1831 589 2155 638 autumnum
2215 583 2429 640 decimo
2487 583 2758 644 Kalendas
2817 587 3150 661 Septembris
3214 593 3418 649 habere

1829 683 2080 730 exortum
2126 674 2277 732 dicit.
2327 675 2501 734 Graeci
2553 687 2733 736 autem
2789 689 2845 738 et
2892 680 3146 753 Romani,
3179 703 3415 758 quorum

1827 768 2014 837 potius
2049 769 2106 823 in
2138 769 2242 826 hoc
2280 772 2584 829 auctoritas
2610 773 2886 844 sequenda
2927 785 3031 844 est,
3066 777 3302 836 hiemem
3334 795 3415 836 vn

1827 857 1954 915 ldus
1981 859 2319 930 Novembris,
2358 877 2454 919 ver
2471 877 2546 920 vn
2568 863 2695 922 Idus
2716 865 3021 937 Februarii,
3063 879 3304 927 aestatem
3334 885 3416 928 vir

1825 951 1952 1010 ldus
2006 953 2152 1022 Maii,
2197 961 2521 1014 autumnum
2570 975 2647 1015 vn
2687 959 2816 1018 ldus
2871 961 3104 1035 Augusti
3151 964 3415 1024 inchoare

1824 1045 2152 1115 decernuntf;
2181 1045 2379 1106 hiemis
2397 1051 2646 1107 videlicet
2662 1059 2717 1107 et
2734 1054 2939 1110 aestatis
2960 1054 3124 1111 initia
3136 1056 3414 1128 signantes

1823 1140 2116 1208 matutino,
2145 1139 2231 1197 vel
2248 1144 2563 1214 vespertino
2601 1158 2747 1214 ortu,
2773 1148 2860 1202 vel
2900 1162 3099 1206 occasu
3143 1147 3413 1223 Vergiliaw

1821 1249 1968 1301 rum,
2023 1251 2147 1306 qua:
2187 1236 2351 1293 etiam
2401 1236 2648 1297 Pleiades
2668 1247 2971 1310 vocantur;
3013 1243 3150 1300 item
3188 1245 3336 1300 veris
3359 1255 3414 1302 et

1820 1328 2071 1382 autumni
2098 1339 2364 1400 ponentes
2394 1331 2722 1403 ingressum,
2766 1350 2892 1390 cum
2937 1333 3190 1408 Vergiliae
3231 1339 3414 1394 medio

1819 1418 1932 1476 fere
1969 1421 2057 1477 die
2085 1422 2171 1477 vel
2213 1431 2371 1480 nocte
2409 1425 2789 1482 oriuntur’aut
2816 1428 3092 1485 occidunt.
3149 1449 3168 1483 ι
3217 1429 3305 1498 Et,
3352 1439 3413 1487 ut

1820 1515 2073 1571 ostendat
2122 1515 2266 1572 Beda
2309 1533 2418 1589 qua
2451 1533 2520 1575 ex
2567 1521 2779 1577 ratione
2825 1519 3000 1578 Graeci
3045 1523 3132 1578 vel
3178 1521 3447 1579 Romani

1820 1618 2126 1683 temporum
2150 1611 2304 1668 initia
2334 1612 2411 1668 ita
2439 1614 2738 1687 pmﬂgant,
2773 1615 3012 1673 adnectit
3037 1617 3203 1673 verba
3234 1617 3411 1674 sancti

1804 1711 1875 1758 ‘et
1901 1704 2067 1771 docti,
2095 1711 2150 1758 et
2190 1705 2401 1775 antiqui
2432 1705 2536 1760 viri
2563 1707 2822 1775 Anatolii,
2848 1705 3120 1764 Laodicia).
3143 1708 3406 1779 episcopi,

1819 1795 1887 1852 de
1932 1797 2276 1868 aequinoctiis
2318 1805 2373 1852 et
2411 1798 2663 1857 solstitiis
2693 1799 2768 1855 ita
2807 1800 3180 1871 disputantis:
3216 1820 3235 1853 ‹
3270 1800 3405 1870 Hoc,

1815 1887 2012 1958 inquit,
2045 1903 2156 1943 non
2197 1889 2436 1960 ignores,
2463 1898 2600 1960 quot
2635 1890 2754 1962 ipsa
2791 1899 3098 1963 temporum
3146 1891 3404 1959 conﬁnia,

1813 1981 1923 2036 duo
1947 1979 2154 2036 scilicet
2187 1981 2534 2052 aequinoctia,
2565 1991 2620 2039 et
2651 1983 2761 2039 duo
2788 1984 3045 2051 solstitia,
3084 1984 3214 2041 licet
3252 1999 3408 2040 men-

1813 2073 1958 2130 sium
1999 2073 2342 2145 sequentium
2393 2074 2651 2132 Kalendis
2679 2076 3153 2150 approximantur,
3200 2094 3404 2134 unum-

1811 2165 2068 2236 quodque
2113 2179 2306 2221 eorum
2353 2166 2594 2222 medium
2643 2167 2907 2241 temporis
2938 2175 3144 2238 teneat,
3189 2176 3246 2224 et
3294 2183 3406 2225 non

1809 2257 2007 2314 exinde
2047 2257 2314 2329 principia
2343 2269 2653 2331 temporum
2694 2260 3044 2330 inchoantur,
3071 2262 3218 2320 unde
3245 2278 3404 2319 men-

1811 2351 1954 2409 sium
1977 2351 2566 2438 Kalendaajnitiantur.
2613 2352 2705 2410 Sic
2747 2353 2932 2442 itaque
2970 2356 3402 2428 unumquodque

1809 2453 2024 2517 tempus
2064 2447 2430 2504 inchoandum
2474 2456 2576 2518 est,
2607 2455 2722 2504 uta
2757 2448 2934 2520 prima
2964 2447 3052 2504 die
3072 2447 3219 2505 veris
3259 2455 3403 2504 tem.

1806 2554 1911 2610 pus
1933 2540 2139 2598 dividat
2161 2541 2548 2613 aequinoctium
2577 2557 2675 2599 vin
2707 2539 2829 2598 Kal.
2871 2541 3074 2614 Aprilis
3094 2549 3150 2597 et
3172 2541 3402 2610 uastatis,

1807 2633 2048 2689 medium
2095 2643 2279 2691 teneat
2325 2635 2618 2691 solstitium
2678 2651 2779 2691 vui
2832 2633 3110 2693 Kalendas
3165 2633 3295 2695 Julii
3347 2642 3404 2695 et

1807 2726 2077 2795 autumni,
2123 2736 2179 2783 et
2217 2728 2466 2783 autumni
2504 2724 2747 2786 medium
2787 2737 2973 2787 teneat
3011 2728 3403 2800 aequinoctium

1805 2834 1902 2874 vni
1954 2817 2224 2876 Kalendas
2266 2818 2520 2878 Octobris
2565 2831 2618 2879 et
2663 2823 2883 2890 hiemis,
2933 2823 3175 2880 medium
3219 2829 3408 2879 teneat
3489 2879 3498 2887 ,

1807 2913 2101 2968 solstitium
2160 2929 2257 2968 vm
2319 2912 2592 2972 Kalendas
2651 2914 2922 2973 Januarii.
2992 2935 3014 2971 ι
3087 2915 3403 2974 Secundum

1805 2997 1950 3058 beati
1975 3003 2160 3076 (l098)
2191 3005 2428 3061 Anatolii
2443 3007 2630 3075 verba,
2657 3007 2706 3064 si
2729 3008 2797 3064 ab
2820 3025 2920 3064 vui
2949 3006 3219 3065 Kalendas
3245 3008 3402 3080 Apri-

1805 3095 1873 3152 lis
1901 3097 2577 3155 numeraveritissursum
2617 3114 2812 3156 versus
2843 3115 3028 3172 usque
3061 3101 3129 3157 ad
3158 3117 3235 3157 vn
3273 3100 3402 3157 ldus

1808 3187 2113 3256 Februarii,
2144 3188 2372 3246 habebis
2392 3190 2511 3246 dies
2529 3205 2677 3258 XLVI,
2704 3192 2851 3263 quod
2877 3200 2962 3248 est
2985 3192 3224 3247 medium
3245 3192 3401 3248 verni

1808 3280 2092 3350 temporis,
2120 3288 2175 3336 et
2203 3297 2301 3352 per
2333 3280 2479 3338 hanc
2503 3282 2743 3338 Anatolii
2773 3282 3154 3340 auctoritatem
3190 3291 3401 3355 ponunt

1809 3369 1982 3428 Graeci
2005 3381 2060 3428 et
2087 3372 2323 3430 Romani
2369 3375 2590 3430 initium
2630 3377 2778 3432 veris
2807 3393 2883 3432 vit
2933 3375 3062 3434 ldus
3088 3377 3396 3446 Februarii,

1806 3462 2008 3518 abhinc
2072 3479 2251 3535 usque
2321 3465 2390 3521 ad
2452 3464 2725 3524 Kalendas
2790 3466 3106 3536 Februarii,
3169 3469 3398 3541 reliquis

1805 3555 1998 3612 diebus
2057 3572 2152 3613 sex
2221 3557 2290 3614 ad
2366 3559 2603 3615 hiemem
2676 3560 3112 3630 pertinentibus,
3176 3570 3231 3618 et
3295 3564 3399 3620 hoc

1805 3648 2108 3712 secundum
2155 3650 2414 3722 antiquos
2467 3652 2562 3724 qui
2620 3653 2897 3724 ponebant
2956 3654 3282 3726 aequinoctia
3342 3665 3427 3720 et,

1804 3741 2038 3821 solstitia
2093 3741 2151 3798 in
2199 3759 2298 3799 vui
2349 3743 2640 3802 Kalendas.
2692 3746 2762 3802 At
2816 3761 2918 3804 nos
2958 3746 3247 3819 juniorcs,
3299 3748 3396 3819 qui

1763 3867 1771 3873 -
1803 3836 2108 3916 secundum
2135 3836 2414 3894 decretum
2444 3835 2676 3896 Nicaeum
2699 3838 2913 3913 synodi,
2933 3840 3193 3914 ponimus
3220 3842 3395 3914 aequi-

1802 3929 1987 4006 noctia
2029 3938 2086 3986 et
2127 3929 2362 3988 solstitia
2393 3930 2450 3988 in
2481 3948 2558 3991 xu
2588 3930 2881 4003 Kalendas,
2914 3933 2984 4005 si,
3009 3934 3192 4006 posito
3217 3937 3393 4006 aequi-

1802 4023 1988 4098 noctio
2036 4032 2092 4080 et
2129 4025 2359 4082 dimidio
2408 4026 2564 4082 verni
2609 4029 2870 4099 temporis
2912 4029 2969 4085 in
3002 4045 3079 4084 xu
3121 4027 3391 4096 Kalendas

1801 4111 2023 4184 Aprilis,
2047 4115 2249 4173 abhinc
2268 4133 2486 4174 sursum
2509 4132 2704 4174 versus
2724 4114 3220 4188 numeremusjdies
3240 4134 3389 4176 ιινι.

1801 4195 1898 4280 qui
1931 4223 2025 4263 ver
2059 4207 2366 4276 dimidiant,
2400 4209 2740 4268 inveniemus
2782 4209 3000 4277 initium
3042 4211 3187 4268 veris
3225 4211 3282 4266 in
3327 4225 3390 4266 ut

1800 4297 1986 4357 Nonas
2033 4299 2339 4357 Februarii.
2395 4301 2512 4359 Hoc
2557 4302 2722 4359 modo
2753 4312 3008 4374 quatuor,
3044 4303 3131 4358 vel
3175 4303 3392 4359 duobus

1800 4398 2013 4446 tantum
2058 4390 2251 4449 diebus
2287 4391 2572 4449 Februarii
2609 4394 2679 4450 ad
2728 4394 2960 4450 hiemem
2993 4394 3388 4466 spectantibus,

95 4452 291 4509 batum
324 4457 526 4530 singuli
558 4462 676 4519 dies
702 4481 804 4536 pro
829 4469 1062 4540 singulis
1104 4475 1387 4534 mensibus
1432 4478 1698 4550 deputen-
1729 4480 1774 4535 D
1800 4485 2012 4540 obtinet
2037 4499 2131 4541 ver
2155 4494 2330 4542 totum
2357 4484 2738 4543 Februarium.
2769 4452 3082 4543 Secundum
3112 4487 3218 4542 hoc
3240 4487 3392 4542 vide-

92 4555 224 4602 tur:
267 4557 327 4603 ut
348 4549 611 4624 quidquid
641 4555 698 4612 in
726 4565 842 4615 toto
863 4577 1052 4621 mense
1079 4566 1428 4640 deliquimus,
1446 4549 1694 4643 jejunato

93 4656 210 4696 uno
239 4645 449 4700 mensis
477 4645 586 4717 die,
630 4645 727 4707 ﬁat
773 4655 940 4712 nobis
959 4659 1190 4730 veniale,
1237 4671 1292 4718 et
1339 4673 1399 4719 ut
1447 4667 1516 4722 ad
1545 4668 1692 4733 iusus

89 4743 330 4792 nostros.
354 4736 555 4794 bonam
595 4751 651 4798 et
677 4745 953 4802 salubrem
1001 4751 1143 4808 aeris
1185 4753 1500 4825 temperiem
1546 4758 1693 4816 Deus

88 4827 331 4900 singulis
355 4835 717 4905 temporibus,
757 4842 1039 4899 mensibus
1086 4853 1141 4901 et
1174 4847 1367 4905 diebus
1406 4853 1690 4910 attribuat.

88 4920 230 4987 Quia
243 4937 378 5018 ergo
397 4925 502 4982 hoc
519 4927 764 4996 Quatuor
773 4932 1105 5006 Temporum
1118 4939 1387 5010 jejunium
1410 4944 1697 5018 distinguit

86 5023 210 5110 rata
237 5016 382 5072 ratio
404 5026 736 5110 temporum,
769 5042 799 5081 a
821 5030 1030 5090 sanctis
1058 5040 1112 5088 et
1136 5031 1330 5102 doctis,
1358 5045 1412 5091 et
1452 5016 1692 5110 antiquis

85 5106 354 5165 l’atrihus
376 5109 647 5171 intellecta
661 5126 716 5173 et
733 5119 1023 5191 disposita,
1052 5125 1097 5180 si
1120 5134 1174 5180 et
1195 5126 1262 5183 de
1282 5129 1470 5186 multis
1493 5106 1688 5202 pauca,

84 5213 140 5256 ct
179 5205 251 5259 de
278 5206 498 5265 duobus
539 5213 772 5270 certiora
818 5216 1105 5288 eligamus.
1155 5219 1301 5278 Beda
1332 5223 1386 5278 in
1429 5224 1571 5281 libro
1616 5225 1691 5282 De

87 5299 432 5367 temporibus
492 5301 678 5360 dicit:
744 5325 764 5358 ‹
827 5307 984 5365 initia
1039 5310 1301 5380 Quatuor:
1357 5314 1730 5388 Temporum-

85 5390 292 5448 diversi
319 5393 533 5451 diverse
559 5409 788 5468 ponunt.
815 5399 1076 5473 Isidorus,
1109 5405 1445 5478 Hispalensis
1475 5410 1692 5482 episco-
1725 5427 1730 5432 '

160 5552 351 5641 (1098)
373 5554 658 5641 Anatolius
673 5560 1068 5641 Alexandrinus
1085 5564 1362 5641 Laodicea:
1385 5568 1557 5639 Syria:
1583 5571 1697 5641 epi-

88 5639 304 5711 scopus,
329 5627 697 5711 sub_Pr_‘olio_et
720 5633 858 5711 Caro
880 5637 1284 5711 imperatoribus
1305 5627 1510 5711 ﬂoruit,
1543 5627 1692 5698 mira:

89 5695 356 5778 doctrinm
385 5701 468 5754 vir
501 5702 681 5780 fuitin
703 5695 1071 5780 arithmetica,
1096 5695 1399 5780 ‘geometi'ia,
1443 5695 1717 5767 as,trono-'

94 5767 228 5835 mia,
258 5767 636 5845 grammatica,
664 5777 950 5850 rhetorica,
981 5767 1285 5853 diaIEctica,
1313 5767 1462 5856 cujus
1492 5785 1695 5858 ingenii

1250 5945 1406 5976 an;

1792 4585 1944 4634 retur
1991 4576 2324 4634 Februarius
2365 4577 2563 4642 debere
2585 4595 2706 4635 esse
2743 4579 2889 4635 veris
2917 4578 3390 4658 primusmensis,

1791 4676 1849 4725 et
1889 4669 1946 4726 in
1983 4683 2052 4726 eo
2083 4669 2280 4726 debere
2327 4669 2591 4726 celebrari
2645 4671 2917 4744 jejunium
2970 4671 3136 4742 primi
3183 4680 3393 4745 tempo-

1792 4760 1892 4830 ris,
1947 4770 2005 4820 et
2051 4763 2273 4834 quidem
2315 4763 2485 4834 juste.
2533 4763 2640 4821 Sed
2687 4780 2757 4821 ne
2813 4765 3174 4848 contentiosis
3215 4765 3393 4844 dare-

1795 4861 1886 4910 tur
1936 4870 2073 4912 ansa
2132 4856 2502 4913 calumniandi
2552 4857 2824 4930 jejunium
2882 4857 3046 4929 primi
3099 4859 3388 4931 temporis,

1795 4948 2134 5022 contingeret
2189 4950 2336 5006 enim
2389 4949 2600 5023 aliquot
2668 4951 2784 5008 dies
2843 4951 3021 5008 ultimi
3076 4951 3347 5024 temporis
3369 4991 3391 5018 ,

1799 5041 1946 5111 quod
2016 5049 2103 5096 est
2171 5039 2390 5109 hiemis,
2470 5040 2886 5097 convenientihs
2947 5041 3004 5097 in
3067 5047 3389 5112 sequentem

1797 5147 2046 5188 mensem
2075 5131 2352 5188 .Martium
2415 5133 2664 5190 diﬂ‘ertur
2721 5134 2868 5191 veris
2922 5134 3216 5206 jejunium.
3276 5130 3390 5189 Nec

1796 5232 1982 5281 tamen
2045 5224 2168 5280 ideo
2224 5233 2401 5281 totum
2450 5225 2648 5282 Martio
2696 5225 3018 5297 deputatur,
3073 5223 3202 5294 quia
3259 5223 3390 5280 licet

1795 5317 1961 5373 trium
2017 5317 2354 5390 jejuniorum
2409 5319 2524 5376 dies
2562 5320 2616 5374 in
2667 5334 2778 5374 una
2833 5317 3174 5374 hebdomada
3219 5317 3388 5375 unius

1795 5410 2004 5468 mensis
2026 5411 2397 5480 continentur,
2433 5419 2655 5484 propter
2681 5410 3066 5483 mysteriorum
3097 5411 3386 5468 continua-

1794 5573 2209 5643 magnitudinem
2258 5571 2324 5627 de
2362 5570 2623 5643 volumine
2646 5568 2787 5643 quod
2811 5586 2968 5643 super
2994 5567 3214 5643 Pascha
3236 5585 3382 5643 cont-

1793 5639 1992 5716 posuit,
2021 5652 2070 5698 et
2090 5660 2155 5716 ea;
2175 5643 2350 5698 decem
2383 5642 2537 5698 libris
2584 5639 2667 5716 de;
2694 5639 3043 5716 arithmetica
3088 5640 3384 5716 institutio-

1795 5710 1984 5788 nibus,
2003 5714 2296 5788 intelligere
2321 5728 2620 5784 possumus,
2649 5710 2829 5784 inquit
2856 5710 3240 5788 Hieronymus,
3284 5711 3381 5772 lib.

1797 5785 1875 5844 De
1909 5786 2096 5858 script.
2128 5786 2324 5842 eccies.
