3952 6324
559 149 664 209 819

1733 147 2097 209 SIGEBERTI
2134 142 2665 206 GEMBLACENSIS
3672 151 3750 211 89.0

557 268 788 335 tionem,
808 265 1008 340 singuli
1022 275 1204 324 tamen
1222 268 1556 341 jejuniorum
1573 269 1688 327 dies
1697 270 1928 343 singulis
1943 271 2146 327 mensi-
2174 271 2221 328 A
2250 269 2632 325 auctoritatem
2660 265 2993 334 invenimus,
3016 265 3384 338 quodinitium
3403 271 3535 330 veris
3557 285 3603 332 et
3623 275 3759 357 lanii

522 397 534 441 ί
558 361 664 420 bus
673 362 1006 433 deputantur
1018 379 1072 419 ιν
1089 362 1226 421 feria
1237 363 1624 434 Februario,“
1637 363 1852 434 Martio,
1866 383 1942 421 vn
1952 366 2145 437 Aprili.

522 447 790 570 iQuando
820 471 951 529 ergo
985 455 1213 514 Martius
1235 457 1506 527 initiatur,
1553 476 1608 528 v,
1661 475 1737 527 v1,
1767 460 1852 516 vel
1879 475 1954 514 vn
1991 458 2149 527 feria,

557 565 683 621 qua
704 550 1143 607 inconvenientia
1173 560 1259 608 est
1281 552 1579 624 pravenire
1604 553 1821 609 initium
1866 552 2045 608 Martii
2067 553 2152 623 jc—

559 643 804 716 junando
849 645 906 700 in
956 638 1385 717 antepenultimo
1415 655 1470 702 ct
1519 647 1714 704 ultimo
1734 647 1821 702 die
1845 646 2152 715 Februarii,

558 738 654 808 qui
707 738 826 795 dies
883 739 987 796 etsi
1043 755 1156 796 non
1210 749 1339 798 sunt
1376 740 1576 810 Martii,
1647 750 1776 797 sunt
1825 737 2011 797 tamen
2063 757 2164 797 ve--

557 831 665 900 ris,
724 834 885 905 cujus
964 843 1050 890 est
1104 834 1211 891 hoc
1265 843 1442 892 totum
1499 835 1773 907 jejunium
1832 851 1930 907 per
1976 843 2162 906 partes

558 922 805 994 ejusdem
852 939 953 995 per
987 940 1206 982 menses
1251 926 1642 983 distributum?
1693 926 1856 995 Quid,
1908 927 2154 998 inquam,

559 1015 908 1074 disconvenit
949 1017 1202 1090 jejunare
1241 1027 1494 1090 quartam
1516 1020 1572 1075 in
1598 1019 1899 1077 Februario
1939 1018 2167 1086 feriam,

560 1110 867 1181 prasertim
902 1125 1028 1166 cum
1058 1111 1178 1182 ipsa
1201 1112 1482 1183 jejunetur
1500 1129 1602 1184 pro
1643 1113 1985 1185 impetranda
2013 1113 2159 1168 bona

558 1212 614 1258 et
638 1203 845 1260 salubri
875 1205 1138 1275 temperie
1148 1203 1473 1260 Februarii?
1495 1205 1637 1273 Quid
1656 1204 1998 1262 disconvenit
2021 1203 2184 1271 Mar-_

562 1293 660 1360 tio,
693 1294 840 1365 quod
877 1303 1030 1351 sexta
1069 1295 1125 1349 in
1167 1294 1470 1351 Februario
1497 1295 1634 1350 feria
1667 1311 1766 1366 pro
1803 1296 1922 1366 ipso
1966 1294 2161 1350 Martio

557 1385 874 1458 jejunatur?
890 1386 1011 1444 Non
1037 1388 1336 1443 merebitur
1361 1388 1564 1459 Aprilis
1577 1389 1778 1444 bonam
1802 1396 1856 1443 et
1883 1387 2159 1444 salubrem

561 1480 708 1536 aeris
740 1481 1078 1552 temperiem,
1105 1479 1253 1551 quod
1274 1479 1547 1550 jejunium
1590 1481 1805 1536 sabbati
1870 1479 1974 1535 sibi
2021 1496 2161 1550 pra-

560 1580 858 1642 occupetur
882 1573 938 1627 in
976 1571 1208 1628 Martio?
1234 1572 1338 1626 Per
1367 1572 1473 1627 hoc
1496 1582 1675 1628 ratum
1710 1587 1832 1629 esse
1853 1572 1995 1639 dico,
2015 1571 2162 1643 quod

2251 364 2371 434 ipso
2397 362 2766 419 Kalendarum
2791 361 2879 416 die
2891 361 3056 417 simul
3096 374 3436 422 concurrant.
3480 367 3533 424 in
3559 369 3758 433 Kalendis

2262 454 2446 511 Martii
2503 454 2720 510 initium
2745 453 2890 509 veris
2909 455 3238 524 ponentibus
3266 470 3516 530 repugnat
3531 468 3758 525 auctoritas

2251 549 2491 606 Anatolii
2505 556 2560 604 et
2577 546 2812 602 aliorum
2860 545 3107 616 Patrum;
3152 560 3412 621 repugnat
3441 553 3586 609 etiam
3613 557 3756 617 omium

2253 652 2307 701 et
2329 653 2503 712 terra;
2523 644 2721 699 coelum
2756 644 3014 716 quoniam
3041 643 3351 714 philosophi
3373 643 3759 715 deprehendemini

2253 738 2410 794 initia
2462 747 2768 809 temporum
2818 754 2914 810 per
2969 745 3124 794 ortus
3153 745 3208 792 et
3249 752 3471 793 occasus
3529 740 3757 799 stellarum.

2257 847 2396 903 quas
2416 830 2563 887 Deus
2595 831 2727 888 fecit
2774 831 2830 886 in
2878 831 3032 904 signa
3060 831 3195 887 etin
3230 840 3486 902 tempora,
3515 833 3565 887 in
3604 850 3762 891 menses

2258 936 2314 984 et
2336 927 2391 982 in
2413 942 2589 982 annos
2618 945 2632 982 :
2666 935 2810 982 terra
2835 942 2986 993 vero,
3013 925 3121 982 nisi
3150 927 3335 997 aliqua
3385 925 3680 998 inaqualitas
3701 945 3764 985 ae-

2258 1020 2337 1076 ris
2361 1019 2710 1087 interturbet,
2735 1027 2917 1075 ortum
2932 1018 3079 1075 veris
3113 1019 3169 1072 in
3192 1034 3318 1075 rore
3347 1019 3586 1074 arborum
3597 1020 3664 1075 vel
3679 1021 3766 1076 her-

2258 1113 2456 1168 barum
2477 1113 2638 1185 longe
2660 1121 2787 1168 ante
2817 1113 3036 1168 initium
3059 1110 3239 1167 Martii
3267 1112 3515 1169 ostendit.

2332 1205 2538 1278 Regula
2592 1206 2853 1275 Anatolii,
2885 1205 2981 1277 qui
3025 1213 3188 1277 negat
3228 1205 3384 1261 initia
3431 1213 3690 1278 temporum
3729 1207 3766 1262 in

2260 1299 2518 1356 Kalendis
2546 1299 2843 1368 mensium,
2874 1307 2929 1354 et
2950 1299 3043 1354 ubi
3075 1299 3281 1355 initiari
3319 1299 3540 1356 debeant
3560 1299 3621 1354 ita
3640 1300 3768 1356 verbis

2262 1391 2520 1458 ostendit,
2549 1389 2797 1445 utetiam
2849 1389 3027 1446 oculis
3080 1390 3258 1460 possit
3326 1390 3547 1446 ostendi.
3577 1388 3770 1447 Ostendat

2263 1484 2444 1539 adhuc
2470 1499 2567 1554 per
2594 1483 2810 1538 initium
2834 1483 3044 1539 astatis
3066 1484 3160 1538 ubi
3209 1483 3406 1539 debeat
3424 1483 3657 1539 celebrari
3673 1483 3770 1554 jeju-

2264 1576 2418 1632 nium
2439 1576 2667 1632 aestatis.
2689 1574 2878 1631 Posito
2909 1576 3142 1632 solstitio
3173 1576 3402 1632 aestivali
3437 1586 3490 1632 et
3512 1577 3771 1632 astatisme-

559 1663 676 1719 dixr
705 1673 959 1736 quartam
991 1674 1044 1720 et
1068 1676 1278 1721 sextam
1311 1663 1504 1719 feriam
1530 1681 1651 1721 esse
1709 1664 2078 1720 obsecutrices
2104 1673 2159 1719 et
2184 1655 2234 1715 B
2261 1670 2352 1726 dio
2381 1670 2683 1726 secundum
2717 1671 2975 1741 antiquos
3000 1669 3058 1724 in
3081 1685 3180 1724 vm
3204 1669 3474 1726 Kalendas
3499 1669 3628 1737 Julii,
3653 1671 3687 1726 si
3702 1687 3771 1726 nu-

558 1756 830 1826 quasdam
863 1757 1292 1827 praeparationes
1322 1755 1390 1810 ad
1417 1755 1597 1825 ipsum
1628 1757 1917 1812 sabbatum
1955 1755 2158 1825 Martii,

558 1855 614 1901 et
640 1863 736 1903 eas
757 1848 1002 1918 ejusdem
1026 1864 1151 1905 esse
1179 1851 1512 1906 conditionis
1535 1849 1693 1920 cujus
1717 1857 1801 1904 est
1839 1849 2159 1917 Sabbatum,

560 1940 650 1995 cui
675 1941 912 1996 cilicium
945 1942 1061 1999 sive
1089 1943 1376 1999 servitium
1409 1943 1669 1999 exhibent
1717 1943 2159 2013 praparationis,

559 2031 824 2086 nimirum
843 2032 1056 2102 jejunio
1080 2035 1255 2090 tertia
1289 2043 1345 2090 et
1358 2043 1526 2091 sextae
1548 2034 1718 2091 'feria
1767 2050 1824 2090 se
1847 2050 2163 2106 praparan-
2187 2108 2189 2110 η

559 2122 709 2178 tibus
737 2117 864 2191 illis,
887 2125 982 2195 qui
1006 2126 1088 2181 vel
1111 2126 1438 2197 suscipiunt,
1470 2127 1555 2182 vel
1596 2127 1872 2184 celebrant
1901 2128 2163 2200 mysteria

564 2215 632 2277 ad
670 2217 885 2272 sabbati
914 2218 1059 2274 diem
1114 2219 1462 2290 pertinentia,
1496 2235 1598 2276 nec
1643 2235 1766 2276 esse
1804 2235 1963 2290 opus,
2004 2228 2066 2274 ut
2095 2219 2163 2275 ad

562 2307 639 2374 id,
665 2310 750 2364 vel
805 2309 1138 2368 Februarius
1188 2329 1420 2369 numero
1471 2313 1685 2369 dierum
1753 2313 2030 2381 dilatetur,
2078 2313 2165 2368 vel

559 2398 790 2457 Martius
818 2402 1190 2474 abbrevietur,
1232 2407 1675 2478 quandoquidem
1699 2405 1849 2461 feriae
1878 2405 2190 2479 Februarii

483 2532 488 2536 -
560 2501 616 2548 et
636 2493 818 2549 Martii
855 2512 954 2567 per
983 2498 1089 2554 hoc
1105 2498 1272 2554 unius
1299 2508 1430 2555 sunt
1453 2499 1807 2567 conditionis,
1829 2500 1975 2570 quod
1998 2500 2165 2554 unius

559 2595 691 2642 sunt
712 2589 992 2658 temporis.
1023 2588 1081 2645 Si
1105 2591 1232 2660 quis
1244 2608 1353 2648 non
1381 2592 1575 2664 recipit
1603 2592 2165 2649 hancdistinctionem

559 2679 903 2758 jejuniorum
946 2699 1043 2752 per
1077 2683 1488 2740 distinctionem
1532 2685 1826 2746 mensium,
1875 2685 2068 2740 saltem
2110 2685 2165 2738 in

566 2790 861 2831 commune
909 2777 1141 2848 accipiet
1193 2786 1370 2833 totum
1419 2795 1520 2850 pro
1579 2787 1832 2853 tempore.
1868 2780 2162 2850 jejunium.

566 2866 671 2922 Sed
695 2868 824 2938 quia
848 2868 952 2924 hoc
971 2869 1120 2947 quod
1138 2879 1222 2927 est
1243 2872 1478 2928 divisum
1505 2873 1560 2928 in
1589 2873 1798 2940 multis,
1822 2889 1930 2928 non
1954 2881 2039 2928 est
2063 2873 2167 2928 ali-

564 2961 725 3032 cujus
762 2970 970 3030 totum;
998 2966 1220 3036 etquod
1249 2975 1334 3022 est
1371 2982 1663 3023 commune
1697 2967 1904 3035 multis,
1938 2983 2048 3022 non
2081 2976 2167 3023 est

565 3057 802 3128 alicujus
859 3061 1165 3132 proprium,
1229 3080 1340 3119 non
1375 3065 1481 3119 erit
1505 3065 1778 3136 jejunium
1806 3063 1952 3122 veris
1985 3074 2163 3138 totum

568 3148 772 3218 Martii,
803 3152 950 3223 quod
978 3154 1155 3210 tribus
1179 3171 1334 3227 aque
1376 3157 1671 3227 deputatur
1700 3158 2004 3215 mensibus.
2041 3156 2164 3214 Non

563 3244 690 3311 erit,
715 3243 963 3316 inquam,
993 3246 1173 3304 Martii
1203 3250 1484 3321 proprium
1515 3251 1662 3322 quod
1696 3251 1873 3307 tribus
1906 3259 1992 3307 est
2012 3267 2164 3308 com-

564 3353 732 3394 mune
759 3341 1062 3398 mensibus.
1126 3380 1128 3382 -

636 3475 718 3532 Ad
745 3477 862 3534 haec
902 3494 1013 3535 non
1067 3479 1242 3537 otiose
1283 3481 1368 3537 vel
1417 3483 1679 3539 mendose
1729 3483 1995 3554 scriptum
2024 3481 2163 3555 legi-

567 3586 713 3642 mus,
744 3575 893 3645 quod
925 3576 1102 3632 sancti
1139 3593 1294 3648 papa
1353 3576 1588 3633 Romani
1643 3577 1978 3650 Simplicius,
2014 3577 2167 3634 Gela-

566 3666 708 3752 sius,
741 3667 1107 3742 Symmachus
1127 3680 1182 3728 et
1211 3671 1362 3728 Felix
1392 3672 1642 3730 iecerunt
1665 3675 2037 3731 ordinationes
2069 3691 2167 3745 per

564 3780 810 3823 mensem
832 3767 1214 3836 Februarium,
1240 3769 1356 3824 sive
1393 3771 1541 3826 enim
1587 3787 1686 3826 vm
1725 3770 1997 3826 Kalendas
2023 3769 2167 3825 Mar-

564 3859 948 3918 tiisccundum
971 3862 1263 3934 Hispanos,
1302 3863 1416 3920 sive
1444 3881 1520 3918 vn
1581 3863 1708 3921 ldus
1755 3863 2038 3920 Februarii
2088 3881 2169 3920 sc-

565 3955 809 4010 cundum
834 3955 1092 4026 antiquos
1121 3953 1342 4010 Gracos
1376 3965 1430 4011 et
1474 3954 1778 4023 Romanos,
1824 3956 1940 4011 sive
1971 3971 2167 4011 secun-

564 4045 696 4102 dum
721 4044 960 4101 Nicaeam
983 4046 1253 4118 synodum
1277 4062 1339 4100 m
1375 4045 1561 4102 Nonas
1595 4047 1878 4102 Februarii
1907 4063 2001 4102 ver
2023 4048 2169 4102 oria-

471 4159 476 4164 ι
567 4145 678 4204 tur,
697 4137 1032 4192 credendum
1073 4144 1160 4193 est
1195 4136 1344 4208 quod
1393 4137 1708 4207 apostolica
1755 4136 2037 4209 dignitatis
2062 4136 2168 4191 viri

563 4241 678 4283 non
705 4227 1058 4284 excluserunt
1079 4245 1110 4283 a
1133 4228 1345 4298 jejunio
1371 4227 1738 4286 Kalendarum
1787 4229 1968 4285 Martii
1996 4246 2168 4302 quar-

565 4327 681 4375 tam
703 4329 758 4376 et
793 4305 1014 4377 sextam,
1061 4320 1256 4377 feriam
1305 4321 1613 4391 Februarii,
1664 4340 1787 4394 quae.
1835 4317 1991 4380 erant
2011 4324 2167 4379 verni

563 4414 869 4485 temporis;
899 4414 1040 4471 forte
1098 4416 1264 4471 etiam
1323 4417 1592 4490 integram
1646 4418 1931 4474 Februarii
1960 4419 2166 4475 hebdo-

562 4502 1128 4574 madam'receperunt
1147 4503 1217 4558 ad
1251 4505 1576 4575 explendum
1607 4505 1751 4560 veris
1776 4504 2070 4575 jejunium,
2108 4514 2162 4562 et

563 4593 634 4650 ad
660 4594 983 4651 celebranda
1009 4596 1267 4668 mysteria
1324 4595 1402 4650 illi
1445 4596 1656 4667 jejunio
1695 4599 2070 4668 congruentia.
2099 4597 2159 4653 In

563 4687 952 4743 communibus
997 4689 1143 4743 enim
1189 4688 1349 4744 annis
1394 4703 1536 4758 sape
1554 4687 1885 4744 Februarius
1949 4681 2159 4760 aliquot

563 4777 1009 4849 Quadragesima
1032 4780 1406 4836 hebdomadas
1441 4781 1668 4836 obtinet.

633 4912 930 4984 Perpendit
953 4930 1083 4985 ergo
1117 4927 1299 4971 vestra
1329 4915 1547 4971 dilectio
1582 4933 1682 4973 cur
1695 4916 1968 4988 jejunium
2011 4918 2158 4975 veris

563 5019 675 5062 non
700 5015 878 5062 totum
911 5003 1110 5061 Martio
1129 5006 1440 5077 deputetur,
1472 5009 1601 5078 quia
1635 5009 1847 5066 scilicet
1865 5009 1981 5066 dies
2002 5011 2157 5064 verni

563 5099 828 5171 temporis
845 5106 1016 5170 agunt
1058 5114 1160 5170 pro
1197 5098 1518 5168 Februario,
1556 5117 1626 5157 ne
1653 5103 1973 5158 excludatur
1999 5118 2031 5158 a
2061 5118 2158 5159 ve-

559 5191 641 5250 ris
659 5192 890 5263 jejunio.
917 5190 1074 5260 Quod
1105 5191 1152 5248 si
1194 5192 1336 5247 ratio
1363 5199 1419 5247 et
1449 5194 1585 5249 ordo
1612 5196 1870 5266 temporis
1896 5195 2155 5262 evicerit;

561 5285 710 5354 quod
733 5300 827 5340 ver
850 5283 987 5356 ipsis
1021 5282 1279 5340 Kalendis
1306 5282 1487 5339 Martii
1523 5284 1750 5354 oriatur,
1788 5287 2016 5342 verbum
2048 5302 2158 5342 non

562 5375 802 5446 amplius
833 5376 1053 5445 addam,
1083 5376 1217 5448 quin
1247 5375 1610 5433 excludantur
1639 5394 1670 5433 a
1698 5377 1911 5448 jejunio
1962 5385 2176 5451 quarta,

561 5475 620 5525 et
639 5473 792 5531 sm
814 5469 871 5525 in
903 5469 1207 5526 Februario
1231 5469 1401 5537 feria,
1429 5469 1476 5524 si
1498 5484 1621 5524 cum
1652 5485 1842 5526 mense
1899 5485 2000 5526 suo
2041 5451 2176 5532 fue-,

565 5561 679 5619 rint
713 5562 933 5634 penitus
959 5563 1150 5620 aliena
1178 5579 1211 5619 a
1265 5577 1434 5619 verno
1488 5571 1751 5634 tempore.
1808 5562 1915 5619 Sed
1964 5571 2160 5634 prater

565 5655 761 5713 rudem"
790 5654 1010 5712 Romuli
1025 5655 1446 5726 institutionem,
1475 5671 1744 5728 nusquam
1763 5655 2159 5728 scripturarum

2262 1776 2442 1818 meres
2463 1778 2686 1818 sursum
2731 1777 2925 1818 versus
2969 1777 3097 1817 XLVI
3144 1762 3284 1829 dies,
3339 1762 3571 1820 invenies
3615 1763 3768 1818 initium

2264 1856 2474 1912 aestatis
2504 1857 2560 1910 in
2581 1873 2637 1911 vr
2660 1855 2787 1913 ldus
2817 1855 2965 1924 Maii,
2994 1864 3049 1910 et
3093 1855 3310 1925 abhinc
3354 1871 3524 1928 usque
3559 1857 3616 1912 ad
3633 1855 3770 1911 Kalen-

2263 1949 2362 2004 das
2393 1949 2520 2004 Maii
2551 1957 2678 2005 octo
2698 1957 2914 2004 tantum
2945 1948 3139 2005 diebus
3173 1949 3240 2005 ad
3286 1957 3498 2022 tempus
3529 1951 3650 2006 veris
3683 1965 3769 2019 spe

2222 2101 2225 2108 _
2265 2042 2560 2109 ctantibus,
2589 2050 2736 2098 totus
2761 2057 2898 2112 pene
2920 2041 3096 2098 Maius
3130 2042 3483 2113 deputabitur
3513 2042 3674 2098 aestati.
3698 2038 3773 2097 lict

2265 2136 2464 2191 desunt
2517 2135 2686 2207 aliqui
2736 2136 3125 2192 modernorum
3158 2144 3396 2208 quantO»
3416 2135 3637 2207 juniores
3668 2142 3770 2189 tanto

2265 2227 2716 2299 perspicaciores,
2748 2228 2844 2298 qui
2873 2243 3163 2284 ascensum
3191 2228 3276 2283 vel
3300 2228 3606 2284 descensum
3624 2225 3771 2281 solisin

2267 2322 2520 2378 solstitiis
2594 2321 2776 2378 oculis
2831 2330 2886 2377 et
2941 2321 3129 2392 digitis
3187 2331 3479 2389 notantes,
3523 2320 3775 2377 contendunt

2269 2411 2602 2482 aequinoctia
2623 2419 2679 2466 et
2696 2411 2929 2467 solstitia
2953 2412 3158 2469 rectius
3180 2427 3310 2469 esse
3333 2412 3570 2484 ponenda
3588 2409 3774 2481 inquinto
3878 2439 3879 2490 ξ

2269 2505 2484 2560 decimo
2527 2503 2820 2560 Kalendas.
2853 2502 3010 2571 Quod
3061 2505 3107 2560 si
3155 2503 3323 2560 fuerit
3381 2505 3657 2576 probatum,
3691 2499 3774 2573 nnis

2269 2595 2607 2652 contradicet
2657 2596 2893 2664 veritati,
2925 2597 3060 2666 quin
3105 2604 3280 2652 totum
3348 2595 3667 2653 Februarium
3707 2591 3775 2648 sibi

2269 2689 2546 2744 vindicet?
2566 2687 2706 2744 Cum
2729 2703 2861 2759 ergo
2890 2703 2988 2758 per
3012 2689 3117 2744 hoc
3132 2688 3410 2759 jejunium
3436 2688 3568 2744 veris
3585 2687 3678 2741 dies
3706 2683 3775 2738 Fe-

2269 2781 2501 2850 bruarii,
2538 2781 2607 2837 ad
2633 2781 2908 2852 jejunium
2937 2782 3146 2837 astatis
3174 2780 3296 2838 dies
3335 2780 3460 2837 Maii
3495 2781 3681 2836 licentu'
3709 2775 3774 2830 ad.

2270 2873 2412 2929 mitti
2441 2874 2656 2940 debeat,
2681 2873 2903 2943 quando
2940 2870 3140 2929 Junius
3192 2872 3444 2928 initiatur
3481 2873 3533 2928 in
3559 2867 3776 2944 quintavel

2271 2976 2424 3023 sexta
2459 2965 2620 3035 feria,
2646 2981 2771 3038 qua
2828 2965 3272 3022 inconvenientia
3313 2975 3460 3024 vetat
3504 2966 3554 3020 in
3602 2962 3776 3020 secundo

2267 3060 2388 3130 ejus
2421 3059 2661 3116 Sabbato
2690 3059 2777 3115 vel
2799 3056 3044 3115 secunda
3096 3059 3442 3116 hebdomada
3481 3056 3699 3116 celebrari
3720 3070 3778 3110 se-
3878 3056 3879 3134 ᾖ

2268 3153 2510 3208 cundum
2527 3151 2824 3224 jejunium,
2848 3155 2997 3225 quod
3019 3160 3196 3210 totum
3231 3152 3412 3208 astati
3431 3152 3648 3215 debetur,
3671 3163 3695 3202 a
3711 3160 3776 3198 ro-

2267 3246 2354 3303 bis
2380 3261 2512 3302 vero
2539 3245 2643 3301 soli
2665 3244 2832 3302 Junio
2856 3255 3072 3302 tantum
3102 3246 3438 3317 deputatur?
3473 3244 3528 3300 in
3549 3241 3669 3299 veris
3681 3239 3777 3311 jeju-
3878 3239 3879 3317 ἐ

2266 3338 2361 3393 nio
2382 3337 2596 3393 videtur
2621 3337 2888 3408 impedire
2907 3339 3054 3410 quod
3077 3346 3274 3411 quarta
3295 3348 3355 3394 et
3400 3344 3542 3393 sexta
3563 3332 3703 3404 Lien-ia
3719 3329 3768 3397 je-

2262 3431 2545 3502 juniorum
2577 3431 2634 3486 in
2657 3447 2768 3487 una
2788 3431 3133 3488 hebdomada
3163 3438 3518 3496 concurrunt,
3561 3424 3669 3498 quid
3691 3436 3778 3478 cau-

2269 3537 2345 3577 sa
2359 3530 2443 3577 cst
2464 3521 2613 3592 quod
2640 3520 2872 3578 diﬂ‘ertis
2888 3521 3162 3594 jejunium
3206 3521 3262 3576 in
3315 3520 3610 3577 ulteriorem
3634 3511 3777 3569 hebdo-

2267 3609 2529 3668 madam?
2557 3612 2699 3679 Quid
2727 3622 2946 3670 tantum
2984 3614 3322 3671 inharemus
3361 3609 3608 3670 occidenti
3627 3606 3774 3664 littera.

2269 3715 2330 3762 ut
2349 3706 2633 3762 deviemus
2658 3723 2690 3761 a
2735 3706 2931 3777 spiritu
2983 3696 3332 3763 viviﬁcante?
3365 3705 3503 3774 Quid
3533 3711 3702 3760 tantum
3721 3696 3776 3750 in.

2269 3802 2544 3855 haremus
2588 3797 2644 3853 in
2697 3799 2992 3870 quarendo
3049 3799 3230 3870 primo
3278 3799 3543 3855 mensium
3573 3784 3776 3850 Sabbato?

2272 3890 2498 3962 Semper
2517 3890 2818 3946 laborando
2843 3890 3146 3961 quaerimus
3175 3900 3229 3946 et
3256 3890 3427 3947 semel
3469 3896 3650 3944 tantum
3671 3883 3774 3937 inve-

2269 3984 2472 4039 nimus.
2500 3979 2557 4037 Si
2576 3983 2723 4038 enim
2759 3999 2990 4039 numero
3020 3985 3238 4041 dierum
3290 3987 3646 4054 compensetur
3685 3972 3776 4028 Sab-

2268 4077 2478 4143 batum,
2504 4075 2610 4130 tale
2638 4073 2938 4132 Sabbatum
2961 4086 3214 4133 tenemus
3237 4076 3348 4133 illis
3368 4075 3496 4132 solis
3523 4070 3672 4134 annis,
3695 4064 3776 4135 qui-

2267 4170 2372 4226 bus
2395 4184 2615 4225 mcnses
2636 4166 2856 4237 Junius,
2890 4169 3143 4238 Martius,
3164 4169 3484 4240 September
3521 4173 3570 4220 et
3612 4161 3773 4216 Decem-

2267 4263 2365 4319 ber
2389 4263 2444 4317 in
2489 4261 2666 4333 prima
2723 4259 2860 4317 feria
2900 4263 3210 4318 initiantur.
3263 4261 3488 4318 Cateris
3523 4271 3637 4313 vero
3664 4249 3774 4307 annis

2270 4371 2485 4426 semper
2511 4353 2843 4424 imperfecta
2879 4355 3238 4411 hebdomada
3268 4354 3548 4412 sabbatum
3575 4355 3770 4405 tenemin-

2190 4422 2614 4522 DIVosquippe
2635 4451 2730 4523 qui
2755 4448 3030 4521 jejunium
3061 4447 3346 4518 temporis,
3392 4445 3531 4518 quod
3564 4449 3636 4498 est
3670 4449 3772 4539 φω-

2189 4587 2192 4592 .
2266 4560 2431 4600 mune
2452 4545 2630 4601 tribus
2663 4543 2968 4609 mensibus,
3002 4541 3277 4613 deputatis
3320 4540 3424 4596 soli
3462 4537 3622 4595 medio
3656 4537 3770 4585 ιηιιιη

2194 4693 2197 4696 .
2265 4636 2538 4692 mensium
2561 4635 2759 4703 mensi,
2788 4634 3010 4706 quando
3037 4650 3092 4702 v,
3125 4650 3201 4703 vi,
3232 4634 3320 4688 vel
3348 4649 3424 4688 vn
3466 4629 3588 4688 feria
3614 4622 3770 4680 initian-

2263 4736 2354 4786 tur
2377 4728 2963 4801 mensesjejuniorum,
2994 4742 3208 4797 semper
3242 4741 3345 4797 pro
3393 4723 3562 4796 primo
3599 4713 3770 4773 Samio

2262 4813 2586 4888 secundum,
2623 4835 2722 4890 pro
2757 4818 2998 4875 secundo
3032 4817 3278 4886 tertium,
3331 4832 3432 4888 pro
3481 4813 3622 4870 tertio
3655 4818 3768 4878 qur-

2264 4926 2380 4969 tum
2411 4915 2644 4982 habetis,
2666 4914 2797 4984 quia
2822 4912 3035 4983 expleta
3063 4912 3228 4983 primi
3261 4911 3464 4968 mensis
3488 4897 3765 4964 hebdomadi.

2265 5007 2321 5062 in
2346 5008 2509 5063 tertio
2530 5009 2617 5062 vel
2633 5006 2876 5064 secundo
2921 5007 3176 5062 secunda
3225 5003 3566 5061 hebdomada
3586 4998 3657 5053 die
3674 4990 3766 5047 511)-

2264 5099 2452 5154 batum
2486 5098 2701 5156 locatis.
2749 5097 2924 5154 Porro
2979 5113 3081 5154 nos
3103 5097 3200 5168 qui
3243 5096 3506 5169 jejunium
3534 5095 3764 5159 ternpol'“m

2257 5192 2566 5263 accipimus
2589 5191 2891 5248 secundum
2920 5205 3119 5247 nomen
3144 5207 3326 5258 suum,
3357 5198 3413 5245 et
3446 5188 3554 5243 dies
3571 5174 3763 5250 teporis

2268 5286 2639 5355 indifferenter
2668 5284 3008 5341 admittimus
3055 5284 3122 5340 ad
3145 5283 3415 5355 jejunium
3427 5276 3669 5350 temporis,
3685 5266 3762 5341 pri—

2287 5303 2639 5342 numerenter
2668 5303 3008 5341 aﬂmllllmus
3055 5303 3122 5340 aa
3145 5303 3669 5355 Jejumumtempumo
3685 5303 3741 5341 νυ

2253 5303 2414 5455 Suum
2435 5376 2732 5434 Sabbatum
2763 5375 2913 5447 quod
2934 5375 3175 5432 occurrit
3211 5375 3269 5430 in
3297 5389 3478 5431 mense
3503 5365 3761 5442 jejuniorum

2260 5459 2361 5542 pro
2385 5471 2564 5543 primo
2591 5470 2878 5535 habemus,
2909 5466 3210 5525 referentes
3261 5467 3391 5523 illud
3432 5479 3534 5521 non
3578 5459 3633 5516 ad
3654 5457 3765 5552 area’

2261 5580 2400 5633 sem,
2424 5564 2520 5620 sed
2545 5563 2614 5619 ad
2649 5561 3068 5629 hebdomadam,
3113 5561 3176 5616 in
3207 5561 3366 5634 cujus
3416 5556 3629 5630 qualibet
3664 5550 3758 5644 Ιπξλ

2261 5657 2512 5718 initiatur
2531 5656 2623 5720 illc
2670 5655 2896 5728 mensis,
2927 5653 3025 5728 qui
3072 5654 3141 5714 ad
3167 5652 3537 5715 celebrandum
3564 5648 3757 5712 ιθιιψοηε
