3952 6324
124 242 218 300 821

1135 245 1354 305 EPIST.
1396 246 1485 303 DE
1525 243 1864 317 QUATUOR
1903 246 2368 306 TEMPORIBUS.

3283 249 3389 305 89.2

117 360 367 433 jejunium
437 370 490 418 et
539 361 734 437 jejunii
794 361 1119 436 mysterium
1191 364 1371 436 aptior
1433 381 1555 423 esse
1606 365 1692 420 vi-
1717 369 1773 429 Α
1799 365 2073 423 stimoniis
2109 367 2433 423 conﬁrmata
2481 375 2684 422 nostrae
2732 365 2978 422 ecclesiae
3026 367 3388 437 consuetudo,

122 454 285 511 detur.

184 544 332 601 Putet
351 546 552 618 aliquis
579 547 802 604 illorum
823 549 920 620 qui
950 549 1109 607 nobis
1130 555 1226 608 'ex
1280 552 1512 609 adverso
1544 560 1692 619 sunt,

123 651 234 692 esse
257 638 351 694 has
375 638 754 696 contentiones
767 649 823 696 et
861 642 1195 711 quaestiones
1218 651 1273 699 et
1301 660 1512 717 pugnas
1536 644 1692 715 legis,

119 746 245 800 quas
264 739 320 785 ut
344 747 514 787 vanas
535 739 590 787 et
618 732 838 788 inutiles
859 732 1065 791 Paulus
1099 735 1222 792 Tito
1243 745 1296 792 et
1326 753 1422 807 per
1447 753 1570 792 eum
1598 753 1697 792 no-

117 820 195 876 bis
220 821 530 878 devitandas
552 838 674 879 esse
689 824 896 879 scribit.
923 823 1028 892 Qui
1056 826 1283 899 recipiet
1306 843 1428 898 quae
1454 827 1696 884 diximus

115 911 180 967 ad
201 915 585 984 consequentia
615 925 926 986 temporum
947 917 1093 972 veris
1147 924 1202 973 et
1240 918 1468 987 aestatis,
1498 918 1692 974 adver—

115 1013 187 1060 tet
211 1005 830 1080 facileconsequentiam
859 1010 1109 1065 autumni
1155 1020 1210 1066 et
1259 1011 1456 1068 hiemis
1477 1027 1574 1082 per
1602 1029 1694 1068 re-

115 1099 284 1170 gulam
305 1101 565 1170 Anatolii,
589 1111 645 1158 et
669 1103 877 1159 videbit
925 1103 1073 1175 quod
1099 1103 1374 1176 jejunium
1408 1106 1554 1162 veris
1581 1121 1694 1161 non

113 1193 180 1248 sit
238 1203 410 1250 totum
474 1196 850 1268 deputandum
927 1197 1124 1255 Martio
1150 1239 1166 1266 ,
1211 1199 1309 1256 sed
1365 1199 1530 1256 etiam
1587 1199 1694 1255 Fe-

113 1285 342 1343 bruario.

177 1381 359 1438 Dicitis
393 1400 406 1436 :
449 1401 470 1435 ‹
499 1381 731 1450 Quando
759 1384 1000 1456 primum
1025 1384 1250 1442 Sabbati
1269 1383 1542 1456 jejunium
1566 1394 1695 1442 ante

111 1472 581 1545 Quadragesimam
616 1478 878 1546 evenerit,
938 1493 1007 1533 ex
1059 1476 1458 1533 consuetudine
1506 1475 1694 1531 Eccle-

110 1565 196 1621 siae
217 1575 406 1622 vestra:
436 1568 492 1622 in
512 1569 816 1626 secundum
854 1571 938 1628 vel
983 1571 1207 1626 tertium
1245 1568 1428 1625 Martii
1479 1567 1690 1626 Sabba-

110 1668 216 1714 tum
248 1659 402 1716 nobis
424 1661 627 1717 mirum
651 1663 866 1720 videtur
897 1662 1196 1720 observari.
1247 1681 1266 1714 ι

173 1748 430 1806 Miramur
460 1752 528 1808 de
552 1753 708 1810 vobis
731 1771 830 1810 cur
853 1771 1019 1827 super
1050 1756 1156 1811 hoc
1192 1755 1470 1811 miremini
1492 1755 1561 1811 de
1587 1769 1689 1811 no-
1717 1722 1769 1785 Β

107 1841 204 1899 bis.
229 1841 486 1916 Nunquid
521 1845 627 1903 hoc
663 1845 899 1906 facimus
951 1849 1070 1905 sine
1108 1848 1436 1904 auctoritate
1463 1846 1691 1903 Patrum

107 1939 446 2011 antiquorum
470 1941 556 1996 vel
570 1940 891 2012 iuniorum?
923 1941 1207 2014 Siquidem
1239 1957 1350 1998 non
1399 1941 1565 2013 longo
1594 1941 1692 1996 ab-

108 2032 229 2088 hinc
249 2041 514 2104 tempore,
538 2033 700 2105 jussu
721 2035 965 2092 Conradi
997 2035 1350 2107 imperatoris
1392 2035 1536 2107 apud
1564 2034 1690 2089 Tri-

103 2125 282 2184 burias
307 2126 492 2184 habito
521 2129 761 2201 generali
785 2139 1053 2186 conventu
1095 2137 1150 2185 et
1197 2129 1434 2186 concilio
1478 2129 1693 2200 episco-

103 2235 311 2291 porum,
339 2222 585 2295 episcopi
631 2223 773 2279 inter
819 2233 1014 2280 caetera
1055 2223 1350 2279 voluerunt
1396 2222 1693 2278 decernere

105 2314 204 2371 hoc
223 2316 523 2386 capitulum
576 2335 590 2371 :
644 2335 662 2369 ι
726 2314 798 2372 Ut
845 2317 893 2373 si
931 2316 1154 2388 quando
1202 2314 1475 2386 jejunium
1523 2314 1690 2386 primi

101 2407 302 2464 mensis
341 2409 583 2465 evenerit
607 2407 750 2464 infra
774 2408 1174 2465 hebdomadam
1205 2423 1314 2479 qua
1335 2416 1500 2478 caput
1542 2407 1690 2478 jeju-

101 2501 172 2556 nii
203 2501 258 2556 in
284 2499 421 2557 feria
454 2518 509 2558 ιν
557 2510 794 2571 constat,
819 2502 1108 2558 amborum
1153 2500 1497 2572 jejuniorum
1550 2500 1690 2555 cele-

99 2593 263 2650 britas
321 2595 490 2651 unius
533 2595 694 2652 oﬂicii
732 2595 1042 2666 expletione
1097 2594 1485 2664 compleretur.
1530 2612 1549 2646 ›
1583 2591 1692 2649 Sed

98 2684 222 2741 huic
242 2686 540 2742 multorum
600 2687 819 2743 decreto
847 2687 1010 2757 pauci
1036 2685 1366 2742 nostratium
1406 2682 1680 2754 refragan-

97 2786 198 2845 tes,
217 2777 427 2834 saniori
459 2779 696 2835 consilio
719 2779 1099 2846 obtinuerunt,
1135 2785 1196 2832 ut
1217 2777 1492 2848 jejunium
1525 2776 1692 2848 primi

95 2871 299 2928 mensis
326 2872 383 2928 in
408 2873 582 2929 altera
612 2873 951 2930 hebdomada
970 2872 1025 2928 in
1051 2888 1162 2944 qua
1196 2871 1428 2927 habetur
1451 2869 1690 2926 cilicium

89 2967 463 3024 celebraretur
553 2968 712 3040 juxta
781 2968 1138 3040 antiquorum
1210 2967 1685 3025 consuetudinem.

1800 475 1911 515 non
1943 459 2104 516 debet
2125 459 2397 530 jejunium
2435 459 2580 515 veris
2627 467 2753 514 ante
2781 457 3265 531 Quadragesimam
3295 474 3392 516 ce-

1799 553 2019 621 lebrari,
2055 569 2162 608 non
2195 553 2356 609 debet
2381 553 2534 610 vobis
2580 553 2847 608 miraculo
2872 567 3014 620 esse,
3049 553 3157 608 nisi
3184 553 3396 613 habeas.

1800 645 1870 702 tis
1893 646 2126 717 aliquos,
2153 663 2387 718 quorum
2417 647 2717 703 auctoritas
2745 646 2833 702 his
2860 649 3255 720 praeponderet.

1869 740 2100 797 Dicitis:
2135 761 2153 793 ι
2191 741 2363 812 Cujus
2419 741 3057 813 antequadragesimalis,
3107 752 3167 797 ut
3207 743 3283 798 ita
3309 741 3388 800 dic

1798 844 1948 890 ctum
1977 835 2067 902 sit,
2095 834 2321 906 jejunii,
2354 844 2416 890 ut
2464 835 2614 890 salva
2664 843 2847 890 vestra
2875 835 3050 906 gratia
3078 835 3393 908 loquamur,

1798 927 2013 984 videtur
2042 928 2230 998 primi
2297 928 2507 984 sabbati
2573 928 2759 985 sedem
2824 928 2892 984 de
2948 929 3071 984 loco
3127 929 3326 1000 pellere
3369 966 3394 1000 ,

1798 1024 1944 1095 quod
1973 1021 2334 1079 Nabuzardan
2375 1035 2652 1096 expugnat
2709 1022 2890 1080 adhuc
2946 1038 3134 1081 muros
3171 1021 3402 1081 Jerusac

1797 1118 1903 1174 lem
1913 1159 1925 1172 .
1961 1139 1979 1170 ι

1871 1211 2032 1267 Salva
2055 1211 2229 1267 nostri
2249 1211 2446 1284 gratia,
2479 1211 2780 1284 accipimus
2815 1209 3084 1282 quidquid
3130 1210 3398 1283 loquimi-

1796 1304 1875 1372 ni,
1907 1313 2042 1361 utet
2063 1307 2214 1364 salva
2247 1312 2416 1368 vestri
2459 1315 2656 1386 gratia,
2710 1313 2993 1384 accipiatis
3043 1313 3192 1384 quod
3216 1313 3401 1384 loqui¢

1797 1386 2122 1456 mur.'Nihil
2147 1403 2295 1458 enim
2322 1421 2391 1460 ex
2419 1409 2788 1476 contentione,
2851 1410 2946 1465 sed
2986 1416 3164 1464 totum
3189 1407 3397 1478 quieri-

1796 1505 1922 1546 mus
1945 1506 2013 1547 ex
2041 1493 2327 1552 charitate.
2390 1488 2722 1570 Scrupulum
2766 1500 3034 1571 injecistis
3058 1499 3238 1568 nobis,
3267 1512 3397 1558 cum

1796 1580 1981 1638 dicitis
2014 1585 2176 1642 nobis
2198 1588 2381 1643 sedem
2402 1591 2568 1661 primi
2593 1589 2818 1647 Sabbati
2839 1593 2907 1647 de
2940 1592 3062 1648 loco
3105 1591 3251 1662 pelli.
3283 1589 3397 1648 Vos

1797 1673 1855 1728 in
1882 1674 1988 1731 hoc
2005 1675 2128 1732 .falli
2147 1695 2259 1735 non
2287 1683 2594 1752 credimus,
2625 1683 2720 1739 sed
2775 1699 2879 1741 nos
2904 1683 3181 1739 tarditatis
3205 1683 3396 1754 argui—

1796 1780 1943 1834 mus,
1974 1767 2070 1839 qui
2092 1777 2269 1825 vestra
2303 1772 2440 1827 bene
2468 1771 2658 1828 forsan
2688 1772 2833 1828 dicta
2889 1788 3002 1828 non
3053 1773 3192 1829 bene
3241 1773 3397 1843 capi—

1796 1875 1940 1916 mus.
1970 1859 2234 1929 Quamvis
2286 1864 2587 1922 Sabbatum
2638 1882 2671 1921 a
2721 1881 2913 1936 causa,
2960 1881 3126 1923 nona
3163 1881 3398 1924 numero

1795 1951 2033 2022 dicatur,
2065 1962 2228 2026 etper
2255 1956 2363 2015 hoc
2391 1957 2688 2030 aliquando
2716 1975 2830 2016 non
2871 1959 2942 2015 ad
2961 1974 3274 2028 numerum,
3300 1957 3398 2016 sed

1796 2045 1864 2101 ad
1887 2062 2114 2104 causam
2145 2047 2451 2120 referatur;
2485 2052 2618 2122 quia
2645 2059 2830 2108 tamen
2856 2052 2990 2108 illud
3024 2051 3092 2107 de
3139 2067 3250 2124 quo
3280 2051 3403 2124 agi-1

1794 2153 1920 2199 mus
1943 2137 2244 2197 Sabbatum
2277 2158 2496 2215 semper
2550 2144 2705 2200 sedet
2746 2144 2805 2200 in
2849 2160 3103 2212 numero,
3151 2144 3210 2201 in
3258 2142 3400 2200 feria

1796 2230 2008 2288 scilicet
2036 2249 2161 2304 qua:
2183 2250 2215 2289 a
2245 2251 2479 2292 numero
2525 2235 2916 2293 denominatur
2944 2238 3200 2310 septima,
3228 2251 3395 2292 nemo

1794 2325 1992 2383 melius
2013 2327 2173 2384 vobis
2192 2329 2347 2385 novit
2367 2329 2554 2386 sedem
2580 2329 2806 2387 Sabbati
2833 2331 2916 2388 sic
2962 2346 3087 2387 esse
3133 2328 3397 2386 immobi-

1793 2417 1922 2488 lem,
1957 2427 2018 2475 ut
2035 2427 2122 2477 est
2148 2421 2449 2478 immobilis
2479 2438 2770 2492 numerus,
2805 2423 2902 2495 qui
2949 2422 3134 2480 sedem
3158 2419 3398 2478 Sabbato

1794 2509 2065 2568 fundavit.
2097 2511 2323 2571 Nullum
2351 2516 2499 2572 enim
2528 2515 2676 2576 diem
2715 2515 3072 2573 hebdomada:
3093 2524 3291 2586 praeter
3303 2529 3396 2573 se-

1794 2605 2029 2676 ptimum
2050 2622 2320 2666 vocamus
2347 2609 2661 2677 sabbatum,
2690 2609 2787 2665 sed
2829 2625 2862 2664 a
2919 2607 3158 2666 Sahbato
3192 2623 3397 2666 omnes

1794 2697 1914 2754 dies
1942 2707 2231 2770 vocantur,
2256 2701 2310 2756 id
2333 2708 2418 2757 est
2452 2702 2651 2772 prima,
2684 2702 2948 2770 secunda,
2972 2702 3058 2757 vel
3082 2702 3241 2757 tertia
3260 2686 3399 2756 Sab-

1793 2791 1928 2847 bati.
1963 2789 2022 2848 Si
2052 2808 2182 2848 vero
2219 2792 2274 2848 id
2301 2794 2450 2864 quod
2479 2809 2670 2863 causa,
2702 2801 2800 2850 aut
2840 2808 2978 2850 usus
3011 2773 3237 2849 addicit
3260 2777 3400 2848 Saba

1793 2881 1945 2951 bato,
1974 2883 2195 2954 pellitur
2221 2884 2516 2956 aliquoties
2573 2885 2642 2942 de
2682 2884 2844 2953 loco;
2891 2884 3032 2954 non;
3061 2883 3185 2940 ideo
3220 2883 3400 2955 surgit

1796 2975 2088 3032 sabbatum
2117 2976 2187 3034 de
2235 2992 2337 3033 sua
2376 2977 2524 3034 sede.
2558 2975 2840 3049 Jejunium
2866 2991 2998 3049 ergo
3017 2976 3168 3048 quod
3218 2975 3400 3048 primo

85 3064 247 3122 Hanc
287 3065 629 3138 jejuniorum
678 3067 1100 3124 instructionem
1117 3066 1433 3141 [conﬁrmat
1500 3074 1691 3123 aucto-
1717 3083 1762 3144 C
1793 3067 1976 3125 Martii
1996 3068 2311 3137 ascribitur,
2327 3069 2374 3126 si
2403 3069 2794 3141 aliqua.causa
2820 3069 2908 3125 vel
2935 3067 3264 3126 necessitate
3282 3066 3399 3139 pel-

82 3162 244 3217 ritas.

157 3255 414 3311 Gelasius
451 3256 598 3312 enim
633 3271 798 3327 papa,
831 3264 1055 3312 secutus
1103 3257 1434 3326 sententiam
1481 3256 1717 3314 Zozimi.

79 3362 260 3418 papa,
319 3365 339 3399 ο
392 3347 788 3415 ordinationes,
813 3347 1014 3419 inquit,
1071 3349 1538 3421 presbyterorum,
1595 3358 1718 3405 aut‘

79 3439 466 3508 diaconornm,
518 3456 628 3497 non
676 3439 912 3508 debent,
970 3440 1079 3496 nisi
1132 3442 1296 3498 certis
1349 3442 1689 3513 temporibus

79 3533 352 3601 exerceri,
378 3535 433 3591 id
456 3543 637 3603 estw,
671 3544 726 3590 et
747 3551 845 3603 vn,
881 3541 936 3590 et
961 3551 995 3589 χ
1018 3535 1228 3591 mensis
1245 3535 1479 3606 jejunio,
1512 3537 1605 3592 sed
1636 3543 1693 3591 et
1718 3569 1723 3574 -

76 3625 584 3697 quadragesimalis
610 3624 773 3693 initii,
818 3640 884 3680 ac
937 3625 1203 3681 medianae
1245 3623 1691 3698 Quadragesimae

80 3717 175 3773 die
202 3717 438 3774 sabbato
481 3718 694 3789 jejunio
740 3717 888 3774 circa
945 3733 1238 3789 vesperum
1287 3719 1543 3775 noverint
1570 3735 1692 3775 esse

74 3810 465 3868 celebrandas.
513 3829 532 3863 ι
577 3809 705 3867 Haec
726 3809 996 3867 Gelasius.
1023 3810 1198 3878 Quem
1219 3811 1347 3882 quis
1369 3828 1478 3868 non
1508 3812 1693 3868 videat

74 3901 408 3970 praevidisse
435 3917 534 3972 per
567 3899 836 3972 Spiritum
869 3911 1123 3958 sanetum
1161 3889 1562 3958 contentiosam
1588 3919 1690 3974 po-

74 4002 367 4048 sterorum
396 4009 566 4064 super
593 3994 700 4049 hoc
716 3993 928 4064 jejunio
967 3994 1321 4062 discordiam,
1358 3994 1490 4050 dum
1524 3994 1692 4050 facito

69 4089 247 4159 primi
307 4088 517 4144 mensis
549 4087 792 4155 nomine,
824 4096 878 4143 et
921 4088 1168 4159 neglecto
1209 4087 1389 4158 primo
1425 4086 1688 4155 Sabbato,

71 4192 309 4254 tempus
359 4199 544 4239 causae
595 4198 902 4256 congruum
930 4184 1144 4239 notavit
1197 4183 1265 4238 ad
1305 4183 1689 4254 jejunandum,

69 4273 377 4330 scilicetin
408 4274 588 4341 initio,
623 4274 710 4329 vel
732 4274 787 4328 in
818 4275 1002 4330 medio
1037 4273 1500 4346 Quadragesimae.
1545 4274 1692 4331 Prae-

67 4382 130 4422 ca
145 4368 226 4422 vit
253 4367 410 4422 enim
436 4368 567 4438 quia
590 4367 867 4437 paschalis
889 4367 1171 4424 varietatis
1195 4368 1338 4423 ratio
1361 4383 1462 4425 nos
1517 4368 1691 4424 invol-

63 4468 252 4529 veret,
287 4460 398 4516 hoc
421 4475 533 4531 quo
556 4476 704 4516 nunc
728 4468 980 4515 tenemur
1009 4460 1288 4532 ambiguo.

146 4555 322 4622 Quod
348 4554 552 4610 Gelasii
583 4554 883 4625 capitulum
914 4569 983 4609 ne
1013 4555 1176 4626 cujus
1199 4555 1479 4611 contentio
1531 4555 1688 4610 infir-

62 4664 235 4704 mare
269 4649 496 4715 audeat,
522 4648 909 4704 confirmatum
946 4657 1032 4704 est
1053 4647 1219 4704 etiam
1245 4649 1439 4719 quinto
1471 4649 1689 4720 episco—

60 4759 286 4814 porum
316 4743 573 4810 concilio,
601 4742 761 4812 jussu
792 4741 978 4797 Caroli
1007 4741 1189 4813 Magni
1223 4741 1570 4812 imperatoris
1593 4743 1694 4798 ba-

57 4836 213 4891 bito.
258 4855 282 4890 ‹
343 4835 700 4892 Decernimns
741 4837 809 4892 de
865 4836 1198 4908 presbyteris
1238 4844 1292 4892 et
1337 4836 1690 4906 diaeonibus,

57 4947 187 4987 non
217 4929 340 4986 nisi
365 4930 534 4986 certis
564 4930 904 5000 temporibus
931 4927 1275 4997 ordinandis,
1315 4928 1459 4985 sicut
1507 4930 1688 4986 conti—

55 5033 248 5080 netur
282 5023 344 5076 in
389 5022 626 5078 decretis
691 5021 901 5078 Zozimi
929 5030 986 5076 et
1029 5020 1252 5077 Gelasii.
1320 5041 1339 5072 ι
1407 5019 1692 5077 lnhorum

56 5117 431 5176 sententiam
459 5132 520 5173 se
549 5115 780 5187 pedibus
816 5116 897 5171 ire
945 5121 1217 5171 testantur
1284 5114 1460 5169 sancti
1480 5126 1534 5170 et
1560 5130 1693 5184 apo-

55 5211 273 5269 stolici
307 5209 438 5278 viri,
456 5224 597 5282 quos
620 5225 720 5279 pro
766 5208 978 5264 idoneis
1019 5205 1338 5262 auctoribus
1384 5206 1547 5260 habet
1591 5205 1694 5261 Ec—

54 5303 297 5370 clesia;
329 5303 400 5358 de
421 5302 625 5374 quibus
670 5300 844 5356 solius
865 5298 1062 5356 lsidori
1108 5296 1488 5369 Hispaniensis
1528 5299 1693 5353 verba

53 5413 374 5474 ponamus
411 5415 425 5452 :
462 5416 482 5450 ι
519 5395 682 5467 Sunt,
707 5394 904 5466 inquit,
936 5401 1173 5465 quatuor
1206 5389 1441 5448 Sabbata
1463 5433 1478 5459 ,
1507 5391 1699 5463 inqui-

51 5494 182 5551 bus
209 5500 362 5550 sunt
391 5500 595 5550 statuta
615 5490 832 5563 ‘jejunia
861 5497 919 5544 et
959 5487 1135 5544 ollicia
1173 5486 1467 5542 lectionum
1491 5493 1546 5541 et
1575 5502 1699 5542 ora—

53 5567 319 5644 tionum
341 5586 578 5660 majora,
605 5585 663 5641 id
704 5591 790 5640 est
832 5597 1022 5638 mense
1055 5579 1251 5635 Martio
1305 5568 1701 5651 Sabbatopri-

49 5699 193 5751 mo,
215 5682 396 5755 juxta
444 5680 880 5738 observationem
924 5675 1388 5746 Quadragesimte,
1423 5691 1704 5747 vernoque

1694 3180 1700 3203 ι
1793 3163 1941 3218 latur
1970 3178 2003 3218 a
2035 3162 2357 3234 praescripto
2385 3163 2492 3219 sibi
2517 3162 2661 3231 loco,
2695 3162 2976 3232 quomodo
2991 3176 3089 3233 per
3107 3161 3217 3216 hoc
3239 3160 3399 3216 sedes

1795 3256 2022 3313 Sabbati
2049 3256 2115 3312 de
2137 3256 2262 3311 loco
2291 3270 2393 3311 suo
2420 3255 2688 3326 pellatur,
2740 3269 2774 3310 a
2800 3254 2956 3310 vobis
3005 3253 3196 3310 audire
3239 3253 3402 3308 velle;

1793 3366 1938 3406 mus.
1967 3347 2025 3404 Si
2053 3348 2202 3403 enim
2227 3346 2453 3402 Sabbati
2469 3347 2628 3403 sedes
2665 3353 2850 3416 posset
2884 3361 2916 3400 a
2947 3344 3070 3400 loco
3126 3358 3228 3402 suo
3268 3349 3396 3398 mo-

1792 3445 1930 3513 veri,
1956 3451 2012 3500 et
2040 3443 2364 3510 Sabbatum,
2419 3447 2482 3497 ut
2515 3442 2593 3496 ita
2621 3440 2824 3510 dicam,
2855 3448 3044 3511 posset
3066 3423 3222 3510 sequi
3247 3438 3395 3494 diem

1789 3535 1987 3609 jejunii
2011 3535 2221 3591 deloco
2246 3548 2348 3589 suo
2373 3532 2539 3603 pulsi,
2590 3546 2807 3603 semper
2862 3530 3045 3600 ipsum
3085 3528 3393 3612 Sabbatum

1793 3635 1941 3684 esset
1967 3626 2230 3698 primum,
2259 3641 2362 3682 nec
2384 3633 2666 3696 pateretur
2694 3616 2774 3680 ut
2828 3623 3132 3680 secundum
3180 3620 3396 3688 Sabba-

1794 3732 1914 3777 tum
1937 3721 2227 3777 incubaret
2253 3720 2434 3791 primo
2456 3719 2598 3774 loco.
2626 3716 2770 3784 Quid
2797 3731 2931 3788 ergo
2965 3713 3272 3787 gravemini
3316 3713 3396 3769 ita

1796 3824 2005 3871 motum
2029 3815 2193 3886 primi
2214 3813 2432 3884 jejunii,
2464 3827 2575 3868 non
2605 3811 2828 3883 quidem
2871 3825 3089 3881 semper
3133 3822 3394 3865 necessa-

1796 3905 1961 3972 rium,
1996 3905 2091 3960 sed
2112 3904 2410 3975 aliquando
2451 3911 2846 3974 opportunum,
2881 3917 2980 3956 cur
3017 3905 3251 3973 negatur
3276 3899 3419 3981 pri-_

1795 4017 1887 4057 mo
1910 4001 2124 4072 jejunio
2145 4001 2294 4070 quod
2324 3999 2536 4056 caeteris
2579 4007 2887 4069 temporum
2929 3996 3155 4068 jejuniis
3198 4009 3396 4052 conce-
3460 4048 3466 4052 _

1795 4095 1962 4162 ditur,
1989 4095 2191 4164 quibus
2214 4093 2340 4149 licet
2390 4099 2696 4168 opportune
2739 4091 2806 4146 de
2853 4090 2974 4145 loco
3010 4105 3112 4144 suo
3163 4087 3392 4144 moveri.

1796 4187 1938 4244 Ecce
1957 4189 2024 4243 de
2054 4188 2308 4242 hiemalis
2325 4188 2588 4257 temporis
2611 4187 2824 4258 jejunio
2871 4185 3021 4241 nulla
3041 4192 3126 4241 est
3147 4184 3394 4254 querela,

1797 4281 1947 4354 quod
1977 4281 2044 4336 de
2089 4281 2431 4337 hebdomada
2493 4281 2549 4335 in
2595 4279 3014 4346 hebdomadam,
3044 4279 3111 4334 de
3153 4276 3396 4334 Sabbato

1799 4372 1856 4426 in
1903 4370 2226 4448 Sabbatum,
2282 4371 2595 4428 transduxit
2653 4370 2939 4427 Dominica
2988 4368 3274 4425 Nativitas.
3330 4368 3398 4424 Et;

1715 4460 1771 4521 D
1797 4463 2002 4536 gratias
2022 4464 2198 4530 vobis,
2227 4464 2376 4534 quod
2427 4463 2791 4518 mutationem
2837 4461 3173 4517 autumnalis
3197 4461 3397 4531 jejunii

1797 4557 2098 4613 conceditis
2120 4565 2322 4612 nostrae
2342 4555 2643 4630 festivitati.
2690 4553 2757 4610 Et
2790 4555 2919 4624 quia
2965 4554 3104 4609 forte
3162 4567 3274 4609 non
3328 4553 3398 4610 ti-

1797 4653 1981 4720 metis,
2016 4653 2164 4724 quod
2207 4649 2571 4706 Nabuzardan
2609 4664 2923 4719 expugnare
2967 4648 3163 4704 debeat
3205 4662 3421 4722 muros

1799 4756 2002 4804 nostrae
2022 4745 2348 4813 Jerusalem,
2377 4741 2834 4817 dicitis‘quodam
2866 4742 3031 4797 modo
3082 4741 3242 4798 nobis
3270 4757 3398 4798 cum

1801 4839 1978 4896 Esdra
2009 4859 2023 4894 :
2054 4839 2326 4895 Comedite
2347 4837 2589 4909 pinguia,
2620 4843 2676 4904 et.
2693 4835 2851 4890 bibite
2878 4833 3129 4904 mulsum,
3167 4844 3219 4890 et
3270 4835 3399 4889 mit-

1803 4933 1895 4986 tite
1921 4940 2098 5002 partes
2145 4931 2218 4984 eis
2250 4930 2340 5000 qui
2394 4939 2498 4982 non
2552 4935 2982 4999 prwparaverunt
3011 4926 3145 4993 sibi;
3181 4935 3395 4982 sanctus

1801 5027 1943 5081 enim
1989 5025 2100 5092 dies
2135 5024 2352 5077 Domini
2406 5033 2483 5078 est
2520 5039 2537 5075 :
2588 5021 2752 5076 nolite
2778 5023 3108 5087 contristari,
3139 5021 3398 5092 gaudium

1802 5116 1994 5170 etenim
2040 5114 2257 5168 Domini
2315 5123 2393 5168 est
2441 5114 2700 5183 fortitudo
2756 5122 2928 5168 vestra
2973 5111 3062 5185 (II
3093 5111 3225 5166 Esd.
3275 5113 3419 5178 vm,’

1807 5210 1916 5280 10).
1960 5208 2118 5276 Quod
2145 5190 2309 5263 nobis
2366 5207 2709 5274 conceditur,
2743 5205 2969 5262 concedi
3001 5212 3183 5274 potest
3230 5203 3396 5258 etiam

1805 5302 2028 5360 cuilibet
2049 5300 2461 5368 Ecclesiae,utsi
2494 5301 2808 5371 inquolibet
2836 5307 3148 5368 temporum
3184 5295 3398 5367 jejunio

1803 5379 2395 5466 intercurratspecialis
2416 5391 2705 5460 festivitas,
2721 5390 2914 5462 jejunii
2931 5387 3088 5444 sedes
3119 5396 3402 5442 transmu-

1804 5495 1970 5554 tetur,
1983 5495 2079 5543 aut
2095 5482 2742 5554 Sabbatumzestivalisjej
2753 5480 2887 5547 unii,
2901 5479 2948 5535 si
2960 5488 3253 5535 concurrat
3267 5475 3402 5531 Sab-

1804 5581 1932 5637 bato
1960 5564 2333 5646 Pentecostes,
2362 5594 2484 5650 quae
2514 5586 2744 5647 utraque
2767 5573 3002 5629 Sabbata
3026 5579 3402 5643 praenotantur

1809 5675 1967 5730 titulo
2015 5690 2091 5729 xu
2134 5674 2451 5738 lectionum,
2490 5658 2738 5726 differtur
2763 5665 3034 5738 jejunium
3082 5665 3138 5720 in
3188 5663 3399 5720 hebdo-

50 5758 372 5852 gempore,
405 5785 461 5835 et
483 5775 713 5850 reliqua.
762 5793 781 5828 ι
823 5771 958 5830 Tam
987 5769 1202 5828 idoneis
1230 5769 1460 5827 testibus
1517 5779 1572 5828 et
1623 5779 1703 5828 te-
1809 5768 1972 5827 mada
1995 5767 2367 5835 Pentecostcs,
2391 5767 2520 5836 quia
2555 5779 2666 5822 non
2695 5769 2929 5836 possunt
2950 5757 3155 5834 expleri
3176 5772 3288 5818 una
3309 5770 3402 5814 con
