3952 6324
587 393 696 454 823

1718 372 1824 428 SIG
1833 366 2080 426 EBERTI
2117 355 2639 422 GEMBLACENSIS

3691 345 3769 405 εει

585 504 839 570 lébritate
870 505 981 563 duo
1026 496 1339 559 authentica
1370 493 1567 561 officia,
1610 502 1663 548 ct
1695 491 1805 546 duo
1863 497 2119 561 mysteria
2150 500 2165 535 :
2197 487 2242 544 Λ
2272 477 2739 553 quadruplicatur,
2767 477 3006 543 quatuor
3037 461 3402 523 hebdomadas
3424 460 3649 527 excurrit,
3668 462 3770 519 uiua

586 620 758 663 unum
813 596 1165 671 baptizandi,
1206 603 1262 649 et
1320 606 1488 646 unum
1544 585 1852 644 ordinandi.
1910 581 2171 650 Quamvis

587 705 777 754 nostra
816 707 955 765 pene
990 688 1254 746 memoria
1302 693 1416 741 tres
1466 677 1956 751 archiepiscopales
1992 676 2170 743 sedes,

588 790 685 847 Vcs
747 770 956 845 scilicet
990 774 1343 839 Trevirenses
1367 822 1382 847 ,
1439 776 1795 833 Colonienses
1836 781 1887 827 et
1947 770 2173 842 Magnu-

594 884 795 940 tienses
855 879 1131 935 voluerint
1169 877 1287 931 haec
1333 874 1442 929 duo
1494 869 1754 943 mysteria
1811 865 2044 937 duplicis
2090 864 2203 935 jer

598 974 728 1033 iunii
793 988 904 1029 uno
972 972 1140 1027 unius
1204 967 1311 1024 diei
1377 965 1553 1021 cilicio
1596 961 1905 1033 compleri,
1965 959 2059 1015 sed
2107 972 2173 1012 ea

591 1068 783 1137 causa,
813 1078 915 1123 nec
964 1066 1031 1121 ad
1089 1077 1419 1121 consensum
1456 1058 1725 1123 omnium,
1772 1071 1871 1111 nec
1905 1054 1971 1110 ad
2009 1069 2173 1109 usum

589 1161 848 1218 Ecclesiae
900 1157 1076 1230 potuit
1134 1154 1435 1227 pervenire.
1497 1150 1670 1218 Quid,
1728 1148 1982 1218 inquam,
2020 1144 2174 1227 adeo

584 1226 1091 1329 gravamini—solius
1114 1226 1280 1320 primi
1301 1245 1495 1318 jcjunii
1518 1241 1840 1306 mutatione,
1884 1248 1943 1294 ut
1980 1226 2176 1293 dicatis

582 1346 736 1421 quod
762 1343 1148 1409 Nabuzardan,
1190 1340 1444 1412 princeps
1472 1348 1774 1405 coquorum
1811 1330 2176 1386 Nabuchodo-

583 1457 778 1510 nosor,
812 1439 899 1497 vel
924 1436 1145 1503 diaboli,
1175 1439 1451 1506 expugnet
1498 1430 1678 1485 adhuc
1722 1432 1912 1481 muros
1955 1423 2176 1480 Jerusa-

587 1535 717 1601 lem,
760 1532 808 1589 si
855 1531 959 1587 hoc
991 1527 1261 1601 jejunium
1308 1520 1679 1580 transferatur
1716 1519 1773 1574 in
1820 1515 2177 1590 quadragesi-

586 1628 771 1683 mam?
794 1623 1001 1682 Ultimo
1033 1621 1268 1690 Pascha,
1302 1618 1449 1691 quod
1472 1623 1558 1673 est
1602 1633 1679 1671 vn
1713 1612 1983 1668 Kalendas
2025 1610 2173 1678 Maii,

586 1721 836 1776 initiatur
877 1717 1107 1773 Martius
1140 1716 1196 1771 in
1232 1712 1471 1771 secunda
1512 1710 1881 1781 Sexagesima:
1921 1705 2085 1772 feria;
2118 1705 2176 1759 in

585 1814 890 1886 penultimo
916 1809 1149 1876 Pascha,
1185 1808 1333 1879 quod
1369 1813 1453 1861 est
1500 1819 1598 1859 vin
1621 1800 1904 1874 {Kalendas
1939 1797 2087 1865 Maii,
2118 1797 2174 1850 in

588 1908 746 1967 tertia
772 1904 935 1972 feria;
986 1906 1043 1979 in
1089 1899 1521 1972 antepenultimo
1558 1895 1791 1961 Pascha,
1820 1891 1966 1963 quod
1991 1899 2076 1946 est
2118 1905 2174 1944 ix

588 2002 710 2058 Kal.
762 1998 911 2066 Maii,
940 1995 1188 2053 initiatur
1232 1991 1463 2049 Martius
1505 1989 1562 2044 in
1587 1996 1781 2060 quarta
1813 1984 2175 2056 Sexagesima:

589 2095 745 2152 feria.
771 2093 911 2162 Quia
936 2106 1066 2163 ergo
1087 2088 1174 2145 his
1203 2085 1362 2143 annis
1404 2085 1461 2139 in
1499 2078 1943 2152 Quadragesimaa
1970 2076 2176 2133 hebdo-

591 2188 751 2244 mada
780 2193 892 2241 tres
917 2182 1087 2249 feriae,
1106 2188 1322 2252 quarta,
1374 2184 1430 2232 et
1482 2183 1657 2241 sexta,
1684 2182 1739 2228 et
1766 2170 1995 2242 septima
2038 2184 2174 2224 con-

590 2286 822 2338 currunt
848 2276 917 2333 ad
937 2272 1208 2347 jejunium
1256 2267 1494 2326 vernalis
1536 2274 1593 2323 et
1630 2263 1884 2321 ordinum
1915 2260 2174 2334 mysteria

590 2371 934 2438 celebranda,
967 2378 1152 2424 vestro
1200 2363 1563 2434 relinquimus
1605 2357 1830 2432 judicio,
1888 2356 1936 2413 si
1972 2371 2174 2412 conve-

592 2471 802 2523 nienter
839 2464 1205 2536 jejunetur'et
1236 2456 1520 2515 ordinetur
1546 2454 1603 2509 in
1642 2449 2008 2523 Sexagesinue
2036 2448 2178 2504 Sab-

589 2560 739 2617 bato.
788 2551 1181 2611 Moderatiores
1216 2548 1440 2606 fuerunt
1480 2548 1537 2602 in
1570 2546 1676 2602 hoc
1718 2559 1871 2616 papae
1920 2542 2178 2598 Zozimus

589 2660 645 2709 et
672 2650 943 2715 Gelasius,
987 2645 1086 2718 qui
1129 2646 1232 2699 hoc
1262 2640 1534 2713 jejunium
1578 2647 1633 2693 et
1676 2635 1933 2710 mysteria
1965 2635 2177 2707 jejunio

590 2740 948 2814 congruentia
995 2736 1392 2809 deputaverunt
1417 2728 1875 2800 Quadragesimze.
1900 2726 1967 2783 Et
1990 2734 2051 2784 ut
2074 2727 2178 2783 ali-

590 2834 725 2909 quid
773 2833 937 2890 etiam
984 2847 1018 2887 a
1072 2829 1234 2885 nobis
1277 2827 1546 2893 dicamus,
1606 2823 1743 2880 solet
1794 2821 2089 2894 aliquando
2145 2837 2201 2878 a'

591 2928 800 2986 sanctis
827 2935 881 2982 et
906 2927 1043 2982 bene
1071 2921 1369 2979 moderatis
1390 2919 1528 2976 viris
1548 2916 1752 2975 diﬂ'erri
1781 2918 1887 2973 hoc
1905 2917 2179 2988 jejunium

592 3022 652 3077 in
702 3020 956 3077 ultimum
1004 3015 1186 3072 Martii
1232 3012 1549 3083 Sabbatum,
1595 3012 1679 3068 vel
1725 3010 1781 3067 in
1822 3010 2179 3082 penultimam

591 3111 1035 3185 Quadragesimae
1077 3107 1494 3176 hebdomadam,
1532 3115 1593 3162 ut
1617 3104 1922 3177 paratiores
1953 3103 2083 3170 sint,
2126 3111 2181 3159 et

592 3209 690 3281 qui
711 3207 986 3274 ordinant,
1012 3213 1067 3262 et
1088 3203 1183 3277 qui
1203 3203 1543 3267 ordinantur,
1571 3199 1620 3256 si
1650 3198 1792 3256 forte
1818 3198 1987 3270 (quod
2012 3196 2176 3269 absit)

591 3300 774 3371 adhuc
796 3296 1158 3354 Nabuzardan
1183 3293 1509 3367 expugnarit
1535 3306 1724 3348 muros
1747 3288 2069 3357 Jerusalem,
2103 3288 2183 3344 illi

590 3393 686 3466 qui
714 3392 782 3448 de
807 3388 1118 3463 captivitate
1139 3387 1431 3461 Babylonis
1453 3385 1729 3452 redibunt,
1750 3384 2070 3456 paenitentia
2097 3384 2181 3440 la-

588 3485 865 3541 borabunt
884 3484 941 3539 in
970 3480 1310 3540 restruendis
1341 3478 1518 3535 muris
1562 3493 1677 3535 suae
1717 3475 2041 3543 Jerusalem,
2072 3492 2182 3532 una

591 3593 759 3633 manu
784 3573 1045 3632 facientes
1072 3588 1211 3647 opus
1236 3572 1570 3643 orationum,
1597 3580 1655 3630 et
1694 3572 1866 3628 altera
1906 3586 2074 3627 manu
2106 3578 2185 3626 te-

591 3680 785 3728 nentes
807 3669 1046 3744 gladium
1068 3668 1282 3741 jejunii.

662 3761 904 3821 Delectat
953 3762 1119 3819 etiam
1176 3768 1279 3818 no’s
1328 3742 1681 3833 allegorizare
1740 3773 1905 3829 super
1952 3771 2184 3813 numero

590 3856 1061 3913 hebdomadarum
1097 3868 1221 3928 quae
1251 3854 1597 3927 distinguunt
1617 3850 1827 3924 jejunia
1850 3858 2180 3922 temporum.

591 3946 702 4005 Sed
743 3950 896 4021 quia,
934 3957 995 4004 ut
1037 3949 1116 4004 ait
1155 3946 1438 4019 Origenes,
1481 3945 1538 4001 in
1572 3934 1779 4017 campis
1809 3945 2078 4016 allegoria:
2102 3952 2187 4001 est

544 4062 547 4067 ·
588 4038 764 4095 libera
799 4038 1064 4111 evagandi
1112 4037 1357 4105 licentia,
1394 4037 1511 4092 haec
1548 4035 1774 4093 libertas
1801 4035 1960 4091 debet
1985 4035 2186 4090 habere

591 4130 817 4187 modum
856 4127 1259 4201 progrediendi.
1310 4126 1445 4185 Tres
1512 4126 1923 4199 generationum
1983 4123 2187 4181 Christi

588 4221 811 4279 ordines
852 4221 1028 4278 tribus
1070 4218 1721 4293 jejuniorumjordinibus
1763 4218 2071 4290 allegorice,
2095 4233 2185 4273 re-

592 4315 883 4386 spondent,
944 4314 1075 4387 quid
1138 4314 1453 4373 conferetur
1513 4321 1710 4386 quarto
1766 4313 1997 4384 jejunio,
2041 4299 2188 4383 quod

590 4412 756 4499 etiam
771 4412 1235 4469 hebdomadarum
1266 4411 1548 4467 mutilatur
1568 4408 1837 4465 numero?
1868 4406 2052 4462 Placet
2070 4407 2190 4462 haec

592 4503 874 4575 allegoria,
923 4505 1019 4561 sed
1062 4520 1170 4561 non
1233 4504 1332 4573 ita,
1377 4513 1438 4560 ut
1490 4517 1592 4574 pro
1649 4509 1797 4558 certa
1860 4502 2058 4572 ligatur
2104 4499 2187 4571 je-

594 4554 874 4575 ___-D.,--_,
924 4554 1018 4561 --η
1064 4554 1170 4561 --νη
1236 4554 1332 4573 _-_,
1385 4554 1437 4560 ὴ,
1491 4554 1584 4574 Γ,
1900 4554 1929 4572 υ
2104 4554 2151 4571 ,κ

586 4598 869 4669 juniorum
894 4600 1099 4673 regula.
1126 4597 1312 4655 Placet
1336 4606 1391 4654 et
1410 4595 1681 4653 Bernonis
1704 4594 1912 4667 regula,
1941 4607 2063 4663 qum
2085 4608 2180 4648 vos

2288 4581 2475 4646 gentes
2519 4581 2575 4627 et
2619 4570 2803 4627 omnia
2851 4569 3167 4641 probantes,

590 4694 829 4762 quodam
882 4692 1235 4750 intellectuali
1289 4690 1511 4747 linearis
1558 4687 1775 4744 numeri
1823 4686 1915 4742 filo
1948 4703 1977 4742 a
2006 4686 2185 4756 primo

585 4784 795 4857 jejunio
816 4786 883 4842 ad
906 4786 1227 4853 Secundum,
1260 4798 1292 4841 a
1328 4782 1569 4855 secundo
1604 4782 1673 4837 ad
1698 4780 1941 4848 tertium,
1970 4794 2000 4834 a
2022 4779 2184 4834 tertio

593 4879 659 4936 ad
683 4885 941 4950 quartum
978 4877 1247 4950 jejunium
1283 4876 1454 4944 ducit,
1489 4883 1542 4931 et
1576 4874 1787 4930 utinam
1821 4873 1940 4928 sine
1972 4886 2178 4927 errore.

592 4971 659 5031 Et
686 4973 861 5029 multo
887 4972 1012 5045 plus
1037 4971 1298 5044 placeret,
1335 4969 1382 5027 si
1421 4970 1586 5025 etiam
1633 4982 1730 5039 per
1764 4982 1888 5021 xnn
1924 4981 1957 5021 a
1984 4974 2182 5036 quarto

591 5064 795 5139 jejunio
819 5065 887 5121 ad
926 5063 1163 5136 primum
1193 5068 1517 5118 recurreret.
1547 5057 1654 5114 Sed
1688 5064 1750 5111 ut
1785 5070 1911 5112 cum
1956 5068 2090 5125 pace
2124 5062 2179 5109 ct

588 5159 767 5232 gratia
803 5164 985 5215 vestra
1026 5156 1320 5227 loquamur
1344 5195 1360 5220 ,
1397 5153 1516 5207 hmo
1556 5151 1678 5222 ejus
1710 5148 1875 5215 linea,
1912 5147 2042 5218 quia
2066 5162 2178 5202 non

590 5252 873 5324 aequaliter
920 5251 1115 5309 dividit
1163 5250 1294 5306 anni
1362 5244 1732 5301 hebdomadas
1785 5256 1884 5314 per
1935 5239 2181 5308 Quatuor

591 5342 924 5417 Temporum
946 5344 1173 5418 jejunia,
1197 5341 1411 5398 videtur
1430 5334 1884 5410 quihusdamlnon
1902 5349 2024 5392 esse
2050 5334 2184 5390 satis

591 5437 821 5496 directa.
871 5436 932 5494 Si
982 5436 1132 5493 enim
1185 5449 1285 5506 per
1333 5429 1746 5504 quatuordecim
1801 5427 2109 5498 triplicatur
2156 5441 2185 5480 a

591 5538 790 5604 quarto
819 5528 1250 5603 jejunio'usque
1303 5524 1373 5580 ad
1427 5520 1591 5593 primi
1643 5532 1949 5583 recursum,
1982 5523 2188 5571 restant

592 5626 784 5682 decem
833 5631 1048 5681 tantum
1092 5617 1468 5677 hebdomadas.
1510 5611 1570 5669 Si
1620 5627 1719 5684 per
1769 5607 2183 5683 quatuordecim

667 5815 857 5890 (1099)
897 5813 1070 5890 vulgo
1116 5813 1319 5890 dicitur
1343 5810 1522 5866 Vatho
1549 5825 1644 5866 seu
1670 5809 1840 5890 etiam
1866 5803 2013 5890 Yaao
2041 5801 2183 5885 Leo-

591 5874 807 5957 ,dicnsis
837 5874 1161 5957 episcopus,
1210 5883 1454 5955 obiitquc
1482 5896 1627 5937 anno
1662 5878 1801 5935 1048
1832 5877 1912 5935 uti
1952 5874 2182 5946 legimus

2202 1843 2255 1905 Β

2204 3193 2256 3259 C

2270 567 2667 642 quinquaginta
2699 564 2839 618 duas
2886 559 3017 616 anni
3054 555 3434 613 hebdomadas.
3472 552 3623 622 Cujus
3659 552 3769 609 intel-

2271 662 2488 719 lectuali
2513 660 2606 715 ﬁlo
2628 672 2738 713 non
2767 655 3035 711 audemus
3059 651 3250 722 pedem
3274 649 3553 712 innectere,
3584 646 3687 699 utsi
3707 645 3769 700 de-

2271 757 2522 814 siliamus
2550 754 2605 809 in
2640 744 2852 816 ‘artum,
2886 745 3166 819 possimus
3208 742 3429 798 licenter
3454 738 3622 810 pedem
3646 746 3772 793 Rin-

2273 851 2404 906 here
2430 856 2526 905 aut
2543 845 2889 919 protendere.
2918 840 3153 908 Quidam
3196 851 3361 907 super
3402 836 3501 889 hoc
3522 833 3678 888 lineari
3704 849 3756 886 nu

2274 954 2427 999 mero
2449 937 2913 996 hebdomadarum
2942 934 3253 1003 disputans,
3290 948 3308 981 ι
3333 927 3414 994 Si,
3437 925 3611 997 inquit,
3632 925 3773 995 aliquis

2274 1047 2538 1089 numerus
2567 1030 2848 1087 debuisset
2864 1027 3106 1082 limitare
3126 1026 3243 1079 haec
3263 1029 3493 1093 quatuor
3516 1018 3776 1088 jejuniorum

2274 1127 2586 1193 interstitia,
2636 1123 2822 1180 nullus
2877 1120 2945 1177 ad
3001 1119 3109 1174 hoc
3142 1115 3322 1187 aptior
3381 1127 3621 1168 numerus
3660 1118 3775 1173 esset,

2275 1233 2441 1294 quam
2495 1216 2908 1291 quatuordecim
2934 1257 2950 1284 ,
3022 1212 3119 1285 qui
3182 1208 3610 1282 quadruplicatus
3642 1203 3779 1257 reddat
3882 1203 3888 1294 ί

2275 1313 2674 1387 quinquaginta
2699 1312 2839 1368 duas
2863 1307 2993 1365 anni
3017 1303 3409 1362 hebdomadas.
3433 1300 3530 1356 Per
3551 1300 3638 1354 hoc
3658 1297 3776 1359 enim,

2277 1406 2323 1463 si
2347 1406 2510 1462 modo
2536 1420 2672 1462 usus
2698 1402 3270 1470 admitteret,'semper
3317 1396 3375 1451 in
3419 1392 3583 1465 primo
3604 1390 3779 1446 Sabbatu

2276 1500 2485 1556 mensis
2530 1497 2743 1570 jejunio
2793 1494 3039 1567 deputati
3084 1496 3400 1548 occurreret
3444 1485 3675 1559 jejunium
3714 1496 3781 1536 ειν

2271 1596 2473 1667 jusque
2511 1592 2777 1663 temporis
2831 1606 2930 1662 per
2977 1587 3145 1659 hujus
3180 1580 3395 1640 numeri
3440 1581 3636 1634 lineam.
3669 1573 3780 1629 illoc

2277 1688 2366 1744 ille
2387 1687 2640 1758 quamvis
2667 1699 2859 1741 verum
2910 1691 3090 1737 tamen
3144 1678 3349 1733 frustra
3378 1673 3526 1739 dixit,
3549 1670 3655 1743 quia
3674 1676 3779 1723 extra

2276 1790 2442 1837 uSum
2468 1778 2642 1835 sensit
2660 1776 2859 1844 Berno,
2891 1792 2921 1831 a
2953 1774 3111 1846 cujus
3133 1784 3229 1828 ore
3263 1785 3367 1825 vos
3406 1764 3644 1838 pendetis,
3671 1761 3779 1831 cujus

2277 1872 2442 1928 verba
2471 1880 2599 1927 sunt
2624 1868 2782 1926 vobis
2805 1884 2906 1940 pro
2935 1867 3143 1939 regula,
3168 1864 3263 1935 qui
3288 1868 3523 1918 vestrum
3544 1870 3781 1914 sacramen-

2276 1976 2456 2023 tOrum
2479 1966 2682 2021 librum
2710 1979 2812 2020 suo
2840 1960 3137 2032 exemplari
3173 1957 3432 2023 attitulat,
3468 1953 3609 2009 nobis
3630 1964 3781 2021 quoque
3870 1944 3883 1953 '

2275 2061 2472 2132 placet,
2500 2058 2649 2114 hunc
2673 2071 2775 2112 nos
2808 2054 2993 2127 magni
3015 2053 3308 2117 habemus,
3340 2048 3468 2120 quia
3491 2044 3620 2117 quod
3639 2041 3774 2113 prori-

2276 2153 2364 2207 rlli
2389 2152 2639 2223 portione
2664 2149 2840 2222 potuit
2894 2148 2950 2202 in
2980 2144 3336 2203 tabernaculo
3388 2141 3479 2196 Dei
3516 2136 3693 2194 obtulit.
3713 2132 3781 2186 Sui

2275 2245 2519 2318 praecipit
2547 2243 2844 2316 Apostolus
2875 2241 3061 2296 omnia
3093 2239 3351 2310 probare,
3380 2233 3518 2307 quod
3552 2232 3783 2286 bonumst

2278 2347 2483 2404 tenere,
2508 2337 2578 2392 ab
2609 2336 2761 2391 omni
2791 2335 2975 2405 specie
3010 2333 3154 2388 mala
3191 2328 3602 2401 nosgahstincrc.
3629 2321 3783 2392 Specus

2278 2431 2422 2486 mala
2449 2438 2536 2486 est
2568 2428 2843 2485 discordia
2882 2425 3163 2491 Ecclesiae,
3194 2439 3297 2495 pro
3332 2436 3439 2493 qua
3461 2431 3639 2488 omnes
3662 2412 3785 2485 qunti-

2278 2523 2367 2579 die
2396 2536 2641 2588 oramus,
2668 2528 2728 2575 ut
2756 2520 2811 2573 in
2835 2518 3029 2590 primis
3053 2531 3173 2571 eam
3216 2514 3476 2585 dignetur
3501 2510 3625 2565 Deus
3655 2504 3785 2577 paciﬁ-

2279 2627 2405 2669 care
2427 2620 2482 2667 et
2500 2612 2742 2666 adunare
2767 2618 2885 2666 toto
2905 2609 3037 2665 orbe
3060 2616 3356 2673 terrarum,
3384 2618 3485 2659 nec
3502 2611 3655 2657 tamen
3675 2611 3785 2651 unam

2278 2720 2399 2760 eam
2429 2703 2659 2760 adunari
2714 2703 2976 2774 patimur,
3032 2701 3161 2756 dum
3213 2715 3315 2769 per
3346 2693 3698 2753 dissonantiatn
3730 2705 3789 2741 cc-

2280 2798 2573 2856 clesiastici
2598 2798 2739 2853 ritus
2769 2796 2839 2852 ab
2872 2795 3106 2851 invicem
3134 2792 3451 2848 dividimur.
3488 2787 3587 2843 Vos
3615 2792 3789 2839 vestra:-

2281 2907 2387 2963 que
2421 2890 2560 2946 ritus
2599 2906 2713 2945 non
2764 2888 3162 2959 improbemus,
3212 2884 3313 2941 sed
3351 2882 3496 2954 quod
3546 2895 3601 2934 ex
3631 2876 3789 2944 antiqua

2281 2982 2504 3037 Patrum
2537 2981 2833 3037 traditione
2866 2988 3141 3045 tenemus,
3172 2985 3365 3032 utrum
3402 2982 3543 3031 recte
3561 2980 3789 3032 teneamus,

2280 3076 2551 3132 bonorum
2575 3071 2786 3145 judicio
2809 3072 3229 3129 committimus.

2351 3165 2429 3221 De
2476 3163 2815 3247 temporibus
2859 3162 3143 3218 initiandis
3185 3175 3302 3232 prae
3362 3157 3603 3215 omnibus
3643 3153 3789 3205 Anato-

2282 3259 2418 3315 lium
2444 3258 2755 3332 se'quimur,
2780 3255 2877 3328 qui
2899 3256 3090 3327 quanti
3117 3254 3315 3321 debeat
3352 3268 3492 3319 esse,
3513 3248 3650 3304 nobis
3676 3251 3789 3299 testa-

2284 3363 2374 3410 tur
2417 3354 2688 3413 Eusebius
2730 3356 2789 3411 in
2833 3352 3205 3411 ecclesiastica
3249 3349 3513 3414 Historia,
3560 3352 3608 3400 et
3657 3340 3791 3394 Hian-

2283 3465 2482 3522 nymus
2509 3450 2565 3505 in
2586 3450 2728 3504 libro
2756 3447 3053 3504 illustrium
3077 3446 3349 3501 virorum.
3402 3463 3422 3497 ι
3452 3439 3712 3501 Anatolius,
3732 3433 3789 3486 in-

2284 3542 2424 3613 quit,
2454 3542 2859 3613 Alcxandrinus
2899 3538 3172 3595 Laodicia:
3233 3535 3412 3609 Syria:
3455 3522 3790 3604 episcopum

2284 3633 2464 3691 Probo
2486 3644 2542 3691 et
2561 3634 2698 3691 Gaio
2717 3633 3125 3705 reparatoribus
3150 3631 3359 3699 ﬂoruit,
3385 3629 3468 3685 vir
3492 3626 3630 3683 mine
3646 3615 3789 3677 docili-

2286 3744 2371 3785 nae
2398 3729 2453 3783 in
2486 3728 2853 3796 arithmetica,
2874 3726 3193 3801 geometria,
3226 3721 3790 3790 astronomiam!!!”

2285 3823 2413 3891 tica,
2448 3822 2743 3890 rhetorica,
2785 3821 3090 3877 dialectica.
3130 3839 3149 3871 ι
3181 3817 3249 3873 Et
3270 3818 3321 3873 si
3354 3816 3424 3873 ad
3463 3813 3711 3871 moderans
3728 3819 3791 3856 ve-

2285 3916 2545 3972 niendum
2572 3924 2677 3983 est,
2704 3915 2991 3986 sequimur
3011 3919 3232 3968 nostros
3272 3903 3640 3966 Waterhonem
3664 3894 3790 3970 (1099)

2287 4018 2490 4066 nostrae
2515 4007 2666 4066 urbis
2691 4008 3029 4079 episcopum,
3069 4013 3124 4062 et
3160 4002 3447 4059 Olbertum
3474 3986 3792 4056 Gemblacensis

2286 4102 2521 4160 ccenobii
2563 4101 2836 4168 abbatem,
2887 4099 2981 4170 qui
3013 4099 3070 4153 in
3119 4095 3473 4169 generatione
3513 4105 3602 4146 sua
3637 4082 3737 4155 justi
3758 4084 3790 4170 Et

2287 4196 2432 4252 docti
2480 4195 2721 4262 fuerunt,
2771 4167 2937 4264 justis
2972 4200 3028 4248 et
3080 4167 3258 4246 decus
3299 4188 3438 4244 viris
3478 4183 3559 4240 sui
3590 4188 3644 4258 ,ει
3674 4167 3790 4230 nostri

2287 4290 2552 4362 temporis
2578 4288 2895 4345 conferendi
2941 4296 3033 4343 aut
3078 4286 3243 4342 etiam
3282 4276 3610 4354 praferendi.
3642 4265 3787 4324 [hinc

2288 4393 2417 4440 runt
2440 4383 2878 4454 contemporalcs
2896 4379 3156 4435 Aribonis
3182 4387 3239 4434 et
3261 4372 3547 4432 Bernonis.
3570 4366 3627 4423 Hi

2288 4476 2376 4533 nis
2404 4476 2625 4547 scripta,
2766 4480 3127 4539 monstrante,
3153 4471 3434 4541 legerunt;
3462 4463 3551 4519 sed
3575 4455 3711 4514 multa
3738 4448 3789 4500 lt“

3214 4565 3374 4636 juxta
3423 4558 3562 4633 quod
3600 4547 3788 4636 Domini!5

2285 4634 2531 4738 ὖΐωείρίι
2553 4634 3025 4736 praedicatoribus,
3048 4674 3161 4715 non
3188 4634 3496 4713 transibant
3530 4651 3592 4706 de

2286 4726 2532 4826 domum,
2553 4726 2616 4813 id
2643 4765 2726 4813 est
2750 4756 2818 4812 de
2860 4726 3133 4813 sententia
3166 4752 3328 4808 istius
3366 4749 3435 4806 ad
3465 4726 3783 4826 sententiam}

2283 4849 2427 4929 lius;
2454 4815 2549 4903 sed
2595 4846 2802 4920 regiam
2846 4853 3067 4916 patrum
3115 4842 3260 4898 viam
3291 4839 3605 4913 gradientes,
3628 4815 3787 4929 ιξοξξά

2283 4924 2555 5011 dextram,
2588 4909 2691 4997 nec
2720 4941 2788 4997 ad
2832 4909 3117 4995 sinistram
3161 4909 3526 4991 declinabant.
3557 4923 3614 4979 Hi

2285 5037 2532 5106 Quatuor
2566 5032 2895 5106 Temporum
2928 5029 3228 5088 secundum
3264 5026 3525 5082 rationem

2287 5102 2637 5202 accipientes,
2658 5102 2778 5185 dies
2807 5125 3074 5197 temporis
3097 5133 3224 5178 ante
3246 5116 3514 5175 Kalendas
3541 5102 3688 5165 Martii

2287 5197 2647 5286 excludebant
2679 5239 2710 5278 a
2732 5221 2945 5294 jejunio
2974 5217 3128 5274 verni
3154 5212 3438 5285 temporis,
3469 5206 3557 5263 sed
3582 5202 3635 5255 ίιι

2291 5321 2476 5381 statim
2523 5290 2804 5384 Sabbato,
2845 5316 2958 5369 imo
2998 5311 3055 5366 in
3110 5308 3288 5381 primo
3334 5296 3611 5373 aliquando

2737 5371 2804 5465 et,
2834 5405 3034 5480 jejunii
3083 5371 3367 5459 historiam
3404 5371 3687 5482 explebant.

2290 5472 2538 5580 aliosque
2581 5510 2801 5562 sanctos
2834 5472 2907 5557 et.
2937 5501 3128 5556 doctos
3152 5496 3303 5551 viros
3338 5491 3391 5548 in
3430 5472 3787 5580 hoc

2285 5564 2562 5670 nonquia
2591 5594 2767 5654 sancti
2807 5601 2863 5650 et
2892 5591 3040 5648 docti
3064 5588 3303 5653 fuerunt,
3341 5581 3434 5638 sed
3472 5573 3592 5648 quia
3613 5564 3789 5622 rem“

2286 5802 2343 5856 in
2366 5801 2507 5855 libro
2523 5798 2598 5870 De
2614 5797 2780 5870 gestis
2802 5794 3060 5870 abbatum
3078 5779 3558 5849 Gemblaoensium,
3577 5767 3655 5827 ιιῑιί
3671 5759 3786 5817 95"

2283 5874 2445 5944 plura
2466 5872 2534 5931 de
2560 5867 2781 5930 Olberto
2810 5867 3023 5924 abbate.
