3952 6324
201 331 310 390 825

1198 297 1416 387 Epis'r.
1458 328 1550 386 ns
1587 328 1930 399 annuos
1967 328 2428 395 remeamus.

3363 326 3557 421 8%.,

197 455 498 504 assertores
528 459 653 503 esse
674 444 995 517 probantur.
1028 441 1121 500 Sic
1162 445 1308 501 enim
1355 445 1513 503 docet
1548 442 1649 505 nos
1674 449 1788 503 Au-
1814 448 1864 509 A
1890 464 2119 506 scensus
2140 449 2499 522 quadraginta
2522 448 2756 506 duarum
2776 446 3239 507 hebdomadarum
3260 464 3475 521 respon-

194 540 721 615 gustlnus‘seribens
760 536 1106 611 Hieronymo.
1140 556 1163 591 α
1205 536 1369 607 Solis,
1408 539 1605 612 inquit,
1648 540 1786 598 scri-

187 634 373 708 pturis
396 648 520 705 qua;
550 634 895 705 appellantur
921 634 1203 691 canonicaa
1229 634 1378 691 hunc
1402 634 1669 692 honorem
1701 644 1787 691 at-

184 742 301 799 que
330 730 577 783 tenerem
604 725 811 792 defero,
836 735 899 782 ut
920 727 1133 785 nullum
1162 730 1354 785 earum
1379 736 1656 786 auctorem
1700 745 1789 785 er-

186 833 349 876 rasse
369 820 575 891 aliquid
598 820 916 878 firmissime
943 822 1182 879 credam.
1205 822 1359 879 Alios
1384 837 1517 880 vero
1540 822 1619 881 sic
1642 823 1785 895 lego,

186 922 250 970 ut
294 914 639 985 quantalibet
686 914 977 972 sanctitate
1020 923 1077 972 et
1126 916 1356 973 scientia
1413 914 1786 989 praepolleant,

187 1019 305 1062 non
331 1006 455 1064 ideo
474 1022 666 1065 verum
694 1024 819 1065 esse
851 1019 1036 1081 putem
1062 1010 1189 1082 quia
1220 1009 1326 1081 ipsi
1365 1010 1440 1066 ita
1476 1019 1789 1080 senserunt,

164 1096 287 1171 ἱερὰ
316 1099 445 1170 quia
466 1099 603 1156 mihi
642 1116 740 1173 per
768 1100 891 1158 illos
915 1101 1212 1159 canonicos
1252 1109 1505 1157 auctores
1534 1101 1619 1158 vel
1662 1117 1791 1173 pro-

180 1189 360 1246 babili
388 1190 601 1249 ratione
625 1192 773 1264 quod
805 1208 836 1249 a
864 1207 995 1250 vero
1019 1208 1127 1249 non
1172 1188 1419 1260 haberat,
1463 1193 1790 1264 persuadere

179 1292 507 1355 potuerunt.
539 1305 560 1338 ι
597 1283 712 1343 Hoc
733 1285 1026 1359 Augustini
1044 1286 1294 1359 exemplo
1321 1286 1621 1343 multorum
1648 1285 1789 1342 scri-

178 1383 281 1448 pta
314 1376 575 1448 legimus;
607 1379 703 1435 sed
739 1394 849 1434 non
878 1380 1138 1437 omnibus
1158 1378 1381 1436 credere
1410 1377 1699 1446 habemus,
1735 1386 1791 1435 et

177 1485 332 1541 quos
355 1472 531 1542 magis
570 1472 727 1543 sequi
781 1471 1080 1529 debeamus
1112 1480 1438 1545 quaerentes,
1488 1468 1607 1528 haec
1631 1470 1787 1529 vobis
1832 1482 1839 1489 ‘

177 1560 488 1617 scribimus
513 1577 621 1617 non
650 1578 719 1619 ex
745 1564 1067 1634 pertinacia,
1099 1563 1229 1636 quia
1255 1579 1357 1620 nec
1384 1578 1487 1619 vos
1511 1563 1786 1621 credimus

178 1650 484 1725 scripsisse
510 1670 576 1710 ex
602 1655 919 1725 pertinacia,
949 1655 1045 1727 qui
1076 1654 1364 1727 epistolam
1400 1663 1641 1711 vestram
1676 1661 1787 1709 tam

179 1746 497 1805 delectabili
520 1750 868 1807 conclusistis
891 1750 1129 1823 epilogo,
1165 1749 1316 1822 quod
1344 1756 1400 1805 et
1424 1764 1525 1805 nos
1568 1756 1790 1804 mutua-

1888 543 2018 600 deat
2072 543 2430 615 quadraginta
2497 542 2714 600 duabus
2758 543 3202 616 generationibus
3254 540 3471 613 Christi,
3522 534 3527 543 ’

1886 634 2034 708 quod
2074 643 2333 707 putamus
2381 636 2681 693 intendisse
2721 635 3083 704 Amularium,
3133 635 3226 707 qui
3276 641 3331 692 et
3370 635 3468 706 pri-
3523 619 3529 625 ’

1887 746 2035 786 mam
2080 722 2258 785 Martii
2298 726 2695 786 hebdomadam
2741 729 2951 802 accepit
2985 730 3041 785 in
3092 716 3269 802 figura
3292 731 3479 802 prima-

1889 823 2279 897 generationis,
2312 838 2435 896 quae
2454 831 2537 879 est
2558 823 2854 891 Abraham,
2878 830 2933 879 et
2975 822 3224 878 ultimam
3251 821 3465 879 Decem-

1887 918 2006 975 bris
2028 917 2084 973 in
2106 917 2287 990 figura
2304 918 2511 973 ultima:
2532 914 2921 991 generationis,
2951 932 3073 989 quae
3093 923 3178 972 cst
3208 915 3472 984 Christus,

1887 1020 1944 1069 et
1987 1019 2100 1068 tres
2159 1010 2600 1067 consecrationes
2646 1004 2985 1082 jejuniorum
3033 1017 3143 1066 tres
3195 1008 3483 1081 appellavit

1886 1102 2424 1161 tcsserescedecadas
2456 1098 2986 1171 hebdomadarum,
3043 1118 3166 1174 qua
3218 1110 3348 1157 sunt
3396 1100 3481 1156 in-

1891 1198 2125 1254 terstitia
2150 1212 2363 1253 eorum.
2385 1195 2498 1252 Cur
2516 1212 2647 1269 ergo
2674 1194 2856 1252 dicitis
2882 1196 2948 1252 de
2974 1203 3172 1267 quarto
3193 1195 3324 1268 quid
3354 1192 3487 1250 fiet?

1890 1291 2299 1350 Dubitationem
2332 1288 2487 1349 vobis
2515 1290 2879 1349 ostendimus.
2919 1288 3123 1346 Valete.
3207 1327 3229 1339 -

2628 1411 2770 1425 ﬂ

2120 1472 2567 1535 RESCRIPTUM
2604 1474 2819 1549 DOMNI
2853 1466 3238 1533 SlCEBERTl.

2286 1583 2384 1625 PRO
2421 1583 2801 1625 LEODIENSIBUS
2837 1582 3099 1623 CLBRICIS.

1963 1659 2125 1734 Quia,
2156 1668 2219 1717 ut
2239 1661 2317 1716 ait
2337 1659 2583 1731 quidam,
2610 1659 2794 1715 littera
2836 1658 2953 1715 sola
2995 1672 3085 1714 res
3126 1664 3213 1714 est
3238 1671 3361 1728 quae
3391 1671 3486 1712 eos

1892 1755 1987 1826 qui
2010 1761 2153 1817 sunt
2194 1753 2449 1813 absentes
2507 1750 2638 1808 facit
2675 1767 2798 1809 esse
2831 1758 3151 1823 praesentes,
3194 1750 3351 1820 juvat
3385 1764 3487 1804 nos

178 1852 309 1899 tum
337 1845 670 1901 remittimus
713 1847 889 1902 vobis.
938 1844 997 1901 Si
1051 1861 1119 1901 ex
1168 1844 1384 1901 ratione
1406 1842 1675 1899 catholica
1703 1848 1790 1899 cst
1817 1847 1869 1910 Β
1891 1847 2036 1905 datis
2062 1856 2117 1903 et
2159 1846 2399 1918 acceptis
2428 1844 2625 1903 litteris
2668 1844 2872 1917 alloqui
2916 1852 2973 1901 et
2998 1842 3189 1899 audire
3229 1857 3326 1898 vos
3349 1856 3490 1912 quos
3536 1908 3539 1911 _

180 1937 352 1994 vobis
380 1946 593 1995 certum
616 1939 777 1996 nobis
802 1939 1011 2011 aliquid
1041 1938 1240 1995 melius
1265 1938 1577 2005 ostendere,
1603 1951 1790 2008 prom—

181 2038 348 2100 ptum
377 2037 468 2085 est
501 2029 663 2086 nobis
690 2028 992 2087 intellectui
1020 2037 1205 2087 vestro
1230 2029 1446 2099 cedere,
1491 2042 1660 2100 quam
1684 2040 1791 2083 no-

185 2134 321 2179 strae
346 2123 664 2194 pertinacia;
683 2124 917 2180 ulterius
947 2123 1211 2180 inutiliter
1233 2122 1532 2180 deservire.

266 2216 377 2272 Sed
404 2224 458 2272 et
484 2217 589 2273 hoc
623 2217 993 2290 adjiciendum
1020 2229 1106 2273 est
1127 2215 1276 2288 quod
1313 2231 1463 2272 anno
1498 2214 1795 2271 millesimo

188 2312 556 2382 nonagesimo
614 2311 810 2383 quinto
861 2310 1160 2367 Dominica‘.
1219 2309 1623 2367 lncarnationis
1678 2317 1796 2367 tota

190 2417 334 2472 pene
366 2400 609 2459 Ecclesia
657 2402 860 2475 recepit
887 2418 918 2458 a
943 2390 1074 2459 sede
1112 2400 1377 2458 Romanae
1415 2400 1676 2459 Ecclesia
1702 2402 1800 2458 de-

192 2505 410 2552 cretum
443 2496 758 2569 apostolica:
799 2496 1163 2566 auctoritatis,
1193 2506 1254 2552 ut
1283 2510 1500 2568 semper
1529 2498 1586 2552 in
1618 2495 1799 2568 prima

194 2590 647 2663 Quadragesima:
676 2591 1018 2649 hebdomada
1041 2590 1313 2663 jejunium
1338 2588 1509 2658 veris,
1551 2603 1798 2661 semper-

194 2700 307 2755 que
327 2684 383 2738 in
406 2684 523 2753 ipsa
545 2682 897 2741 Pentecostes
924 2683 1266 2739 hebdomada
1289 2678 1803 2754 jejunium‘mstatia

196 2779 527 2835 celebretur.
559 2776 700 2836 Cum
727 2794 858 2851 ergo
899 2776 1235 2834 Februarius
1264 2792 1408 2848 saepe
1434 2792 1625 2845 unam,
1657 2791 1803 2849 saepe

197 2874 362 2939 duas,
392 2873 708 2944 aliquando,
738 2873 794 2928 in
823 2873 1003 2944 primo
1029 2871 1237 2927 scilicet
1256 2868 1490 2939 Pascha,
1522 2877 1634 2928 tres
1654 2868 1803 2937 Qua-

197 2966 527 3038 dragesimae
569 2965 817 3021 obtineat
858 2962 1263 3031 hebdomadas;
1296 2962 1600 3034 eodemque
1637 2961 1804 3021 modo

199 3058 382 3116 Maius
422 3075 564 3131 saepe
595 3074 725 3128 una,
758 3074 901 3131 saepe
926 3058 1164 3125 duabus,
1208 3056 1505 3130 aliquando
1535 3055 1591 3111 in
1622 3054 1803 3126 primo

201 3154 415 3211 scilicet
442 3152 653 3211 Pascha
688 3153 865 3210 tribus
910 3150 1341 3209 hebdomadibus
1382 3146 1801 3205 ultra‘Domini-

1891 1940 2189 2013 diligimus,
2224 1937 2551 2011 praestertim,
2590 1936 2804 1995 dicente
2832 1933 3184 2009 Hieronymo,
3214 1931 3343 2005 quia
3374 1947 3493 1986 ma-

1892 2050 2063 2108 gnum
2086 2031 2344 2091 desiderii
2383 2032 2630 2089 solamen
2657 2029 2824 2086 habet
2855 2028 3089 2096 amicus,
3117 2026 3243 2083 cum
3281 2026 3491 2080 litteras

1894 2127 2058 2185 amici
2081 2126 2299 2198 accipit.
2324 2123 2734 2183 Dubitationem
2769 2130 3009 2179 vestram
3057 2119 3217 2176 nobis
3251 2116 3492 2175 ostendi-

1894 2220 2025 2286 stis;
2052 2218 2259 2275 scilicet
2279 2233 2349 2274 an
2382 2218 2531 2289 juste
2568 2231 2741 2272 necne
2778 2220 3045 2286 arguatur
3071 2210 3259 2284 regula
3285 2209 3494 2266 Berno-

1897 2313 1985 2370 nis
2009 2312 2175 2368 modo
2200 2326 2449 2369 crescere
2488 2309 2652 2367 modo
2681 2309 3019 2375 decrescere,
3054 2314 3110 2362 et
3146 2320 3246 2361 cur
3285 2301 3491 2360 dixeri-

1897 2422 2025 2466 mus
2050 2409 2120 2464 dc
2144 2416 2345 2479 quarto
2382 2405 2516 2479 quid
2546 2404 2672 2461 fiet?

1970 2503 2048 2559 De
2083 2500 2373 2574 poSteriori
2409 2497 2836 2571 interrogatione
2865 2496 3103 2567 primum
3146 2491 3270 2548 dico
3308 2485 3493 2563 (1101)

1898 2608 1989 2654 me
2011 2611 2122 2653 non
2143 2595 2369 2663 dixisse,
2392 2592 2463 2651 de
2481 2598 2678 2665 quarto
2704 2589 2836 2663 quid
2860 2586 2985 2645 ﬁet?
3012 2586 3110 2644 sed
3132 2584 3338 2642 dixisse
3363 2578 3499 2654 quid

1899 2688 2215 2747 conferetur
2262 2694 2460 2759 quarto
2497 2683 2709 2758 jejunio
2742 2700 2754 2735 :
2782 2683 2851 2738 de
2892 2695 3001 2752 qua
3029 2694 3091 2737 re
3128 2676 3327 2734 merito
3355 2686 3498 2745 quaa-

1901 2782 2081 2851 sistis;
2106 2782 2238 2854 quia
2271 2780 2403 2837 dum
2436 2794 2559 2836 eam
2588 2772 3103 2847 subintelligendam
3148 2768 3368 2841 reliqui,
3418 2780 3502 2821 re-

1900 2874 2109 2931 mansit
2130 2873 2234 2930 sub
2254 2871 2512 2943 ambiguo
2533 2868 2683 2941 quod
2726 2862 3060 2936 subintelligi
3104 2861 3374 2917 volebam.
3414 2855 3502 2911 Di-

1901 2978 2034 3025 cens
2060 2967 2206 3022 enim
2236 2973 2349 3021 tres
2376 2960 2791 3036 generationum
2820 2955 3029 3015 Christi
3066 2953 3286 3011 ordines
3325 2949 3501 3006 tribus

1896 3058 2234 3133 jejuniorum
2265 3055 2554 3113 ordinibus
2600 3051 2892 3125 allegorice
2928 3046 3282 3120 respondent,
3319 3043 3505 3099 subin-

1902 3132 2026 3221 tuli,
2057 3150 2209 3225 quid,
2235 3148 2499 3207 subaudis
2534 3145 2830 3218 allegoriae,
2865 3140 3177 3225 conferetur
3196 3142 3394 3209 quarto
3419 3132 3507 3205 je-

198 3250 328 3306 cam
366 3247 717 3305 Pentecostes
746 3255 1020 3303 excurrat.
1064 3234 1294 3301 Constat
1320 3252 1498 3300 totum
1533 3240 1803 3313 jejunium
1830 3230 1877 3294 C
1904 3223 2099 3319 junio‘i
2126 3242 2284 3313 Quod
2309 3241 2538 3314 quaesivi
2580 3254 2768 3311 quaero
2792 3237 2972 3293 adhuc
2995 3251 3027 3291 a
3052 3223 3237 3290 vestra
3260 3229 3503 3319 pruden-

204 3342 354 3397 veris
403 3342 458 3396 in
503 3340 719 3397 Februo
760 3339 830 3397 ab
869 3340 975 3396 illis
1024 3336 1321 3401 celebrari;
1369 3334 1641 3408 jejunium
1676 3347 1809 3389 vero

202 3432 417 3490 aestatis
446 3446 555 3491 non
587 3434 767 3491 solum
789 3450 822 3491 a
860 3433 1101 3490 secunda
1128 3431 1276 3487 Junii
1305 3427 1669 3496 hebdomada,
1712 3426 1809 3482 sed

203 3529 375 3587 etiam
400 3529 471 3585 ab
517 3529 678 3586 initio
712 3527 863 3585 Junii
916 3528 1078 3600 longe
1126 3518 1439 3582 removeri.'
1469 3520 1629 3577 Nulla
1663 3529 1813 3577 certe

204 3631 296 3682 est
328 3621 704 3680 controversia
734 3623 879 3694 apud
903 3620 1042 3678 istos
1075 3619 1144 3676 de
1184 3615 1479 3690 spectanda
1505 3623 1700 3687 quarta
1722 3628 1812 3689 vel

203 3726 366 3776 sexta
402 3713 537 3773 feria
562 3703 981 3772 ante'lialendas
1016 3711 1218 3780 Martii,
1242 3708 1392 3767 Junii
1432 3710 1519 3766 vel
1559 3706 1809 3780 Septem-

203 3811 349 3879 bris,
398 3810 601 3882 quippe
648 3808 745 3881 qui
791 3823 905 3865 non
946 3806 1017 3863 ad
1081 3813 1262 3863 certos
1321 3818 1562 3871 menses,
1610 3802 1705 3859 sed
1744 3800 1813 3857 ad

204 3900 801 3975 rationemﬂtemporis,
825 3897 1064 3957 refertur
1081 3897 1354 3972 jejunium
1389 3895 1670 3970 temporis.
1700 3892 1813 3951 Va-

227 4000 340 4049 ete.

931 4137 1077 4151 ψ

210 4223 359 4298 Item
388 4224 614 4298 epistola
630 4224 1027 4298 Irevirensium
1056 4223 1126 4279 ad
1163 4222 1504 4298 Leodiensea,
1537 4236 1633 4298 cur
1663 4236 1817 4291 regu-

287 4296 399 4352 lam
416 4288 881 4370 '(1100)Bernonis
900 4295 1056 4351 modo
1076 4311 1327 4364 crescere,
1351 4292 1507 4348 modo
1526 4288 1819 4347 decrescere
1858 4288 1863 4293 ’

287 4377 544 4441 arguant.

288 4462 431 4519 Cum
462 4461 603 4518 bene
645 4470 701 4517 et
726 4462 985 4518 decenter
1032 4474 1365 4532 responsum
1400 4473 1430 4514 a
1451 4456 1610 4514 vobis
1637 4455 1821 4512 videa-

212 4566 311 4612 tur
337 4571 460 4612 csse
506 4555 565 4611 in
610 4554 842 4623 caeteris,
888 4554 996 4611 hoc
1019 4569 1193 4609 unum
1247 4552 1584 4619 dubitamus,
1635 4558 1820 4605 utrum

206 4650 366 4723 juste
384 4656 648 4721 arguatur
667 4649 857 4720 regula
898 4646 1169 4705 Bernonis
1193 4646 1360 4704 modo
1399 4660 1669 4712 crescere,
1695 4657 1819 4698 mo-

213 4744 299 4800 do
313 4742 632 4799 decrescere
658 4748 922 4813 tanquam
954 4755 1069 4798 non
1106 4741 1201 4797 ille
1221 4739 1646 4807 considerasset,
1673 4735 1821 4808 quod

213 4837 292 4894 ab
318 4835 514 4892 ultimo
535 4834 748 4908 jejunio
776 4851 954 4908 usque
986 4835 1055 4890 ad
1080 4850 1369 4891 recursum
1403 4832 1587 4905 primi,
1631 4830 1822 4888 decem

213 4929 605 4987 tantummodo
647 4929 759 4986 sint
807 4926 1166 4986 hebdomadas
1201 4928 1376 4985 tribus
1424 4924 1823 4985 tesserescede—
1848 4964 1873 4986 ρ

214 5024 379 5080 cadis
410 5038 507 5094 per
529 5022 814 5079 intervalla
832 5021 1171 5094 jejuniorum
1203 5020 1498 5093 deputatis.
1544 5017 1639 5075 Ille
1658 5017 1822 5090 {enim

216 5117 442 5173 videtur
475 5116 679 5173 lineam
719 5131 878 5173 suam
928 5114 1256 5188 protendere
1305 5129 1337 5170 a
1384 5114 1565 5185 primo
1614 5111 1857 5185 jejunio

225 5224 405 5282 usque
432 5210 501 5265 ad
523 5218 805 5281 quartum,
846 5218 902 5265 et
933 5208 1001 5265 de
1035 5216 1284 5280 tempore
1312 5206 1458 5279 quod
1479 5215 1564 5262 est
1596 5205 1667 5261 ab
1694 5204 1825 5260 ulti-

222 5320 322 5362 mo
341 5319 522 5375 usque
547 5303 616 5359 ad
638 5303 803 5375 primi
844 5318 1129 5359 recursum
1156 5318 1269 5358 non
1296 5316 1475 5374 agere,
1522 5306 1585 5355 ut
1614 5298 1697 5357 sic
1734 5298 1825 5355 de-

200 5490 203 5491 .
231 5509 250 5510 η
300 5434 486 5510 (1100)
512 5434 718 5510 Dehac
737 5434 925 5510 regula
935 5435 1052 5510 haec
1072 5430 1661 5510 habet‘Sigebertusjn
1679 5429 1821 5510 libro

225 5501 318 5565 De
334 5501 696 5579 scriptoribus
720 5501 915 5579 eccles.
944 5523 957 5559 :
986 5506 1192 5579 Scripsi
1220 5506 1286 5579 de
1310 5501 1532 5579 j'ejuniis
1576 5501 1823 5579 Quatuor

195 5571 585 5670 Πὶενηηρὲξιῖξτρ
621 5571 1822 5670 Sistite:ferientiaLatinitatis

224 5647 586 5716 dissonantia,
616 5647 747 5705 dum
769 5648 867 5704 alii
888 5650 1173 5704 secundum
1198 5647 1669 5703 considerationem
1691 5652 1820 5699 tem-

227 5739 427 5804 porum
446 5721 516 5804 ad
540 5720 810 5804 jejunium
843 5731 1049 5804 gnarae
1081 5729 1132 5804 et
1157 5728 1338 5804 [sextae
1371 5716 1827 5804 feriw‘ac‘cipiunt

227 5785 687 5873 aieg'lfebra'arii,
728 5790 813 5873 vel
834 5785 990 5873 Maii,
1018 5788 1107 5873 uel
1150 5785 1492 5873 Septemliris,
1514 5798 1562 5844 et
1595 5785 1855 5873 sabbato

229 5867 291 5923 in
318 5863 579 5920 Kalendis
599 5858 931 5936 proveniante
954 5858 1240 5920 terminant
1250 5860 1552 5937 jejunium;
1584 5858 1681 5916 alii
1707 5874 1828 5914 vero

1908 3317 2005 3407 tia,
2032 3337 2164 3410 quid
2207 3334 2385 3408 possit
2434 3331 2673 3391 conferri
2719 3328 2829 3388 illis
2876 3330 3064 3385 decem
3121 3317 3501 3384 hebdomadis,

1913 3446 2037 3504 quae
2064 3446 2093 3485 a
2120 3437 2317 3500 quarto
2345 3424 2557 3498 jejunio
2583 3430 2792 3479 restant
2836 3423 3013 3492 usque
3053 3418 3122 3474 ad
3154 3414 3508 3504 prlmum,jut

1910 3502 2169 3581 omnibus
2192 3521 2324 3576 anni
2351 3515 2713 3574 hebdomadis
2738 3530 2839 3572 sua
2869 3510 3198 3583 respondeat
3221 3502 3500 3577 allegoria.

1915 3616 1979 3674 Si
1992 3616 2138 3673 enim
2181 3629 2213 3669 a
2251 3610 2620 3684 vobisprimo
2648 3608 2756 3664 hoc
2805 3590 3263 3664 subintelleetum'
3290 3596 3503 3661 fuisset,
3552 3616 3555 3619 δ

1909 3703 2370 3765 videretur‘vobis
2417 3702 2505 3759 his
2538 3702 2727 3759 decem
2764 3695 3123 3755 hebdomadis
3164 3702 3328 3763 posse
3373 3700 3509 3743 con-

1912 3801 2046 3857 ferri
2066 3799 2189 3856 illas
2233 3782 2632 3871 generationes,
2661 3808 2786 3868 qua:
2815 3793 3003 3849 decem
3028 3803 3061 3845 a
3086 3786 3202 3842 Noe
3228 3796 3403 3855 usque
3437 3779 3508 3836 ad

1914 3892 2189 3949 Abraham
2214 3890 2516 3948 secundum
2540 3887 2865 3965 Hebraicam
2891 3883 3176 3940 veritatem
3215 3888 3510 3934 numeran-

1912 3998 2025 4054 tur,
2064 3985 2111 4041 si
2142 3985 2291 4041 nulla
2317 3982 2529 4041 denarii
2549 3980 2766 4038 numeri
2794 3978 2971 4051 aptior
2991 3989 3159 4033 causa
3180 3968 3357 4043 possit
3382 3979 3512 4023 con-

1916 4078 2069 4135 ferri.
2099 4076 2209 4134 llas
2242 4076 2392 4133 enim
2429 4087 2778 4145 consequens
2801 4066 3081 4144 generatio
3119 4061 3354 4119 Abrahae
3370 4057 3515 4115 obti-

1916 4169 2070 4224 nebit
2099 4182 2337 4238 congrue
2356 4164 2591 4236 primam
2612 4158 2792 4219 Ma'rtii
2819 4156 3238 4216 hebdomadam.

1978 4261 2165 4316 IPorro
2191 4259 2380 4331 regula
2409 4256 2678 4313 Bernonis
2700 4263 2885 4310 utrum
2912 4249 3079 4307 modo
3103 4251 3318 4304 crescat
3344 4284 3360 4310 ,
3391 4255 3512 4297 mo-

1920 4354 1992 4409 do
2019 4353 2300 4408 decrescat
2324 4393 2340 4418 ,
2367 4351 2454 4405 vel
2481 4350 2530 4407 si
2556 4350 2706 4421 juste
2734 4359 2909 4402 necne
2955 4340 3135 4415 possit
3157 4337 3315 4409 argui
3338 4377 3354 4403 ,
3408 4332 3514 4390 scit

1920 4455 2104 4503 vestra
2130 4459 2254 4516 quae
2275 4459 2397 4499 eam
2424 4444 2553 4498 terit
2574 4440 2889 4513 prudentia.
2918 4435 3059 4505 Quid
3078 4441 3262 4489 vestra
3283 4430 3515 4486 interest

1926 4558 2048 4598 eam
2072 4554 2303 4611 arguere
2325 4536 2568 4593 diximus
2596 4541 2652 4590 et
2691 4533 2952 4590 dicimus.
3006 4526 3095 4604 Sit
3126 4524 3364 4582 Bernoni
3412 4536 3514 4579 sua

1929 4635 2034 4691 sibi
2061 4632 2249 4705 regula
2275 4672 2290 4697 ,
2324 4628 2453 4701 quia
2489 4626 2750 4683 nolumus
2798 4638 2862 4679 ea
2896 4618 3186 4684 coarctari,
3212 4612 3311 4687 qui
3353 4614 3515 4686 juxta

1929 4724 2352 4797 competentiam
2376 4722 2456 4777 rei
2483 4733 2549 4775 ac
2569 4715 2835 4788 temporis
2862 4710 3123 4786 ponimus
3143 4708 3315 4764 libere
3344 4706 3517 4761 iuter~

1930 4796 2082 4879 stitia
2106 4824 2348 4889 quatuor
2367 4810 2701 4885 jejuniorum
2725 4848 2741 4877 ,
2770 4807 2886 4863 sive
2918 4819 3016 4877 per
3057 4796 3474 4873 quatuordecim
3496 4835 3515 4863 ,

1930 4910 2046 4973 sive
2067 4924 2165 4985 per
2183 4908 2515 4983 quindecim.
2540 4903 2612 4959 At
2634 4917 2771 4959 vero
2784 4900 2918 4973 quia
2938 4912 3037 4955 vos
3055 4911 3180 4954 eam
3206 4893 3367 4951 nobis
3389 4904 3518 4961 por-

1931 5009 2113 5084 rigitis
2140 5008 2208 5065 ad
2228 5003 2549 5071 videndum,
2568 5000 2745 5057 'vobis
2772 5002 2895 5055 eam
2923 5011 2988 5051 ex
3011 5008 3124 5049 una
3150 4997 3307 5084 parte
3319 4995 3515 5084 tenen-~

1929 5078 2119 5171 tibus,
2168 5097 2541 5158 communiter
2593 5094 2880 5151 videamus
2921 5086 3102 5160 qualis
3150 5082 3244 5139 sit.
3292 5080 3360 5136 Et
3404 5078 3516 5134 haec

1930 5198 2154 5270 quidem
2182 5201 2270 5251 est
2296 5193 2418 5264 ejus
2449 5189 2657 5262 regula.
3094 5202 3099 5209 ·
3193 5269 3196 5270 ν
3312 5208 3331 5270 Α·

2007 5310 2029 5343 ε
2074 5291 2122 5344 Α
2155 5262 2432 5354 Sabbato,
2476 5283 2662 5355 inquit
2684 5320 2701 5350 ,
2728 5276 2970 5335 vernalis
3008 5269 3206 5343 jejunii
3246 5266 3395 5325 velut
3431 5262 3520 5318 in-

1896 5424 1901 5427 .
1925 5410 2038 5491 sine
2060 5420 2480 5479 consideratione
2506 5427 2794 5491 temporum
2821 5407 3184 5491 n'on‘jejunanl
3201 5403 3308 5491 nisi
3323 5406 3551 5491 quarta

2682 5468 2808 5565 ipso
2836 5468 3071 5565 Spe-hirto
3095 5478 3170 5559 in.
3192 5468 3422 5565 gentia),-
3445 5468 3522 5565 ξι

1854 5578 1863 5591 ‘
1925 5542 2815 5636 3&3,“le'ociéi'n’fmwuian.
2852 5554 2931 5636 Et
3141 5544 3427 5619 jejunandi
3446 5542 3552 5599 ri-~

1929 5650 2041 5695 tum
2066 5623 2401 5695 auctorizant
2428 5623 2604 5699 multi,
2632 5623 3164 5699 maxime‘Teutonea.
3389 5687 3402 5699 .
3475 5684 3488 5697 .

2002 5710 2185 5783 (1101)
2204 5709 2280 5765 Ex
2296 5709 2384 5765 his
2410 5695 2600 5783 verbis:
2613 5707 2831 5759 constat
2852 5695 3193 5783 Sigebertum
3221 5695 3541 5783 superioris,
3612 5745 3623 5755 ,

1931 5774 2382 5840 ad'Trcv'irenses
2407 5774 2653 5849 epistolae
2676 5784 2802 5829 esse
2824 5776 3133 5827 auctorem
3336 5786 3337 5789 η
3462 5780 3475 5793 ο
3532 5780 3541 5792 ι
