3952 6324
461 166 569 224 827

1607 176 1972 235 SlCEBERTl
2009 175 2537 240 GEMBLACENSIS
2570 236 2572 238 ,
3595 195 3678 255 ω

462 283 762 346 ιθυηιιιθιὶ
788 287 1030 362 quodam
1068 287 1162 344 filo
1189 288 1499 384 rectissime
1539 290 1683 348 linea
1728 293 1933 366 regula
1962 311 2060 365 per
2087 297 2134 360 Α
2161 314 2261 353 vos
2287 297 2416 354 talia
2440 265 2782 356 semicinctia
2813 297 3011 358 oﬂ‘erre
3040 299 3138 370 illi,
3175 301 3261 359 cui
3287 319 3408 362 cum
3428 304 3580 384 Magis
3602 327 3680 374 a-

463 389 562 436 ιιν
591 382 966 441 hebdomadas
1009 397 1186 456 usque
1213 381 1268 441 in
1311 381 1462 440 Junii
1506 385 1714 442 mensis
1755 387 2058 443 secundum

473 473 713 535 ducatur
750 475 1051 532 Sabbatum
1075 520 1092 546 ,
1131 477 1368 551 indeque
1407 492 1505 552 per
1544 477 1682 533 alias
1715 493 1809 533 xw
1853 478 2061 534 hebdo-

471 567 664 624 madas
686 569 753 624 ad
787 570 1011 626 tertium
1052 569 1391 643 Septembris
1441 567 1744 629 Sabbatum
1772 611 1789 638 ,
1819 571 2062 644 itemque

470 661 586 715 sive
609 678 707 733 per
733 679 845 730 xiv,
877 663 992 720 sive
1020 679 1118 735 per
1143 681 1245 721 xm
1275 665 1345 723 ad
1384 665 1540 722 illum
1573 663 1888 738 proximum
1933 675 2061 724 ante

468 750 658 808 Natale
683 752 903 809 Domini
937 754 1237 813 Sabbatum
1255 799 1270 825 ,
1302 766 1364 814 ut
1391 757 1602 830 absque
1625 774 1814 816 errore
1833 757 2058 816 termini

374 914 388 924 _
467 860 660 900 eorum
686 844 1054 904 Sabbatorum
1086 845 1301 921 possint
1325 851 1666 908 interveniri.
1715 871 1734 904 ι

541 935 669 996 Hac
693 941 1001 998 rectissima
1027 943 1173 999 linea
1201 959 1302 1000 cur
1327 960 1360 1001 a
1401 961 1497 1000 xiv
1523 945 1761 1001 recurrit
1807 945 1875 1002 ad
1916 946 2062 1002 xui?

470 1029 748 1090 Nimirum
785 1035 907 1093 ideo
935 1037 1084 1108 quod
1115 1053 1341 1094 necesse
1371 1037 1444 1094 sit
1469 1038 1521 1095 ei
1551 1038 1709 1110 sequi
1746 1048 2062 1111 competen-

469 1126 604 1182 tiam
636 1131 918 1202 temporis.
950 1131 1048 1189 His
1077 1134 1131 1189 in
1163 1135 1523 1193 hebdomadis
1547 1137 1904 1192 numerandis
1952 1136 2060 1193 sibi

468 1217 692 1290 quidem
737 1222 1045 1292 satisfecit,
1093 1226 1281 1284 nescio
1325 1227 1372 1284 si
1415 1236 1470 1284 et
1507 1228 1665 1284 vobis
1710 1227 2058 1284 satisfecerit.

474 1309 582 1369 Vos
612 1315 814 1387 quippe
837 1317 1121 1376 intendere
1143 1321 1426 1391 videmini,
1461 1331 1523 1378 ut
1547 1323 1903 1380 hebdomada
1927 1339 2063 1395 qua-

467 1407 718 1481 draginta
747 1451 764 1479 ,
803 1411 928 1468 dua
953 1413 1036 1470 sic
1077 1416 1447 1487 respondeant
1483 1418 1848 1490 quadraginta
1871 1460 1886 1486 ,
1933 1418 2064 1474 dua-

466 1501 574 1558 bus
616 1507 1068 1576 generationibus
1114 1509 1359 1578 Christi,
1412 1519 1472 1566 ut
1520 1512 1697 1582 prima
1740 1511 2058 1583 generatio,

467 1610 592 1665 qua
615 1603 700 1652 est
728 1597 1032 1668 Abraham,
1064 1609 1247 1666 teneat
1273 1605 1508 1672 primam
1539 1602 1722 1659 Martii
1755 1603 2059 1659 hebdoma-

355 1721 367 1735 ο
467 1687 636 1756 dam;
682 1690 874 1746 ultima
910 1709 1040 1748 vero
1075 1697 1357 1766 generatio
1383 1737 1400 1765 ,
1462 1713 1585 1768 qua
1637 1705 1723 1754 est
1762 1696 2017 1752 Christus
2041 1738 2057 1765 ,

465 1782 795 1852 respondeat
823 1784 1029 1841 ultima
1052 1785 1369 1845 Decembris
1392 1789 1768 1846 hebdomada.
1789 1787 1894 1846 Vos
1917 1798 2063 1846 recte

467 1872 524 1929 in
551 1874 657 1932 hoc
679 1877 876 1948 sapitis
899 1919 915 1947 ,
949 1879 996 1936 si
1023 1880 1166 1938 linea
1196 1880 1466 1939 Bernonis
1501 1899 1601 1944 vos
1631 1884 1699 1940 ad
1727 1884 1833 1940 hoc
1872 1892 2063 1955 posset

467 1964 705 2038 dirigere
734 1986 749 2036 ;
789 1969 885 2025 sed
901 1981 1161 2029 nascente
1190 1973 1414 2031 Christo
1437 1975 1493 2031 in
1529 1977 1723 2032 ultima
1745 1976 2063 2032 Decembris

466 2058 832 2132 hebdomada,
849 2067 1129 2136 quomodo
1159 2068 1360 2126 dabitis
1387 2069 1624 2127 Abraha
1654 2071 1892 2143 primam
1917 2070 2062 2126 Mar-

466 2151 529 2206 tii
577 2151 1023 2213 hebdomadam?
1069 2157 1240 2216 Linea
1288 2161 1558 2221 Bernonis
1587 2165 1865 2221 Abraham
1899 2167 1968 2222 ab
1996 2183 2062 2223 ea

463 2244 725 2314 excludit,
785 2247 916 2319 quia
955 2249 1003 2306 si
1042 2267 1166 2308 eam
1213 2253 1490 2312 obtineret
1516 2257 1796 2314 Abraham
1825 2301 1841 2327 ,
1866 2259 2061 2315 ultima

463 2333 781 2396 Decembris
813 2341 1159 2402 hebdomada
1196 2363 1308 2404 non
1338 2351 1699 2422 responderet
1723 2353 1931 2409 ultima
1960 2369 2054 2426 ge-

463 2434 754 2490 nerationi.
788 2434 929 2504 Quia
960 2454 1093 2512 ergo
1118 2481 1134 2508 ,
1172 2449 1234 2497 ut
1280 2443 1358 2499 ait
1383 2442 1597 2502 Tullius
1619 2487 1636 2514 ,
1673 2447 1850 2518 prima
1893 2463 2059 2504 causa

460 2527 704 2586 victoria
729 2540 814 2586 est
835 2531 1124 2604 diligenter
1151 2536 1396 2594 ediscere
1425 2555 1649 2596 causam
1695 2557 1796 2612 pro
1835 2557 1944 2612 qua
1976 2541 2061 2597 di-

462 2621 603 2675 cturi
633 2637 827 2679 sumus
877 2639 1101 2682 causam
1136 2626 1302 2698 hujus
1326 2628 1664 2686 difﬁcultatis
1693 2634 2060 2687 communiter

462 2728 776 2782 quaramus
803 2757 818 2782 ,
852 2726 911 2772 ut
941 2721 1225 2774 communi
1255 2721 1444 2778 labore
1473 2724 1846 2780 difﬁcultatem
1880 2726 2058 2796 ipsam

463 2806 549 2862 vel
582 2807 765 2864 videre
805 2825 1098 2881 queamus.

535 2897 581 2952 A
609 2897 867 2958 Kalendis
895 2901 1075 2960 Martii
1102 2921 1280 2978 usque
1305 2908 1374 2964 ad
1404 2925 1502 2965 vni
1534 2908 1809 2968 Kalendas
1851 2908 2058 2968 Janua-

463 2990 572 3101 riiI,
598 3003 728 3101 su‘nt
755 2994 1111 3101 hebdomada
1158 3016 1271 3056 xui
1303 3009 1358 3057 et
1395 3003 1513 3059 dies
1540 3019 1615 3059 v1.
1647 3001 1760 3059 Hos
1808 3020 1905 3060 sex
1935 3005 2054 3062 dies
2082 3037 2128 3101 ρ

464 3083 796 3139 subtrahens
822 3084 1000 3144 Berno
1047 3106 1079 3144 a
1121 3107 1354 3148 numero
1387 3093 1858 3150 hebdomadarum
1884 3137 1900 3163 ,
1953 3111 2048 3152 eas

463 3193 574 3233 non
601 3193 633 3232 a
658 3175 920 3236 Kalendis
945 3180 1158 3252 Martii,
1192 3185 1287 3242 sed
1314 3201 1345 3241 a
1384 3185 1624 3243 Sabbato
1649 3187 1891 3244 vernalis
1916 3188 2056 3259 jeju-

462 3269 540 3326 nii
566 3271 761 3345 incipit
790 3290 1104 3332 numerare.
1137 3274 1242 3332 Per
1271 3276 1378 3333 hoc
1407 3277 1630 3348 quidem
1655 3278 1799 3334 cavit
1824 3278 1964 3346 sibi,
1996 3289 2057 3334 ut

460 3365 606 3423 linea
634 3384 733 3424 sua
763 3369 820 3424 in
845 3385 1078 3426 numero
1101 3370 1570 3428 hebdomadarum
1595 3387 1774 3444 neque
1797 3382 2012 3429 crescat
2036 3415 2052 3441 ,

463 3476 641 3532 neque
660 3461 982 3529 decrescat,
1015 3479 1124 3520 non
1152 3472 1334 3522 tamen
1357 3482 1454 3538 per
1480 3465 1588 3522 hoc
1613 3481 1671 3522 se
1707 3467 1860 3522 omni
1890 3482 2054 3524 scan-
2099 3537 2101 3539 ι

459 3553 587 3612 dalo
613 3555 867 3612 absolvit.
893 3557 1124 3630 Propter
1149 3559 1250 3616 hos
1291 3575 1387 3616 sex
1433 3559 1551 3616 dies
1599 3559 1911 3616 subtractos
1935 3559 2053 3616 dis-

459 3652 718 3708 convenit
741 3652 883 3709 inter
909 3669 1011 3710 nos
1039 3662 1095 3710 et
1117 3670 1215 3710 vos
1269 3653 1588 3725 aliquando,
1612 3652 1755 3708 inter
1776 3653 2055 3709 Abraham

439 3754 595 3801 ‘vero
623 3754 677 3801 et
706 3754 1024 3803 nascentem
1063 3745 1347 3802 Christum
1401 3747 1554 3802 nullo
1597 3763 1746 3802 anno
1776 3747 2051 3802 convenit.

464 3835 745 3895 Abraham
783 3842 930 3896 enim
980 3842 1174 3898 nolens
1221 3840 1463 3912 quodam
1513 3842 1678 3897 modo
1712 3841 1976 3898 decedere
2023 3859 2056 3898 a

459 3931 776 4002 prascripta
831 3931 934 3987 sibi
983 3932 1160 4002 prima
1209 3931 1392 3987 Martii
1438 3933 1800 4002 hebdomada,
1835 3935 2055 3990 subtra~

461 4031 581 4080 ctos
641 4024 747 4079 sibi
799 4040 895 4080 sex
956 4025 1074 4080 dies
1142 4040 1357 4095 semper
1416 4027 1650 4096 repetit,
1714 4035 1768 4081 et
1825 4026 2057 4099 singulis

461 4115 622 4170 annis
648 4115 897 4186 singulos
922 4116 1040 4172 dies
1066 4117 1355 4188 recipiens,
1379 4116 1596 4172 videtur
1625 4132 1856 4190 arguere
1887 4134 2052 4191 regu-

461 4207 573 4263 lam
609 4207 877 4266 Bernonis
899 4253 914 4279 ,
942 4212 1107 4268 modo
1148 4228 1396 4269 crescere
1421 4254 1434 4281 ,
1484 4213 1648 4269 modo
1683 4213 2049 4283 decrescere;

461 4301 592 4372 quia
622 4311 756 4372 quot
777 4303 895 4359 dies
920 4320 1035 4361 sua
1059 4304 1416 4362 hebdomada
1443 4306 1658 4377 recipit,
1685 4313 1765 4362 tot
1797 4305 2053 4363 Christus

2161 405 2284 446 rum
2303 432 2318 458 ,
2351 391 2480 448 thus
2512 399 2568 448 et
2597 393 2881 464 myrrham
2909 392 3211 453 obtulistis.
3704 469 3707 476 ι

2231 480 2390 549 Quod
2417 483 2654 540 dicimus
2679 507 2710 552 ,ι
2723 501 2823 556 per
2848 503 3120 544 annorum
3154 495 3570 564 consequentiam
3588 513 3683 570 pro-

2160 576 2383 633 bemus.
2411 578 2573 634 Anno
2595 596 2706 651 quo
2733 580 2962 638 Martius
2997 583 3246 640 initiatur
3268 585 3324 641 in
3359 587 3522 659 prima
3546 589 3686 661 feria,

2162 669 2354 741 incipit
2375 670 2554 728 Berno
2580 689 2874 731 numerare
2905 675 3278 734 hebdomadas
3306 694 3338 734 a
3380 677 3592 738 Sabbato
3623 684 3689 754 je-

2156 759 2302 834 junii
2334 763 2575 820 vernalis
2599 763 2782 835 posito
2815 764 2870 818 in
2894 762 3068 821 Nonis
3091 764 3314 835 Martii,
3348 783 3455 824 uno
3483 768 3564 824 die
3595 778 3690 830 tan-

2160 863 2278 910 tum
2315 855 2508 912 relicto
2535 855 2773 914 Abra'na
2800 900 2814 924 ,
2847 871 3025 929 eoque
3053 865 3266 913 tantum
3310 874 3450 914 anno
3487 859 3692 918 Christus

2161 944 2327 1002 habet
2347 947 2566 1018 plenam
2597 948 3021 1006 hebdomadam.
3054 950 3318 1024 Sequenti
3355 967 3492 1008 anno
3512 995 3526 1020 ,
3553 956 3693 1026 posito

2157 1035 2353 1109 jejunii
2381 1037 2622 1097 Sabbato
2645 1040 2702 1096 in
2730 1042 2912 1113 primo
2941 1042 3031 1098 die
3067 1041 3253 1101 Nonas
3275 1087 3292 1112 ,
3335 1046 3487 1102 tertio
3509 1062 3631 1104 anno
3654 1048 3694 1102 in

2161 1132 2324 1187 tertio
2348 1130 2534 1189 Nonas
2563 1176 2577 1201 ,
2611 1143 2810 1206 quarto
2839 1152 2988 1192 anno
3011 1136 3068 1192 in
3094 1147 3295 1208 quarto
3323 1137 3516 1207 Nonas,
3544 1143 3696 1213 quinto

2163 1237 2308 1279 anno
2339 1224 2394 1278 in
2425 1225 2620 1296 quinto
2639 1224 2858 1295 Nonas,
2894 1244 2991 1299 per
3016 1229 3118 1285 hos
3145 1246 3237 1286 sex
3264 1231 3351 1286 vel
3381 1232 3599 1304 quinque
3624 1251 3692 1290 an-

2163 1333 2266 1374 nos
2294 1318 2694 1377 intercurrente
2717 1320 2964 1378 bissexto
2992 1324 3171 1379 reddit
3208 1323 3388 1381 Berno
3421 1342 3509 1382 sex
3529 1327 3700 1383 subtra-

2164 1417 2283 1466 ctos
2314 1409 2433 1466 dies
2459 1429 2474 1478 ;
2503 1411 2885 1483 etjsecundum
2908 1413 3273 1470 variationem
3300 1411 3567 1470 Nonarum
3592 1415 3700 1470 Mar-

2164 1508 2225 1563 tii
2256 1550 2271 1576 ,
2299 1508 2442 1564 linea
2474 1508 2596 1580 ejus
2621 1526 2872 1566 crescere
2893 1553 2908 1579 ,
2944 1519 3040 1567 aut
3068 1512 3390 1569 decrescere
3432 1511 3624 1569 videtur
3660 1513 3701 1568 in

2165 1601 2486 1658 utramlibet
2514 1611 2747 1672 partem.
2780 1602 3098 1660 Secundum
3125 1621 3226 1660 vos
3275 1613 3456 1660 autem
3481 1646 3496 1672 ,
3530 1605 3702 1676 longius

2163 1696 2344 1768 posito
2362 1696 2558 1768 jejunii
2586 1696 2827 1754 Sabbato
2847 1740 2860 1765 ,
2893 1699 3132 1770 amplius
3153 1699 3300 1754 linea
3325 1699 3575 1755 variatur.
3596 1698 3704 1766 Quid

2164 1790 2313 1862 quod
2344 1790 2644 1862 aliquando
2669 1807 2768 1864 per
2796 1792 2998 1848 lineam
3027 1793 3295 1849 Bernonis
3326 1793 3449 1864 plus
3471 1793 3602 1864 juste
3636 1809 3706 1848 ex-
3777 1837 3780 1842 .

2165 1896 2500 1943 crescentem
2540 1888 2885 1943 exturbatur.
2931 1886 3176 1944 Nascens
3217 1896 3376 1944 extra
3403 1887 3706 1960 quadragesi-

2164 1995 2312 2035 mam
2373 1979 2673 2036 secundam
2730 1979 3134 2035 hebdomadam
3193 1988 3248 2036 et
3304 1979 3706 2051 generationem!

2164 2071 2305 2140 Quia
2333 2073 2482 2128 enim
2509 2072 2687 2129 Berno
2725 2089 2758 2128 a
2791 2071 3032 2129 Sabbato
3074 2073 3450 2130 hebdomadas
3496 2080 3547 2128 et
3583 2088 3709 2145 gene-

2164 2167 2408 2223 rationes
2449 2166 2710 2235 inchoat,
2748 2165 2805 2222 in
2851 2175 3006 2223 sexta
3057 2166 3196 2223 feria
3225 2181 3326 2224 eas
3372 2181 3574 2237 semper
3606 2181 3709 2220 cono

2163 2267 2427 2316 summat.

2229 2351 2393 2406 Anno
2421 2365 2552 2424 ergo
2578 2365 2689 2422 quo
2716 2350 2966 2408 initiatur
3013 2351 3243 2410 Martius
3293 2351 3350 2407 in
3397 2350 3618 2409 secunda
3648 2347 3710 2404 fe-

2162 2445 2266 2513 ria,
2292 2455 2748 2502 consummantur
2771 2462 2885 2501 xui
2915 2446 3273 2504 hebdomada
3306 2455 3364 2503 et
3387 2446 3712 2520 generationes

2163 2553 2221 2593 ix
2259 2536 2531 2594 Kalendas
2550 2536 2799 2594 Januarii
2821 2579 2837 2606 ,
2870 2538 2925 2595 id
2953 2547 3039 2595 est
3073 2539 3131 2595 in
3159 2539 3351 2612 vigilia
3400 2538 3594 2594 Natalis
3628 2537 3711 2591 llo-

2163 2631 2300 2687 mini
2327 2673 2342 2700 ,
2375 2648 2500 2703 qua
2525 2648 2592 2688 eo
2621 2649 2770 2688 anno
2812 2634 3056 2690 occurrit
3103 2633 3159 2690 in
3219 2644 3381 2690 sexta
3414 2633 3542 2689 feria
3565 2676 3578 2700 ,
3602 2633 3713 2688 ultra

2161 2705 2328 2792 quam
2352 2738 2462 2777 non
2483 2723 2647 2778 debet
2667 2724 2917 2793 protrahi
2948 2722 3217 2780 Bernonis
3257 2724 3473 2796 regula.
3522 2722 3612 2777 Per
3637 2723 3714 2776 hoc

2161 2812 2415 2869 initiante
2463 2815 2887 2886 quadragesima
2931 2816 3094 2871 tertia
3143 2815 3493 2872 hebdomada
3517 2859 3530 2883 ,
3564 2815 3611 2870 in
3647 2829 3715 2870 se-

2162 2906 2353 2978 quenti
2385 2905 2626 2962 Sabbato
2658 2907 2905 2964 nascitur
2939 2907 3197 2964 Christus
3225 2951 3240 2978 ,
3295 2909 3353 2964 in
3402 2925 3468 2965 eo
3504 2907 3641 2980 quasi
3675 2907 3718 2960 in

2162 2998 2344 3054 alieno
2366 3040 2381 3066 ,
2415 2999 2546 3071 quia
2575 3017 2685 3056 non
2713 3009 2800 3056 est
2825 3001 2875 3056 ei
2905 3001 3012 3056 hoc
3039 3017 3187 3056 anno
3219 3001 3380 3058 locus
3403 3002 3455 3056 in
3493 2997 3718 3057 Bernonis

2159 3090 2484 3147 diversorio.
2522 3090 2867 3151 Confidimus
2898 3103 3082 3148 tamen
3111 3092 3179 3149 de
3208 3094 3373 3149 vobis
3397 3093 3452 3148 in
3483 3091 3717 3154 Domino,

2157 3185 2306 3256 quod
2341 3185 2458 3256 ipse
2484 3185 2579 3256 qui
2613 3186 2860 3242 nascitur
2889 3185 3074 3256 magni
3117 3186 3343 3242 consilii
3370 3185 3614 3258 _Angclus
3653 3183 3719 3237 in-

2159 3277 2391 3349 Spirabit
2411 3277 2569 3333 vobis
2619 3285 2676 3333 et
2722 3277 3030 3349 aspirabit,
3093 3287 3156 3333 ut
3206 3278 3415 3334 habeat
3452 3277 3601 3332 etiam
3639 3275 3720 3329 hoc

2158 3383 2304 3424 anno
2337 3368 2520 3424 locum
2567 3369 2626 3424 in
2658 3377 2859 3424 vestra
2904 3367 3188 3439 sapientia
3235 3369 3562 3425 diversorio.
3609 3364 3720 3420 Velit

2157 3457 2300 3516 forte
2333 3460 2534 3532 aliquis
2555 3477 2822 3518 excusare
2860 3461 3170 3519 Bernonem
3197 3505 3212 3531 ,
3259 3479 3366 3535 per
3409 3464 3510 3518 hoc
3533 3460 3660 3534 quod
3678 3459 3720 3512 in

2157 3569 2256 3608 vui
2283 3551 2556 3610 Kalendas
2570 3552 2819 3609 Januarii
2843 3554 3038 3626 incipit
3059 3557 3252 3612 ultima
3274 3555 3589 3614 Decembris
3609 3553 3716 3609 heb-

2158 3645 2394 3702 domada
2417 3687 2432 3715 ,
2463 3663 2588 3719 qua
2616 3647 2779 3704 debet
2798 3649 3131 3719 respondere
3157 3649 3373 3706 Christi
3403 3647 3721 3722 generationi.

2157 3739 2352 3797 Posset
2375 3742 2596 3812 quidem
2627 3757 2727 3813 per
2757 3743 2864 3799 hoc
2883 3744 3137 3800 excusari
3164 3786 3179 3813 ,
3209 3745 3256 3801 si
3282 3746 3458 3800 etiam
3487 3745 3584 3799 hoc
3607 3754 3723 3797 anno

2158 3835 2473 3892 differretur
2492 3836 2768 3908 jejunium
2799 3837 2858 3892 in
2888 3839 3194 3894 secundum
3222 3837 3410 3894 Martii
3440 3838 3721 3894 Sabbatum.

2161 3927 2268 3985 Sed
2295 3930 2345 3985 ei
2380 3930 2468 3986 via
2499 3929 2649 3986 hunc
2671 3930 2938 3986 evadendi
2978 3931 3362 4001 praecluditur,
3411 3933 3536 4002 quia
3575 3928 3723 4001 posito

2162 4020 2402 4078 Sabbato
2422 4023 2621 4094 jejunii
2647 4023 2704 4078 in
2736 4040 2775 4078 ιι
2799 4021 2994 4080 Nonas
3021 4065 3035 4091 ,
3069 4032 3123 4079 et
3149 4023 3437 4080 Abraham
3481 4025 3724 4080 obtinente

2159 4118 2284 4189 plus
2314 4133 2479 4189 quam
2520 4119 2820 4174 secundam
2871 4117 3049 4172 Martii
3102 4117 3508 4175 hebdomadam
3535 4161 3548 4187 ,
3591 4113 3725 4172 Chri-

2157 4219 2278 4268 stus
2302 4227 2404 4268 nec
2422 4212 2782 4283 penultimam
2808 4211 3541 4269 Decembrishebdomadam
3570 4210 3723 4266 habet.

2229 4303 2358 4361 Hac
2377 4304 2526 4376 juste
2550 4320 2724 4361 necne
2745 4304 2978 4361 dixerim
3001 4304 3069 4360 de
3090 4305 3278 4377 regula
3303 4304 3590 4370 Bernonis,
3606 4300 3726 4355 vidc-

465 4410 581 4452 sua
607 4395 961 4455 hebdomada
981 4399 1099 4456 dies
1129 4398 1350 4455 amittit.
1383 4398 1664 4456 Abraham
1687 4408 1894 4472 quanto
1928 4401 2051 4456 lon-
2079 4401 2130 4464 D
2153 4399 2236 4457 bit
2265 4408 2463 4456 vestra
2495 4399 2791 4470 diligentiae
2819 4397 3014 4454 oculus
3040 4415 3055 4466 ;
3094 4407 3150 4454 et
3185 4399 3232 4454 si
3273 4399 3416 4469 quid
3475 4399 3670 4453 incaute
3698 4408 3723 4446 a

465 4489 588 4561 gius
615 4506 648 4546 a
675 4507 774 4546 sua
802 4492 1143 4549 hebdomada
1173 4493 1484 4564 elongatur,
1518 4501 1674 4548 tanto
1698 4492 1884 4564 plures
1934 4493 2054 4550 dies

461 4581 566 4639 sibi
596 4585 856 4656 usurpat,
885 4569 949 4642 ut
978 4587 1274 4659 aliquando
1301 4586 1595 4659 plusquam
1623 4601 1794 4642 unam
1840 4586 2050 4643 hebdo-

463 4675 679 4732 madam
705 4719 720 4746 ,
748 4679 1043 4752 aliquando
1072 4681 1367 4752 plusquam
1390 4680 1532 4737 duas
1561 4680 1850 4747 obtineat,
1876 4681 2056 4737 tribus

459 4771 671 4828 scilicet
697 4773 855 4830 annis
881 4817 896 4843 ,
931 4775 1132 4846 quibus
1155 4792 1254 4832 vos
1282 4776 1486 4848 ponitis
1525 4774 1829 4832 Sabbatum
1855 4775 2054 4847 jejunii

459 4867 608 4924 circa
638 4884 693 4924 vr
721 4866 849 4924 Idus
872 4868 1071 4926 Martii.
1105 4869 1176 4925 At
1210 4885 1348 4942 puer
1376 4869 1538 4942 cujus
1563 4879 1650 4926 est
1689 4885 1894 4926 nomen
1940 4868 2050 4926 Do-

459 4961 646 5018 minus
667 4961 854 5034 justus
876 4971 1086 5032 noster,
1124 4964 1194 5020 ad
1243 4979 1402 5020 suam
1441 4972 1652 5036 partem
1709 4971 2054 5020 recrescente

459 5051 606 5114 linea
636 5072 770 5114 suos
795 5097 810 5125 ,
842 5065 1058 5113 tantum
1088 5057 1210 5115 dies
1239 5057 1527 5114 annuatim
1551 5056 1794 5128 recepit,
1831 5063 1886 5111 et
1913 5054 2054 5111 nihil

458 5151 582 5224 plus
606 5167 708 5208 sua
728 5151 878 5222 justa
918 5159 1074 5223 parte
1097 5151 1286 5224 exigit.
1318 5149 1397 5206 lta
1443 5166 1544 5207 vos
1583 5165 1869 5223 nunquam
1894 5191 1910 5218 ,
1947 5149 2056 5205 nisi

458 5254 690 5318 excepto
716 5261 828 5302 uno
850 5262 999 5303 anno
1026 5246 1170 5304 datis
1214 5243 1463 5302 nascenti
1511 5243 1733 5301 Christo
1781 5244 2049 5316 integram

458 5337 863 5395 hebdomadam
889 5381 905 5408 ,
938 5338 1047 5394 nisi
1080 5338 1222 5396 forte
1258 5337 1570 5394 subtractos
1606 5334 1679 5392 in‘
1694 5336 1890 5392 Martio
1937 5336 2055 5393 dies

467 5431 709 5489 assuatis
737 5432 1039 5490 decurtata
1065 5430 1273 5488 Christi
1297 5430 1653 5487 hebdomada
1678 5473 1692 5499 ,
1727 5438 1790 5486 ut
1837 5430 1924 5486 vel
1975 5429 2056 5486 sic

467 5522 614 5580 detis
638 5524 880 5596 quodam
905 5523 1070 5582 modo
1101 5522 1330 5602 pauperi
1354 5520 1577 5577 Christo
1617 5521 1958 5579 eamisiolam
1987 5522 2058 5579 de

462 5615 765 5674 conscissis
793 5617 1104 5688 panniculis
1125 5622 1479 5674 reconsutam
1505 5655 1520 5682 ,
1558 5615 1719 5686 cujus
1751 5615 2056 5672 inconsuti-

402 5717 412 5728 ’
457 5709 570 5770 lem
592 5705 839 5772 tunicam
869 5729 972 5774 nec
997 5711 1211 5772 inimici
1241 5711 1362 5786 ejus
1393 5709 1692 5770 sciderunt.
1744 5707 1864 5768 Non
1900 5710 2055 5768 decet

2155 4491 2317 4548 nobis
2352 4490 2562 4546 dictum
2590 4496 2674 4544 est
2700 4530 2715 4556 ,
2744 4503 2847 4544 uos
2870 4489 3196 4560 simplicitas
3219 4489 3369 4544 oculi
3397 4487 3569 4544 nostri
3587 4499 3724 4541 excu-

2154 4584 2299 4642 sabit
2319 4625 2335 4653 ,
2364 4591 2420 4640 et
2447 4583 2668 4639 veniam
2703 4581 3043 4654 impetrabit.
3073 4581 3196 4639 Non
3229 4583 3381 4638 enim
3411 4581 3453 4636 Β
3490 4580 3636 4636 rnoni
3681 4577 3724 4631 in

2157 4680 2344 4752 aliquo
2368 4679 2699 4751 derogamus
2723 4720 2738 4747 ,
2763 4694 2928 4750 quem
2962 4686 3025 4733 ut
3051 4685 3305 4734 sanctum
3347 4685 3406 4733 et
3455 4675 3724 4746 sapientem

2157 4789 2449 4831 censemus
2471 4773 2878 4829 numerandum
2910 4772 2967 4828 in
2994 4788 3228 4828 numero
3261 4771 3557 4828 illustrium
3597 4767 3724 4822 viro-

2159 4883 2284 4924 rum
2310 4909 2325 4936 ,
2357 4866 2490 4938 quia
2513 4867 2660 4938 quod
2699 4883 2731 4922 a
2753 4865 2868 4922 Deo
2903 4867 3098 4924 habuit
3123 4867 3192 4923 ad
3227 4865 3535 4938 profectum
3563 4869 3722 4934 poste-

2157 4977 2347 5018 rorum
2381 4961 2620 5029 obtulit,
2656 4970 2710 5016 et
2741 4961 2867 5016 inde
2914 4960 2968 5016 id
3019 4961 3200 5033 ipsum
3246 4960 3396 5032 quod
3441 4957 3659 5022 obtulit,
3697 4968 3723 5006 a

2157 5054 2272 5112 Deo
2294 5055 2640 5127 probandum
2701 5054 2825 5110 fuit.
2861 5053 3074 5110 Obtulit
3107 5071 3304 5112 aurum
3351 5051 3647 5110 sanctitatis
3680 5054 3726 5101 et

2157 5147 2458 5220 sapientia.
2492 5145 2780 5217 Tanquam
2807 5162 3005 5202 aurum
3034 5147 3088 5202 in
3143 5145 3364 5203 fornace
3409 5144 3600 5217 probat
3630 5139 3722 5194 ele-

2157 5251 2276 5299 ctos
2302 5241 2590 5310 Dominus,
2609 5240 2810 5296 obtulit
2835 5248 3122 5312 argentum
3151 5240 3498 5312 eloquentia.
3523 5233 3650 5304 Quid
3669 5231 3722 5286 de

2155 5335 2253 5391 tali
2274 5335 2396 5391 viro
2423 5333 2667 5407 suggerit
2691 5333 2851 5389 vobis
2883 5333 3154 5405 sapientia
3202 5349 3296 5404 per
3355 5322 3720 5388 Salomouem-i

2157 5428 2348 5498 Aufer,
2384 5429 2590 5500 inquit,
2621 5427 2931 5500 rubiginem
2961 5427 3030 5483 de
3057 5436 3283 5500 argento
3307 5469 3320 5493 ,
3363 5435 3419 5481 et
3444 5421 3718 5496 egredietur

2156 5540 2253 5581 vas
2298 5523 2687 5595 purissimum.
2736 5518 2995 5591 Optarent
3048 5520 3105 5576 in
3135 5519 3300 5576 domo
3332 5517 3431 5574 Dei
3469 5513 3717 5574 ambulare

2161 5633 2288 5676 cum
2319 5633 2591 5673 consensu
2625 5615 2752 5670 talis
2781 5614 2922 5682 viri;
2973 5615 3070 5670 sed
3105 5615 3182 5670 ait
3225 5614 3394 5669 Amos
3428 5609 3670 5683 prapheta
3703 5619 3714 5654 :

2160 5707 2420 5782 Nunquid
2454 5707 2802 5765 ambulabunt
2834 5706 2941 5764 duo
2972 5706 3155 5778 simul,
3179 5708 3282 5763 nisi
3311 5707 3386 5762 eis
3416 5694 3718 5760 convenerit!

3849 1459 3859 1530 J

3847 1572 3861 1630 Ἰ

3855 1440 3859 1566 Ι

3855 1572 3861 1676 l

3865 1906 3869 2050 1Ι
