3952 6324
196 319 322 380 841
1606 302 1757 361 Ι)Βᾶ

1939 253 2084 359 n.1,
3383 295 3500 358 842

197 445 396 492 torum
421 448 542 506 ergo
572 431 616 464 ¹⁶
642 436 904 486 rectorum
946 421 1252 480 aminiculis
1291 420 1574 492 insignitus
1605 419 1648 451 ¹¹
1673 435 1800 490 por-
1828 426 1880 484 Α
1906 416 2103 483 notari,
2136 431 2264 488 quos
2291 415 2473 470 divina
2499 416 2677 488 gratia
2702 415 2835 487 facit
2855 416 3007 473 donis
3031 417 3377 474 carismatum
3401 418 3490 492 ip-

199 535 331 582 tum
369 525 552 580 subibo
586 537 821 585 securus,
849 526 1119 574 ventorum
1161 513 1457 568 turbinibus
1495 510 1802 582 expeditus;
1904 511 1977 564 sis
1999 509 2324 580 principibus
2359 510 2671 580 principari,
2703 510 2808 564 cibi
2842 526 3065 582 quorum
3099 512 3491 583 dispensatione

190 638 308 675 nec
329 616 584 674 dubitabo
605 615 763 686 lippis
787 610 1072 666 luminibus
1097 609 1236 662 viam
1272 607 1595 678 incognitam
1621 605 1662 636 ¹²
1686 601 1806 673 pal-
1904 603 2235 656 subditorum
2265 602 2404 673 quod
2435 603 2822 673 capacitatibus
2859 603 3080 660 celestis
3108 605 3380 664 alimoniae
3420 608 3490 680 fi:-

189 711 409 780 pitare,
434 723 554 761 cum
581 703 910 776 cognoverim
935 701 978 732 “
1006 709 1267 754 rectorum
1298 696 1475 752 oculos
1505 694 1805 768 prleceden-
1905 693 2107 749 delibus
2132 704 2397 766 erogatur,
2444 694 2726 749 eorundem
2755 697 3039 766 patrocinii
3086 708 3280 754 nostra:
3319 699 3493 771 pusil-

192 803 350 855 tium
378 801 490 854 luce
511 798 741 853 lucidius
765 797 1094 850 choruscare.
1121 791 1192 847 Et
1221 808 1341 846 cum
1363 789 1493 844 tales
1534 788 1806 860 prtemise-
1905 786 2222 842 lanimitatis
2253 786 2559 858 opusculum
2596 790 2854 867 suffragio
2884 799 3095 846 tueatur
3113 791 3334 848 "'Nam
3357 810 3490 866 quos

190 897 317 946 rim
370 892 666 946 causidicos
712 890 754 924 “
799 889 1115 958 defensores,
1155 884 1525 955 ﬂocipendam,
1563 881 1806 952 quitquid
1905 879 2046 933 Deus
2077 881 2343 935 ordinavit
2384 889 2532 936 tanto
2563 882 2840 955 privilegio
2871 883 3150 956 dignitatis
3192 886 3493 943 hominibus

190 984 522 1039 musitando
558 984 600 1016 "
642 988 1034 1036 murmurarent
1074 977 1323 1033 invidiosi
1359 975 1700 1030 detractores.
1735 972 1806 1027 Et
1905 974 2089 1028 ceteris
2117 975 2444 1043 praemittere,
2471 985 2672 1046 oportet
2699 977 2907 1032 eosdem
2931 979 3222 1034 studiosius
3256 981 3497 1053 singulo-

188 1079 468 1148 quoniam
511 1077 726 1148 fortuna
772 1075 880 1129 voti
910 1089 1118 1143 compos
1164 1087 1252 1126 vos
1291 1070 1525 1140 fautores
1559 1067 1806 1123 obtulerit
1906 1083 2024 1120 rum
2045 1066 2090 1098 ³⁵
2117 1065 2441 1120 utilitatibus
2468 1076 2518 1121 et
2546 1069 2946 1124 necessitatibus
2969 1071 3275 1142 prtevidere.
3315 1070 3496 1143 Igitur

183 1169 376 1238 iusta:
419 1171 515 1236 rei,
570 1169 790 1240 dignum
839 1167 972 1223 duxi
1007 1174 1182 1220 tantos
1221 1165 1360 1220 viros
1389 1163 1616 1217 inserere
1653 1161 1807 1232 quasi
1907 1179 1970 1216 ne
1997 1161 2123 1216 viles
2138 1164 2185 1199 ‘-°
2208 1179 2444 1232 persona:
2468 1163 2744 1218 videamur
2777 1166 3033 1220 vanitatis
3075 1166 3318 1237 ﬁmbrias
3339 1168 3383 1199 "
3410 1167 3498 1221 di-

188 1263 432 1316 cronica
472 1262 625 1316 seriei
653 1262 716 1316 ⁸⁶.
776 1258 958 1314 Vestro
1006 1274 1230 1330 namque
1257 1267 1483 1327 tempore
1524 1255 1808 1325 vestrisque
1907 1254 2100 1322 latare,
2126 1255 2436 1310 codicellum
2462 1273 2565 1311 non
2603 1267 2783 1313 nostro
2809 1257 3154 1327 decrevimus,
3178 1260 3269 1315 sed
3309 1261 3496 1316 vestris

187 1351 457 1422 precibus
477 1352 729 1422 preciosis
751 1350 1040 1405 illustravit
1064 1348 1204 1405 Deus
1230 1348 1516 1404 Poloniam
1537 1347 1808 1402 Bolezlavi
1908 1348 2205 1402 nominibus
2237 1348 2474 1405 titulare.
2505 1348 2768 1416 Quocirca
2797 1350 3010 1406 laudem
3050 1353 3206 1423 hujus
3235 1355 3408 1424 operis
3445 1362 3499 1410 et

191 1447 370 1500 tercii
417 1447 575 1518 gestis
628 1444 1055 1500 memorabilibus
1097 1453 1147 1500 et
1194 1443 1414 1514 famosis
1463 1443 1526 1497 ³⁷.
1579 1441 1649 1496 Et
1688 1457 1810 1496 cum
1907 1446 2156 1502 honorem
2179 1447 2224 1479 ’⁸
2253 1447 2410 1518 hujus
2439 1449 2632 1519 patriai
2660 1450 2986 1520 principibus
3019 1450 3368 1517 ascribamus,
3397 1465 3497 1504 no-

189 1541 389 1594 multa
412 1549 462 1595 et
489 1541 773 1611 magnifica
800 1538 943 1594 vobis
973 1547 1117 1609 gesta
1139 1538 1543 1608 praetermittam
1571 1536 1808 1608 degenti-
1907 1547 2078 1593 strum
2099 1556 2216 1593 vero
2237 1539 2467 1594 laborem
2488 1539 2785 1612 laborisque
2812 1540 3065 1596 talionem
3087 1551 3270 1596 vestra:
3295 1542 3499 1596 discre-

188 1633 334 1701 bus,
367 1633 611 1706 quadam
643 1643 818 1688 tamen
845 1633 889 1667 ¹⁸
931 1648 1204 1705 suggerere
1229 1631 1599 1703 subsequenter
1641 1631 1682 1662 ²⁹
1715 1646 1810 1701 po-
1910 1630 2070 1685 tionis
2127 1631 2350 1684 arbitrio
2409 1631 2732 1701 ﬁducialiter
2789 1634 3204 1687 committamus.
3261 1631 3498 1704 Spiritus

186 1727 503 1780 steriorum
523 1724 792 1781 memoria:
825 1740 928 1778 non
957 1723 1228 1778 dimittam
1267 1724 1334 1791 '°,
1358 1722 1448 1777 sed
1482 1721 1553 1776 ad
1580 1738 1808 1792 praesens
1840 1795 1868 1797 ξ
1909 1724 2082 1778 sancti
2106 1725 2304 1795 gratia,
2335 1741 2452 1795 qua:
2476 1741 2562 1778 vos
2591 1725 2846 1782 dominici
2875 1727 3046 1797 gregis
3077 1736 3311 1796 pastores
3351 1727 3500 1781 ordi-

187 1834 304 1873 vos
331 1835 437 1873 uno
472 1834 578 1886 ore,
601 1834 710 1872 una
737 1817 896 1872 laude
920 1817 965 1849 ¹¹
992 1817 1322 1871 unanimiter
1363 1815 1639 1870 unanimes
1667 1831 1806 1869 una-
1839 1795 1884 1852 Β
1909 1818 2076 1884 navit,
2103 1817 2208 1872 tale
2237 1826 2481 1890 suggerat
2503 1818 2785 1873 consilium
2819 1827 3004 1875 vestra:
3037 1820 3220 1888 menti,
3238 1828 3498 1891 quatenus

188 1914 416 1980 nimus,
447 1921 497 1967 et
519 1928 646 1984 quos
669 1909 1038 1966 indissolubile
1066 1910 1311 1965 caritatis
1347 1909 1615 1964 vinculum
1646 1925 1808 1963 anne-
1909 1912 2148 1982 princeps
2180 1911 2342 1982 digna
2391 1911 2479 1966 det
2528 1929 2746 1966 munera
2793 1915 3131 1983 promerenti,
3179 1913 3318 1968 unde
3354 1911 3500 1968 vobis

189 2007 334 2071 ceit,
363 2007 557 2060 nostris
584 2006 629 2037 “
668 2021 870 2076 quoque
911 2005 1192 2076 praeconiis
1223 2004 1567 2058 adnectamus
1593 2002 1658 2057 “.
1711 2001 1813 2057 ,θὶς
1903 2003 2098 2072 honor,
2120 2003 2321 2074 sibique
2342 2005 2387 2036 ¹⁹
2412 2005 2586 2076 gloria
2605 2006 2894 2078 proferenti
2917 2007 2984 2062 ⁸ο.
3017 2005 3233 2078 Semper
3256 2007 3502 2078 gaudete,

191 2115 381 2171 gnum
409 2107 486 2154 est
505 2099 668 2169 enim,
695 2106 754 2154 ut
775 2114 955 2154 rerum
971 2097 1136 2154 etiam
1163 2098 1322 2170 gestis
1342 2097 1646 2175 institerant
1668 2111 1809 2167 prte-
1914 2098 2063 2152 nobis
2087 2099 2330 2169 operique
2363 2099 2534 2170 favete

1531 2231 1826 2275 EXPLICIT
1851 2230 2179 2276 EPISTOLA.

1341 2404 1718 2468 INCIPIT
1790 2395 2384 2468 EPILOGUS“.

503 2571 822 2630 Bolezlavus
845 2569 958 2626 dux
983 2568 1029 2602 ³³
1051 2567 1293 2636 inclitus,
2194 2565 2428 2633 Aurum,
2453 2571 2761 2637 argentum,
2792 2565 2978 2637 pallia,

577 2665 676 2722 Dei
708 2665 855 2722 dono
875 2662 1216 2736 progenitus,
2265 2657 2528 2729 Donaque
2549 2659 2773 2714 mittunt
2796 2659 2926 2727 alia,

575 2757 678 2815 Hic
709 2772 808 2829 per
831 2771 1020 2828 preces
1048 2753 1224 2826 Egidii
2263 2752 2457 2809 Vestes
2491 2768 2678 2810 sacras
2702 2761 2758 2810 et
2783 2770 3012 2811 aureum

578 2850 825 2924 Sumpsit
853 2863 1080 2908 causam
1099 2845 1332 2904 exordii.
1811 2887 1814 2894 .
2205 2855 2210 2860 '
2270 2845 2510 2903 Calicem
2541 2854 2628 2903 sat
2651 2847 2944 2920 ydoneum.

507 2941 751 3011 Qualiter
777 2941 925 2998 istud
951 2939 1136 3008 fuerit,
1425 2995 1428 2998 ,
1717 3014 1724 3020 ν
1823 2939 1825 2942 ’
1855 2974 1864 3018 ί
2200 2939 2312 2998 Nec
2336 2956 2512 3008 mora,
2541 2941 2698 2996 mis'si
2727 2949 3025 3014 properant

579 3034 639 3091 Si
660 3035 806 3090 Deus
831 3034 920 3090 hic
941 3033 986 3065 ³³
1009 3030 1265 3088 annuerit
1286 3029 1366 3100 “;
1820 3023 1869 3115 gf
2269 3030 2374 3087 Per
2395 3040 2571 3114 terras
2600 3046 2740 3103 quas
2775 3047 2887 3087 non
2925 3040 3224 3103 noverant;

577 3126 882 3186 Possumus
907 3125 1065 3182 vobis
1091 3124 1294 3193 dicere,
1828 3111 1831 3115 ’
2271 3112 2671 3180 Praetereuntes
2697 3122 2930 3180 Galliam

585 3220 644 3278 Si
674 3221 884 3294 placeat
901 3219 1166 3275 adiacere.
1805 3219 1825 3244 “·
2271 3215 2644 3273 Pervenerunt
2665 3216 3034 3275 Provinciam.

511 3315 766 3374 Relatum
793 3323 880 3372 est
911 3312 1228 3385 parentibus
2199 3308 2350 3366 Missi
2384 3323 2615 3364 munera
2641 3308 2949 3380 proferunt,

585 3410 914 3468 successore
945 3406 1290 3472 carentibus,
2271 3402 2525 3458 Monachi
2553 3410 2734 3474 grates
2763 3401 3040 3474 referunt;

582 3504 830 3561 Conﬂent
852 3501 897 3534 ³⁸
927 3501 1047 3557 auri
1073 3498 1383 3571 congeriem
2277 3489 2517 3547 Causam
2543 3490 2587 3523 ”
2615 3498 2844 3546 narrant
2867 3492 3079 3551 itineris

585 3596 646 3653 In
674 3598 977 3653 humanam
1000 3595 1045 3626 ³⁸
1067 3592 1320 3666 etﬁgiem,
2273 3582 2342 3641 Et
2361 3583 2680 3655 qualitatem
2703 3585 2906 3656 operis.

516 3692 693 3761 Quam
719 3691 939 3746 mittant
967 3696 1159 3745 sancto
1188 3699 1420 3758 propere
1441 3683 1508 3751 ⁸⁷,
2200 3675 2358 3733 Tunc
2384 3677 2643 3733 monachi
2677 3677 2939 3736 continuo
2963 3679 3011 3714 “

584 3786 706 3842 Fiat
726 3794 788 3842 ut
815 3785 896 3841 eis
922 3797 1183 3856 prospere
1205 3780 1272 3848 ³⁸,
2277 3769 2601 3841 Jejunavere
2625 3770 2671 3803 δι
2701 3771 2915 3828 triduo:

587 3859 898 3951 Votumque
923 3877 1036 3933 Deo
1055 3881 1310 3940 voveant,
2275 3863 2345 3920 Et
2368 3865 2500 3921 dum
2524 3873 2695 3934 agunt
2713 3863 3008 3936 jejunium,

589 3971 768 4044 Atque
795 3971 1012 4028 ﬁrmam
1033 3984 1187 4041 Spem
1210 3966 1468 4022 habeant.
2277 3957 2448 4014 Mater
2469 3958 2717 4030 concepit
2741 3958 2944 4028 tilium;

518 4066 729 4121 Aurum
761 4065 888 4121 ilico
921 4062 1191 4130 funditur,
2209 4050 2278 4109 Et
2300 4068 2404 4124 pro
2434 4067 2566 4108 vero
2589 4053 2958 4124 pronunciant
2975 4053 3044 4124 δ’,

588 4157 805 4230 Eﬂigies
826 4156 1078 4226 ellicitur,
2278 4143 2438 4212 Quod
2461 4144 2508 4178 “
2534 4145 2690 4202 missi
2713 4145 2794 4202 sic
2811 4145 3096 4204 inveniant
3120 4145 3190 4202 “.

595 4246 773 4316 Quam
793 4262 895 4319 pro
929 4246 1118 4303 futuro
1145 4243 1260 4300 lilio
2281 4237 2536 4295 Monachi
2563 4255 2678 4296 rem
2701 4240 2992 4312 recipiunt,

591 4339 794 4398 Sancto
819 4340 1044 4397 mittunt
1060 4337 1272 4412 Egidio.
2282 4329 2436 4387 Missi
2461 4331 2638 4388 redire
2661 4332 2910 4404 cupiunt,

1523 4443 1759 4503 VARIE
1798 4443 2204 4502 LECTIONES.

308 4549 356 4584 ¹⁶
383 4548 550 4620 igitur
569 4547 624 4605 5.
674 4545 784 4620 H“_
817 4543 1323 4620 insignius_l._2.A
1385 4542 1428 4574 “
1480 4542 1620 4620 largis
1689 4541 1818 4614 lmg.
1873 4540 1985 4613 ing.
2043 4557 2139 4620 pro
2195 4542 2320 4620 l.__l.
2350 4560 2402 4598 γ.
2442 4543 2491 4620 ἰ.Δ
2540 4541 2593 4597 5.
2697 4543 3122 4620 ’ξορεεηηθνίω
3153 4542 3234 4620 1.-
3306 4536 3526 4620 εἷμα-ι

222 4613 443 4679 εἰάἱοιιὲ
487 4621 540 4674 5.
669 4617 717 4649 ¹⁸
772 4616 828 4671 in
888 4613 1144 4670 usitando
1196 4614 1245 4668 1.
1294 4613 1349 4668 2.
1402 4615 1492 4670 sed
1544 4614 1599 4668 2.
1656 4623 1838 4684 postea
1895 4615 2146 4670 correxit.
2248 4614 2292 4646 ¹⁶
2340 4615 2617 4670 cronicam
2663 4615 2820 4669 scriri
2856 4631 2952 4685 pro
2991 4631 3040 4670 c.
3099 4630 3146 4670 s.
3200 4614 3255 4671 5.
3357 4617 3402 4652 ίν
3435 4617 3522 4675 fa'

222 4694 389 4749 vosis
412 4692 462 4745 1.
491 4692 568 4744 ita
618 4697 668 4744 et
699 4688 754 4742 2.
786 4687 991 4753 habuit,
1023 4685 1112 4739 sed
1142 4687 1392 4741 correxit.
1471 4687 1514 4719 ⁸⁸
1553 4687 1605 4757 [ἦ
1627 4687 1678 4740 5.
1713 4693 1924 4739 tantum
1957 4686 2007 4739 1.
2033 4685 2102 4739 2?
2176 4685 2216 4717 ¹⁰
2240 4685 2690 4757 subsequentium
2731 4685 2856 4757 legit
2891 4687 2944 4740 5.
2986 4686 3201 4742 secund.
3237 4687 3321 4744 ed.
3361 4686 3519 4747 Vars.

226 4767 279 4797 ²⁰
321 4763 605 4818 obmittam
631 4760 684 4814 5.
759 4761 802 4790 ἰ
841 4775 898 4812 u.
924 4758 962 4811 l.
991 4757 1183 4828 desunt
1205 4757 1258 4810 5.
1337 4759 1380 4788 “
1408 4756 1605 4814 vestris
1627 4758 1679 4812 5.
1754 4758 1800 4788 "
1827 4766 2114 4828 annectam
2141 4757 2194 4811 '5.
2283 4759 2329 4789 ’δ
2349 4756 2439 4811 Ita
2467 4757 2741 4828 legendum
2780 4756 3032 4828 videtur:
3069 4758 3232 4812 donis
3269 4767 3347 4828 est
3389 4777 3520 4814 con~

217 4837 442 4907 jectura
475 4831 698 4907 _Pertzii.
725 4829 959 4907 Dignum
997 4836 1081 4907 est
1098 4827 1247 4907 enim
1278 4835 1338 4881 ut
1358 4844 1541 4907 rerum
1573 4828 1748 4907 eciam
1789 4827 1956 4899 gestis
1993 4827 2651 4907 in_s_titarunt_prenOlari,
2685 4844 2825 4898 quos
2864 4827 3046 4907 divina
3077 4828 3258 4907 gracia
3285 4827 3424 4907 facit
3454 4831 3525 4884 de

231 4898 348 4961 hiis
375 4904 732 4959 carismatum
769 4898 904 4970 ipsis
937 4899 1274 4969 principibus
1304 4898 1620 4968 principari,
1644 4899 1742 4970 tibi
1773 4898 2008 4970 quorum
2038 4899 2455 4968 dispensacione
2485 4899 2832 4954 subditorum
2864 4899 3009 4970 quod
3041 4898 3406 4969 apacit'atibus
3427 4915 3522 4955 ce-

229 4977 393 5031 lestis
416 4974 669 5029 alimonis
691 4969 880 5026 ﬁdeles
902 4979 1179 5041 erogatur,
1206 4971 1504 5025 eorundem
1532 4969 1820 5040 patrocinii
1850 4979 2036 5025 nostre
2059 4971 2527 5040 pusillanimitatis
2557 4969 2895 5041 opusculum
2926 4971 3186 5041 suﬂ‘ragio
3215 4979 3432 5026 tueatur
3465 4971 3518 5025 1.

232 5047 476 5116 Dignum
507 5055 591 5100 est
625 5044 791 5116 enim,
817 5051 876 5116 ut
900 5057 1084 5116 rerum
1113 5041 1286 5116 eciam
1313 5041 1484 5116 gestis
1512 5041 1800 5116 institerim
1832 5043 2109 5116 prenotari
2146 5042 2224 5116 (in
2261 5043 2498 5116 margine
2523 5041 2676 5116 addit
2697 5057 2716 5096 :
2761 5050 2975 5116 vestras
3007 5042 3360 5116 dignaciones
3395 5055 3523 5111 pre—

233 5111 540 5240 notemusz,
569 5131 706 5185 quos
732 5113 914 5168 divina
941 5113 1124 5183 gracia
1155 5111 1285 5166 facit
1309 5111 1376 5168 de
1414 5113 1519 5166 hiis
1546 5113 1901 5168 carismatum
1950 5112 2084 5184 ipsis
2111 5111 2451 5183 principibus
2491 5114 2790 5186 principari
2827 5113 2934 5170 cibi
2962 5111 3198 5184 quorum
3238 5111 3526 5180 dispensa-

233 5189 401 5240 cione
427 5203 489 5240 su
509 5187 770 5240 sditorum
797 5185 941 5240 quod
969 5183 1328 5240 anacitatibus
1350 5183 1566 5239 celestis
1606 5183 1883 5240 alimoniis
1917 5182 2103 5239 ﬁdeles
2124 5194 2399 5240 erogatur.
2427 5186 2727 5240 eorundem
2756 5185 3046 5240 patrocinii
3078 5191 3263 5238 nostre
3288 5181 3521 5240 nusilla-

233 5189 401 5244 cione
427 5181 770 5242 subdi—torum
797 5181 1328 5257 quodhpacitatibus
1350 5183 1566 5257 celestis
1606 5183 1883 5240 alimoniis
1917 5181 2399 5257 ﬁdeles'erogatur,
2427 5181 2727 5242 eorundem
2756 5181 3046 5257 patrocinii
3078 5191 3263 5238 nostre
3288 5181 3521 5257 pusilla-

235 5259 508 5316 nimitatis
537 5252 863 5329 opusculum
895 5253 1154 5329 suffragio
1182 5263 1400 5310 tueatur
1421 5254 1474 5329 2.
1503 5252 1848 5329 Dignumest
1872 5256 2021 5329 enim
2043 5252 2307 5329 utrorum
2331 5257 2507 5329 eciam
2529 5257 2696 5329 gestis
2724 5252 3029 5329 institeram
3059 5254 3359 5329 prenotari,
3382 5268 3523 5323 quos

235 5331 426 5385 divina
463 5324 644 5399 graéia
673 5327 804 5382 facit
830 5325 898 5399 de
927 5326 1010 5399 his
1039 5324 1392 5399 carismatlim
1422 5325 1555 5396 ipsis
1577 5324 1918 5396 principibus
1946 5327 2261 5397 principari,
2303 5328 2402 5383 tibi
2440 5324 2676 5399 quorum
2716 5324 3131 5399 dispensacione
3177 5324 3500 5399 subditorun

235 5402 400 5470 quod
419 5397 665 5470 apicibus
689 5397 904 5452 celestis
927 5397 1183 5452 alimonio
1211 5397 1459 5452 fidelibus
1487 5406 1790 5470 arrogatur,
1815 5400 2111 5470 eorundem
2140 5399 2426 5468 patrocinii
2459 5397 2651 5456 nostre
2692 5397 3157 5470 pusillanimitatis
3194 5397 3518 5470 opusculum

240 5468 468 5527 tueatur
491 5473 541 5525 5.
569 5471 622 5524 in
653 5478 912 5524 stateram
934 5483 1017 5540 pr.
1043 5487 1116 5540 έθ-
1141 5469 1268 5523 item
1291 5484 1525 5540 quorum
1556 5468 1698 5538 disp.
1727 5500 1796 5507 —
1821 5469 2067 5538 apicibus
2095 5471 2309 5526 celestis
2343 5472 2619 5526 alimoniis
2649 5468 2835 5526 ﬁdeles
2876 5469 3158 5524 Bandtkie.
3209 5468 3281 5540 A”
3308 5477 3520 5540 cetero-

240 5559 369 5597 rum
407 5544 458 5595 5.
537 5542 581 5572 ""
611 5541 789 5613 viliter
822 5541 874 5613 5.
951 5539 995 5613 f7
1035 5539 1222 5613 librias
1246 5537 1326 5613 2f
1379 5540 1423 5570 ³⁸
1454 5537 1736 5613 honore?»
1773 5611 1786 5613 _
1816 5537 1946 5613 “:in
1972 5541 2023 5594 5.
2103 5541 2146 5572 ⁸ο
2177 5542 2468 5611 preferenti
2500 5543 2654 5596 codd.
2737 5542 2794 5613 ν³¹
2829 5541 3100 5613 epilogum
3126 5541 3176 5596 1.
3201 5537 3256 5592 2.
3357 5538 3401 5568 ³⁸
3428 5554 3523 5594 rex

242 5614 299 5666 5.
379 5613 422 5644 ³³
455 5613 595 5666 deest
621 5613 674 5667 5.
752 5612 797 5643 ³⁵
817 5612 913 5664 hoc
941 5609 1054 5664 loco
1075 5611 1278 5665 addunt
1310 5612 1366 5665 in
1401 5611 1638 5680 margine
1667 5611 1714 5664 l.
1762 5611 1817 5665 2.
1845 5610 2110 5682 Prologus
2139 5609 2292 5666 tercii
2328 5614 2452 5668 libri
2546 5614 2590 5645 "
2616 5609 2998 5668 conﬂant—non'
3013 5621 3149 5667 recte
3185 5615 3427 5677 conexu
3459 5627 3525 5664 ea

243 5684 484 5756 conﬂent
504 5685 558 5756 2.
636 5683 678 5756 3°
707 5685 948 5756 humana
980 5682 1030 5736 l.
1054 5682 1108 5737 2.
1187 5682 1229 5713 ³⁷
1258 5699 1361 5754 ppe
1387 5683 1442 5736 2.
1479 5698 1614 5756 pape
1639 5682 1704 5756 5._
1769 5682 1813 5712 ³⁸
1842 5691 1901 5737 ut
1929 5685 2133 5756 cisliat
2154 5700 2253 5754 pro
2283 5701 2378 5754 spe
2405 5703 2500 5756 pro
2524 5683 2582 5740 F.
2612 5701 2665 5756 ur.
2699 5701 2748 5740 c.
2789 5702 2842 5756 p.
2871 5685 2924 5740 5.
3020 5685 3065 5716 ³⁸
3092 5697 3306 5752 cassam
3341 5685 3397 5743 2.
3476 5685 3521 5715 ⁸⁰

243 5755 501 5828 convnio
528 5755 576 5808 l.
602 5754 679 5808 sic
706 5763 756 5808 et
777 5755 832 5807 2.
857 5753 946 5828 sed
975 5763 1157 5828 postea
1183 5753 1494 5828 correctum.
1543 5753 1613 5828 _“
1633 5753 1882 5822 jejunare
1907 5756 1958 5809 1.
1989 5754 2044 5809 2.
2078 5753 2168 5828 __“
2195 5765 2249 5810 et
2280 5753 2427 5825 p’u‘o
2454 5755 2750 5826 pnunciant
2774 5753 2827 5812 2.
2879 5767 2931 5813 et
2974 5759 3101 5828 pu'o
3144 5757 3521 5828 prununciant
3547 5775 3552 5778 -

243 5823 464 5899 εθιρτο
476 5841 648 5897 puero
669 5825 1035 5894 pronunciant
1059 5825 1112 5882 5.
1189 5825 1234 5858 ⁸³
1253 5823 1350 5881 ’ἱια
1371 5824 1645 5898 legendum
1673 5841 1710 5903 q
1730 5841 1848 5882 cum
1868 5835 1994 5882 nota
2016 5823 2425 5884 adbreviat'ionis
2442 5823 2470 5896 ξ
2488 5844 2589 5884 non
2609 5837 2736 5884 vero
2759 5829 2872 5903 qui.
2901 5823 3081 5886 rem.
3145 5823 3198 5862 ν’
3221 5829 3441 5886 fuerant
3465 5830 3520 5885 5.

531 5920 808 6001 Parnm»
846 5919 1030 6000 CLX,
2773 5980 2778 5981 κ
3155 5923 3234 5988 27
