3952 6324
111 361 116 364 ’
189 380 304 438 849

1575 378 1782 450 LIBER
1813 389 2091 454 PRIMUS.

3353 406 3462 466 850

189 497 326 597 (αξη.-
344 492 493 566 965).
541 491 610 552 At
647 495 738 553 illa
759 489 761 491 ’
779 493 835 597 ni
872 511 1122 597 pravam
1146 504 1596 562 consuetudinem
1632 507 1780 563 illam
1809 511 1858 574 Α
1886 512 2046 584 longa
2076 512 2512 597 peregrinatione
2537 522 2593 572 et
2615 532 2646 571 a
2669 530 2768 572 sua
2788 517 2975 575 rebelli
2996 529 3153 592 gente
3172 521 3466 586 Bohemiea

183 591 454 658 dimittat,
506 607 734 663 seseque
769 592 887 649 ﬁeri
937 595 1297 652 christianum
1349 601 1632 670 promittat
1676 602 1780 657 sibi
1883 606 2084 661 multas
2127 591 2360 677 injurias
2393 623 2738 680 perpessum,
2780 609 2848 664 ad
2882 627 2941 667 se
2982 591 3288 672 venientem
3333 635 3462 676 eum

188 681 260 712 '”
290 683 498 738 nubere
549 685 840 740 recusavit.
899 684 977 741 Eo
1031 703 1161 759 ergo
1190 689 1274 750 '9‘,
1309 691 1676 762 collaudante,
1720 710 1780 750 se
1876 713 2077 772 magna
2107 699 2455 756 veneratione
2496 699 2758 772 suscepit,
2805 702 3034 775 ejusqde
3062 707 3462 776 praedicationi-

187 771 444 826 usum‘"
485 772 632 829 illius
681 776 987 846 paganismi
1038 779 1394 836 dimissurum
1441 791 1494 837 et
1531 782 1599 815 ¹⁸⁸
1652 783 1778 840 fidei

183 865 506 922 christiana:
561 877 902 924 sacramenta
954 881 1360 943 suscepturum,
1411 875 1503 931 illa
1554 876 1777 933 domina

178 973 313 1011 cum
349 975 545 1030 magno
575 961 840 1017 secularis
869 971 920 1017 et
956 964 1342 1022 ecclesiastica:
1369 967 1652 1040 religionis
1679 985 1776 1040 ap-

176 1065 382 1123 paratu
413 1055 697 1112 Poloniam
721 1058 986 1126 introivit,
1007 1061 1238 1116 necdum
1268 1072 1450 1118 tamen
1477 1064 1634 1119 thoro
1655 1080 1776 1121 sese

175 1147 427 1202 maritali
460 1147 764 1215 foederavit,
797 1149 972 1205 donec
1001 1151 1090 1206 ille
1131 1153 1392 1223 paulatim
1429 1157 1776 1210 consuetudi-

170 1253 310 1294 nem
329 1241 742 1297 Christianitatis
771 1251 824 1297 et
846 1243 1158 1314 religionem
1184 1247 1540 1303 ecclesiastici
1567 1248 1773 1306 ordinis

167 1331 472 1405 diligenter
507 1337 906 1406 contemplans,
953 1338 1124 1392 errori
1165 1339 1446 1410 gentilium
1487 1341 1774 1413 abnegavit

167 1442 356 1499 seque
379 1431 587 1500 gremio
615 1430 808 1485 matris
835 1431 1078 1486 ecclesiae
1119 1430 1452 1515 connivit‘”
1477 1432 1589 1505 (an.
1620 1432 1767 1503 966).

166 1538 234 1594 6.
272 1539 354 1595 De
384 1542 558 1611 primo
599 1540 1328 1668 Bolezlagohfbtﬁiggcebatur
1359 1543 1634 1600 Gloriosus
1679 1562 1770 1600 seu

247 1703 469 1762 Primus
503 1721 632 1779 ergo
655 1706 990 1764 Polonorum
1019 1711 1130 1768 dux
1165 1710 1386 1769 Mescho
1418 1729 1517 1784 per
1555 1712 1768 1768 ﬁdelem

161 1814 408 1854 uxorem
445 1800 511 1854 ad
541 1801 796 1871 baptismi
838 1803 1067 1874 gratiam
1113 1805 1382 1875 pervenit,
1417 1806 1507 1860 cui
1547 1805 1613 1859 ad
1642 1797 1765 1860 lau-

1878 789 1982 846 bus
2021 789 2330 846 ﬁdeliter’“
2367 801 2421 848 et
2457 792 2892 852 institutionibus
2933 798 3189 856 obedivit.
3225 800 3462 860 Sanctus

1878 897 2008 936 vero
2039 883 2230 937 martir
2270 882 2392 956 igne
2433 884 2675 942 caritatis
2700 895 2754 942 et
2784 886 2900 941 zelo
2923 888 3326 958 praedicationis
3363 910 3459 948 ac-

1877 989 2096 1042 census,
2126 985 2186 1031 ut
2207 977 2601 1047 aliquantulum
2621 979 2735 1049 jam
2761 978 2814 1034 in
2836 978 3063 1036 Polonia
3089 983 3248 1037 ﬁdem
3280 987 3462 1054 pullu-

1875 1063 2020 1122 Iasse
2068 1076 2121 1122 et
2170 1079 2413 1134 sanctam
2463 1071 2751 1127 ecclesiam
2798 1073 3107 1129 excrevisse
3151 1061 3458 1146 Conspexit,

1876 1162 2180 1232 intrepidus
2223 1163 2476 1220 Prusiam
2509 1165 2754 1233 intravit,
2793 1165 2978 1236 ibique
3014 1168 3263 1223 martirio
3295 1185 3459 1225 suum

1874 1271 2103 1327 agonem
2134 1249 2535 1314 consummavit
2552 1259 2622 1290 ²⁰⁵
2647 1259 2758 1329 (an.
2783 1259 2931 1329 997).
2963 1257 3154 1316 Postea
3181 1276 3313 1316 vero
3338 1277 3462 1317 cor-

1873 1361 1977 1417 pus
2007 1347 2180 1418 ipsius
2220 1348 2288 1402 ab
2325 1347 2458 1420 ipsis
2487 1347 2680 1405 Prusis
2709 1339 3035 1406 'Bolezlavus
3064 1351 3184 1406 auri
3219 1353 3461 1422 pondere

1873 1437 2209 1508 comparavit
2234 1437 2368 1511 (67),
2406 1449 2459 1494 et
2486 1439 2539 1494 in
2569 1437 2873 1496 Gneznensi
2901 1439 2970 1473 ¹⁰⁶
2994 1435 3283 1518 metropoli
3322 1461 3460 1501 con-

1872 1526 2035 1597 digno
2055 1527 2263 1583 honore
2283 1529 2673 1585 eollocavit'".
2701 1529 2837 1586 Illud
2861 1548 3080 1602 quoque
3108 1534 3460 1589 memoria?“

1872 1620 2363 1678 commendandum
2407 1623 2767 1692 aestimamus,
2813 1626 2959 1697 quod
3007 1634 3252 1697 tempore
3286 1627 3460 1698 ipsius

1872 1710 1941 1742 ²⁰⁹
1969 1709 2093 1766 Οιῑο
2121 1710 2294 1767 Rufus
2325 1712 2438 1786 (68)
2473 1714 2771 1786 imperator
2797 1715 2864 1770 ad
2905 1725 3158 1772 sanctum
3193 1717 3458 1773 Adalber-

1870 1811 1985 1860 tum
2027 1805 2296 1862 orationis
2337 1822 2402 1862 ac
2447 1808 2908 1863 reconciliationis
2953 1810 3128 1880 gratia
3178 1809 3458 1881 simulque

158 1891 299 1944 dem
326 1898 380 1945 et
410 1863 638 1962 gloriam
664 1893 796 1949 satis
822 1863 1204 1950 habundanter
1234 1863 1450 1964 suﬂicit,
1475 1897 1621 1968 quod
1663 1912 1765 1953 suo
1795 1863 1844 1926 Β
1872 1894 2096 1967 gloriosi
2119 1895 2405 1951 Bolezlavvi
2437 1898 2798 1970 cognoscendi
2838 1863 2985 1955 fam;
3017 1899 3283 1967 introivit,
3315 1863 3458 1956 sicut

161 1990 423 2053 tempore
443 1994 494 2039 et
516 2000 613 2055 per
640 2001 764 2039 eum
809 1987 991 2042 oriens
1021 2003 1088 2043 ex
1131 1989 1242 2043 alto
1266 2005 1498 2061 regnum
1531 1989 1770 2045 Polonize

157 2075 519 2131 visitavit‘“.
553 2076 627 2132 De
672 2078 776 2132 hac
808 2095 1045 2150 namque
1085 2080 1366 2136 benedicta
1415 2080 1616 2136 femina
1654 2082 1770 2153 glo-

155 2167 387 2221 riosum
413 2166 755 2223 Boleslavum
786 2171 1067 2241 generavit
1093 2172 1179 2239 m,
1230 2173 1324 2243 qui
1354 2181 1478 2243 post
1508 2173 1769 2244 ipsius‘”

156 2260 385 2315 obitum
413 2260 524 2332 (an.
559 2261 687 2329 992,
721 2261 834 2316 Mai
861 2263 954 2333 25)
1001 2264 1114 2336 (62)
1161 2281 1388 2337 regnum
1422 2267 1650 2322 viriliter
1670 2284 1768 2340 gu-

153 2351 444 2419 bernavit,
462 2362 515 2408 et
539 2353 593 2408 in
619 2362 826 2409 tantam
852 2353 962 2410 Deo
985 2354 1198 2412 favente
1223 2357 1480 2414 virtutem
1503 2369 1555 2415 et
1576 2368 1769 2430 poten-

152 2446 299 2501 tiam
333 2447 593 2514 excrevit,
626 2448 792 2518 quod,
827 2458 887 2502 ut
930 2448 1010 2504 sic
1037 2450 1286 2520 eloquar,
1343 2466 1443 2507 sua
1491 2453 1764 2524 probitate

153 2548 344 2594 totam
396 2539 678 2595 Poloniam
709 2541 1009 2596 deauravit.
1059 2540 1194 2608 Quis
1250 2544 1397 2599 enim
1449 2545 1569 2616 ejus
1615 2555 1766 2618 gesta

151 2628 333 2685 fortia
375 2629 463 2686 vel
519 2632 818 2687 certamina
886 2641 1076 2688 contra
1121 2635 1354 2706 populos
1411 2637 1764 2708 circumqua-

153 2739 274 2796 que
317 2726 616 2782 commissa
677 2727 838 2799 digne
894 2728 1063 2783 valeat
1102 2729 1172 2762 ¹⁹⁸
1227 2747 1518 2800 enarrare,
1562 2734 1763 2789 nedum

152 2817 333 2873 etiam
365 2818 586 2890 scriptis
623 2821 1035 2879 memorialibus
1055 2822 1121 2855 ¹⁹⁸
1149 2827 1568 2882 commendare?
1591 2825 1764 2882 Num-

154 2910 301 2980 quid
341 2927 450 2965 non
483 2912 680 2982 ipse‘“
705 2912 1003 2969 Moraviam
1039 2925 1093 2971 et
1134 2915 1455 2974 Bohemiam
1475 2919 1541 2953 ¹⁹¹
1566 2921 1762 2992 subju-

155 3007 338 3088 gavit,
377 3017 432 3064 et
457 3009 511 3064 in
545 3009 720 3082 Praga
750 3011 999 3066 ducalem
1033 3014 1214 3068 sedem
1252 3013 1508 3080 obtinuit,
1537 3012 1763 3084 suisque

153 3113 285 3155 eam
332 3101 690 3174 suﬂ'raganeis
735 3103 1047 3174 deputavit?
1069 3105 1182 3176 (63)
1222 3105 1332 3177 (an.
1364 3104 1548 3177 1003.)
1590 3104 1762 3162 Num-

1869 1986 1923 2041 in
1960 1987 2102 2042 libro
2136 1988 2202 2043 de
2229 1989 2486 2059 passione
2528 1989 2769 2046 m’artiris
2804 1995 2982 2061 potest
3008 1993 3337 2062 propensius
3372 1993 3456 2047 in-

1867 2080 2040 2135 veniri
2069 2080 2201 2153 (69).
2235 2081 2408 2149 Quem
2440 2082 2760 2140 Bolezlavus
2799 2084 2878 2139 sic
2927 2084 3229 2139 honoriﬁce
3256 2094 3310 2140 et
3339 2102 3457 2140 ma-

1869 2171 2061 2245 gniﬁce
2085 2172 2328 2243 suscepit
2357 2171 2494 2245 (70),
2525 2183 2585 2228 ut
2611 2189 2790 2244 regem
2829 2174 3214 2245 imperatorem
3254 2174 3457 2230 Roma-

1867 2279 2000 2319 num
2022 2279 2086 2320 ac
2111 2273 2320 2320 tantum
2352 2265 2623 2336 hospitem
2648 2267 2925 2336 suscipere
2950 2267 3148 2322 decens
3174 2265 3296 2322 fuit.
3313 2265 3453 2323 Nam

1865 2343 2130 2413 miracula
2167 2357 2395 2412 mirifica
2427 2357 2827 2413 Bolezlavus’“
2867 2357 3216 2428 imperatoris
3251 2358 3455 2412 adven-

1865 2457 1945 2518 tu,
1984 2451 2131 2506 acies
2180 2451 2514 2521 inprimism
2558 2451 2795 2504 militum
2843 2449 3219 2517 multimodas,
3257 2450 3454 2506 deinde

1864 2543 2172 2614 principum
2204 2543 2260 2597 in
2299 2543 2522 2614 planitie
2555 2543 2794 2614 spatiosa
2833 2542 2992 2612 quasi
3046 2541 3250 2599 choros
3299 2542 3453 2598 ordi-

1865 2635 2043 2703 navit,
2108 2636 2462 2707 singulasque
2500 2635 2570 2667 “'
2624 2635 2918 2706 separatim
2951 2635 3022 2666 ’⁸³
3068 2635 3217 2690 acies
3262 2633 3448 2690 diver-

1864 2729 1998 2785 sitas
2066 2729 2510 2784 indumentorum
2590 2721 2848 2784 discolor
2888 2726 3139 2782 variavit.
3212 2725 3280 2782 Et
3333 2745 3444 2782 non

1863 2821 2117 2892 Quaelibet
2179 2829 2299 2876 erat
2363 2820 2437 2876 ibi
2487 2820 2613 2876 vilis
2650 2821 2721 2852 ’³⁸
2791 2825 3029 2877 varietas
3103 2822 3452 2886 ornamenti,

1863 2913 1957 2969 sed
2007 2913 2257 2984 quitquid
2311 2920 2491 2984 potest
2545 2928 2781 2984 usquam
2847 2914 3092 2985 gentium
3154 2913 3454 2986 pretiosius

1863 3005 2109 3075 reperiri,
2153 3005 2354 3076 quippe
2385 3005 2657 3060 Bolezlavi
2708 3015 2952 3078 tempore
3005 3007 3210 3078 quique
3251 3008 3450 3062 milites

1861 3104 1914 3152 et
1949 3113 2179 3166 quaeque
2207 3095 2423 3152 feminae
2452 3097 2687 3153 curiales
2720 3097 2902 3169 palliis
2933 3115 3034 3169 pro
3080 3100 3240 3155 lineis
3281 3100 3452 3154 vesti-

155 3192 299 3264 quid
328 3209 438 3248 non
487 3194 603 3265 ipse
635 3194 922 3266 Hungaros
966 3194 1308 3267 frequentius
1353 3196 1409 3251 in
1457 3197 1757 3252 certamine
1783 3225 1830 3288 Ο
1860 3188 1963 3245 bus
1985 3189 2066 3243 vel
2118 3189 2291 3245 laneis
2333 3189 2649 3258 utebantur,
2693 3206 2795 3246 nec
2840 3191 3008 3261 pelles
3053 3194 3457 3262 quantumlibet

155 3286 463 3357 superavit,
496 3296 774 3360 totamque
803 3297 1006 3345 terram
1034 3305 1226 3346 eorum
1247 3306 1424 3362 usque
1448 3289 1756 3347 Danubium

157 3397 266 3438 suo
290 3383 536 3439 dominio
566 3385 930 3456 maneipavit?
965 3385 1078 3457 (64)
1113 3387 1226 3457 (an.
1265 3385 1415 3458 999.)
1455 3385 1756 3443 Indomitos

155 3487 295 3528 vero
341 3481 493 3548 tanta
543 3475 742 3530 virtute
777 3474 1024 3532 Saxones
1042 3477 1108 3509 “3
1130 3477 1374 3533 edomuit
1398 3477 1534 3547 (65),
1559 3477 1655 3548 qui
1685 3477 1754 3509 ¹⁹⁹

158 3562 217 3620 in
250 3563 477 3622 flumine
507 3565 646 3623 Sala:
674 3569 730 3623 in
759 3570 940 3634 medio
970 3578 1128 3626 terrae
1168 3585 1359 3624 eorum
1399 3577 1543 3625 meta
1575 3568 1750 3625 ferrea

159 3657 300 3712 ﬁnes
325 3656 569 3714 Poloniae
595 3660 912 3715 terminavit
934 3660 1066 3732 (66).
1106 3659 1248 3727 Quid
1279 3676 1408 3732 ergo
1433 3661 1504 3693 '°°
1536 3669 1622 3716 est
1650 3676 1750 3716 ne-

157 3761 316 3802 cesse
352 3748 610 3804 victorias
644 3759 699 3804 et
739 3749 1048 3820 triumphos
1069 3748 1142 3828 _de
1173 3749 1424 3820 gentibus
1461 3749 1756 3806 incredulis

157 3838 486 3894 nominatim
508 3839 577 3871 ²⁶¹
621 3841 907 3908 recitasse,
939 3857 1078 3911 quas
1127 3849 1211 3897 est
1238 3851 1496 3896 constans
1516 3841 1587 3873 ’θ’
1626 3857 1753 3897 eum

157 3933 319 4002 quasi
352 3934 454 3988 sub
480 3935 707 4004 pedibus
734 3934 1122 3991 conculcasse?
1148 3935 1268 4006 Ipse
1296 3951 1533 4007 namque
1565 3936 1755 3992 Selen-

158 4023 324 4090 ciam,
367 4023 750 4081 Pomoraniam
789 4035 843 4082 et
881 4026 1134 4082 Prusiam
1181 4043 1357 4097 usque
1379 4028 1516 4082 adeo
1562 4028 1646 4082 vel
1695 4027 1752 4083 in

156 4116 387 4185 perﬁdia
427 4117 741 4174 resistentes
785 4119 1042 4176 contrivit
1089 4119 1176 4174 vel
1207 4135 1502 4176 conversas
1547 4121 1602 4174 in
1645 4121 1751 4176 fide

158 4207 417 4263 solidavit
453 4210 562 4278 (an.
598 4210 749 4281 995),
794 4211 942 4280 quod
977 4210 1241 4267 ecclesias
1278 4210 1352 4265 ibi
1391 4211 1677 4265 multas'"
1697 4219 1753 4266 et

157 4301 449 4372 episcopos
496 4318 591 4372 per
617 4303 1003 4374 apostolicum,
1040 4319 1227 4376 ymmo
1273 4303 1607 4375 apostolicus
1656 4319 1752 4374 per

157 4407 287 4448 cum
327 4394 620 4451 ordinavit.
658 4394 780 4468 Ipse
818 4396 982 4452 etiam
1024 4397 1244 4455 beatum
1298 4396 1650 4454 Adalbertum
1695 4398 1751 4452 in

1862 3283 2131 3354 pretiosae,
2177 3282 2303 3338 licet
2350 3297 2506 3339 novae
2559 3281 2794 3357 fuerint,
2840 3281 2899 3338 in
2958 3284 3079 3354 ejus
3127 3285 3281 3340 curia
3336 3285 3456 3339 sine

1861 3376 2025 3448 pallio
2053 3376 2123 3409 ἠ
2145 3385 2201 3432 et
2222 3374 2501 3432 aurifrisio
2515 3375 2895 3447 portabantur.
2919 3377 3130 3433 Aurum
3161 3376 3306 3433 enim
3334 3379 3455 3447 ejus

1859 3473 2106 3536 tempore
2155 3479 2447 3522 commune
2511 3465 2672 3538 quasi
2723 3475 3009 3544 argentum
3069 3467 3138 3523 ab
3197 3469 3455 3524 omnibus

1859 3557 2186 3626 habebatur,
2233 3567 2520 3628 argentum
2557 3575 2689 3616 vero
2737 3560 2842 3615 viie
2870 3559 3029 3631 quasi
3057 3561 3128 3593 '“
3166 3577 3267 3631 pro
3311 3572 3456 3616 stra-

1858 3652 2007 3709 mine
2033 3655 2102 3688 ’"
2139 3652 2442 3709 tenebatur.
2490 3651 2662 3724 Cujus
2690 3651 2920 3726 gloriam
2967 3662 3022 3708 et
3056 3653 3350 3724 potentiam
3398 3664 3456 3710 et

1857 3743 2074 3801 divitias
2100 3744 2397 3816 imperator
2418 3743 2701 3801 Romanus
2723 3743 3098 3812 considerans,
3125 3745 3450 3800 admirando

1857 3837 2027 3894 dixit:
2058 3837 2166 3894 Per
2189 3853 2438 3892 coronam
2465 3821 2676 3908 imperii
2700 3837 2801 3892 mei
2824 3837 2915 3903 ⁸³⁸,
2942 3838 3148 3908 majora
3178 3847 3299 3891 sunt
3333 3854 3453 3908 qme

1854 3933 2024 4000 video,
2055 3949 2215 4004 quam
2249 3931 2396 4002 fama
2435 3930 2673 4001 percepi;
2717 3944 3058 4000 suorumque
3097 3929 3166 3961 ¹¹⁹
3194 3928 3450 3984 consultu

1855 4031 2172 4096 maguatum
2202 4039 2390 4079 coram
2419 4022 2678 4078 omnibus
2713 4022 2945 4093 adjecit:
2978 4019 3101 4076 Non
3124 4030 3200 4077 est
3230 4022 3450 4093 dignum

1855 4123 2063 4171 tantum
2089 4133 2151 4171 ac
2185 4117 2357 4171 virum
2380 4113 2540 4170 talem
2573 4116 2667 4183 ²²⁰,
2693 4116 2833 4170 sicut
2880 4131 3043 4170 unum
3084 4115 3148 4170 de
3185 4115 3448 4185 principi-

1853 4209 1970 4275 bus,
2017 4209 2202 4264 ducem
2244 4215 2339 4263 aut
2380 4209 2625 4263 comitem
2669 4209 2964 4276 nominari,
3021 4207 3113 4263 sed
3164 4208 3222 4262 in
3273 4207 3450 4284 regale

1852 4301 2047 4356 solium
2092 4301 2384 4373 glorianter
2436 4301 2747 4357 redimitum
2798 4301 3112 4372 dyademate
3165 4297 3450 4356 Sublimari

1854 4393 1968 4466 (71)
2001 4391 2113 4462 (an.
2146 4391 2330 4465 1025).
2349 4390 2418 4447 Et
2441 4392 2718 4463 accipiens
2747 4391 3030 4463 imperiale
3057 4392 3322 4464 dyadema
3345 4405 3443 4447 ca-

1467 4509 1704 4567 VARIAS
1741 4505 2144 4563 LECTIONES.

233 4597 333 4679 ἴθ’,
367 4615 586 4679 (Illoque
636 4601 935 4679 addit-UA
1032 4601 1290 4679 “igitur
1324 4603 1378 4679 .5-
1433 4672 1444 4679 .
1511 4601 1579 4634 ³⁸⁷
1634 4600 1811 4679 insue
1864 4598 1916 4653 ⁵·
1961 4584 2284 4679 .-.⁸⁸⁸,ξέςιδο
2390 4596 3077 4679 _“’-.‘L°E£.‘1“iti.i.‘n§

162 4665 577 4750 univitﬂestint
611 4672 688 4750 Δ5.
800 4672 868 4750 Ὗ
899 4672 978 4750 De
1015 4665 1349 4750 _—-“(:I_h_a_bri_
1373 4672 1608 4750 __d_€_8_unt_
1654 4665 1717 4750 2.
1778 4671 1858 4750 3._
1960 4667 2038 4750 "1
2086 4666 2259 4750 Natus
2309 4675 2407 4750 .est
2431 4665 2890 4750 hDCQCCbXVI‘I
2947 4665 3236 4750 addit
3292 4685 3451 4750 Par-

161 4742 283 4811 gine
349 4741 400 4795 1.
503 4744 568 4774 '9'
597 4742 758 4799 Anno
823 4742 1042 4798 Domini
1100 4742 1520 4800 DCCCCLXVII
1577 4742 1643 4798 de
1705 4741 1810 4797 hac
1843 4739 2138 4822 benedicta
2196 4737 2410 4820 femina.
2431 4735 2794 4793 Dambrowka
2824 4737 3096 4819 gloriosus
3125 4739 3235 4794 dux
3287 4738 3450 4823 Bole-

161 4811 310 4865 slaus
344 4823 637 4865 generatur
659 4830 754 4865 vro
788 4813 1010 4865 Primus
1045 4829 1176 4865 ergo
1200 4847 1272 4856 -
1293 4814 1577 4865 generavit
1614 4813 1666 4865 3.
1751 4813 1818 4844 ¹⁹³
1844 4821 2020 4865 natns
2043 4811 2098 4865 3.
2178 4808 2246 4841 ¹⁹¹⁵
2271 4810 2441 4864 valuit
2466 4808 2521 4863 3.
2598 4808 2666 4839 m
2709 4809 3102 4864 memoraltbus
3134 4811 3187 4864 3.
3266 4809 3335 4841 ¹⁹⁶
3369 4829 3451 4865 ,ςι-

158 4811 310 4866 slaus
344 4823 637 4880 generatur
658 4830 754 4883 pro
788 4813 1010 4869 Primus
1045 4829 1176 4938 ergo
1200 4847 1272 4856 —
1293 4814 1577 4886 generavit
1614 4813 1666 4866 3.
1751 4813 1818 4844 ¹⁹³
1844 4812 2020 4881 patris
2043 4811 2098 4866 3.
2178 4811 2246 4841 ¹⁹⁵
2271 4811 2441 4864 valuit
2466 4811 2521 4863 5.
2598 4811 2666 4839 ’⁵⁸
2709 4811 3102 4891 memorialibus
3134 4811 3187 4864 3.
3266 4811 3335 4841 ¹⁹⁶
3369 4813 3449 4865 si-

158 4882 304 4962 glum
335 4883 596 4962 incertum
627 4901 721 4954 pro
755 4882 821 4939 N.
851 4901 906 4955 q.
941 4902 997 4962 ῃ.
1025 4885 1062 4938 i.
1130 4926 1168 4962 ._
1224 4885 1371 4962 "(et
1400 4883 1866 4962 Beliemiam‘odd.
1889 4884 1945 4936 in
1974 4879 2453 4962 magineforrﬂ.
2592 4887 2966 4962 tanta‘vtrtute
2996 4879 3252 4962 Saxones
3267 4890 3449 4935 trans-

157 4950 1112 5034 jmm‘tinfnSaxopestantavirtute
1137 4956 1190 5010 3.
1277 4956 1601 5034 “{quod3.
1667 4954 1950 5034 f°°__ig_itur
1979 4950 2131 5034 21‘3.
2211 4950 2568 5034 ’°'.nomi.nali
2592 4951 2645 5004 3.
2721 4951 3030 5034 ’f’constat
3052 4953 3451 5034 3.“:“1nucas

253 5024 694 5154 aestas.
1429 5021 1960 5151 εεξςτωξυεςίςξςερῖ.
2008 5021 3100 5150 ιξὲἶηῗὲἷῗ⁵11)θίνᾶἔιεῖῆ⁰⁰¹¹ιῗῖε¹¹ιῗέἶὲιῖζνί
3123 5021 3196 5148 'zt
3228 5021 3450 5146 (ξιιςειειξ

158 5111 212 5150 o.
293 5111 358 5127 ’ν’
392 5111 712 5164 sepeuvnto.
795 5111 862 5130 ’νυ
889 5111 1115 5170 mgnum
1140 5111 1271 5154 add.
1299 5111 1354 5153 5.
1529 5113 1676 5151 anno
1705 5111 1960 5151 vmencet
2010 5111 2230 5150 uomuit
2277 5111 2350 5149 tu.
2394 5111 2546 5147 aaau
2574 5111 2627 5146 ο.
2705 5111 2774 5125 ἰν
2828 5111 3196 5175 υοιειιεινμι.
3246 5111 3301 5174 ξ.

157 5164 540 5248 Boleglausniu
569 5167 805 5248 adventu
843 5168 1200 5248 imperatoris
1222 5169 1508 5240 prepandit
1549 5165 1885 5248 (Eeidit‘).-In
1915 5166 2305 5248 primismacies
2327 5181 2421 5248 pro
2463 5163 2783 5248 Bolezlavus
2811 5165 3248 5248 imperatoris—
3273 5179 3450 5248 inpri-

157 5237 266 5317 mis
385 5316 388 5317 ν
416 5238 744 5311 msingulas
767 5233 987 5317 quoque
1003 5240 1054 5294 3.
1116 5241 1206 5317 _“'
1225 5233 1623 5317 separatum}:
1678 5233 1772 5317 f“
1785 5233 1937 5317 deest
1953 5239 2025 5317 3_._
2085 5237 2155 5268 ἠ
2183 5233 2348 5317 ρειΙίμρ
2375 5236 2429 5292 5.
2445 5234 2704 5317 mmgua
2724 5236 2778 5291 5.
2855 5233 2921 5317 ξῖτ
2939 5234 3244 5290 habebatur
3266 5233 3442 5317 addit,

156 5306 250 5361 sed
271 5309 455 5378 postea
475 5305 924 5380 quasuperﬂ'umit
946 5311 1155 5381 punctis
1187 5305 1392 5366 notavit
1414 5311 1470 5366 2.
1547 5309 1617 5342 ²¹⁸
1653 5309 1796 5364 deest
1824 5309 1877 5364 2.
1955 5308 2027 5340 ’⁸⁸
2054 5305 2282 5365 suorum
2303 5307 2358 5363 3.
2445 5306 2517 5339 ἠ
2549 5305 2726 5384 virum
2748 5321 2814 5363 ac
2833 5305 3006 5362 civem
3030 5322 3125 5388 pro
3143 5321 3198 5360 a.
3237 5321 3292 5360 v.
3327 5312 3368 5360 t.
3389 5305 3445 5360 5.
3479 5384 3483 5404 ἰ

156 5464 350 5590 Ὧὲ62)
395 5464 481 5521 Cf.
535 5465 936 5533 Thietmarum,
978 5481 1052 5533 ιν,
1099 5467 1188 5534 57,
1231 5475 1285 5522 et
1322 5469 1463 5523 Ann.
1497 5399 1898 5528 HildeslifTE.
1922 5470 2037 5542 (67)
2071 5468 2257 5524 Bruno
2290 5467 2415 5525 Vita
2451 5468 2510 5524 S.
2541 5468 2760 5536 Adalb.,
2793 5480 2846 5522 c.
2867 5465 2959 5534 54,
3001 5474 3057 5523 et
3081 5464 3345 5524 Miracula
3373 5462 3442 5524 3.

160 5573 172 5587 .
274 5578 288 5590 .
333 5537 479 5590 diem
519 5552 554 5590 v
613 5535 690 5590 Id.
733 5535 839 5590 Mai
888 5537 1110 5590 exhibet
1151 5538 1376 5590 Kalend.
1407 5538 1741 5590 Mersehurtr-
1849 5541 2074 5590 Adam.
2099 5556 2148 5590 c.
2188 5541 2243 5590 9.
2271 5538 2328 5590 S.

160 5535 288 5614 992,
322 5535 479 5614 ρἰηι
508 5552 554 5614 _v
613 5535 865 5614 mihi-
888 5537 1110 5592 exhibet
1151 5538 1376 5596 Kalend.
1407 5538 1741 5614 Merseburg.
1848 5535 2085 5614 Αάἐξιζῆ.ζ
2099 5556 2148 5596 c.
2188 5541 2243 5595 9.
2271 5538 2328 5614 S.

158 5603 285 5661 Vid.
322 5605 439 5661 Roe
508 5607 568 5674 ll,
599 5623 640 5674 ι,
669 5606 794 5662 105.
823 5605 889 5661 Κ.
1689 5603 1721 5614 “’
1887 5625 1890 5628 ·
1947 5611 2017 5667 68
2063 5603 2181 5667 Imo
2201 5613 2416 5667 tertius.
2444 5607 2509 5664 K.

256 5677 350 5748 65)
378 5623 738 5744 Οΐξκέοδῐηθε,
765 5695 804 5741 ι,
830 5677 918 5732 55.
953 5675 1019 5732 Κ.
1923 5612 2042 5819 (69ξ
2073 5680 2158 5736 Cf.
2227 5681 2454 5738 raefatio.
2491 5679 2509 5757 I

233 5677 352 5819 $64)
382 5747 468 5811 Cf.
502 5747 569 5804 de
597 5749 685 5819 his
711 5748 952 5819 Bocpell,
991 5765 1029 5813 ι,
1057 5747 1181 5804 651.
1213 5747 1279 5804 Κ.
1950 5751 2019 5806 70
2065 5751 2149 5808 Cf.
2174 5697 2319 5807 Xnn.
2349 5751 2502 5818 Quod

1032 4601 1290 4680 “igitur
1324 4603 1378 4680 .5-
1433 4672 1444 4680 .
1634 4600 1811 4680 insue
1864 4598 1916 4653 ⁵·
1961 4596 2284 4680 .-.⁸⁸⁸.ξες¹δο
2389 4596 2889 4680 _“’-.¢resniti.t.
2927 4597 3216 4680 inseque
3265 4614 3452 4655 -οο-
3530 4611 3534 4616 '

256 5677 350 5748 63)
378 5675 464 5748 Cf.
486 5676 738 5744 Cosmas,
765 5695 804 5741 ι,
830 5677 918 5732 55.
953 5675 1019 5732 Κ.
1074 5747 1080 5748 γ
1218 5747 1254 5748 η
1923 5675 2042 5748 (69)
2073 5680 2158 5736 Cf.
2186 5681 2454 5748 praefatio.
2491 5678 2555 5735 K.

259 5747 352 5819 64)
382 5747 468 5811 Cf.
502 5747 569 5804 de
597 5749 685 5819 his
711 5748 952 5819 Bocpell,
991 5765 1029 5813 ι,
1057 5747 1181 5804 651.
1213 5747 1279 5804 Κ.
1923 5747 2040 5819 (70)
2065 5751 2149 5808 Cf.
2174 5747 2319 5807 Ann.
2349 5750 2742 5819 Quedlinburg.
2769 5747 2940 5819 1000.
2973 5747 3040 5806 Κ.

255 5817 351 5895 65)
377 5819 615 5895 annales
633 5817 967 5895 Polonorum
994 5819 1636 5895 Cracpviensesinediti.
1666 5823 1738 5895 #S.
1865 5894 1868 5895 ν
1924 5817 2052 5895 (71)-
2077 5823 2234 5895 Quod
2255 5817 2493 5895 demum
2507 5817 2974 5895 a.‘1025_factum_
2989 5829 3186 5895 est,_ut
3203 5821 3440 5895 probant

257 5888 350 5962 66)
376 5887 462 5946 Cf.
489 5889 632 5947 Ann.
667 5889 1059 5963 Quedlinburg.
1089 5889 1248 5962 1007,
1288 5891 1446 5962 1012,
1482 5893 1639 5953 1017.
1665 5893 1730 5952 Κ.
1843 5887 1990 5953 Ann.
2018 5887 2409 5964 Quedlinburg.
2453 5889 2540 5949 Cf.
2570 5890 2798 5964 prell,
2829 5909 2870 5963 ι,
2912 5892 3037 5950 162.
3065 5887 3132 5952 Κ.

1923 5615 1944 5895 Ξ
