3952 6324
468 351 571 413 8’}!

1681 328 2060 415 cnnamum:
2097 355 2550 420 POLONORUM.

3671 361 3785 420 852

467 467 594 540 pitis
623 483 730 536 sui,
763 467 926 539 capiti
947 467 1221 526 Bolezlavi
1267 471 1324 527 in
1355 471 1613 529 amicitiae
1661 471 1842 532 foedus
1889 476 2063 547 impo-
2090 482 2145 542 Α
2242 479 2293 536 7.
2330 480 2604 548 Quomodo
2641 487 2840 537 terram
2867 489 3105 552 potenter
3127 482 3445 540 Bolezlavus
3478 483 3714 540 Basia

466 563 597 632 suit,
624 572 678 619 et
707 580 805 636 pro
829 565 1029 620 vexillo
1054 566 1368 639 triumphali
1395 568 1463 599 ²¹²
1489 569 1704 624 clavum
1727 569 1779 625 ei
1803 569 1869 626 de
1900 585 2065 626 cruce

422 658 440 736 ξ
468 658 686 715 Domini
713 677 838 718 cum
865 661 1059 718 lancea
1093 663 1274 719 sancti
1297 662 1546 720 Mauricii
1575 664 1720 720 dono
1748 663 1918 732 dedit,
1962 679 2064 736 pro

467 753 667 824 quibus
721 755 798 810 illi
845 754 1166 813 Bolezlavus
1218 757 1396 813 sancti
1439 756 1720 814 Adalberti
1774 758 2063 814 brachium

467 847 770 904 redonavit.
803 847 872 904 Et
893 857 1044 904 tanta
1099 858 1228 906 sunt
1256 850 1348 905 illa
1400 849 1490 906 die
1518 849 1810 906 dilectione
1856 848 2065 904 couniti

468 943 558 1011 ²²³,
591 943 741 1014 quod
768 943 1068 1015 imperator
1111 959 1238 1000 eum
1272 942 1498 999 fratrem
1544 951 1600 999 et
1649 950 2063 1014 cooperatorcm

468 1034 681 1109 imperii
707 1037 992 1094 constituit
1021 1037 1092 1068 ²²³
1136 1044 1192 1093 et
1222 1037 1412 1109 populi
1446 1021 1683 1092 Remani
1725 1037 1964 1092 amicum
2011 1043 2068 1091 et

465 1131 679 1185 socium
703 1129 1012 1202 appellavit.
1043 1129 1273 1202 Insuper
1301 1131 1468 1186 etiam
1495 1130 1565 1162 ³²⁸
1590 1131 1648 1186 in
1677 1129 2064 1186 ecclesiasticis

465 1223 772 1280 honoribus
814 1223 884 1255 ¹²⁵
935 1224 1188 1295 quitquid
1215 1223 1283 1280 ad
1332 1224 1624 1296 imperium
1654 1224 1963 1296 pertinebat
2007 1224 2065 1278 in

465 1331 634 1387 regno
662 1314 1021 1387 Polonorum,
1050 1318 1138 1373 vel
1175 1317 1231 1374 in
1263 1319 1386 1376 aliis
1434 1317 1708 1390 superatis
1752 1319 1821 1374 ab
1871 1332 1937 1373 eo
1978 1316 2066 1373 vel

464 1409 791 1480 superandis
813 1411 1133 1483 regionibus
1166 1411 1556 1480 barbarorum,
1581 1427 1697 1466 suae
1725 1424 2065 1481 suorumque

462 1502 723 1573 potestati
750 1504 1045 1574 concessit,
1096 1505 1257 1575 cujus
1297 1504 1570 1576 pactionis
1599 1504 1878 1578 decretum
1922 1517 2062 1574 papa

465 1591 728 1654 Silvester
781 1598 852 1630 ’“
911 1606 1117 1655 sanctae
1163 1599 1429 1656 Romanae
1485 1599 1734 1656 ecclesiae
1780 1597 2065 1670 privilegio

461 1687 832 1746 conﬁrmavit.
860 1688 1031 1761 Igitur
1059 1690 1382 1749 Bolezlavus
1404 1692 1461 1748 in
1503 1708 1688 1763 regem
1725 1692 1795 1746 ab
1823 1691 2063 1762 impera—

465 1790 582 1840 tore
606 1792 719 1840 tam
742 1783 980 1856 gloriose
1002 1785 1353 1854 sublimatus,
1377 1786 1608 1842 inditam
1638 1785 1741 1842 sibi
1765 1786 2064 1842 liberalita-

461 1884 574 1933 tem
599 1879 848 1934 exercuit
881 1879 976 1950 “7,
1009 1896 1134 1937 cum
1181 1881 1359 1938 tribus
1389 1896 1504 1937 suae
1531 1880 1964 1936 consecrationis
1994 1880 2065 1912 ²²⁸
2097 1861 2140 1916 Β

460 1969 655 2030 diebus
685 1972 998 2029 convivium
1035 1974 1291 2045 regaliter
1333 1982 1390 2031 et
1425 1974 1783 2044 imperialiter
1816 1973 2064 2028 celebra-

460 2063 562 2131 vit,
616 2064 961 2137 singulisque
991 2066 1184 2123 diebus
1209 2083 1344 2124 vasa
1393 2067 1580 2124 omnia
1620 2076 1675 2122 et
1707 2066 2064 2138 supellectilia

460 2159 875 2227 transmutavit,
907 2159 1126 2232 aliaque
1168 2161 1384 2217 diversa
1426 2162 1711 2233 multoque
1740 2161 2066 2232 pretiosiora

460 2253 830 2328 praesentavit.
865 2252 1049 2310 Finito
1097 2270 1338 2327 namque
1360 2257 1635 2324 convivio,
1672 2256 1965 2326 pincernas
2012 2262 2069 2310 et

461 2344 742 2417 dapiferos
762 2363 897 2404 vasa
925 2363 1096 2405 aurea
1131 2358 1188 2404 et
1212 2359 1492 2421 argentea,
1515 2350 1665 2404 nulla
1707 2349 1854 2404 enim
1887 2339 2068 2419 lignea

460 2439 539 2498 ibi
567 2441 933 2510 habebantur,
983 2441 1190 2514 cyphos
1217 2441 1471 2498 videlicet
1497 2449 1553 2496 et
1599 2455 1830 2512 cuppas,
1878 2439 2067 2494 lances

460 2542 518 2592 et
537 2534 815 2592 scultellas
848 2534 920 2567 ²²⁹
941 2524 1237 2591 etcornua
1268 2534 1336 2590 de
1370 2533 1578 2591 mensis
1606 2531 1866 2589 omnibus
1899 2531 2068 2587 trium

460 2627 678 2684 dierum
709 2642 1046 2700 congregare
1073 2627 1144 2661 “°
1172 2627 1452 2698 praecepit,
1498 2636 1553 2682 et
1595 2624 1915 2696 imperatori
1965 2639 2067 2696 pro

462 2719 694 2786 honore,
726 2734 839 2774 non
863 2733 966 2790 pro
987 2718 1280 2789 principali
1307 2735 1558 2787 munere,
1606 2717 1975 2788 praesentavit.
2021 2716 2070 2770 A

463 2809 789 2867 camerariis
827 2824 960 2867 vero
988 2810 1155 2880 pallia
1196 2817 1427 2866 extensa
1477 2819 1532 2866 et
1581 2810 1650 2842 ’³⁸
1702 2810 1945 2866 cortinas
1973 2810 2065 2878 ³³³,

464 2902 695 2974 tapetia,
722 2909 920 2971 strata,
938 2903 1211 2972 mantilia,
1231 2903 1598 2976 manutergia,
1621 2911 1677 2960 et
1705 2919 2070 2976 quaecumque

463 2994 692 3052 servitio
720 3003 1050 3068 praesentata
1077 2995 1322 3066 fuerunt,
1354 2997 1528 3070 jussit
1564 2997 1818 3054 similiter
1839 3013 2070 3070 congre-

464 3103 599 3161 gare
619 3088 691 3121 ⁸⁸³
716 3096 773 3146 et
795 3089 855 3145 in
885 3105 1161 3147 cameram
1207 3091 1558 3162 imperatoris
1596 3099 1942 3164 comportare
1972 3092 2065 3144 ³³⁸.

463 3178 694 3254 Insuper
739 3183 909 3239 etiam
943 3183 1014 3220 ³³⁸
1069 3183 1178 3241 alia
1229 3184 1389 3255 plura
1437 3184 1587 3240 dedit
1627 3201 1795 3254 vasa,
1859 3184 2070 3241 scilicet

464 3287 635 3330 aurea
683 3282 741 3332 et
790 3283 1047 3350 argentea
1097 3276 1304 3334 diversi
1351 3277 1562 3349 operis,
1613 3278 1778 3349 pallia
1816 3294 1947 3334 vero
1998 3277 2069 3310 ³³⁸

463 3366 672 3424 diversi
728 3367 962 3439 coloris,
1009 3379 1336 3428 ornamenta
1369 3373 1588 3443 generis
1624 3371 1819 3444 ignoti,
1862 3372 2071 3443 lapides

464 3459 740 3533 pretiosos
766 3469 823 3518 et
852 3462 1172 3534 huiusmodi
1201 3464 1272 3497 ’³⁷
1301 3472 1384 3520 tot
1416 3471 1473 3521 et
1508 3472 1660 3520 tanta
1698 3466 2068 3536 praesentavit,

463 3551 614 3623 quod
638 3551 938 3625 imperator
966 3562 1120 3612 tanta
1153 3570 1386 3612 munera
1414 3570 1517 3626 pro
1547 3555 1816 3612 miraculo
1849 3564 2072 3627 reputa-

462 3641 562 3698 vit.
598 3641 858 3717 Singulos
885 3662 1018 3704 vero
1050 3647 1330 3720 principes
1355 3647 1478 3720 ejus
1503 3647 1578 3704 ita
1610 3648 1900 3720 magniﬁce
1947 3666 2071 3704 mu-

463 3737 700 3806 neravit,
737 3739 887 3811 quod
926 3756 1026 3797 eos
1069 3756 1139 3798 ex
1164 3742 1361 3814 amici;
1405 3741 1478 3775 ³³³
1529 3741 1899 3800 amicissimos
1950 3742 2066 3816 (72)

464 3830 780 3901 acquisivit.
827 3831 934 3890 Sed
973 3834 1101 3906 quis
1128 3835 1483 3898 dinumerare
1531 3835 1735 3907 poterit
1775 3836 1962 3908 qualia
2012 3845 2070 3892 et

463 3931 673 3992 quanta
714 3926 1022 3998 majoribus
1054 3927 1125 3962 “’
1175 3928 1321 3986 dona
1359 3929 1540 3999 dedit,
1587 3945 1716 3986 cum
1766 3945 1871 3987 nec
1919 3947 2067 3988 unus

463 4016 688 4088 quidem
727 4019 1034 4092 inquilinus
1054 4022 1123 4081 de
1133 4031 1288 4093 tanta
1311 4024 1664 4080 multitudine
1691 4023 1812 4080 sine
1835 4039 2067 4081 munere

463 4122 579 4164 non
623 4113 878 4174 recessit.
923 4113 1225 4187 Imperator
1253 4126 1439 4174 autem
1484 4117 1644 4174 laetus
1685 4115 1900 4188 magnis
1937 4133 2066 4173 cum

463 4200 790 4261 muneribus
839 4205 909 4262 ad
951 4208 1173 4280 propria
1222 4208 1514 4278 remeavit,
1567 4207 1892 4267 Bolezlavus
1935 4223 2068 4267 vero

463 4307 705 4368 ιθεηειιε
723 4298 783 4365 in
809 4300 1000 4360 hostes
1026 4317 1183 4378 yram
1202 4313 1446 4362 veterem
1473 4301 1777 4361 renovavit.

2717 553 2788 586 m
2832 553 3055 610 intrauit
3107 553 3200 610 '“.

2237 666 2407 740 Igitur
2428 668 2701 741 imprimis
2730 669 3085 728 inserendum
3121 679 3206 729 est
3229 673 3411 743 seriei,
3440 691 3622 746 quam
3661 675 3788 746 glo-

2165 758 2313 815 riose
2334 767 2389 814 et
2419 759 2709 831 magniﬁce
2737 777 2894 817 suam
2925 761 3185 833 injuriam
3219 763 3289 819 de
3311 780 3439 836 rege
3472 764 3788 822 Rutheno-

2166 865 2290 905 rum
2313 851 2608 908 vindicavit
2649 853 2740 921 Μ,
2779 852 2875 924 qui
2907 853 3012 910 sibi
3047 869 3296 911 sororem
3337 857 3469 913 dare
3510 875 3690 915 suam
3733 860 3788 914 in

2163 930 2580 1001 matrimonium
2615 946 2902 1017 denegavit
2947 947 3081 1019 (75).
3119 946 3279 1016 Quod
3317 949 3654 1007 Bolezlavus
3687 969 3791 1008 rex

2166 1035 2386 1108 indigne
2413 1036 2598 1095 ferens
2621 1055 2747 1096 cum
2776 1039 2982 1112 ingenti
3013 1039 3083 1072 "3
3111 1039 3432 1098 fortitudine
3475 1043 3791 1099 Rutheno~

2165 1146 2289 1186 rum
2326 1147 2555 1204 regnum
2583 1131 2805 1200 invasit,
2827 1148 3033 1204 eosque
3054 1133 3294 1204 primum
3317 1134 3487 1190 armis
3506 1135 3790 1190 resistere

2166 1232 2451 1293 conantes,
2501 1240 2616 1281 non
2653 1240 2823 1282 ausos
2871 1224 3217 1282 committere
3249 1225 3340 1295 ’“,
3393 1227 3536 1282 sicut
3565 1236 3790 1282 ventus

2165 1319 2466 1390 pulverem,
2497 1327 2627 1376 ante
2654 1335 2812 1376 suam
2843 1317 3041 1374 faciem
3067 1319 3398 1392 profugavit.
3425 1317 3538 1375 Nec
3580 1319 3786 1375 statim

2165 1429 2292 1469 cum
2323 1413 2511 1469 hostili
2554 1429 2710 1470 more
2754 1413 3004 1470 civitates
3046 1413 3314 1484 capiendo
3345 1414 3428 1469 vel
3473 1414 3784 1485 pecuniam

2165 1507 2550 1580 congregando
2580 1523 2744 1564 suum
2771 1506 2876 1563 iter
2896 1507 3220 1576 retardavit,
3249 1508 3347 1564 sed
3381 1507 3448 1563 ad
3471 1507 3682 1579 Chyou
3713 1507 3788 1537 ’⁸³

2165 1607 2332 1672 caput
2352 1600 2527 1672 regni,
2562 1607 2624 1656 ut
2643 1615 2830 1657 arcem
2851 1600 3006 1673 regni
3037 1600 3202 1656 simul
3235 1607 3292 1656 et
3317 1616 3500 1672 regem
3521 1609 3780 1670 caperet,

2165 1697 2482 1767 properavit
2511 1696 2582 1728 '“
2614 1696 2727 1769 (an.
2763 1695 2947 1767 1018).
2990 1696 3062 1750 At
3088 1693 3471 1751 Rnthenorum
3505 1711 3606 1752 rex
3659 1693 3781 1765 (74)

2170 1789 2525 1860 simplicitate
2560 1790 2739 1862 gentis
2760 1788 2911 1845 illius
2969 1788 3027 1843 in
3075 1788 3332 1845 navicula
3367 1796 3502 1844 tunc
3527 1787 3596 1820 ⁸³⁷
3631 1785 3782 1842 forte

2167 1899 2292 1938 cum
2335 1883 2499 1939 hamo
2536 1883 2877 1954 piscabatur,
2906 1897 3033 1938 cum
3072 1880 3141 1915 "3
3173 1880 3525 1937 Bolezlavum
3571 1879 3782 1935 adesse

2167 1992 2352 2048 regem
2386 1992 2455 2032 ex
2479 1976 2761 2047 insperato
2784 1975 3060 2030 nuntiant.
3099 1973 3258 2041 Quod
3291 1974 3384 2028 ille
3422 1972 3517 2027 vix
3543 1971 3778 2028 credere

2167 2070 2364 2140 potuit,
2394 2069 2490 2124 sed
2517 2069 2738 2125 tandem
2761 2069 2830 2101 "9
2853 2068 2978 2124 aliis
3005 2076 3061 2123 et
3081 2067 3206 2123 aliis
3229 2066 3334 2124 sibi
3363 2064 3777 2130 nuntiantibus,

2167 2163 2502 2233 certilicatus
2521 2161 2826 2219 exhorruit.
2860 2159 3018 2216 Tunc
3041 2159 3263 2216 demum
3307 2158 3562 2230 pollicem
3604 2156 3780 2213 simul

2170 2256 2241 2289 ’⁵ο
2266 2265 2322 2312 et
2353 2255 2590 2312 indicem
2621 2255 2704 2310 ori
2728 2255 3039 2327 porrigens,
3062 2253 3400 2323 hamumque
3427 2260 3588 2322 sputo
3618 2264 3780 2304 more

2169 2349 2508 2422 piscatorum
2529 2348 2753 2416 liniens,
2784 2348 2840 2402 in
2868 2345 3230 2418 ignominiam
3282 2360 3403 2400 sum
3439 2341 3618 2416 gentis
3645 2355 3780 2412 pro-

2168 2441 2419 2497 verbium
2469 2441 2766 2512 protulisse
2790 2438 2967 2495 fertur
2993 2458 3006 2494 :
3039 2438 3181 2504 Quia
3201 2435 3520 2492 Bolezlavus
3551 2435 3680 2488 huic
3708 2433 3779 2466 ⁸³⁸

2170 2539 2278 2592 arti
2302 2554 2404 2592 non
2427 2535 2654 2602 studuit,
2679 2534 2772 2590 sed
2804 2551 2958 2588 arma
2986 2531 3252 2587 militaria
3275 2529 3519 2600 bajolare
3553 2529 3625 2560 ¹⁸²
3650 2543 3783 2583 catl-

2169 2632 2357 2699 suevit,
2381 2630 2582 2685 idcirco
2612 2627 2754 2683 Deus
2785 2627 2855 2681 ad
2880 2643 3098 2681 manum
3125 2625 3240 2696 ejus
3274 2624 3482 2680 tradere
3505 2623 3783 2678 ciuitates

2168 2724 2332 2778 istam
2355 2739 2673 2795 regnumque
2705 2720 3067 2776 Ruthenorum
3109 2727 3160 2774 et
3197 2717 3420 2772 diuitias
3463 2713 3778 2770 destinauit.

2171 2816 2298 2874 Haec
2319 2817 2478 2885 dixit,
2504 2831 2608 2872 nec
2633 2815 2794 2886 plura
2817 2822 3169 2886 prosecutus,
3195 2810 3382 2883 fugam
3422 2808 3680 2880 arripuit.
3711 2807 3782 2862 At

2168 2912 2510 2979 Bolezlavus,
2540 2910 2692 2966 nullo
2721 2910 2828 2966 sibi
2862 2905 3471 2972 resistente,civitatem
3519 2919 3778 2975 magnam

2169 3012 2224 3060 et
2268 3005 2587 3076 opulentam
2641 3002 2985 3075 ingrediens,
3043 3008 3099 3057 et
3153 2999 3445 3070 evaginato
3489 2994 3676 3068 gladio
3724 2994 3778 3049 in

2171 3113 2338 3154 aurea
2363 3108 2520 3169 porta
2549 3095 2886 3168 percutiens,
2921 3093 3039 3150 risu
3066 3093 3203 3150 satis
3221 3091 3415 3164 jocoso
3454 3089 3577 3144 suis
3604 3086 3778 3143 admi-

2171 3191 2423 3246 rantibus
2443 3189 2536 3258 ³⁸³,
2561 3204 2663 3245 cur
2681 3189 2786 3243 hoc
2807 3186 3050 3270 fecisset,
3078 3183 3355 3242 enodavit.
3377 3179 3556 3248 Sicut,
3579 3178 3776 3250 inquit,

2171 3283 2229 3337 in
2266 3281 2365 3336 hac
2389 3281 2523 3336 liora
2552 3279 2624 3312 ’⁵⁸
2643 3289 2997 3350 aureaporta
3017 3276 3250 3333 ciuitatis
3279 3274 3345 3328 ab
3385 3273 3492 3326 isto
3520 3288 3645 3326 ense
3661 3286 3776 3340 pcr-

2167 3375 2390 3442 cutitur,
2427 3373 2505 3427 sic
2537 3373 2594 3428 in
2613 3379 2764 3427 nocte
2781 3369 3018 3442 sequenti
3037 3383 3191 3423 soror
3213 3365 3352 3437 regis
3386 3363 3502 3435 (75)
3545 3361 3774 3435 ignaris-

2166 3468 2292 3524 simi
2345 3466 2478 3521 mihi
2521 3465 2643 3521 dari
2678 3464 2950 3536 prohibita
2999 3468 3412 3532 corrumpetur;
3453 3475 3549 3513 nec
3604 3466 3773 3510 tam

2166 3557 2450 3615 Bolezlavo
2491 3556 2642 3612 thoro
2692 3555 2938 3611 maritali
2996 3555 3088 3610 sed
3136 3550 3477 3608 concubinali
3511 3547 3771 3621 singulari

2164 3655 2272 3709 vice
2307 3659 2518 3706 tantum
2547 3649 2913 3722 conjungetur,
2943 3655 3204 3720 quatenus
3249 3646 3348 3699 hoc
3405 3644 3554 3715 facta
3605 3640 3771 3697 nostri

2173 3747 2374 3819 generis
2403 3746 2607 3817 injuria
2632 3743 2950 3812 vindicetur,
2989 3749 3042 3798 et
3066 3741 3318 3796 Ruthenis
3356 3739 3428 3794 ad
3472 3738 3698 3793 dedecus
3720 3743 3768 3790 et

2173 3841 2243 3896 ad
2269 3840 2619 3912 ignominiam
2639 3840 2948 3911 imputetur.
2989 3834 3083 3892 Sic
3109 3834 3268 3901 dixit,
3305 3834 3568 3903 dictaque
3615 3829 3766 3886 factis

2173 3934 2484 4005 complevit.
2513 3932 2685 4004 Igitur
2730 3948 2827 3987 rex
2855 3930 3177 3986 Bolezlavus
3223 3928 3360 3982 urbe
3400 3925 3672 3981 ditissima
3701 3921 3766 3953 ³⁸³

2171 4042 2452 4099 regnoque
2475 4025 2856 4082 Ruthenorum
2883 4021 3268 4094 potentissimo
3282 4020 3472 4076 decem
3493 4015 3765 4073 mensibus

2126 4141 2128 4144 ·
2173 4119 2382 4191 potitus
2411 4120 2505 4188 ’5‘,
2538 4119 2665 4175 inde
2701 4117 2994 4190 pecuniam
3046 4117 3103 4172 in
3149 4114 3436 4171 Poloniam
3492 4109 3763 4168 transmit-

2172 4213 2340 4268 tendo
2407 4226 2692 4284 nunquam
2753 4209 2934 4267 extitit
2995 4208 3238 4275 otiosus;
3299 4205 3598 4263 undecimo
3643 4214 3762 4256 vero

2173 4317 2384 4373 mense,
2416 4303 2545 4376 quia
2572 4317 2742 4375 regna
2761 4298 3170 4373 quamplurima
3195 4298 3434 4366 tenebat,
3464 4306 3522 4353 et
3541 4306 3760 4367 puerum

1757 4505 1994 4564 VARIA'.
2047 4507 2453 4568 LECTIONES.

534 4617 608 4652 ⁸³⁸
638 4617 912 4694 Διιῇἶὼριε.
964 4620 1022 4678 5.

465 4698 583 4747 tam
633 4689 691 4746 2.
732 4689 792 4748 α’
816 4701 1114 4749 correctore
1167 4693 1309 4749 enim
1336 4689 1387 4748 ’ἱ
1437 4693 1495 4747 in
1555 4700 1578 4748 t
1638 4700 1943 4760 mutatum;
2014 4704 2070 4751 et
2114 4704 2226 4752 tam
2288 4697 2342 4752 5.

2030 4768 2101 4800 “7
2143 4768 2357 4823 exeruit
2419 4764 2478 4820 2.

1608 4834 1678 4866 ²³²
1718 4834 2010 4893 ίοοτῑίηἰίὶε
2066 4837 2121 4893 5.
2197 4839 2268 4870 ³³³
2316 4834 2657 4907 congregari
2691 4835 2744 4889 5.

1837 4907 1907 4980 Ψ
1946 4917 2001 4964 et
2047 4908 2368 4980 hujusmodi
2396 4905 2598 4980 dmi“
2627 4905 2680 4980 53

470 4770 721 4834 tempore
787 4764 1037 4822 Silvestri
1085 4779 1227 4836 pape
1292 4763 1447 4818 addit
1489 4764 1548 4818 in
1591 4765 1833 4835 margine
1869 4765 1934 4848 ,2.

470 4833 540 4866 ’³ο
613 4835 938 4890 (εσθαι-θαατί
996 4836 1050 4890 5.
1166 4837 1234 4868 ³⁸*
1280 4835 1426 4890 deest
1455 4835 1510 4890 5.
1608 4834 1678 4866 ²³²
1745 4837 1934 4890 cortini

1319 4852 1426 4890 εδει
1455 4852 1510 4890 ὓ.

469 4833 540 4866 ’³ο
587 4833 938 4918 congregari
996 4833 1107 4918 5.:
1158 4833 1234 4868 i“
1280 4835 1426 4890 deest
1455 4835 1510 4890 5.
1608 4834 1678 4866 ²³²
1716 4833 1719 4835 ’

469 4920 564 4962 Der
605 4919 704 4962 pro
739 4921 965 4962 insuper
1009 4914 1178 4962 etiam
1231 4906 1286 4962 5.
1383 4907 1455 4938 ³⁸⁸
1511 4905 1655 4961 deest
1685 4907 1719 4962 5

464 4920 564 5009 pgr
605 4906 965 4988 proinsuper
988 4907 1178 4990 .etiam
1231 4906 1286 4990 5.

562 4976 928 5031 nobilioribus
948 4978 1160 5031 videtur
1181 4995 1286 5031 scr:

1143 4621 1214 4655 m
1240 4620 1455 4706 ,ϐοεξῑῇ
1493 4621 1644 4706 I._2.
1693 4621 1828 4706 991i
1864 4622 1918 4678 5.
1964 4625 2175 4680 couniti
2213 4641 2332 4706 voce
2379 4638 2518 4706 saepe
2567 4620 2990 4706 utiturguctor.

3094 4615 3165 4648 ³³³
3197 4614 3439 4671 instituit
3469 4613 3525 4668 5.
3620 4611 3690 4644 ’κ
3714 4620 3762 4667 et

2448 4683 2519 4726 5"
2567 4691 2890 4747 hominibus
2932 4689 2986 4744 5.
3065 4689 3136 4720 ³³⁸
3187 4686 3305 4744 Rex
3351 4685 3638 4742 Boleslaus
3670 4683 3762 4738 fuit

2588 4763 2660 4795 ’³⁸
2707 4760 3084 4818 coronationis
3135 4760 3189 4815 5.
3298 4759 3368 4790 “’
3425 4759 3684 4814 scutellas
3709 4755 3757 4809 2.

2591 4834 2638 4886 ri
2691 4835 2744 4886 5.
2855 4832 2928 4864 ’³⁸
2985 4831 3318 4886 comportari
3379 4829 3433 4884 5.
3547 4830 3622 4860 ’³⁵
3673 4843 3760 4882 su-

2856 4847 2928 4864 π’
2985 4847 3318 4903 comportari
3379 4847 3433 4884 ο.
3550 4847 3622 4860 ην
3673 4847 3758 4882 su-

2783 4904 2854 4937 ’⁸⁸
2889 4903 3081 4960 limitis
3119 4901 3199 4956 vel
3234 4901 3436 4956 limicis
3476 4917 3688 4955 errones
3710 4899 3758 4952 5.

639 4972 1160 5054 bi_liori_bu§_uidetur
1181 4979 1556 5054 scgiptumﬂer
1583 4979 2021 5048 contractionem,
2041 4972 2140 5054 sed
2148 4982 2341 5054 absque
2357 4979 2492 5050 siglo
2511 4979 2615 5054 _2.__
2652 4975 2722 5009 “°
2748 4974 2916 5054 Ilusie
2935 4975 3006 5054 2._
3067 4974 3136 5006 ’“
3159 4972 3448 5054 Quomodo
3463 4972 3760 5054 —intrat'it

464 5047 656 5122 desunt
677 5049 740 5122 5.
797 5050 881 5122 δι’
902 5048 1043 5122 Nam
1068 5065 1215 5106 anno
1242 5045 1305 5103 DL
1333 5045 1558 5103 MXVIII
1587 5058 1776 5122 contra
1800 5121 1804 5122 ί
1829 5045 2024 5122 regem;
2041 5045 2427 5108 Rutlien'oruni
2472 5049 2706 5105 viriliter
2755 5047 3037 5103 dimicavit
3064 5045 3376 5122 proAIgitui;
3407 5045 3682 5122 imprimis
3699 5070 3761 5080 -—

465 5118 771 5176 vindicavit
796 5120 852 5177 5.
931 5104 1002 5154 ²¹ἷ³
1026 5104 1200 5177 inﬁma
1239 5137 1310 5176 na
1323 5137 1428 5224 pro
1449 5137 1576 5176 cum
1603 5104 1813 5192 ingenti
1831 5104 2036 5178 75.01“
2063 5104 2493 5179 séd‘ﬁéd'mls’os’
2509 5138 2603 5193 pro
2640 5135 2753 5175 non
2788 5134 2955 5174 ausos
2977 5104 3320 5174 commiifere
3345 5116 3400 5171 5.
3479 5104 3554 5146 ίι⁸
3577 5115 3754 5185 tli‘yon

466 5189 522 5245 2.
560 5188 728 5248 Kvow
751 5192 805 5248 5.
884 5190 956 5226 “°
1022 5191 1168 5248 deest
1349 5191 1395 5224 ‘7
1426 5192 1724 5248 naviculati
1750 5210 1845 5248 pro
1872 5194 2124 5248 navicula
2149 5204 2280 5248 tunc
2310 5202 2554 5248 corrupte
2585 5192 2637 5247 5.
2716 5190 2784 5222 ⁸⁸⁸
2809 5190 2899 5245 cui
2934 5191 2987 5244 5.
3021 5188 3091 5220 ²⁶⁹
3161 5197 3343 5243 tamen
3369 5187 3424 5242 5.
3507 5185 3579 5218 ³⁸⁸
3609 5199 3754 5241 suum

466 5189 522 5262 ᾖ.
560 5188 728 5262 Kyow
751 5192 805 5248 5.
884 5190 956 5226 “°
1022 5191 1168 5248 deest

1349 5185 1724 5264 ‘f’rrnaviculafti
1748 5210 1845 5264 pro
1872 5194 2124 5250 navicula
2149 5204 2280 5251 tunc
2310 5185 2554 5264 corrupte
2585 5190 2784 5264 5577'”
2809 5190 2899 5264 cui
2934 5191 2987 5244 5.
3021 5188 3091 5264 ’ξ’
3161 5197 3343 5264 tamen
3359 5187 3424 5264 _5.
3471 5257 3484 5264 _
3507 5185 3755 5264 “'_suuin

468 5259 522 5392 ἕο
545 5257 660 5390 at
689 5263 1079 5392 ‘i-Iurr"
1104 5280 1180 5371 ξε.
1193 5263 1288 5392 ἓξ.
1337 5257 1868 5392 attritis:
1889 5265 2133 5392 rei”
2157 5257 3414 5392 ac:tuatua.eiuraret“?-
3571 5258 3752 5328 ""9"-

466 5346 517 5411 p.
547 5331 639 5391 95.
716 5331 790 5370 "‘
809 5331 955 5394 de'est
973 5336 1030 5393 2.
1105 5331 1180 5371 w
1199 5342 1308 5393 etc.
1337 5334 1497 5390 addit
1520 5331 1574 5391 5.
1601 5333 1660 5396 in
1684 5335 1883 5409 fragm.
1911 5331 1974 5409 ρ.
1996 5337 2086 5394 95.

2008 5518 2242 5581 NOTAE.

543 5701 636 5774 (72
705 5701 954 5760 Sallustii
972 5702 1039 5760 Ju
1081 5702 1265 5771 urtha,
1292 5718 1348 5758 ι.
1375 5700 1436 5757 S.
1643 5752 1647 5755 _

544 5702 661 5844 (75g
701 5773 976 5831 Bolezlavi
1013 5719 1125 5830 Ιὶῗίξι
1168 5772 1521 5844 Swatopulko
1536 5813 1552 5842 ,
1581 5771 1696 5834 filio
1734 5770 1911 5830 Wladi

544 5770 661 5856 (75)
701 5773 976 5858 Bolezlavi
1013 5770 1125 5830 ﬁlia
1168 5772 1552 5900 Swattiifulko,
1581 5771 1696 5834 ﬁlio
1734 5770 2070 5844 Wladimiri,

544 5859 691 5900 issm
710 5860 995 5900 nrincmis.
1023 5853 1303 5900 nupserat.
1376 5883 1395 5900 .

471 5837 691 5901 ltissim
710 5846 995 5918 principis,
1023 5853 1303 5918 nupserat.
1327 5837 1395 5902 Κ.

2166 5338 2238 5372 ³⁸⁸
2263 5328 2345 5394 ita
2367 5328 2674 5402 emendavi;
2696 5333 2902 5406 quibus
2918 5331 3073 5389 codd.
3096 5339 3150 5387 et
3166 5330 3289 5388 edd.
3312 5328 3375 5385 P.

2243 5701 2358 5774 (74)
2389 5699 2692 5774 Jaroslaus,
2716 5699 2865 5774 filius
2891 5697 3221 5774 Wladimiri.
3255 5696 3321 5774 K_._

2249 5767 2366 5846 '(75)
2405 5767 2750 5832 Peredslavva
2777 5772 2940 5845 vulgo
2967 5771 3266 5830 nominata.
3291 5767 3357 5826 Κ.
