3952 6324
499 372 611 436 855

1697 363 2072 422 CHRONICE
2111 357 2560 421 POLONORUM.

3663 354 3767 415 858

493 499 670 559 catos,
693 502 860 561 quam
887 483 1086 543 habeat
1106 483 1177 518 ’⁸⁷
1201 491 1392 541 nostro
1441 481 1512 516 ’⁸⁸
1547 490 1788 554 tempore
1829 490 1942 537 tota
1973 481 2078 537 Po—
2103 487 2154 547 Α
2181 465 2470 552 quebatur,
2501 485 2765 551 quantam
2801 474 2922 549 ejus
2959 473 3204 546 probitas
3239 482 3296 530 et
3317 471 3621 530 liberalitas
3648 489 3768 531 me-

489 585 639 642 lonia
658 583 948 655 clipeatos:
969 565 1213 652 tempore
1235 577 1506 634 Bolezlavi
1525 578 1745 633 totidem
1770 577 1826 631 in
1849 575 2076 633 Polonia

487 676 604 736 fere
638 677 710 712 ²⁸⁹
730 677 934 733 milites
960 675 1321 742 habebantur,
1349 681 1483 744 quot
1509 672 1761 728 homines
1807 669 2076 742 cujusque

487 771 704 846 generis
732 778 924 828 nostro
950 778 1195 840 tempore
1223 767 1591 824 continentur.

595 865 648 921 9.
695 864 774 919 De
809 865 1006 919 virtute
1033 873 1082 918 et
1110 862 1386 918 nobilitate
1412 860 1647 916 Gloriosi
1670 858 1963 915 Bolezlavi.

487 959 490 962 ’
555 957 684 1016 Haec
715 966 834 1014 erat
857 957 1128 1014 Bolezlavi
1158 957 1300 1028 regis
1336 955 1406 988 "°
1432 953 1837 1026 magniﬁcentia
1863 953 2070 1008 milita-

438 1065 447 1122 ζ
483 1054 584 1122 ris,
625 1069 729 1110 nec
761 1051 989 1108 inferior
1007 1053 1056 1108 ei
1077 1059 1194 1107 erat
1220 1051 1397 1106 virtus
1418 1048 1740 1105 obedientia:
1770 1047 2069 1120 spiritualis

437 1111 450 1235 ί
480 1111 584 1204 ²⁹¹.’
609 1145 908 1220 Episcopos
957 1146 1156 1218 quippe
1195 1160 1436 1216 suosque
1469 1143 1779 1214 capellanos
1801 1111 1870 1197 in
1915 1149 2067 1197 tanta

476 1242 827 1298 veneratione
862 1241 1153 1307 retinebat,
1187 1238 1332 1310 quod
1373 1243 1452 1294 eis
1509 1236 1819 1293 astantibus
1876 1235 2067 1290 sedere

475 1350 585 1391 non
615 1324 1010 1407 praesumebat,
1041 1349 1141 1390 nec
1172 1349 1266 1389 eos
1288 1333 1444 1388 aliter
1473 1347 1638 1402 quam
1674 1329 1928 1385 dominos
1968 1343 2065 1398 ap-

469 1426 708 1498 pelabat,
731 1426 905 1482 Deum
932 1441 1063 1482 vero
1086 1442 1302 1483 summa
1332 1425 1532 1496 pietate
1557 1423 1788 1490 colebat,
1817 1430 2062 1478 sanctam

469 1519 762 1577 ecclesiam
801 1520 1097 1588 exaltabat,
1123 1535 1354 1590 eamque
1387 1517 1546 1573 donis
1593 1515 1864 1588 regalibus
1895 1514 2061 1568 ador-

467 1613 637 1668 nabat
662 1613 754 1668 ”'.
793 1611 1038 1669 Habebat
1063 1613 1225 1668 etiam
1261 1620 1522 1684 praeterea
1551 1609 1810 1676 quiddam
1833 1605 2062 1678 justitiaa

465 1720 731 1777 magnum
782 1714 836 1762 et
872 1705 1201 1761 humilitatis
1257 1702 1507 1775 insigne,
1561 1699 1707 1772 quod
1739 1698 1785 1754 si
1837 1697 2060 1768 quando

465 1795 709 1852 rusticus
763 1811 972 1868 pauper
998 1795 1082 1850 vel
1118 1794 1440 1850 muliercula
1472 1791 1729 1863 quaelibet
1753 1790 1820 1845 de
1861 1787 2058 1859 quovis

463 1886 604 1944 duce
651 1887 907 1943 videlicet
935 1887 1004 1921 ’θ’
1033 1887 1119 1943 vel
1169 1887 1372 1943 comite
1404 1892 1755 1956 quereretur,
1802 1881 2055 1953 quamvis

461 1988 611 2036 esset
653 1980 869 2053 magnis
899 1981 1133 2052 negotiis
1168 1989 1500 2050 occupatus,
1534 1977 1834 2047 multisque
1864 1974 2054 2031 cuneis

459 2080 514 2126 et
567 2081 884 2143 magnatum
913 2081 967 2128 ct
1001 2072 1072 2104 '9‘
1091 2072 1325 2127 militum
1363 2070 1724 2140 constipatus,
1767 2083 1877 2122 non
1899 2066 2054 2136 prius

459 2178 520 2220 se
550 2163 618 2219 de
647 2163 770 2220 loco
807 2164 1113 2220 dimoverat
1141 2165 1232 2230 '9‘,
1266 2165 1440 2219 donec
1478 2177 1704 2218 causam
1737 2176 1803 2216 ex
1859 2160 2053 2215 ordine

457 2257 849 2328 conquerentis
887 2258 1244 2325 auscultaret,
1273 2266 1327 2311 et
1379 2271 1477 2326 pro
1519 2256 1613 2310 illo
1644 2254 1713 2309 de
1753 2267 1864 2323 quo
1913 2266 2052 2322 que-

450 2349 678 2406 rebatur
715 2351 1079 2408 camerarium
1121 2349 1598 2414 transmandaret;
1645 2346 1862 2402 interim
1917 2359 2048 2399 vero

449 2439 635 2516 ipsum
664 2453 1088 2517 conquerentem
1121 2437 1460 2501 alicui'lideli
1485 2459 1586 2498 suo
1606 2440 2044 2506 commendabat,

443 2525 548 2610 qui
581 2555 707 2596 eum
754 2547 1078 2612 procuraret
1107 2539 1322 2610 sibique
1353 2552 1578 2593 causam
1607 2532 1922 2590 adversario
1945 2532 2044 2587 ad—

447 2632 704 2689 veniente
739 2639 1074 2706 suggereret,
1117 2641 1170 2686 et
1197 2631 1278 2686 sic
1301 2629 1567 2684 rusticum
1596 2626 1756 2698 quasi
1800 2636 1954 2696 pater
1981 2623 2046 2678 ﬁ—

447 2719 587 2780 lium
617 2726 964 2792 admonebat,
994 2741 1063 2779 ne
1085 2725 1365 2780 absentem
1394 2723 1512 2776 sine
1536 2736 1703 2776 causa
1735 2725 2042 2784 accusaret,

446 2825 507 2874 et
532 2834 601 2873 ne
629 2818 832 2889 injuste
853 2817 1242 2889 conquerendo
1273 2816 1413 2870 iram
1449 2829 1616 2886 quam
1649 2812 1806 2868 alteri
1839 2810 2044 2889 conﬂa-

445 2907 545 2967 bat
573 2887 790 2966 sibimet
815 2909 916 2982 ipsi
947 2887 1274 2965 cumularet.
1320 2905 1431 2962 Nec
1454 2914 1749 2962 accusatus
1775 2887 2042 2961 citissime

445 3012 676 3060 vocatus
699 3004 884 3068 venire
916 3003 1220 3068 diﬂ'erebat,
1251 3017 1352 3057 nec
1377 3001 1520 3056 diem
1557 3015 1587 3054 a
1614 3014 1741 3071 rege
1777 2996 2040 3054 constitu-

445 3089 563 3152 tum
601 3097 843 3168 qualibet
871 3097 1160 3153 occasione
1186 3095 1518 3166 praeteribat.
1544 3091 1879 3148 Adveniente
1905 3105 2037 3146 vero

2177 574 2419 631 rebatur.

2348 667 2437 723 10.
2484 665 2553 699 ³⁸⁵⁸
2587 665 2662 720 De
2689 663 2876 736 praelia
2904 661 3148 718 Bolezlai
3170 679 3290 719 cum
3322 661 3600 718 Ruthenis.

2249 761 2355 819 Sed
2399 763 2506 819 ista
2555 774 2867 817 memorare
2916 757 3276 829 subsequenti
3308 757 3504 829 pagina
3539 755 3772 814 diﬁca-

2172 872 2319 925 mus,
2351 864 2406 912 et
2435 855 2713 928 quoddam
2745 853 2865 924 ejus
2894 853 3143 924 praelium
3175 851 3412 907 novitate
3447 851 3577 907 facti
3618 851 3760 907 satis

2171 947 2528 1004 memorabile
2569 947 2637 978 ³⁰¹
2668 944 3006 1010 referamus,
3038 959 3105 998 ex
3135 944 3297 1013 cujus
3331 943 3411 998 rei
3446 943 3772 998 considera-

2170 1040 2320 1096 tione
2350 1040 2715 1097 humilitatem
2783 1038 3054 1110 superbiae
3098 1036 3471 1108 praeferamus.
3519 1035 3776 1106 Contigit

2171 1133 2238 1167 ³⁰²
2271 1147 2508 1204 namque
2535 1147 2648 1187 uno
2675 1132 2981 1201 eodemque
3006 1138 3252 1200 tempore
3292 1128 3643 1184 Bolezlavum
3685 1143 3775 1182 re-

2169 1241 2289 1298 gem
2314 1225 2561 1294 Rusiam,
2584 1225 2968 1280 Ruthenorum
2994 1238 3128 1279 vero
3154 1238 3337 1294 regem
3362 1222 3429 1254 ³⁸³
3451 1221 3773 1285 Poloniam,

2167 1329 2400 1391 utroque
2420 1321 2487 1376 de
2529 1321 2701 1376 altero
2726 1319 2793 1354 ³⁸³
2837 1318 3136 1384 nesciente,
3165 1317 3433 1391 hostiliter
3474 1316 3772 1378 introisse,

2164 1429 2370 1485 eosque
2418 1427 2584 1485 super
2625 1412 2853 1470 ﬂuvium
2885 1413 3118 1468 alterum
3177 1411 3233 1466 in
3267 1411 3487 1466 alterius
3514 1409 3774 1465 termino

2162 1507 2764 1579 regionis,lnterposito
2785 1505 3031 1572 ﬂumine,
3050 1513 3233 1561 castra
3256 1505 3458 1559 militia:
3477 1503 3770 1574 posuisse.

2161 1600 2412 1673 Cumque
2448 1601 2770 1657 nunciatum
2806 1609 2955 1656 esset
2983 1599 3364 1654 Ruthenorum
3401 1599 3527 1669 regi,
3561 1596 3776 1652 Bolet-

2161 1693 2345 1750 lavum
2403 1691 2566 1750 ultra
2592 1695 2710 1765 jam
2762 1693 2991 1749 ﬂuvium
3051 1691 3399 1758 transivisse,
3447 1692 3620 1762 inque
3676 1689 3772 1756 sui

2159 1787 2317 1859 regni
2368 1787 2610 1843 conﬁnio
2643 1786 2714 1820 ³⁸⁸
2754 1803 2880 1844 cum
2931 1785 3175 1842 exercitu
3205 1785 3530 1851 consedisse,
3555 1783 3774 1840 existi-

2158 1896 2320 1937 mans
2367 1893 2466 1937 rex
2507 1881 2757 1937 insulsus
2783 1896 2842 1937 se
2877 1880 3038 1952 quasi
3091 1878 3266 1934 feram
3305 1878 3374 1910 ³⁰⁶
3403 1878 3454 1932 in
3493 1877 3774 1934 retbibus

2157 1989 2283 2030 cum
2335 1991 2456 2031 sua-
2493 1975 2846 2032 multitudine
2899 1973 3270 2040 conclusisse,
3303 1972 3660 2043 proverbium
3711 1972 3772 2028 ei

2157 2083 2370 2140 magna;
2415 2068 2687 2139 superbiae
2733 2068 2900 2139 capiti
2957 2081 3058 2123 suo
3099 2067 3514 2136 retorquendum
3538 2065 3772 2122 dicitur

2154 2162 2504 2220 mandavisse
2528 2182 2542 2218 :
2579 2161 2801 2218 Noverit
2841 2180 2895 2218 se
2921 2160 3210 2218 'Bolezlaus
3236 2172 3481 2234 tanquam
3510 2177 3676 2217 suam
3707 2164 3770 2216 in

2153 2256 2431 2311 volutabra
2463 2258 2685 2312 canibus
2715 2257 2847 2312 meis
2869 2266 2918 2311 et
2947 2257 3282 2312 venatoribus
3316 2255 3766 2312 circumclusum.

2155 2349 2236 2404 Ad
2285 2351 2399 2406 haec
2436 2367 2532 2406 rex
2584 2349 2881 2406 Polonicus
2926 2350 2997 2384 ⁸⁰τ
3027 2349 3407 2406 remandavit:
3454 2349 3626 2415 Bene,
3675 2351 3768 2406 in—

2151 2443 2274 2514 quit
2307 2443 2398 2510 ³⁰⁸,
2438 2461 2584 2498 suem
2617 2444 2674 2498 in
2714 2443 2990 2498 volutabra
3027 2443 3350 2510 nominasti,
3379 2444 3501 2514 quia
3528 2443 3593 2495 in
3627 2461 3770 2497 san-

2150 2536 2307 2607 guine
2327 2536 2396 2569 ⁸⁰⁹
2412 2539 2676 2592 venatoris
2699 2554 2992 2609 canumque
3017 2537 3087 2571 ⁸¹⁰
3112 2547 3344 2604 tuorum,
3373 2537 3427 2590 id
3447 2545 3522 2591 est
3542 2537 3768 2591 ducum

2148 2639 2199 2684 et
2242 2629 2477 2684 militum
2523 2631 2615 2699 m,
2653 2631 2808 2702 pedes
2838 2647 3092 2702 equorum
3140 2647 3376 2686 meorum
3401 2630 3677 2699 inﬁdam,
3711 2641 3768 2684 es

2149 2731 2348 2777 terram
2378 2733 2525 2777 tuam
2569 2733 2619 2778 et
2667 2725 2908 2779 civitates
2942 2740 3037 2778 ceu
3066 2724 3135 2756 ³¹⁹
3167 2723 3313 2794 [erus
3342 2723 3642 2795 singularis
3683 2723 3764 2757 “'

2146 2816 2445 2886 depascunt.
2497 2815 2615 2873 Hiis
2644 2817 2828 2873 verbis
2863 2816 2934 2850 '“
2967 2817 3246 2888 utrimque
3275 2816 3631 2882 renuntiatis,
3667 2815 3765 2874 die

2145 2908 2395 2978 sequenti
2442 2909 2800 2980 solempnitas
2828 2909 3169 2976 imminebat,
3202 2924 3370 2979 quam
3397 2908 3464 2941 m
3491 2923 3592 2962 rex
3641 2908 3765 2963 Bo-

2143 3000 2385 3057 lezlavus
2412 3002 2788 3058 celebraturus
2818 3000 2910 3071 ³⁸⁸,
2942 3003 2999 3056 in
3033 3003 3176 3058 diem
3208 3009 3419 3058 certum
3441 3001 3512 3035 '"
3537 3001 3761 3058 bellum

2145 3095 2490 3151 committere
2530 3095 2836 3152 differebat.
2872 3094 2954 3151 Eo
2982 3110 3223 3167 namque
3252 3095 3348 3151 die.
3372 3093 3638 3150 animalia
3663 3096 3762 3151 in—

439 3190 708 3264 principe,
737 3207 838 3262 pro
869 3207 980 3262 quo
1000 3190 1229 3247 missum
1261 3189 1459 3256 fuerat,
1477 3204 1588 3242 non
1612 3202 1670 3243 se
1689 3185 1778 3242 illi
1799 3185 2038 3255 maligne
2063 3220 2110 3282 Ο
2139 3189 2501 3244 numerabilia
2540 3189 2944 3256 mactabantur,
2980 3203 3105 3260 quae
3151 3187 3402 3259 sequenti
3437 3189 3759 3260 solempni—

437 3277 512 3318 ⁸⁸⁸
548 3293 886 3341 commotum
936 3285 1277 3351 ostendebat,
1316 3284 1409 3338 sed
1441 3281 1609 3338 alacri
1639 3295 1765 3336 eum
1817 3291 1870 3334 et
1898 3277 2034 3334 aﬂ‘a-
2074 3277 2109 3282 “
2137 3289 2249 3336 tate
2265 3282 2333 3337 ad
2365 3298 2610 3338 mensam
2631 3282 2796 3354 regis,
2823 3298 2951 3338 cum
2973 3282 3234 3338 omnibus
3253 3281 3373 3338 suis
3400 3282 3758 3354 principibus

435 3375 537 3432 bili
565 3377 717 3432 vultu
755 3377 1046 3448 recipiens,
1073 3378 1138 3432 ad
1170 3392 1418 3432 mensam
1451 3374 1737 3440 invitabat,
1765 3387 1944 3442 neque
1969 3387 2035 3426 ca

434 3468 546 3537 die,
604 3471 698 3527 sed
755 3470 1001 3542 sequenti
1055 3470 1138 3525 vel
1199 3469 1358 3525 tertia
1398 3483 1622 3523 causam
1681 3465 2030 3521 discutiebat.

435 3559 638 3633 Sicque
686 3563 976 3634 diligenter
1023 3578 1138 3616 rem
1182 3560 1440 3632 pauperis
1479 3569 1539 3615 ut
1575 3559 1810 3629 alicujus
1849 3556 2034 3627 magni

431 3654 708 3728 principis
733 3656 1102 3727 pertractabat
1138 3655 1233 3710 η’.
1280 3651 1324 3708 Ο
1367 3669 1564 3724 magna
1602 3651 1861 3708 discretio
1914 3666 2034 3705 ma-

430 3763 648 3820 gnaque
671 3748 935 3820 perfectio
967 3746 1266 3802 Bolezlavi!
1303 3745 1397 3815 qui
1429 3760 1719 3815 personam
1749 3743 1803 3797 in
1823 3742 2031 3813 judicio

430 3857 544 3896 non
576 3843 857 3908 servabat,
903 3841 998 3912 qui
1050 3840 1312 3911 populum
1340 3846 1490 3892 tanta
1517 3837 1730 3907 justitia
1760 3835 2032 3905 guberna-

430 3931 544 3997 bat,
568 3932 663 4002 qui
692 3933 960 3988 honorem
981 3931 1227 3987 ecclesiae
1248 3947 1313 3985 ac
1335 3939 1538 3985 statum
1556 3937 1717 3983 terrae
1734 3927 1789 3981 in
1810 3941 2029 3982 summo

425 4025 666 4080 culmine
694 4026 983 4080 reti-nebat.
1025 4023 1244 4078 Justitia
1284 4023 1546 4076 nimirum
1586 4021 1657 4056 ⁸⁸⁸
1687 4029 1742 4076 et
1771 4019 2029 4090 aequitate

427 4119 498 4152 ²⁹¹⁹
528 4118 596 4172 ad
619 4119 763 4172 hanc
783 4116 1104 4172 Bolezlavus
1139 4117 1369 4187 gloriam
1397 4125 1449 4170 et
1483 4114 1803 4185 dignitatem
1834 4099 2028 4168 ascen-

423 4209 528 4275 dit,
557 4209 760 4279 quibus
782 4209 1080 4264 virtutibus
1105 4210 1260 4264 initio
1281 4209 1523 4280 potentia
1555 4207 1924 4262 Romanorum
1972 4215 2026 4263 et

423 4300 720 4370 imperium
780 4301 1040 4356 excrevit.
1077 4300 1250 4356 Tanta
1289 4299 1492 4354 virtute
1518 4343 1532 4366 ,
1578 4308 1730 4355 tanta
1780 4299 2023 4370 potentia

422 4401 684 4464 tantaque
727 4393 956 4451 victoria
990 4409 1172 4466 regem
1205 4392 1551 4448 Bolezlavum
1595 4392 1739 4448 Deus
1769 4393 2024 4462 omnipo-

423 4496 546 4544 tens
575 4488 875 4557 decoravit,
904 4497 1166 4560 quantam
1195 4490 1316 4561 ejus
1342 4489 1641 4544 bonitatem
1677 4489 2019 4559 ctjustitiam

2137 3377 2439 3432 comessuri
2482 3377 2572 3445 ⁸η,
2623 3393 2776 3432 more
2825 3377 2988 3432 solito
3060 3377 3420 3448 parabantur.
3468 3375 3756 3434 Omnibus

2136 3467 2322 3539 itaque
2351 3471 2521 3537 cocis,
2560 3470 2871 3541 inquilinis,
2919 3470 3330 3542 apparitoribus
3354 3470 3450 3537 ³³⁸,
3481 3473 3753 3542 parasitis

2134 3562 2410 3617 exercitus
2465 3562 2534 3617 ad
2586 3563 2911 3618 animalium
2945 3578 3142 3619 carnes
3195 3571 3250 3618 et
3279 3571 3409 3619 exta
3455 3566 3750 3635 purganda

2133 3667 2299 3724 super
2325 3655 2500 3725 ripam
2526 3653 2772 3712 ﬂuminis
2795 3655 3159 3728 congregatis,
3180 3671 3248 3710 ex
3276 3656 3450 3711 altera
3480 3657 3598 3726 ripa
3633 3656 3750 3711 Ru-

2131 3746 2425 3802 thenorum
2457 3748 2684 3805 clientes
2721 3757 2777 3804 et
2812 3749 3073 3821 armigeri
3099 3748 3362 3805 clamosis
3390 3750 3629 3805 vocibus
3659 3751 3748 3805 in-

2131 3841 2428 3907 sultabant,
2464 3853 2674 3912 eosque
2713 3841 2998 3912 probrosis
3041 3841 3262 3912 injuriis
3300 3840 3368 3897 ad
3391 3842 3743 3898 iracundiam

2133 3933 2495 3989 lacessebant.
2524 3933 2606 3990 illi
2634 3949 2765 3990 vero
2811 3933 2982 3990 nichil
3032 3933 3250 4005 injuria:
3271 3949 3305 3990 e
3349 3935 3640 3990 contrario
3662 3950 3746 3990 re-

2127 4025 2488 4095 spondebant,
2521 4027 2618 4082 sed
2647 4026 3034 4083 intestinorum
3053 4026 3244 4083 sordes
3273 4034 3332 4082 et
3355 4025 3577 4082 inutilia
3601 4042 3743 4082 con—

2126 4124 2212 4173 tra
2238 4135 2430 4174 eorum
2458 4121 2652 4176 oculos
2675 4135 2776 4192 pro
2810 4121 3014 4192 injuria
3048 4120 3329 4191 iaciebant
3358 4119 3453 4174 ³³⁸.
3483 4119 3742 4190 Cumque

2125 4209 2367 4267 Rutheni
2394 4213 2570 4284 magis
2592 4229 2688 4268 eos
2719 4213 3004 4284 magisque
3033 4212 3384 4269 contumeliis
3415 4213 3735 4278 incitarent,

2123 4310 2180 4357 et
2205 4302 2395 4374 sagitis
2424 4303 2589 4358 etiam
2623 4303 2806 4360 acrius
2841 4301 3186 4370 infestarent,
3223 4301 3461 4360 canibus
3493 4303 3562 4334 '”
3588 4318 3735 4372 quos

2124 4394 2194 4426 ³³⁸
2223 4395 2486 4450 tenebant
2525 4395 2830 4467 avibusque
2856 4395 3084 4452 omissis
3105 4395 3198 4463 ³³³,
3232 4409 3360 4452 cum
3387 4395 3562 4450 armis
3583 4394 3732 4449 mili-

2125 4496 2239 4542 tum
2271 4488 2327 4542 in
2355 4489 2659 4544 meridiana
2682 4487 2754 4522 3“
2779 4489 2894 4562 (79)
2918 4490 3312 4546 dormientium
3341 4489 3513 4544 ﬂuvio
3541 4498 3728 4544 trans—

418 4595 551 4651 erga
585 4595 646 4636 se
679 4582 862 4652 ipsum
903 4593 959 4637 et
1006 4583 1260 4638 homines
1292 4581 1630 4654 recognovit,
1668 4589 1818 4636 tanta
1841 4581 2012 4651 gloria
2045 4588 2090 4644 D
2117 4589 2322 4647 natato,
2360 4581 2632 4638 Bolezlavi
2681 4583 3050 4653 parasitorum
3095 4583 3370 4639 exercitus
3406 4582 3525 4653 (80)
3555 4599 3722 4653 super

418 4670 789 4742 Bolezlavum,
826 4683 978 4731 tanta
1008 4691 1190 4732 rerum
1222 4675 1378 4747 copia
1407 4683 1670 4745 tantaque
1702 4674 1888 4729 laetitia
1917 4689 2004 4728 se-

2111 4683 2263 4730 tanta
2288 4673 2673 4760 Ruthenorum
2697 4676 3049 4734 multitudine
3069 4676 3448 4749 triumphavit.
3481 4675 3725 4732 Bolezla-

1740 4787 1974 4842 VARle
2001 4785 2403 4844 LECTIONES.

486 4874 558 4909 ""
592 4875 836 4954 habebat
853 4887 968 4954 erat
988 4881 1245 4954 scripturn
1287 4881 1342 4936 2.
1372 4882 1462 4936 sed
1488 4881 1736 4954 ultimam
1765 4879 1799 4934 b
1824 4887 2089 4954 corrector
2109 4881 2610 4954 notavittanquam
2639 4899 2936 4940 crroneum.
3014 4883 3087 4917 ’⁸⁸
3111 4882 3269 4953 juxta
3293 4883 3350 4940 5.
3425 4884 3495 4918 ’⁸³
3523 4886 3562 4940 i.
3590 4883 3651 4940 P.
3676 4884 3715 4940 τ.

417 4957 771 5018 transponunt
817 4950 875 5002 in
919 4949 956 5003 f.
1002 4951 1040 5005 i.
1097 4949 1162 5007 VP.
1191 4953 1244 5006 2.
1306 4963 1357 5006 et
1405 4953 1458 5009 5.
1556 4953 1626 4990 ³⁹⁰
1657 4951 1798 5005 deest
1853 4952 1906 5005 5.

413 5019 450 5074 2

2001 4951 2069 4982 ²⁹¹
2127 4952 2262 5021 ερὶι.
2311 4953 2364 5008 5.

2464 4955 2534 4986 ’θ’
2566 4956 2831 5011 adorabat
2865 4956 2916 5010 l.
3019 4955 3092 4987 ²⁹³
3111 4955 3255 5010 deest
3301 4955 3355 5010 5.
3465 4956 3537 4988 ³⁸⁸
3573 4957 3713 5010 deest

571 5019 642 5052 "'
662 5020 996 5094 demovebat
1029 5023 1081 5094 5.
1156 5023 1227 5054 ’⁸⁸
1253 5025 1495 5094 maligno
1523 5025 1574 5078 1.
1600 5025 1655 5078 2.
1686 5024 1752 5055 ²⁹⁷
1778 5023 1879 5094 hec
1906 5031 1991 5078 est
2014 5019 2236 5093 justicia
2261 5033 2317 5079 et
2345 5026 2562 5094 equitas
2602 5026 2836 5082 Bolcslai
2878 5025 3029 5080 addit
3054 5026 3153 5079 hoc
3190 5026 3306 5080 loco
3343 5027 3396 5081 5.
3429 5029 3719 5081 omittendo

411 5090 620 5168 reliqua
650 5091 808 5161 hujus
846 5093 1090 5168 capituli.
1165 5095 1236 5168 ξοδ
1263 5096 1343 5168 ita
1372 5090 1578 5149 videtur
1608 5093 1881 5168 legendum
1905 5090 2343 5168 pro'in‘gmirum.
2396 5090 2493 5128 "’9
2527 5097 2610 5151 Ea:
2634 5098 2802 5152 verbis
2827 5095 3060 5153 Justicia
3088 5097 3143 5152 in
3168 5097 3373 5152 mirum
3399 5107 3458 5152 et
3477 5100 3718 5168 equitate

411 5162 588 5237 eﬁ‘ecit
613 5171 880 5237 corrector
909 5162 1116 5237 additis
1156 5164 1360 5237 duobus
1407 5168 1573 5220 verbis
1597 5162 2044 5235 superpositisque
2070 5163 2225 5220 lineis
2257 5167 2393 5220 duas
2438 5169 2726 5237 periodos:
2762 5169 3052 5224 Justicialn
3081 5169 3137 5222 in
3167 5169 3369 5224 mirum
3408 5162 3636 5224 modum
3667 5179 3716 5224 ct

410 5233 709 5302 equitatem
740 5235 1090 5310 diligebat}.
1171 5235 1242 5268 ³⁰⁰
1263 5236 1411 5310 item
1436 5233 1697 5310 praeponit
1729 5233 1781 5290 5.
1818 5233 2244 5310 Ή³⁰¹ςςιυος1άείῐη
2277 5233 2460 5293 autem
2512 5239 2718 5295 factum
2775 5240 3042 5295 memoria
3071 5240 3298 5310 dignum
3330 5256 3427 5308 pro
3467 5240 3576 5294 Sed
3619 5242 3714 5294 ista

408 5333 484 5378 1-:
505 5307 862 5378 memorabile
890 5308 942 5362 ’5.
1017 5307 1086 5340 ³⁰¹
1128 5307 1398 5378 contingit
1425 5307 1478 5362 2.
1555 5309 1623 5341 ⁸⁸³
1645 5309 1789 5363 deest
1817 5309 1869 5362 5.
1945 5307 2019 5340 ³⁰⁵
2046 5309 2156 5363 alio
2179 5309 2232 5362 5.
2311 5310 2381 5341 ³⁰⁵
2412 5313 2658 5378 conlinie.
2673 5313 2726 5366 5.

411 5373 485 5452 ’_°'
521 5376 762 5452 inquam
782 5378 832 5432 1.
868 5379 981 5452 inq.
1006 5379 1061 5452 ζ).
1141 5377 1211 5452 ξοῗ
1239 5371 1560 5452 sanguinem
1591 5381 1661 5452 2.7
1679 5381 1748 5412 ³¹⁰
1772 5395 1973 5452 canum
2012 5389 2068 5434 et
2093 5389 2420 5452 venatorum
2449 5399 2544 5452 pro
2573 5400 2626 5438 v.
2652 5371 2704 5440 c.
2731 5383 2784 5436 5.

2803 5311 2876 5343 ³⁰⁶
2909 5311 3138 5381 predam
3171 5311 3225 5366 ὅ.
3301 5311 3373 5342 ³⁸⁷
3405 5311 3636 5367 Polonie
3660 5313 3708 5365 5.

2864 5381 2931 5414 ³¹³
2960 5391 3182 5438 tuorum
3213 5383 3266 5438 5.
3347 5382 3418 5414 ³⁸³
3437 5384 3517 5436 ita
3540 5401 3711 5437 cmen-

407 5444 555 5522 davi.
584 5444 710 5502 cum
735 5450 886 5522 4.2.
925 5444 978 5505 5.
1006 5449 1068 5506 P.
1147 5450 1218 5482 ³η
1240 5444 1372 5506 feris
1403 5451 1776 5522 singularibus
1816 5467 1912 5520 pro
1937 5450 1978 5505 f.
2021 5466 2068 5505 s.
2105 5451 2168 5522 5.
2237 5451 2307 5483 ³⁸⁵
2336 5444 2484 5510 veris
2529 5472 2632 5510 non
2670 5462 2809 5509 recte
2841 5454 2893 5508 1.
2970 5454 3042 5485 ³¹⁵
3095 5453 3341 5510 solemne
3392 5454 3714 5509 immincbi

451 5517 697 5597 uodpro.
724 5534 770 5575 s.
806 5520 842 5597 i_.
876 5523 1017 5597 (ιζ).
1078 5522 1166 5597 ᾖξε
1196 5517 1557 5597 celebraturis
1578 5523 1633 5576 2.
1714 5522 1793 5597 3”_
1816 5517 2131 5597 'terti_um.§._
2155 5520 2210 5575 in
2241 5522 2389 5597 diem
2425 5535 2638 5581 certum
2671 5527 2748 5580 bis
2786 5525 2974 5597 repetit
2996 5525 3051 5579 2.
3129 5525 3199 5556 ³¹⁸
3243 5539 3345 5595 pro
3373 5527 3711 5581 coniestione

449 5628 463 5642 .
485 5656 498 5672 .
538 5589 608 5672 f"
637 5589 916 5672 apparitor
943 5592 1035 5672 2_.__
1065 5594 1147 5672 f"
1169 5594 1536 5672 projiciebant
1560 5610 1666 5672 pro
1692 5609 1747 5672 p.
1781 5593 1817 5646 i.
1858 5593 1895 5672 i_.
1919 5594 2028 5672 _5._
2067 5593 2429 5672 "inomnibus
2458 5597 2516 5672 2.
2559 5598 2791 5672 canibus
2834 5589 3050 5672 ὲεάρδβε
3079 5589 3348 5672 εοῗνβέτον
3368 5598 3706 5672 ίηβφφϋ

409 5656 890 5737 deletoﬂorilnibus.
969 5663 1036 5696 ³³³
1058 5665 1138 5719 ita
1160 5656 1406 5731 correxi;
1441 5656 1724 5737 que'codd'.
1752 5672 1803 5720 et
1828 5663 1949 5720 edd.
1988 5663 2050 5718 P.
2128 5659 2198 5694 ³³³
2221 5664 2300 5718 ita
2329 5667 2759 5733 emendavimus;
2788 5656 3046 5724 comissis
3077 5667 3234 5722 codd.
3272 5675 3323 5722 et
3348 5667 3475 5724 cdd.
3501 5656 3601 5724 Ρ.’
3643 5656 3708 5703 ³³⁵

1953 5801 2184 5864 ΝΟΤᾸΕ.

419 5730 651 5786 meridie
677 5730 731 5786 3.

487 5884 602 5958 (79)
637 5884 861 5940 Scilicet
884 5886 1040 5941 hora.
1075 5887 1136 5941 P.

2180 5897 2296 5971 (80)
2324 5895 2366 5953 l.
2399 5912 2449 5954 e.
2483 5894 2662 5968 pueri,
2696 5895 3018 5953 servientes.
3042 5893 3101 5949 P.
