3956 6468
164 475 250 535 857

1522 457 1726 518 LIBER
1746 447 2042 540 oramus.

3233 397 3235 399 ’
3299 425 3408 486 ass

163 608 248 648 vus
273 590 447 660 itaque
477 603 574 644 rex
619 593 673 642 et
715 584 986 643 exercitus
1013 589 1164 639 totus
1196 582 1434 637 clamore
1463 578 1625 635 simul
1664 585 1719 632 et
1747 569 2068 654 A‘sionibus
2119 577 2290 636 cornu
2351 559 2471 632 ejus
2504 556 2562 660 in
2611 545 3414 660 gloria-Dominus.exaltabat.

161 684 362 753 strepitu
410 696 690 736 armorum
724 679 994 735 excitatus
1021 675 1112 744 ⁸⁸³,
1143 675 1404 746 quidnam
1433 674 1539 729 hoc
1572 678 1720 727 esset

161 777 499 841 sciscitantes,
535 773 752 846 cognita
781 773 858 828 rei
881 787 1070 839 causa,
1100 768 1244 826 facta
1267 769 1338 805 ³³⁵
1364 783 1431 824 ex
1447 763 1719 822 industria

158 868 444 923 dubitantes
467 866 556 933 ³³⁷,
585 881 712 920 cum
734 861 1000 920 ordinatis
1021 861 1242 917 aciebus
1270 860 1328 915 in
1354 859 1542 934 hostes
1562 852 1723 911 undi-

139 945 250 1034 }que
277 959 538 1032 fugientes
558 959 867 1026 irruerunt;
893 956 1082 1028 sicque
1106 953 1334 1026 parasiti
1365 966 1467 1007 nec
1486 948 1716 1022 gloriam

154 1053 373 1110 victoriae
400 1053 524 1122 soli,
551 1067 652 1108 nec
674 1049 1007 1123 sanguinum
1033 1047 1107 1081 ³²³
1128 1062 1331 1103 noxam
1373 1045 1474 1102 soli
1508 1042 1718 1098 habue-

153 1157 286 1203 runt.
315 1146 486 1202 Tanta
528 1161 659 1202 vero
690 1144 794 1201 fuit
818 1144 893 1201 ibi
923 1143 1159 1200 militum
1187 1140 1390 1196 ﬂumen
1424 1147 1719 1194 transeun-

153 1243 275 1298 tium
317 1241 606 1298 multitudo
641 1227 738 1307 l’”,
795 1237 944 1311 quod
971 1241 1271 1306 non'aqua
1323 1232 1610 1288 videbatur
1647 1230 1717 1286 ab

150 1337 504 1404 inferioribus,
551 1335 646 1392 sed
700 1333 949 1406 quaedam
1005 1329 1217 1387 itineris
1273 1327 1560 1384 siccitudo.
1601 1323 1718 1380 Hoc

149 1439 315 1486 autem
344 1431 615 1487 tantillum
641 1428 846 1484 dixisse
870 1427 937 1482 de
959 1425 1120 1481 bellis
1145 1423 1267 1495 ejus
1295 1421 1547 1488 sufﬁciat,
1581 1434 1720 1491 qua-

147 1534 296 1580 tenus
339 1525 458 1595 ejus
500 1524 628 1579 vitae
668 1520 976 1578 recordatio
1009 1519 1079 1576 ab
1117 1517 1463 1574 auditoribus
1503 1515 1739 1570 imitata?

146 1616 384 1688 proficiat
411 1615 502 1670 ⁸³⁸.

176 1707 261 1762 Η.
301 1697 379 1762 De
402 1701 748 1777 dispositione
783 1702 1230 1777 ecclesiarum)“
1258 1702 1318 1757 in
1358 1699 1590 1757 Polonia
1631 1706 1682 1754 et

662 1777 854 1830 virtute
878 1773 1173 1830 Bolezlam'.

203 1873 368 1945 Igitur
401 1888 494 1929 rex
527 1872 812 1928 Bolezlaus
841 1869 912 1902 ³³²
956 1884 1094 1942 erga
1115 1867 1363 1924 divinum
1393 1847 1602 1922 cultum
1643 1862 1716 1945 “3

1823 661 1998 737 (Psal.
2030 673 2296 723 Lxxxvm,
2318 655 2433 726 25),
2459 663 2514 710 et
2543 651 2596 706 in
2626 648 2839 707 cunctis
2860 661 3074 716 semper
3092 643 3229 700 bene
3255 656 3404 720 sem:

1820 772 2022 832 perque
2092 767 2350 826 prospere
2403 746 2751 821 procedebat.
2814 742 2884 799 Et
2931 756 3056 798 cum
3118 737 3201 794 sic
3261 743 3408 792 esset

1820 852 2139 908 Bolezlavus
2169 845 2460 919 religiosus
2488 843 2544 899 in
2569 839 2796 907 divinis,
2826 835 3062 892 multum
3091 841 3274 890 tamen
3306 847 3406 903 ap-

1819 945 2045 1018 parebat
2080 941 2349 1014 gloriosus
2374 938 2431 994 in
2455 934 2734 993 humanis.

1823 1060 1910 1116 i2.
1937 1056 2211 1126 Quomodo
2231 1052 2549 1111 Bolezlavus
2569 1066 2664 1123 per
2685 1063 2814 1126 suas
2831 1054 3015 1126 _terras
3047 1042 3162 1098 sine
3195 1039 3410 1095 laesione

2288 1118 2581 1198 paupertini
2620 1118 2935 1177 transiebat.

1895 1223 2027 1296 Ejus
2055 1237 2296 1294 namque
2327 1228 2573 1290 tempore
2600 1231 2712 1273 non
2733 1215 2913 1272 solum
2935 1209 3165 1269 comites
3181 1250 3196 1275 ,
3218 1219 3410 1262 verum

1821 1319 1988 1374 ctiam
2025 1318 2232 1389 quique
2257 1315 2472 1371 nobiles
2499 1323 2728 1384 torques
2754 1323 2954 1366 aureas
2995 1302 3234 1362 inmensi
3269 1315 3410 1372 pon-

1819 1413 1969 1468 deris
1998 1411 2317 1482 hajolabant
2338 1409 2428 1475 ³“,
2458 1414 2612 1474 tanta
2641 1401 3021 1476 superﬂuitate
3043 1395 3289 1470 pecuniae
3324 1407 3413 1447 re-

1821 1503 2163 1562 dundabant.
2192 1504 2451 1560 Mulieres
2480 1517 2614 1558 vero
2643 1498 2881 1556 curiales
2923 1491 3146 1551 coronis
3186 1486 3370 1545 aureis
3393 1526 3411 1553 ,

1823 1599 2161 1672 monilibus,
2198 1595 2607 1662 murenulis'",
2655 1584 3070 1654 brachialibus',
3119 1579 3415 1640 aurifrisiis

1818 1687 1874 1749 et
1897 1692 2128 1766 gemmis
2159 1691 2234 1747 ita
2286 1691 2541 1746 honustae
2576 1684 2976 1758 procedebant,
3013 1678 3160 1753 quod
3192 1676 3249 1732 ni
3289 1690 3416 1731 sus—

1816 1793 2162 1842 tentarentur
2212 1783 2282 1847 ab
2309 1782 2432 1837 aliis
2457 1823 2472 1846 ,
2516 1778 2735 1850 pondus
2767 1775 2972 1832 metalli
3004 1770 3278 1830 sustinere
3303 1781 3413 1821 non

1817 1880 2093 1936 valebant.
2124 1876 2312 1933 Talem
2342 1875 2506 1931 etiam
2533 1873 2763 1946 gratiam
2797 1869 2848 1926 ei
2873 1867 3021 1942 Deus
3061 1862 3368 1922 contulerat
3394 1899 3411 1930 ,

145 1968 192 2022 in
213 1943 458 2023 ecclesiis
476 1963 859 2022 construendis
881 1971 935 2019 et
963 1960 1371 2032 eplscopatibus
1395 1943 1718 2015 ordinaudis
1750 1963 1796 2020 B
1819 1983 1874 2029 ει
1898 1974 1973 2029 εις,
1995 1972 2114 2028 vis“
2146 1968 2459 2026 desirabilis
2485 1943 2700 2024 οιίηειίε
2736 1971 2856 2021 erat
2876 2003 2893 2032 ,
2944 1959 3123 2034 quod,
3175 1956 3224 2017 si
3273 1952 3416 2010 forte

145 2060 524 2131 beneﬁciisque
552 2057 902 2115 conferendis
926 2057 998 2111 ita
1018 2054 1410 2112 devotissimus
1431 2051 1502 2084 ‘“
1525 2051 1725 2108 existe-

145 2153 250 2220 bat,
273 2152 416 2224 quod
441 2168 544 2207 suo
576 2159 818 2222 tempore
843 2147 1074 2204 Polonia
1101 2146 1242 2202 duos
1268 2142 1721 2214 metropolitanos

145 2263 264 2326 cum
289 2246 404 2302 suis
452 2244 811 2318 suﬂ'raganeis
841 2242 1173 2299 continebat.
1208 2238 1420 2306 Quibus
1464 2237 1584 2308 ipse
1625 2252 1722 2308 per

144 2336 321 2396 Omnia
380 2349 434 2396 et
479 2341 536 2395 in
580 2339 838 2396 omnibus
883 2337 960 2392 ita
1009 2335 1298 2392 benivolus
1361 2342 1416 2390 et
1458 2331 1722 2389 obediens

91 2490 94 2493 ,
141 2435 419 2501 existebat,
446 2433 615 2506 quod,
645 2433 694 2489 si
718 2431 860 2488 forte
881 2431 1083 2502 aliquis
1101 2429 1173 2464 ⁸³⁸
1200 2426 1510 2500 principum
1532 2435 1730 2482 contra

143 2529 205 2560 ³³⁸
231 2529 532 2600 quemlibet
555 2528 624 2561 ³³⁷
655 2526 982 2583 clericorum
1004 2525 1091 2580 vel
1118 2522 1440 2596 pontificum
1472 2522 1542 2554 ³⁸⁸
1562 2519 1724 2592 litigii

140 2636 358 2675 causam
388 2619 705 2688 inchoabat,
741 2619 830 2675 vel
871 2619 917 2675 si
943 2618 1232 2690 quitquam
1262 2617 1330 2673 de
1359 2617 1528 2674 rebus
1540 2615 1724 2672 eccle-

139 2713 373 2770 siasticis
414 2713 743 2784 usurpabat,
801 2712 918 2784 ipse
963 2709 1178 2768 cunctis
1226 2725 1395 2766 manu
1441 2708 1723 2765 silentium

138 2803 433 2872 indicebat,
468 2815 522 2861 et
542 2805 684 2861 sicut
705 2810 974 2876 patrOnus
1003 2814 1058 2860 et
1079 2806 1379 2861 advocatus
1397 2802 1722 2874 pontiﬁcum

137 2910 358 2951 causam
396 2903 452 2951 et
475 2895 722 2952 ecclesiae
754 2895 1100 2952 defendebat.
1129 2895 1331 2953 Gentes
1358 2909 1491 2950 vero
1523 2895 1724 2951 barba-

136 3005 318 3045 rorum
353 2990 413 3046 in
462 2991 698 3048 circuitu
739 3007 878 3064 quas
921 2982 1177 3049 vincebat
1205 3007 1315 3048 non
1357 2992 1427 3048 ad
1457 2991 1722 3048 tributum

133 3084 378 3156 pecuniae
424 3085 867 3156 persolvendum,
914 3087 1009 3144 sed
1058 3087 1127 3143 ad
1151 3102 1296 3142 verte
1317 3084 1601 3158 religionis
1637 3085 1723 3139 in-

133 3185 472 3232 crementum
512 3178 821 3234 coercebat.
867 3176 1099 3249 Insuper
1126 3178 1291 3233 etiam
1340 3176 1602 3234 ecclesias
1645 3175 1722 3230 ibi

132 3266 195 3323 de
245 3270 470 3340 proprio
497 3270 852 3326 construebat
882 3270 972 3338 ³³⁸,
1009 3278 1065 3326 et
1097 3270 1386 3341 episcopos
1421 3267 1724 3324 honoriﬁce

131 3360 470 3436 clericosque
519 3364 787 3420 canonice
831 3379 957 3420 cum
999 3364 1166 3420 rebus
1210 3363 1540 3421 necessariis
1579 3362 1724 3434 apud

133 3452 443 3512 incredulos
483 3456 760 3512 ordinavit
799 3457 889 3512 “°.
943 3455 1168 3513 Talibus
1214 3473 1345 3529 ergo
1403 3456 1722 3525 virtutibus,

127 3547 339 3617 justitia
370 3557 425 3603 et
467 3549 745 3620 aequitate,
771 3550 967 3606 timore
995 3551 1206 3606 scilicet
1236 3549 1304 3590 ³⁸³
1329 3558 1384 3606 et
1413 3549 1722 3616 dilectione,

130 3656 223 3694 rex
260 3639 585 3698 Bolezlavus
633 3643 1000 3713 prmeellebat,
1048 3643 1256 3714 talique
1280 3642 1614 3699 discretione
1639 3658 1727 3697 re-

129 3750 299 3805 gnum
372 3749 602 3806 remque
659 3736 937 3808 publicam
998 3727 1350 3807 procurabat.
1417 3735 1727 3793 Virtutibus

129 3827 404 3898 siquidem
447 3828 638 3885 multis
687 3843 754 3884 ac
789 3830 1157 3900 probitatibus
1181 3831 1342 3902 longe
1385 3829 1602 3900 lateque
1622 3829 1728 3885 Bo-

127 3921 374 3978 lezlavus
412 3922 668 3989 emicuit,
693 3922 876 3980 tribus
908 3931 1093 3980 tamen
1117 3924 1186 3958 ³⁶¹
1213 3924 1534 3992 virtutibus,
1559 3922 1726 3995 justi-

127 4014 227 4080 tia,
263 4015 544 4085 aequitate,
573 4016 776 4086 pietate
808 4017 1120 4088 specialiter
1153 4017 1222 4074 ad
1251 4025 1467 4074 tantum
1509 4016 1726 4072 culmen

127 4105 532 4177 magnitudinis
566 4109 832 4165 ascendit.
864 4107 1108 4178 iustitia,
1137 4109 1268 4182 quia
1301 4109 1423 4166 sine
1473 4117 1727 4180 respectu

123 4212 383 4266 persona:
429 4215 658 4257 causam
701 4201 758 4257 in
795 4201 1004 4273 judicio
1035 4202 1401 4269 discernebat,
1449 4202 1724 4274 aequitate,

124 4289 261 4358 quia
288 4290 568 4363 principes
589 4300 644 4348 et
660 4295 922 4364 populum
940 4310 1066 4351 cum
1092 4294 1425 4351 discretione
1447 4294 1724 4366 diligebat,

124 4382 360 4451 pietate,
390 4383 520 4455 quia
551 4385 832 4442 Christum
858 4385 1089 4458 ejusque
1112 4402 1370 4458 sponsam
1396 4387 1575 4444 modis
1609 4403 1728 4443 om-

125 4474 299 4531 nibus
351 4477 681 4558 honorabat.
733 4478 802 4534 Et
826 4480 954 4551 quia
1004 4479 1276 4550 justitiam
1332 4481 1623 4536 exercebat
1674 4488 1731 4536 et

123 4581 326 4624 omnes
356 4570 426 4601 ³⁵⁸
455 4571 838 4642 aequanimiter
871 4572 1150 4644 diligebat.
1184 4580 1239 4627 et
1280 4580 1513 4627 matrem
1553 4572 1729 4627 cccle-

1824 2066 2124 2139 quemlibet
2159 2081 2188 2120 a
2213 2071 2514 2135 conspectu
2556 2075 2660 2118 suo
2689 2073 2791 2131 pro
2838 2056 3001 2127 culpa
3048 2049 3251 2109 veniali
3290 2063 3415 2103 mo-

1823 2170 2116 2216 mentaneo
2133 2159 2202 2194 M
2234 2156 2584 2223 removebat,
2615 2150 2869 2226 quamvis
2895 2149 2986 2204 ille
3007 2139 3192 2203 rerum
3220 2142 3419 2212 suique

1822 2251 2070 2308 libertate
2099 2249 2393 2316 frueretur,
2442 2247 2618 2304 donec
2669 2239 3055 2300 benivolentia;
3088 2236 3208 2308 ejus
3255 2249 3323 2290 ac
3344 2230 3414 2264 “7

1825 2347 2147 2419 conspectui
2179 2345 2521 2409 redderetur,
2558 2355 2668 2396 non
2705 2355 2767 2395 se
2791 2337 2976 2403 vivere
3004 2334 3098 2391 sed
3127 2330 3421 2398 mori,nec

1823 2441 2028 2498 essem
2055 2441 2289 2496 liberum
2318 2439 2410 2494 sed
2441 2445 2655 2492 trusum
2686 2431 2893 2490 carceri
2932 2426 3240 2500 reputabat.
3275 2421 3420 2478 Suos

1824 2535 2124 2608 quoque”
2169 2534 2408 2590 rusticos
2457 2546 2567 2586 non
2615 2537 2679 2584 ut
2730 2527 2991 2584 dominus
3033 2522 3089 2578 in
3134 2517 3420 2592 angariam

1823 2631 2141 2693 coercebat,
2173 2629 2268 2686 sed
2296 2637 2356 2683 ut
2382 2627 2506 2698 pius
2531 2632 2686 2696 pater
2707 2623 2890 2694 quiete
2939 2633 3036 2675 eos
3064 2615 3249 2673 vivere
3275 2627 3410 2684 per-

1824 2723 2092 2777 mittebat.
2122 2719 2227 2776 Uhi
2259 2719 2406 2774 enim
2445 2731 2576 2772 suas
2605 2715 2877 2770 stationes
2925 2722 3200 2780 suumque
3240 2703 3419 2762 servi-

1825 2816 1960 2873 tium
1995 2813 2415 2870 determinatum
2430 2810 2500 2842 "°
2531 2808 2770 2865 habebat
2792 2847 2808 2872 ,
2831 2819 2936 2860 nec
2961 2799 3276 2870 libenterin
3305 2804 3424 2852 ten-

1829 2909 1984 2965 toriis
1999 2909 2152 2967 sicut
2175 2900 2411 2960 Numida
2427 2904 2518 2970 ³⁸⁸,
2543 2902 2632 2958 vel
2659 2901 2715 2956 in
2737 2897 2958 2970 "campis
2981 2939 2998 2964 ,
3031 2894 3128 2952 sed
3153 2893 3211 2947 in
3237 2889 3428 2947 civita-

1828 3001 1974 3056 tibus
1995 3008 2049 3055 et
2061 2999 2130 3030 ⁸⁵¹
2159 2996 2358 3054 castris
2388 2994 2706 3066 frequenter
2735 2988 3040 3046 habitabat.
3069 2983 3138 3040 Et
3165 2982 3424 3056 quotiens

1824 3091 1891 3146 de
1918 3091 2137 3146 civitate
2165 3089 2467 3144 stationem
2503 3086 2559 3140 in
2589 3084 2755 3139 aliam
2785 3077 3188 3142 transferebat,
3216 3073 3341 3130 aliis
3366 3073 3423 3128 in

1826 3183 2063 3241 conﬁnio
2085 3180 2354 3247 dimissis,
2379 3179 2518 3234 alios
2537 3175 2929 3233 vastandioues
2952 3180 3008 3228 et
3030 3169 3246 3226 villicus
3266 3182 3424 3222 com-

1830 3274 2181 3330 mutabat’".
2207 3272 2317 3330 Nec
2355 3272 2650 3350 quisquam
2678 3285 2748 3325 eo
2773 3271 3097 3324 transeunte
3132 3261 3313 3317 viator
3335 3259 3423 3314 vel

1827 3375 2081 3441 operator
2115 3370 2284 3425 boves
2310 3369 2396 3422 vel
2409 3367 2480 3400 ³⁸⁵
2505 3381 2637 3422 oves
2659 3362 3053 3428 abscondebat,
3080 3357 3178 3414 sed
3206 3355 3258 3412 ei
3283 3369 3425 3426 prae-

1826 3462 2062 3517 tereunti
2091 3476 2300 3532 pauper
2326 3467 2380 3515 et
2401 3459 2471 3491 ³⁸⁵
2505 3458 2660 3514 dives
2687 3454 2966 3511 arridebat
2991 3493 3008 3520 ,
3042 3463 3280 3520 eumque
3303 3461 3425 3502 cer-

1827 3571 1959 3611 nere
1988 3563 2100 3610 tota
2134 3554 2313 3624 patria
2342 3551 2674 3624 properabat
2686 3549 2778 3603 ³⁸⁸.

1829 3649 1917 3703 l5.
1955 3648 2033 3702 De
2069 3649 2264 3702 virtute
2282 3655 2332 3701 et
2352 3647 2548 3717 pietate
2569 3644 2753 3698 uxoris
2779 3638 3052 3696 Bolezlavi
3077 3632 3420 3692 Gloriosi'”.

1904 3740 2085 3797 Duces
2110 3755 2260 3808 vero
2311 3753 2554 3809 suosque
2600 3735 2832 3794 comites
2877 3732 2950 3790 ac'
2982 3731 3261 3805 principes
3305 3727 3422 3784 acsi

1829 3833 2032 3890 fratres
2055 3834 2142 3890 vel
2162 3833 2306 3890 ﬁlios
2327 3833 2624 3904 diligebat,
2649 3844 2856 3900 eosque
2886 3828 3039 3884 salva
3067 3821 3378 3881 reverentia
3403 3862 3420 3888 ,
3472 3893 3477 3900 ~

1828 3926 1985 3983 sicud
2015 3927 2236 3998 sapiens
2262 3926 2557 3993 Dominus,
2595 3924 2922 3980 honorabat.
2944 3913 3422 3992 Conquerentibus

1828 4018 1975 4075 enim
2007 4035 2173 4090 super
2203 4018 2396 4098 illisf”
2424 4016 2737 4074 inconsulte
2775 4029 2889 4070 non
2936 4011 3234 4076 credebat,
3285 4022 3424 4063 con-

1827 4118 1915 4167 tra
1946 4111 2060 4184 (81)
2092 4111 2212 4183 iege
2233 4111 2304 4144 ³⁸⁸
2331 4111 2765 4180 condempnatos
2807 4105 3077 4178 judicium
3091 4102 3159 4136 ³⁸⁸
3199 4098 3421 4156 miseri-

1828 4203 2017 4260 cordia
2045 4205 2389 4276 temperabat
2420 4203 2555 4276 (82).
2588 4201 2742 4272 Saepe
2771 4214 3010 4269 namque
3039 4211 3181 4253 uxor
3200 4194 3319 4265 ejus
3342 4207 3427 4248 re-

1828 4297 1956 4368 gina
1979 4297 2116 4369 (85),
2147 4299 2391 4368 prudens
2422 4296 2621 4352 mulier
2649 4304 2705 4350 et
2729 4294 2966 4350 discreta
2986 4333 3001 4359 ,
3028 4287 3294 4361 pluresm
3321 4300 3421 4357 pro

1829 4389 1988 4460 culpa
2022 4391 2186 4446 morti
2216 4391 2428 4447 deditos
2453 4391 2521 4446 de
2551 4388 2808 4444 manibus
2852 4387 3108 4443 lictorum
3151 4379 3382 4451 erripuit
3403 4419 3420 4446 ,

1829 4483 1974 4538 etab
1999 4483 2311 4539 imminenti
2344 4483 2540 4539 mortis
2575 4482 2824 4553 periculo
2871 4477 3126 4534 liberavit
3149 4518 3165 4544 ,
3215 4487 3424 4544 eosque

1830 4574 1888 4629 in
1915 4590 2136 4632 carcere
2158 4619 2172 4645 ,
2203 4578 2535 4648 quandoque
2564 4591 2692 4648 rege
2738 4573 3016 4631 nesciente
3039 4613 3054 4639 ,
3092 4568 3423 4641 quandoque

122 4659 270 4714 siam
305 4661 568 4734 virosque
601 4663 1008 4720 ecclesiasticos
1037 4662 1335 4731 exaltabat,
1363 4672 1568 4720 sanctas
1605 4680 1727 4719 ma-
1759 4683 1806 4739 ι)
1830 4683 1961 4724 vero
1989 4669 2372 4726 dissimulante
2395 4713 2410 4738 ,
2443 4669 2546 4727 sub
2574 4668 2824 4725 custodia
2845 4666 2972 4722 vitae
2994 4658 3425 4720 misericorditer

123 4751 232 4808 tris
258 4754 512 4811 ecclesia:
538 4756 793 4826 precibus
829 4755 1062 4828 ejusque
1089 4756 1444 4827 praelatorum
1475 4756 1734 4812 interces-

1841 4764 2160 4820 reservavit.
2199 4762 2448 4820 Habebat
2495 4770 2683 4819 autem
2731 4777 2831 4819 rex
2875 4759 3088 4817 amicos
3131 4751 3422 4814 duodecim

1443 4893 1680 4951 VARUE
1717 4896 2127 4958 LECTIONES.

196 5009 272 5043 ³³⁸
308 5009 588 5068 exercitus
617 5011 672 5066 2.
750 5011 820 5044 ³²⁶
848 5010 1050 5067 factam
1071 5011 1259 5066 suadet
1285 5009 1454 5082 legere
1474 5011 1528 5065 2.
1568 5011 1712 5066 deest
1741 5012 1794 5068 5.
1873 5014 1940 5047 ³⁸⁷
1964 5015 2272 5087 cogitantes
2304 5017 2357 5071 5.

113 5081 196 5113 ³η
277 5083 426 5113 ιιι-..οι
463 5083 484 5113 Ι
542 5083 576 5113 ο
628 5083 664 5113 π
714 5083 921 5113 ηΛΑὲΑἱσ
959 5084 1068 5113 nalis
1121 5080 1304 5113 [3an.-
1404 5082 1472 5113 διο
1498 5082 1625 5113 ιρι-ηιξ
1675 5084 1705 5113 ’Ζ
1812 5084 1880 5113 831
1911 5087 2169 5113 ,ιι-..ζοηιιη
2201 5089 2232 5113 ει
2349 5090 2357 5113 1

274 5083 514 5158 deest_l.
542 5083 930 5158 2._5._addidit_
956 5084 1100 5158 edit:
1121 5080 1359 5158 ϐοείᾳ-η(-
1404 5082 1472 5114 ⁸³⁰
1498 5082 1640 5158 prof.
1673 5084 1880 5158 5.ω³³¹
1908 5080 2172 5158 equitatis
2201 5089 2254 5142 5.

2459 5017 2528 5049 ³⁸⁸
2557 5015 2882 5072 sanguinem
2928 5030 3032 5068 non
3054 5019 3192 5067 recte
3277 5010 3326 5064 1.
3363 5007 3418 5063 2.

2349 5089 2420 5122 ³³⁸
2450 5080 2757 5145 Boleslalus
2805 5103 3007 5157 semper
3035 5086 3088 5140 5.
3173 5081 3255 5157 {’1
3277 5095 3328 5135 e.
3365 5080 3419 5135 d.

209 5153 413 5232 desunt
573 5154 644 5232 “f
673 5154 1043 5210 devotissimis
1073 5154 1166 5232 2._
1207 5153 1276 5186 ³³⁸
1324 5153 1467 5208 deest
1514 5155 1566 5208 1.
1598 5155 1650 5209 2.
1728 5155 1799 5187 ³³⁸
1822 5153 2035 5232 contra,
2073 5159 2382 5228 principum
2421 5159 2622 5232 aliquis
2658 5176 2753 5232 pro
2803 5153 2945 5232 a.p.
2980 5173 3030 5212 c.
3058 5157 3134 5232 5._
3188 5153 3255 5232 ’ξ’
3283 5166 3423 5222 que-

113 5224 258 5280 libet
285 5225 345 5280 2.

112 5297 158 5348 i.
203 5312 258 5350 o.
295 5297 352 5351 5.

107 5366 336 5421 incerta
365 5368 422 5423 2.

111 5436 176 5490 1.
233 5439 316 5494 sic
369 5447 488 5494 erat
533 5447 584 5493 et
610 5440 665 5507 2,
719 5439 810 5494 sed
856 5449 1123 5494 corrector
1153 5438 1448 5493 ultimumi
1481 5441 1538 5493 in
1567 5455 1660 5493 um
1690 5443 1938 5496 mutavit.

1427 5510 1496 5542 ³⁸⁷
1539 5509 1616 5566 De
1645 5511 1846 5567 virtute
1875 5543 1948 5553 —
1978 5512 2215 5572 Gloriosi
2253 5517 2444 5573 desunt
2477 5519 2532 5574 5.

97 5507 195 5581 ius
217 5517 276 5565 et
303 5511 366 5567 δ,
433 5511 504 5544 ³⁸⁸
546 5511 631 5567 vel
660 5511 716 5565 2.
815 5511 884 5544 ³⁸⁸
913 5511 1242 5581 proherahat
1276 5510 1330 5565 2.

431 5225 500 5257 ³³⁸
525 5225 830 5281 amicorum
871 5233 926 5281 et
988 5225 1416 5296 presbiterorum
1449 5242 1544 5294 pro
1574 5241 1624 5281 c.
1657 5242 1706 5282 e.
1737 5242 1789 5296 p.
1822 5228 1856 5282 5

467 5296 533 5328 ⁸⁵¹
586 5297 838 5352 videlicet
864 5297 917 5352 5.
991 5295 1062 5329 ³⁸³
1088 5311 1220 5351 vero
1250 5296 1306 5350 2.
1386 5295 1456 5328 3”
1483 5297 1669 5352 omnia
1693 5295 1745 5352 5.

524 5367 593 5400 ³⁸³
621 5377 676 5424 et
710 5376 1096 5424 momentanea
1132 5367 1185 5422 5.
1258 5367 1327 5399 ³⁸⁷
1357 5373 1412 5421 et
1436 5369 1488 5423 5.
1568 5367 1636 5399 ³⁸⁸
1662 5384 1720 5424 se
1751 5369 1804 5423 5.

1969 5229 2040 5262 “9
2065 5224 2462 5286 construebant
2501 5224 2554 5286 5.
2654 5224 2724 5264 ³⁸⁰
2754 5224 2973 5286 eosdem
3020 5224 3307 5283 ordinabat
3328 5238 3424 5292 pro

1862 5299 1932 5331 ³³⁵
1958 5301 2279 5371 bajulabant
2306 5303 2358 5358 5.
2445 5302 2514 5335 m
2541 5319 2639 5357 rom
2669 5302 2781 5356 haec
2813 5308 3049 5371 correcta
3081 5304 3159 5371 est
3187 5304 3237 5350 et
3265 5293 3422 5371 lectio

1905 5370 1974 5403 “9
2009 5363 2251 5445 suosque
2279 5391 2374 5443 pro
2407 5389 2540 5432 suos
2582 5388 2805 5445 quoque
2833 5370 3041 5445 5.___"°
3070 5363 3424 5445 determinari

2039 5443 2106 5476 ³⁵³
2131 5437 2298 5502 (ἰόωὸ
2321 5446 2372 5502 5.
2460 5446 2531 5479 ³⁸²
2555 5437 2642 5502 vel
2668 5437 2731 5500 in
2751 5445 2804 5498 5.
2891 5441 2962 5474 ³⁵⁸
2987 5437 3345 5498 commulaVil
3365 5437 3419 5490 5·

2622 5516 2694 5550 ³⁸⁸
2723 5515 2847 5573 illos
2867 5513 2922 5569 2.
2999 5510 3070 5545 ³⁸⁸
3091 5511 3266 5583 legem
3287 5508 3339 5563 1.
3364 5507 3421 5562 2.

77 5577 178 5661 ὅ.
203 5581 331 5655 lege
359 5582 550 5638 suadet
574 5582 742 5654 legere
767 5582 898 5638 edit.
915 5577 1091 5638 'Vars.
1169 5582 1238 5615 ³⁶⁰
1261 5599 1388 5639 cum
1419 5581 1573 5636 addit
1599 5582 1652 5638 5.
1730 5582 1799 5616 ³⁸⁸
1830 5585 2034 5641 multos
2066 5587 2118 5642 5.

1671 5695 1905 5754 NOTAE.

195 5783 320 5927 (81)
364 5763 490 5874 Ιζᾳ.
517 5783 755 5911 ergaJ’.

219 5855 295 5911 82
366 5867 569 5913 contra
613 5873 755 5927 egem

142 5855 320 5937 “(82)
347 5855 569 5937 _Co§_tra
585 5855 756 5937 legent
783 5857 1085 5937 damnatos,
1115 5872 1239 5937 cum_
1261 5857 1358 5912 hoc
1373 5859 1728 5937 intelligeret,

99 5924 408 5982 liberavit.
433 5927 642 5984 Chron.

743 5927 851 5984 inc.
885 5926 1003 5983 Pol.
1026 5928 1263 5996 Stenzel,
1297 5945 1346 5996 ι,
1371 5929 1459 5984 52.
1491 5926 1576 5985 Cf.
1610 5926 1734 5988 vna

102 5993 184 6052 S.
218 5995 476 6057 Ladislai
498 5999 556 6056 in
575 5990 868 6057 Endlicher
885 5997 1014 6056 Rer.
1040 5997 1220 6072 ﬂung.
1244 5990 1492 6057 mo'num.
1517 6002 1747 6074 Arpad.,
1780 5990 1784 5995 ’

1845 5808 1896 5937 If
1914 5793 2270 5937 (ggg'guater
2296 5877 2523 5937 uxorem
2554 5860 2710 5937 duxit
2733 5857 3055 5937 Bolezlaus;
3087 5854 3278 5937 ultima
3305 5859 3424 5910 erat

1845 5927 1960 5993 Oda
1985 5927 2018 6005 ,’
2041 5927 2153 5992 ﬁlia
2178 5935 2416 5992 Ekkardi
2443 5976 2459 6004 ,
2490 5932 2830 5990 marchionis
2853 5930 3166 5988 Misnensis.
3195 5927 3260 5984 K.
