3952 6324
166 424 268 483 861

1544 404 1751 470 LIBER
1782 406 2066 470 PRIMUS.

3331 410 3437 470 862

164 529 261 570 rex
282 511 423 570 alius
436 505 846 580 abundaret”,
867 507 1282 584 querebatur”
1300 515 1484 565 tamen
1504 522 1741 580 semper,
1771 505 1822 567 Δ
1845 507 2152 562 exulantem
2183 505 2254 540 “°
2301 515 2352 564 et
2386 508 2737 577 aberrantem,
2760 513 2812 563 et
2853 507 3112 576 hostibus,
3161 523 3291 580 quos
3340 509 3436 563 sub

163 604 392 678 quod‘M
422 603 558 661 solis
586 602 854 660 militibus
873 603 1160 677 indigeret.
1215 602 1285 660 Et
1313 599 1744 675 quicumque“:

162 697 368 772 probus
395 696 600 769 hospes
625 703 760 769 aput
785 712 913 754 eum
934 695 993 752 in
1021 695 1217 753 militia
1248 695 1605 768 probabatur,
1634 709 1748 752 non

162 791 320 848 miles
349 789 442 846 ille
461 789 559 847 sed
584 789 732 863 regis
763 789 911 848 ﬁlius
939 789 1284 859 vocabatur;
1334 796 1391 846 et
1423 788 1472 846 si
1498 789 1749 862 quando-

165 900 287 956 que,
320 891 382 940 ut
402 883 608 941 assolet
630 899 822 940 eorum
851 882 1092 956 aliquem
1104 881 1176 916 “'
1204 879 1476 940 infelicem
1503 881 1562 938 in
1590 880 1749 953 equis

163 977 252 1032 vel
280 977 336 1032 in
373 975 500 1034 aliis
531 976 830 1047 audiebat,
857 976 1072 1033 inﬁnita
1097 975 1280 1034 dando
1303 975 1355 1032 ei
1381 975 1748 1033 circumstan-

159 1070 308 1127 tibus
331 1070 610 1128 alludebat
635 1089 649 1126 :
679 1068 740 1126 Si
767 1086 974 1143 possem
996 1071 1076 1125 sic
1108 1069 1247 1126 hunc
1273 1069 1498 1142 probum
1526 1068 1751 1125 militem

160 1180 193 1217 α
222 1172 391 1220 morte
415 1163 624 1219 divitiis
653 1163 916 1232 liberare,
948 1163 1089 1219 sicut
1121 1179 1336 1235 possum
1363 1161 1478 1234 ejus
1517 1161 1752 1234 infortu-

160 1258 312 1310 nium
359 1264 412 1312 et
458 1265 826 1330 paupertatem
879 1273 995 1312 mea
1042 1257 1196 1328 copia
1241 1272 1490 1328 superare
1515 1297 1532 1324 ,
1579 1256 1752 1327 ipsam

156 1358 386 1404 mortem
421 1349 638 1405 avidam
673 1349 878 1405 divitiis
921 1348 1340 1418 honerarem‘“,
1384 1357 1444 1404 ut
1468 1349 1606 1404 hunc
1651 1350 1753 1420 flo-

163 1441 357 1496 'em“'
382 1451 494 1497 tam
541 1442 800 1499 audacem
831 1435 888 1499 in
915 1443 1118 1498 militia
1156 1442 1578 1499 reservarem”.
1603 1441 1754 1511 Quo-

155 1533 312 1590 circa
338 1534 506 1591 talem
528 1549 595 1592 ac
626 1543 838 1591 tantum
864 1534 1048 1590 virum
1079 1549 1432 1593 successores
1469 1533 1751 1591 deb'ent‘"

160 1626 465 1685 virtutibus
487 1627 693 1684 imitari
717 1670 733 1696 ,
765 1635 828 1684 ut
845 1627 1066 1684 valeant
1093 1627 1163 1684 ad
1187 1633 1399 1684 tantam
1422 1626 1654 1699 gloriam
1699 1635 1756 1684 et

153 1721 464 1791 potentiam
487 1720 813 1777 sublimari-
837 1719 944 1789 Qui
973 1719 1127 1792 cupit
1160 1728 1288 1792 post
1326 1719 1495 1776 vitam
1542 1721 1737 1792 aequi-

156 1830 283 1873 rere
308 1823 518 1873 tantam
547 1813 754 1872 famam
782 1860 797 1882 ,
819 1814 1072 1887 acquirat
1093 1813 1225 1870 dum
1249 1812 1387 1868 vivit
1400 1812 1472 1846 ⁸¹⁸
1500 1813 1558 1870 in
1582 1813 1752 1871 virtu-

171 1908 562 1968 tibustantam
585 1909 846 1982 palmam.
878 1908 936 1965 Si
965 1909 1091 1980 quis
1125 1916 1309 1980 captat
1349 1904 1597 1965 Boleslao
1639 1923 1757 1966 me-

163 2003 385 2060 moriali
430 2004 607 2077 tytulo
653 2002 1067 2074 compararim,
1111 2001 1358 2058 elaboret
1398 2015 1558 2058 suam
1585 2000 1757 2057 vitam

156 2094 285 2166 ejus
305 2094 504 2150 vita?“
525 2093 824 2150 venerabili
839 2092 1195 2151 conformari.
1209 2091 1366 2149 Tunc
1387 2091 1561 2148 eritm
1581 2092 1758 2150 virtus

155 2185 217 2241 in
248 2185 414 2258 gestis
439 2183 776 2241 militaribus
803 2183 1167 2241 collaudanda
1181 2183 1278 2253 δ”,
1304 2198 1432 2239 cum
1460 2181 1627 2239 fuerit
1647 2182 1758 2239 vita

159 2277 436 2334 militism
468 2278 716 2335 honestis
736 2277 985 2335 moribus
1008 2277 1295 2335 adornata.
1327 2275 1457 2334 Haec
1478 2284 1599 2333 erat
1633 2291 1754 2332 ma-

157 2369 255 2442 gni
281 2367 552 2425 Bolezlavi
581 2368 755 2441 gloria
782 2369 1162 2437 memoranda,
1194 2367 1321 2425 talis
1340 2367 1522 2424 virtus
1561 2367 1756 2424 recite-

157 2473 254 2520 tur
265 2463 334 2497 ⁸³⁸
358 2463 728 2534 posteriorum
759 2463 1039 2520 memoriae
1065 2462 1351 2519 imitanda.
1380 2460 1503 2519 Non
1526 2461 1675 2518 enim
1697 2463 1754 2518 in

150 2571 395 2614 vacuum
427 2555 574 2614 Deus
596 2556 673 2611 illi
698 2555 932 2630 gratiam
957 2570 1124 2626 super
1155 2554 1388 2626 gratiam
1431 2554 1753 2623 cumulavit,

158 2665 264 2706 nec
307 2650 387 2707 sic
405 2649 479 2682 “'
527 2664 652 2705 eum
697 2649 819 2706 sine
862 2662 1030 2706 causa
1062 2655 1144 2704 tot
1178 2647 1400 2720 regibus
1424 2661 1491 2703 ac
1522 2645 1756 2703 ducibus

157 2741 441 2811 antefecit,
469 2740 567 2800 sed
589 2739 719 2812 quia
748 2739 923 2797 Deum
939 2741 997 2795 in
1019 2739 1279 2796 omnibus
1301 2746 1358 2794 et
1383 2753 1550 2810 super
1569 2737 1756 2794 omnia

155 2835 442 2907 diligebat,
487 2843 546 2890 et
581 2833 846 2906 quoniam
883 2849 1013 2906 erga
1053 2847 1208 2901 suos,
1256 2830 1413 2889 sicud
1453 2838 1608 2902 pater
1627 2845 1756 2903 erga

157 2928 325 2996 ﬁlios,
371 2927 621 2984 caritatis
668 2926 974 2984 visceribus
1019 2925 1295 2982 adluebat.
1343 2922 1502 2981 Unde
1547 2923 1754 2992 cuncti,

158 3019 258 3075 sed
293 3019 362 3054 ’⁵³⁸
391 3018 702 3091 specialiter
721 3032 864 3090 quos
891 3016 1257 3074 venerabatur
1276 3014 1522 3086 episcopi
1548 3013 1640 3083 ⁸⁸⁷,
1666 3029 1758 3070 ar-

157 3111 497 3183 chiepiscopi
526 3111 620 3181 ⁸³⁸,
645 3111 894 3178 abbates,
923 3108 1204 3177 monachi,
1227 3107 1412 3164 clerici
1444 3106 1514 3140 “°
1565 3106 1757 3164 sedulo

159 3220 294 3261 eum
341 3205 458 3261 suis
487 3204 741 3277 precibus
781 3202 1019 3260 Domino
1049 3200 1546 3268 commendabant;
1587 3198 1758 3256 duces

155 3310 316 3364 vero,
344 3296 578 3352 comites
606 3295 810 3367 aliique
837 3295 1096 3366 proceres
1129 3292 1279 3348 hunc
1317 3305 1536 3362 semper
1577 3289 1755 3346 victo-

158 3402 304 3455 rem,
335 3387 484 3443 hunc
503 3386 610 3443 sibi
638 3385 756 3443 fore
779 3385 1134 3457 superstitem
1155 3382 1511 3455 exoptabant.
1535 3381 1757 3440 Glorio-

157 3494 260 3536 sus
296 3479 480 3552 itaque
517 3478 841 3535 Bolezlavus
877 3476 1091 3534 felicem
1131 3476 1303 3532 vitam
1342 3474 1608 3532 laudabili
1649 3475 1760 3531 ﬁne

155 3572 518 3641 concludens,
546 3587 674 3628 cum
695 3571 862 3628 sciret
880 3585 942 3628 se
966 3570 1210 3628 debitum
1258 3569 1444 3627 carnis
1487 3567 1760 3626 universa:

157 3665 561 3736 completurum
585 3664 679 3732 ”°,
710 3671 851 3731 tum,
873 3662 942 3696 ⁵⁸⁸
971 3661 1228 3719 omnibus
1252 3661 1370 3718 suis
1401 3660 1472 3717 ad
1517 3677 1578 3718 se
1602 3661 1757 3732 prin-

156 3758 380 3831 cipibus
409 3767 464 3814 et
491 3757 686 3814 amicis
710 3756 954 3828 undique
982 3755 1346 3828 congregatis,
1371 3754 1441 3811 de
1474 3753 1630 3827 regni
1657 3769 1759 3827 gu-

157 3850 486 3909 bernatione
509 3858 567 3908 et
590 3858 737 3909 statu
767 3848 1031 3907 secretius
1051 3847 1348 3917 ordinavit,
1369 3847 1565 3920 eisque
1584 3848 1758 3904 multa

155 3956 290 4022 post
315 3965 376 4007 se
402 3949 547 4005 mala
590 3947 773 4006 futura
812 3963 949 4006 voce
991 3947 1308 4020 prophetica
1345 3948 1622 4005 nuntiavit
1643 3949 1755 4005 δ³²ε

161 4045 212 4100 0
233 4045 461 4114 utinam,
493 4046 685 4116 fratres
705 4044 778 4080 ⁸⁸⁸
799 4045 924 4112 mei,
951 4044 1149 4115 inquit,
1200 4059 1329 4115 quos
1364 4044 1593 4100 delicate
1639 4053 1760 4100 tan-

156 4152 326 4208 quam
362 4145 532 4191 mater
555 4137 696 4208 ﬁlios
721 4136 951 4192 enutrivi
980 4136 1072 4203 ⁸³⁸,
1103 4152 1222 4207 qua:
1244 4136 1447 4206 positus
1497 4139 1555 4191 in
1593 4153 1758 4209 agone

156 4231 443 4285 uascitura
461 4229 534 4263 ⁸⁸⁸
553 4229 725 4298 video,
747 4229 889 4284 vobis
917 4229 974 4282 in
994 4244 1245 4300 prospera
1270 4237 1663 4296 convertantur,
1707 4240 1756 4285 et

153 4323 471 4394 utinamque
491 4321 562 4355 ⁸³⁸
586 4322 761 4394 ignem
794 4321 1070 4376 seditionis
1095 4320 1436 4376 accendentes
1470 4320 1539 4354 “7
1586 4320 1759 4377 Deum

154 4421 214 4470 et
243 4414 510 4470 hominem
538 4413 610 4446 m
639 4412 954 4469 vereantur!
983 4410 1141 4468 Heu!
1161 4411 1297 4468 heu!
1332 4412 1455 4484 jam
1483 4415 1638 4484 quasi
1665 4430 1759 4485 per

155 4506 434 4578 speculum
453 4507 512 4562 in
549 4505 832 4580 tenigmate
879 4504 1027 4561 video
1064 4504 1296 4577 regalem
1337 4506 1643 4576 prosapiam
1687 4506 1757 4539 ⁸³⁸

1779 1867 1832 1932 Β

1846 601 2066 672 pedibus
2087 602 2416 672 conculcavi,
2443 603 2857 659 misericorditer
2880 602 3264 676 supplicantem
3297 600 3435 674 (85).

1862 693 2025 753 Video
2051 699 2214 754 etiam
2241 697 2307 753 de
2333 696 2618 771 longinquo
2655 698 2720 754 de
2755 697 2949 753 lumbis
2989 697 3121 753 meis
3159 694 3442 770 procedere

1848 794 2004 866 quasi
2028 792 2408 850 carbunculum
2437 792 2772 861 emicantem,
2796 792 2888 865 qui
2910 790 3080 864 gladii
3102 791 3208 847 mei
3243 789 3445 864 capulo

1850 907 2136 959 connexus,
2191 905 2288 945 suo
2327 887 2606 960 splendore
2639 886 2926 943 Poloniam
2960 894 3130 942 totum
3174 885 3331 957 θηεεῆ
3375 882 3444 916 ιδ’

1849 982 2185 1040 relucentem.
2227 979 2385 1038 Tunc
2421 995 2552 1036 vero
2574 979 2756 1037 luctus
2805 987 2860 1036 et
2908 993 3116 1035 mceror
3147 977 3225 1034 ibi
3250 984 3372 1035 asta
3385 992 3450 1032 n-

1849 1075 1988 1132 tium
2010 1083 2066 1132 et
2090 1074 2198 1131 hoc
2218 1072 2556 1130 audientium
2585 1070 2768 1129 cordis
2792 1071 3008 1128 viscera
3030 1069 3355 1144 penetravit,
3397 1079 3450 1124 et

1849 1183 1965 1242 pra;
1991 1167 2182 1223 dolore
2206 1166 2378 1222 nimio
2406 1173 2620 1222 mentes
2643 1163 2891 1221 omnium
2923 1171 3114 1234 stupor
3144 1162 3449 1220 vehemens

1851 1259 2162 1333 occupavit.
2190 1257 2442 1330 Cumque
2475 1257 2755 1330 paulisper
2773 1256 2965 1313 dolore
2987 1245 3305 1327 compresso
3338 1253 3450 1307 m?

1852 1351 2202 1409 Bolezlavum
2229 1349 2591 1422 inquirerent,
2623 1355 2831 1419 quanto
2858 1355 3108 1418 tempore
3154 1343 3324 1401 funus
3365 1344 3447 1414 ip-

1853 1443 1971 1501 sius
2000 1441 2190 1499 habitu
2217 1441 2479 1513 cultuque
2503 1440 2724 1514 lugubri
2745 1440 3106 1508 celebrarent,
3127 1453 3266 1495 voce
3295 1436 3446 1493 veri-

1852 1536 1978 1594 dica
2013 1535 2298 1608 respondit
2330 1553 2345 1592 :
2379 1533 2493 1590 Nec
2515 1534 2784 1590 mensibus
2813 1550 2906 1590 nec
2929 1533 3084 1588 annis
3111 1530 3316 1587 doloris
3342 1539 3449 1585 ter--

1855 1634 2062 1690 minum
2101 1632 2174 1666 “'
2219 1631 2366 1687 vobis
2401 1646 2560 1703 pono,
2593 1630 2684 1686 sed
2729 1629 3045 1702 quicumque
3083 1643 3165 1681 me
3205 1624 3449 1698 cognovit

1856 1743 2128 1799 meamque
2160 1726 2394 1798 gratiam
2415 1724 2720 1796 acquisivit,
2772 1737 2975 1778 memor
3014 1719 3119 1776 mei
3153 1719 3240 1774 die
3283 1717 3447 1773 cotti-

1857 1817 1945 1873 die
1974 1815 2044 1850 ⁸⁸⁵
2070 1814 2423 1888 meplorabit.
2470 1813 2542 1869 Et
2569 1831 2674 1869 non
2717 1812 2893 1869 solum
2935 1811 3028 1884 qui
3072 1827 3154 1865 me
3195 1815 3451 1864 noveruut

1857 1929 2132 1984 meamque
2161 1911 2564 1968 benivolentiam
2587 1912 2905 1979 habuerunt,
2941 1925 3024 1964 me
3052 1906 3335 1980 plorabant
3354 1904 3448 1974 δι’,

1856 2005 1949 2061 sed
1970 2005 2134 2062 etiam
2157 2021 2340 2060 eorum
2367 2003 2473 2074 ﬁlii
2501 2003 2711 2076 ﬁliique
2738 2001 2975 2074 ﬁliorum
3005 1999 3273 2056 Boleslavi
3313 1997 3451 2071 regis

1855 2095 2060 2152 obitum
2130 2095 2475 2150 narrantibus
2529 2095 2656 2150 aliis
2727 2092 3100 2149 condolebunt.
3161 2090 3452 2146 Bolezlavo

1855 2203 1987 2260 ergo
2013 2187 2084 2222 δι’
2105 2203 2231 2261 rege
2260 2187 2330 2244 de
2352 2187 2632 2245 mundana
2662 2184 3084 2242 conversatione
3107 2181 3451 2240 descenden-

1855 2291 1910 2339 te
1943 2279 2081 2354 (86),
2116 2288 2251 2338 tetas
2293 2295 2462 2342 aurea
2507 2279 2581 2340 .“7
2628 2279 2686 2335 in
2728 2278 3043 2351 plumbeam
3088 2275 3160 2357 ξδ’
3196 2283 3282 2332 est
3317 2289 3454 2332 con-

1853 2391 2034 2434 versa.
2087 2375 2321 2433 Polonia
2366 2373 2523 2447 prius
2577 2373 2787 2446 regina,
2833 2385 2971 2429 auro
3013 2369 3268 2427 radiante
3323 2381 3453 2424 cum

1855 2469 2087 2543 gemmis
2109 2477 2394 2538 coronata,
2425 2468 2579 2526 sedet
2600 2467 2672 2501 m
2695 2467 2753 2524 in
2781 2466 3008 2539 pulvere
3035 2461 3321 2520 viduitatis
3354 2475 3453 2517 ve-

1855 2561 2033 2619 stibus
2058 2561 2325 2630 involuta,
2370 2561 2428 2617 in
2466 2561 2678 2617 luctum
2715 2559 2965 2632 cythera,
3013 2557 3244 2628 plausus
3275 2555 3348 2588 “°
3394 2553 3454 2608 in

1855 2669 2174 2724 maerorem,
2211 2669 2482 2727 organum
2511 2653 2583 2687 ⁴³¹
2621 2653 2678 2709 in
2738 2651 2984 2723 suspiria
3034 2655 3452 2706 convertuntur.

1854 2745 1954 2804 Illo
1993 2747 2258 2804 nimirum
2290 2763 2438 2804 anno
2485 2745 2752 2803 continuo
2791 2743 2868 2778 “'
2908 2742 3098 2801 nullus
3147 2743 3204 2798 in
3224 2739 3456 2798 Polonia

1857 2842 2170 2899 convivium
2199 2841 2416 2914 publice
2435 2838 2754 2908 celebravit,
2784 2837 2970 2895 nullus
2997 2836 3203 2894 nobilis
3238 2835 3322 2892 vir
3369 2833 3458 2892 vel

1857 2930 2061 2989 femina
2114 2931 2456 2989 vestimentis
2499 2947 2560 2988 se
2601 2930 2674 2964 ⁸⁸⁸
2719 2927 3098 3001 solempnibus
3141 2925 3455 2994 adornavit,

1836 3027 2042 3084 nullus
2062 3027 2310 3099 plausus,
2341 3025 2526 3081 nullus
2552 3024 2794 3097 eytharae
2814 3037 2990 3079 sonus
3035 3020 3368 3077 audiebatur
3395 3018 3454 3074 in

1857 3119 2161 3185 thabernis,
2183 3118 2332 3173 nulla
2355 3117 2628 3173 cantilena
2644 3115 2927 3187 puellaris,
2958 3114 3110 3169 nulla
3129 3129 3237 3171 vox
3257 3111 3460 3168 laetitia

1783 3238 1829 3302 ο
1859 3211 2157 3268 resonabat
2182 3209 2253 3243 ⁸⁵⁵
2276 3209 2331 3265 in
2369 3209 2577 3302 plateis;
2608 3207 2745 3280 (87).
2779 3205 2898 3264 Hoc
2923 3221 3030 3302 per
3048 3220 3257 3302 annum
3297 3212 3460 3302 est-na

1859 3303 2076 3362 cunctis
2105 3302 2488 3360 universaliter
2529 3300 2902 3366 observatum,
2938 3298 3035 3355 sed
3079 3297 3215 3354 viris
3259 3293 3461 3352 nobili-

1858 3395 1966 3455 bus
1987 3406 2042 3454 et
2069 3395 2290 3453 feminis
2317 3397 2535 3468 plorare
2557 3392 2909 3451 Bolezlavum
2931 3400 3016 3448 est
3035 3407 3163 3448 cum
3189 3391 3318 3447 vitae
3343 3399 3457 3446 ter-

1857 3490 2012 3547 mino
2033 3489 2405 3546 terminatum.
2441 3486 2588 3560 Rege
2632 3486 2820 3558 itaque
2841 3484 3148 3541 Bolezlavvo
3185 3483 3329 3538 inter
3358 3483 3460 3536 ho-

1859 3582 2038 3639 mines
2059 3589 2312 3649 exeunte,
2332 3595 2436 3651 pax
2461 3588 2518 3636 et
2535 3578 2726 3635 laetitia
2755 3591 3054 3648 rerumque
3084 3574 3243 3646 copia
3264 3573 3458 3628 viden-
3545 3584 3556 3592 ’

1857 3682 1949 3730 tur
1970 3673 2135 3731 simul
2156 3673 2223 3729 de
2246 3672 2472 3729 Polonia
2511 3684 2872 3728 commeasse.
2933 3665 3212 3723 Hactenus
3258 3663 3454 3719 Bolez-

1857 3768 1966 3826 lavi
2013 3766 2199 3842 magni
2254 3767 2511 3824 laudibus
2559 3761 2782 3822 termini
2847 3771 3052 3819 metam
3099 3761 3454 3832 inponamus,

1857 3864 2090 3937 ejusque
2115 3862 2283 3920 funus
2310 3859 2715 3934 aliquantulum
2736 3857 2985 3915 carmine
3017 3853 3240 3929 lugubri
3261 3855 3452 3927 lugea-

1861 3973 2006 4014 mus.

2208 4047 2287 4103 De
2315 4055 2483 4104 marte
2513 4046 2790 4103 Bolezlavi
2816 4046 3079 4102 carmina.

1930 4140 2121 4197 Omnis
2141 4149 2296 4208 aetas,
2323 4139 2504 4196 omnis
2525 4155 2713 4208 sexus,
2744 4137 2927 4195 omnis
2948 4136 3108 4204 ordo,
3133 4133 3369 4191 currite!

1859 4229 2128 4286 Bolezlavi
2156 4229 2302 4302 regis
2329 4229 2499 4287 funus
2528 4230 2886 4288 condolcntes
2915 4229 3146 4294 cernite,

1858 4323 2038 4394 Atque
2061 4331 2292 4379 mortem
2319 4323 2460 4378 tanti
2478 4324 2584 4378 viri
2615 4325 2784 4381 simul
2809 4338 3026 4379 mecum
3050 4319 3321 4393 plangite!

1930 4415 2077 4472 Heu!
2106 4415 2247 4472 heul
2276 4415 2348 4448 ’⁵³⁵
2378 4415 2686 4486 Bolezlave,
2709 4416 2804 4472 ubi
2834 4424 2928 4470 tua
2953 4414 3165 4485 gloria?

1861 4504 1966 4563 Ubi
1991 4506 2188 4576 virtus,
2215 4505 2309 4562 ubi
2331 4507 2501 4563 decus
2526 4507 2619 4576 ⁸⁸⁸,
2647 4507 2742 4562 ubi
2767 4520 2955 4562 rerum
2978 4503 3182 4575 copia?

1471 4619 1708 4677 VARIAE
1742 4619 2143 4680 LECTION‘ES.

231 4693 308 4728 “’
361 4690 704 4750 habundaret
749 4691 807 4763 2._
913 4689 985 4724 διο
1035 4690 1301 4763 querebat
1335 4691 1396 4763 2.
1445 4691 1500 4747 5.

1624 4691 1695 4765 ﬁ“
1749 4694 1896 4765 quia,
1925 4691 1980 4746 2.

2105 4689 2177 4762 ‘5"
2212 4688 2481 4762 quidq’u'a'
2513 4691 2570 4746 2.
2641 4691 2732 4747 sed
2786 4690 3081 4762 penultima
3137 4707 3230 4762 per
3284 4691 3454 4762 dimi-

152 4766 343 4833 dium,
377 4763 573 4835 ultima
613 4778 734 4818 vero
786 4761 970 4818 littera
1001 4750 1116 4818 τοῖα
1140 4774 1266 4835 sunt
1305 4761 1516 4818 deletae.
1592 4761 1664 4797 ⁶¹³
1699 4750 2001 4835 (ια’θωιὶὺθι
2031 4761 2084 4816 1.
2116 4761 2170 4835 2.
2209 4750 2319 4835 HT“
2344 4750 2681 4835 honorarem
2711 4750 3103 4835 2.'onerarem
3138 4750 3201 4818 ’5.
3253 4761 3349 4835 Ψ
3373 4771 3453 4835 ta-

153 4837 269 4892 lem
295 4835 348 4890 1.
374 4836 431 4890 2.
508 4833 578 4867 ⁸¹⁶
606 4835 1075 4906 conservaremj5.
1151 4834 1220 4868 “7
1253 4835 1453 4906 debent
1489 4833 1842 4894 successores
1875 4834 2174 4906 transponit
2207 4833 2260 4890 5.
2296 4905 2302 4906 ί
2338 4834 2410 4868 διδ
2451 4835 2570 4906 ipse
2612 4833 2767 4906 addit
2800 4835 2855 4889 5.
2931 4833 3002 4866 ⁸³³
3049 4834 3266 4906 aparari
3305 4834 3362 4906 1.
3392 4833 3446 4906 2.

153 4906 550 4978 comparari5.
610 4905 696 4978 f9
721 4906 834 4978 vita
860 4905 916 4961 2.
992 4905 1062 4978 Ψ
1086 4913 1272 4962 autem
1299 4905 1354 4978 5.
1430 4906 1502 4978 θη
1531 4907 1700 4978 gestis
1727 4916 1812 4963 est
1841 4903 2241 4978 collauda__pro
2291 4905 2347 4962 in
2397 4903 2567 4978 gestis
2615 4905 2956 4978 militaribus
2995 4903 3356 4978 collaudanda
3393 4903 3446 4978 5.

150 4979 232 5011 ‘m
271 4974 464 5035 multis
507 4976 564 5032 2.
601 4974 706 5033 fuit
741 4977 864 5049 vita
909 4976 1099 5049 multis
1156 4993 1252 5049 pro
1287 4974 1631 5049 Afueritvita
1685 4978 1881 5035 militis
1919 4978 1974 5032 5.

149 5050 227 5083 ιη

148 5138 285 5178 rum
328 5121 385 5178 2.

293 5059 350 5106 et
406 5049 461 5105 2.
513 5049 568 5105 5.
676 5048 747 5083 ⁸³⁷
783 5057 841 5105 et
890 5048 1046 5104 addit
1073 5049 1130 5104 2.

1231 5047 1302 5081 ⁴¹⁸
1338 5048 1595 5120 archiep.
1642 5049 1898 5120 episcopi
1937 5063 2034 5119 pro
2060 5063 2132 5120 ge.
2169 5065 2221 5104 a.
2256 5049 2310 5105 5.

495 5120 566 5154 ⁸³⁸
596 5135 724 5176 cum
760 5119 816 5175 2.
845 5119 900 5176 5.
969 5120 1039 5153 ⁴³²
1081 5114 1559 5191 ριόηιιηεὶενίι5ῖ
1638 5114 1709 5152 ⁸³³
1731 5114 1876 5176 deest
1905 5114 1958 5175 5⁷.
1991 5117 2176 5174 relicto
2218 5122 2391 5191 spatio
2428 5114 2617 5177 vacuo.
2691 5119 2764 5153 ⁸³⁸
2802 5117 3065 5191 innutrivi
3112 5118 3166 5191 5.
3342 5130 3451 5191 ⁸ιιο-

3077 4976 3147 5009 ⁸³⁵
3174 4976 3222 5032 si
3275 4975 3326 5028 1.
3389 4973 3444 5029 2.

3045 5046 3115 5080 ⁸³⁸
3149 5045 3450 5102 completo-

2079 4975 2153 5008 δ’*
2186 4985 2249 5033 ut
2295 4975 2450 5035 addit
2508 4977 2564 5033 2.
2619 4977 2884 5033 recitatur
2924 4976 2960 5032 5

2080 5063 2132 5103 e.
2169 5065 2221 5104 a.
2256 5049 2310 5105 5.
2424 5049 2497 5082 ω
2541 5048 2834 5120 presbiteri
2884 5048 2938 5103 5.

149 5194 373 5249 scitura
409 5194 460 5249 1.
481 5193 539 5248 2.
563 5192 617 5248 5.
692 5191 885 5248 mtuti
913 5185 1152 5264 namque
1174 5191 1224 5246 1.
1262 5193 1318 5246 2.
1349 5191 1403 5247 5.
1479 5190 1550 5224 ⁸⁸⁷
1579 5191 1889 5249 sediciones
1912 5185 2255 5248 accedentes
2295 5208 2353 5246 ro
2383 5191 2680 5249 sedicionis
2721 5190 3082 5248 accendentes
3111 5188 3164 5242 5.
3239 5186 3310 5219 ⁸³⁸
3342 5185 3444 5241 bo-

149 5266 342 5318 mines
372 5265 427 5318 5.
512 5262 584 5298 ⁸³⁹
606 5278 789 5318 reaem
813 5263 978 5318 talem
1022 5277 1126 5318 pro
1155 5263 1434 5318 saniencia
1468 5279 1564 5318 vro
1606 5263 1843 5318 regalem
1877 5262 2198 5318 prosapiam
2363 5263 2434 5297 “°
2467 5265 2808 5318 exultantem
2854 5263 2910 5316 2.
2935 5260 2988 5315 5.
3066 5256 3136 5290 “‘
3167 5257 3364 5315 emciet
3391 5259 3444 5313 5.

148 5266 342 5322 mines
372 5265 427 5321 5.
512 5262 584 5298 ⁸³⁸
606 5278 789 5336 regem
813 5263 978 5336 talem

149 5336 226 5373 ⁸⁸³
257 5336 507 5407 dolorem
530 5341 586 5407 et
609 5335 804 5407 presso
830 5352 927 5407 pro
953 5335 1142 5393 dolore
1170 5335 1572 5407 coqmpressorl.
1594 5335 1650 5390 2.

147 5417 285 5463 sunt
309 5408 363 5463 5.
436 5406 508 5440 “'
542 5405 712 5463 igitur
738 5406 806 5463 l5.

148 5422 397 5534 ῗιέἰέἓδὲ.
435 5422 508 5534 ἒ
542 5422 1195 5534 ⁸εὲ¹³ιξαῖἶῑιιαῖἰῗ¹¹ἑῗ³ἒ

1062 5263 1126 5319 ro
1155 5263 1434 5334 sapiencia
1468 5279 1564 5334 pro
1606 5263 1843 5390 regalem
1877 5263 2198 5335 prosapiam
2234 5263 2288 5318 5.
2363 5263 2434 5297 “°
2467 5265 2808 5321 exultantem
2854 5263 2910 5316 2.
2935 5263 2988 5315 5.
3066 5263 3136 5290 ’δι
3167 5263 3364 5315 etliciet
3391 5263 3444 5313 5.

1062 5349 1142 5392 ire
1170 5335 1574 5408 compressol.
1594 5335 1650 5390 2.
1717 5376 1752 5408 ,γ
1808 5334 2054 5408 “deest
2082 5335 2137 5390 2.
2216 5334 2286 5367 ‘“
2338 5346 2606 5408 nocteque
2650 5336 2704 5392 5.
2748 5405 2756 5408 _
2774 5332 2988 5408 _“'_me_
3015 5329 3330 5408 plorabunt‘
3358 5330 3451 5385 de-

881 5406 949 5440 “7
981 5421 1185 5463 aureas
1225 5405 1276 5461 1.
1299 5405 1384 5462 sic
1415 5406 1601 5461 habuit
1636 5414 1686 5460 et
1728 5407 1782 5461 2.
1813 5406 1907 5461 sed
1937 5422 1971 5460 a
2001 5416 2299 5462 correctore
2337 5421 2364 5462 s
2391 5405 2642 5463 deletum.
2719 5405 2793 5439 “3

1236 5476 1463 5548 plausus
1487 5476 1571 5548 ed.
1598 5475 1729 5532 Ged.
1762 5477 1890 5548 Mf“,
1903 5477 2165 5548 gaudium
2192 5477 2247 5534 5.
2323 5467 2396 5510 ⁴⁶²
2422 5479 2568 5534 deest
2589 5479 2642 5534 5.
2710 5476 2781 5510 ⁸⁸³
2805 5467 2866 5533 se
2884 5472 3132 5531 vestibus
3154 5489 3252 5546 pro
3280 5473 3451 5530 vesti-

2363 5263 2434 5297 “°
2467 5265 2808 5321 exultantem
2854 5263 2910 5316 2.
2935 5260 2988 5315 5.
3066 5256 3136 5290 “‘
3167 5257 3364 5315 emciet
3391 5259 3444 5313 5.

2819 5401 3108 5475 plumbeas
3136 5403 3192 5458 2.
3265 5401 3333 5436 “9
3363 5417 3450 5475 se-

150 5550 368 5607 mentis
395 5565 456 5607 se
481 5550 536 5606 5.
615 5546 694 5583 "‘
707 5549 1035 5607 audiebatur
1062 5549 1118 5606 5.
1191 5546 1264 5582 ‘”
1297 5550 1460 5619 eheu,
1489 5547 1600 5604 heu
1628 5548 1682 5604 5.
1757 5546 1831 5581 ⁸³⁸
1861 5546 2030 5604 decor
2054 5549 2109 5605 5.

225 5689 658 5780 (85)_Paprocki
677 5705 858 5780 Herby
881 5708 1315 5780 rycerstwaipol.
1358 5707 1502 5768 forte
1533 5725 1602 5768 ex
1649 5638 1766 5769 c129
1768 5637 2122 5768 Tmdivisione
2145 5707 2301 5780 regni
2323 5705 2474 5780 inter
2505 5703 2651 5760 ﬁlios
2679 5701 2916 5780 Boleslai
2963 5700 3194 5780 intelligi
3232 5705 3440 5774 posset,

142 5774 280 5854 dice
310 5774 423 5854 alio
443 5774 929 5854 orationemhanc'
946 5781 1114 5850 paulo
1145 5774 1363 5854 diverso
1380 5851 1389 5854 Α
1406 5782 1572 5854 modo
1615 5799 1743 5854 pro-

143 5844 290 5926 {ert,
318 5849 626 5926 dicit_en_i_m
659 5868 672 5905 :
714 5844 1136 5926 Video_régn_um
1175 5844 1745 5926 in_Amulta_‘Avariaque

143 5907 374 5990 [rustra
396 5920 569 5977 scindi
603 5929 706 5982 etc.
755 5921 905 5996 quod
938 5907 1001 5982 si,
1016 5921 1088 5982 de
1124 5921 1323 5984 tradita
1367 5939 1401 5984 a
1432 5907 1757 6010 Thietmt'tro

1851 5781 2038 5839 magni
2070 5771 2338 5834 mom'enti
2369 5777 2762 5832 documentum
2797 5772 2960 5830 foret.
2991 5771 3050 5831 S.

1925 5798 1940 5837 ι
1982 5798 2038 5836 nl
2070 5798 2338 5834 momenti
2369 5798 2762 5832 uoculuemutu
2797 5798 2960 5830 ιυιτι.
2991 5798 3050 5831 ῠ.

1925 5798 2040 5923 (ξε)
2062 5847 2442 5923 meumque
2470 5846 2591 5923 visis
2611 5846 2757 5923 apud.
2776 5845 3058 5923 Cassam.
3081 5861 3122 5914 ι»
3145 5841 3332 5923 “11$.-

1929 5911 2044 6000 (87)
2061 5919 2148 5981 Cf.
2171 5919 2294 5979 Vita
2321 5916 2379 5976 S.
2403 5911 2665 5990 Ladislai,
2694 5918 2781 5978 ed.
2805 5911 3119 5991 Endlichcr,
3156 5931 3198 5991 ι,
3222 5914 3348 6001 2“.
3374 5911 3440 5984 $.-
