3956 6488
518 404 625 468 867
1720 393 2096 458 CHRONICIE
2133 391 2590 455 POLONORUM.
3582 452 3590 458 _
3692 392 3785 455 ιω

518 522 825 584 cedebatm
873 538 972 598 per
1012 523 1109 598 jus
1163 521 1388 595 aliquod
1423 519 1512 578 vel
1529 547 1531 550 -
1551 525 1806 577 naturam
1824 516 1917 574 διο.
1977 515 2108 575 Inde
2130 519 2188 584 Α
2208 515 2294 574 vir
2317 516 2581 588 eloquens
2600 521 2655 571 et
2677 511 2911 586 peritus,
2935 510 3166 570 ln'bunc
3191 511 3419 572 modum
3439 525 3576 571 suos
3599 511 3784 572 milites

517 621 681 678 etiam
711 619 769 676 in
797 618 869 653 ⁸⁵⁸
894 627 1110 676 tantum
1145 616 1414 690 superbiae
1453 615 1657 673 fastum
1688 613 2104 681 conscenderat,
2208 609 2602 668 cohortabatur
2632 627 2648 664 :

517 711 666 783 quod
685 710 908 767 obedire
930 709 1209 766 Kazimiro
1232 708 1541 765 rennuebat
1553 706 1649 776 ω,
1686 707 1914 776 insuper
1939 705 2106 760 etiam
2362 701 2500 758 Ecce
2523 702 2638 756 dies
2663 708 2942 772 expectata
2967 700 3242 771 primitus.

517 805 566 862 ei
585 805 655 838 ⁸⁸³
680 805 852 861 armis
875 813 931 861 et
951 803 1167 861 insidiis
1195 802 1506 859 resistebat.
1528 799 1600 856 At
1623 798 1938 854 Kazimirus
1959 797 2105 853 indi-
2350 791 2488 850 Ecce
2508 794 2631 864 ﬁnis
2655 793 2718 848 de
2745 792 2926 848 labore
2965 791 3207 863 penitus!

517 912 694 970 gnans
731 911 952 952 servum
1000 896 1174 968 patris
1200 895 1348 952 ac'“
1375 911 1540 952 suum
1580 892 1883 949 Mazoviam
1906 891 2108 947 violen-
2353 885 2631 960 Superatis
2665 894 2739 941 tot
2771 884 2927 956 falsis
2957 882 3307 952 christicolis,

516 998 601 1045 ter
645 989 915 1058 obtinere,
978 989 1192 1062 sibique
1214 988 1287 1022 ³⁸³
1336 1003 1503 1061 grave
1555 987 1857 1058 dampnum
1911 984 2106 1041 existi-
2348 981 2475 1036 Jam
2507 980 2680 1035 securi
2701 987 2933 1050 pugnate
2957 978 3027 1010 ⁵⁸⁸
3051 994 3171 1033 cum
3207 975 3447 1032 discolis.

519 1096 680 1138 mans
711 1089 765 1136 et
821 1081 1127 1152 periculum
1148 1080 1242 1149 '“,
1311 1080 1370 1136 ni
1412 1094 1474 1136 se
1503 1078 1573 1115 ⁵⁸⁷
1610 1077 1875 1146 vindicet,
1916 1077 2104 1133 immi-
2352 1073 2645 1131 Multitudo
2669 1088 2773 1126 non
2803 1071 2932 1143 facit
2961 1071 3264 1138 uictoriam,

523 1190 676 1243 nere,
701 1175 928 1231 collecta
955 1189 1132 1246 pauca
1160 1173 1384 1246 quidem
1416 1187 1650 1231 numero
1678 1187 1848 1247 manu
1876 1170 2107 1227 bellato-
2224 1217 2226 1220 τ
2351 1165 2456 1225 Sed
2479 1167 2566 1222 cui
2594 1165 2738 1221 Deus
2760 1164 2977 1220 donavit
2998 1179 3156 1219 suam
3179 1163 3434 1235 gratiam.

521 1285 646 1325 rum
660 1267 753 1338 ⁸⁸⁸,
785 1268 881 1326 sed
929 1275 1149 1326 assueta
1163 1267 1234 1310 II“
1282 1268 1461 1338 bellis,
1525 1267 1696 1327 armis
1753 1282 2104 1341 congressus,
2351 1260 2665 1317 Mementote
2683 1258 2899 1314 virtutis
2925 1257 3215 1329 praterilw

517 1342 840 1418 Meczslawo
903 1359 975 1394 ”°
1027 1368 1331 1432 perempto,
1380 1359 1670 1417 victoriam
1713 1368 1769 1416 et
1800 1373 1991 1430 pacem
2023 1366 2107 1415 to-
2348 1351 2420 1410 Et
2443 1353 2616 1409 labori
2645 1359 2815 1408 vestro
2844 1351 3005 1422 ﬁnem
3027 1349 3226 1422 ponite.

515 1461 738 1525 tamque
781 1454 852 1486 '“
913 1453 1150 1526 patriam
1184 1454 1256 1486 ’δ’
1293 1453 1699 1526 triumphaliter
1757 1461 1844 1510 est
1875 1452 2106 1524 adeptus
2277 1444 2376 1504 His
2417 1445 2602 1515 dictiS,
2642 1460 2770 1503 cum
2813 1442 3091 1516 adiutorio
3123 1441 3221 1500 Dei
3253 1439 3508 1513 praelium
3563 1437 3803 1496 intrOiVit

517 1529 684 1614 (101)
714 1541 826 1614 (an.
865 1542 1050 1616 1017).
1092 1542 1175 1600 lbi
1215 1559 1454 1617 namque
1501 1551 1654 1600 tanta
1708 1543 1885 1601 caedes
1923 1541 2108 1600 Mazo—
2206 1554 2574 1613 magnamque
2627 1537 2916 1595 victoriam
2963 1535 3276 1608 acquisivit.
3329 1533 3546 1590 Dicitur
3590 1547 3801 1604 quoque

513 1635 754 1690 vitorum
804 1634 877 1667 ³⁵⁸
944 1634 1088 1693 facta
1161 1635 1336 1694 fuisse
1398 1644 1768 1705 memoratur,
1819 1636 1966 1692 sicut
2014 1635 2107 1692 ad-
2206 1643 2455 1690 sanctam
2477 1631 2766 1690 ecclesiam
2789 1629 2988 1687 affectu
3010 1642 3213 1701 magno
3233 1626 3455 1699 pietatis
3476 1626 3798 1696 honorasse,

515 1726 628 1782 huc
662 1726 817 1784 locus
863 1727 1182 1785 certaminis
1215 1737 1272 1785 et
1302 1728 1664 1802 praecipitium
1696 1729 1832 1801 ripae
1862 1727 2105 1786 ﬂuminis
2205 1725 2304 1783 sed
2350 1725 2626 1798 praecipue
2673 1723 2978 1780 monachos
3016 1727 3448 1791 sanctarumque
3483 1717 3802 1774 monialium

515 1826 870 1889 protestatur.
901 1819 1024 1892 Ipse
1047 1821 1215 1877 etiam
1240 1822 1316 1878 ibi
1342 1820 1655 1878 Kazimirus
1686 1837 1820 1879 ense
1842 1821 2103 1878 caedendo
2134 1883 2171 1892 _
2207 1817 2661 1892 congregationes
2685 1821 3096 1890 augmentasse,
3119 1813 3214 1886 qui
3233 1813 3307 1846 ⁸⁸⁸
3327 1811 3677 1869 monasterio
3690 1826 3804 1883 par-

512 1888 763 1966 nimism
790 1888 970 1970 extitit
997 1913 1279 1990 fatigatus,
1315 1915 1544 1972 brachia
1582 1923 1869 1987 totumque
1912 1923 2105 1988 pectus
2133 1888 2184 1952 Β
2207 1888 2370 1966 vulus
2394 1888 2436 1966 at
2449 1888 2784 1982 parentibus
2800 1917 2886 1964 est
2917 1907 3158 1976 oblatus,
3193 1905 3271 1963 ibi
3314 1903 3490 1962 sacris
3517 1903 3724 1962 litteris
3747 1904 3805 1961 li-

511 2008 568 2058 et
597 2000 795 2058 faciem
818 2003 994 2060 effuso
1033 2006 1303 2077 sanguine
1339 2014 1683 2074 cruentatus,
1716 2013 1774 2062 et
1801 2005 1858 2061 in
1891 2013 2104 2062 tantum
2209 1999 2468 2058 beraliter
2486 2001 2738 2058 eruditus
2768 1998 2941 2072 (102).

511 2091 783 2164 fugientes
828 2095 1017 2153 hostes
1058 2097 1212 2154 solus
1238 2105 1324 2155 est
1371 2106 1716 2172 persecutus,
1773 2098 1922 2169 quod
1962 2113 2073 2155 mor

2279 2117 2370 2175 22.
2410 2117 2489 2174 De
2513 2117 2847 2173 successione
2867 2113 3087 2170 secundi
3108 2111 3360 2184 Boleslay
3387 2110 3525 2166 dicti
3552 2107 3743 2182 Largi.

511 2185 718 2254 debuit,
746 2203 778 2242 a
802 2189 920 2244 suis
946 2189 1204 2246 omnibus
1231 2205 1341 2246 non
1371 2190 1626 2262 adjutus,
1657 2191 1753 2248 sed
1793 2191 2016 2264 quidam
2033 2191 2105 2225 ⁸⁸³
2758 2186 2811 2242 Κ
2816 2186 2981 2242 azimi
2991 2185 3134 2241 rides
3159 2184 3253 2242 '“.

512 2294 622 2335 non
655 2279 722 2335 de
747 2280 1014 2336 nobilium
1042 2297 1261 2354 genere,
1294 2282 1390 2338 sed
1438 2282 1506 2338 de
1543 2283 1810 2356 gregariis
1837 2283 2107 2342 militibus
2282 2280 2402 2339 iiiis
2426 2281 2594 2356 igitur
2627 2278 2892 2336 Kazimiri
2935 2279 3106 2352 gestis
3137 2277 3594 2334 memorabilibus
3631 2275 3806 2348 praeli-

513 2371 768 2428 nobiliter
805 2387 963 2442 opem
1009 2373 1136 2430 tulit
1157 2374 1447 2443 morituro,
1495 2377 1640 2448 quod
1683 2377 1822 2434 bene
1861 2376 2105 2436 Kazimi-
2208 2374 2374 2443 batis,
2397 2374 2630 2446 aliisque
2678 2371 3057 2444 compluribus
3098 2370 3206 2427 sub
3257 2371 3478 2427 silentio
3499 2385 3618 2441 pre
3668 2369 3813 2426 festi-

513 2477 611 2518 rus
633 2464 738 2520 sibi
760 2465 1000 2521 restituit
1021 2465 1079 2521 in
1100 2465 1312 2538 futuro,
1346 2484 1475 2524 nam
1506 2477 1562 2525 et
1591 2469 1873 2526 civitatem
1899 2471 1949 2528 ei
1979 2487 2108 2530 con-
2210 2469 2401 2526 nantia
2423 2467 2753 2534 reservatis,
2801 2466 2928 2522 vitae
2979 2464 3292 2521 terminum.
3355 2464 3598 2532 ﬁnienti,
3655 2462 3811 2520 ﬁnem

512 2556 657 2624 tulit,
683 2565 739 2613 et
764 2573 893 2614 eum
921 2558 994 2593 ³³⁸
1018 2559 1284 2632 dignitate
1310 2561 1456 2618 inter
1479 2562 1778 2621 nobiliores
1806 2563 2021 2620 extulit.
2044 2563 2106 2622 In
2209 2562 2574 2620 terminemus
2593 2567 2648 2615 et
2678 2558 2938 2615 scribenti
2971 2558 3065 2614 ⁸⁸⁸.
3091 2556 3393 2629 Postquam
3420 2557 3612 2628 itaque
3631 2567 3813 2612 extre—

511 2650 606 2706 illo
635 2652 784 2708 enim
809 2653 1112 2710 certamine
1146 2655 1218 2710 30
1239 2656 1390 2713 acies
1425 2656 1707 2714 ordinatas
1732 2657 2108 2716 Masovienses
2210 2669 2368 2711 mum
2404 2653 2525 2709 vale
2554 2650 2864 2707 Kazimirus
2885 2649 3093 2706 mundo
3110 2648 3242 2706 fecit
3264 2649 3380 2719 (an.
3406 2647 3595 2720 1058),
3627 2647 3817 2705 Bolet-

511 2741 844 2814 babuerunt,
881 2743 1193 2804 Kazimirus
1229 2763 1362 2804 vero
1403 2749 1498 2805 vix
1528 2757 1640 2806 tres
1685 2749 1834 2806 acies
1885 2749 2110 2806 bellato-
2210 2745 2370 2803 lavus
2399 2743 2472 2778 "°
2496 2744 2618 2816 ejus
2641 2742 3064 2815 primogenitus,
3093 2742 3181 2798 vir
3203 2742 3394 2813 largus
3413 2748 3468 2797 et
3495 2740 3820 2809 bellicosus,

511 2846 636 2890 rum
675 2836 866 2906 plenas
911 2837 1149 2894 habebat
1163 2838 1260 2908 ⁸⁸⁷,
1308 2840 1570 2912 quoniam
1589 2883 1606 2909 ,
1639 2849 1703 2898 ut
1728 2841 1937 2898 dictum
1985 2849 2106 2912 est,
2211 2837 2547 2896 Polonorum
2577 2851 2810 2909 regnum
2847 2835 3008 2894 rexit.
3037 2833 3146 2902 Qui
3175 2849 3276 2891 sua
3307 2834 3445 2891 satis
3465 2841 3626 2905 gesta
3652 2835 3822 2904 gestis

512 2931 624 2979 tota
657 2925 885 2982 Polonia
907 2927 981 2960 ⁵⁵⁸
1006 2943 1161 2998 paene
1190 2929 1408 2986 deserta
1433 2930 1673 3002 jacebat.
2033 2917 2039 2923 ’
2211 2931 2678 3004 praedecessorum
2725 2928 3031 3000 coaequavit
3055 2927 3152 2996 “',
3201 2926 3309 2983 nisi
3355 2928 3509 2998 quod
3557 2926 3818 2997 quaedam

615 3017 678 3071 21
724 3017 819 3072 ⁸⁸⁸.
864 3017 944 3073 De
982 3021 1170 3090 prwlio
1200 3019 1472 3078 Kazimiri
1501 3040 1622 3078 cum
1649 3023 1996 3082 Pomoranis.
2212 3038 2340 3080 eum
2393 3020 2712 3078 ambitionis
2733 3021 2822 3076 vel
2861 3018 3121 3076 vanitatis
3165 3017 3520 3091 superﬂuitas
3569 3018 3825 3090 agitavit.

581 3104 698 3162 Hoc
742 3105 926 3178 itaque
979 3110 1167 3180 praelio
1224 3113 1652 3169 memorabiliter
1684 3123 1944 3186 superato
1990 3117 2105 3190 (an.
2212 3115 2350 3172 Nam
2364 3130 2491 3172 cum
2523 3115 2580 3171 in
2600 3113 2874 3186 principio
2896 3111 3281 3184 suiregiminis
3301 3119 3355 3167 et
3373 3109 3609 3168 Polonia
3633 3120 3696 3166 α
3717 3110 3826 3167 Pc-

523 3196 710 3271 1046),
746 3197 1183 3258 Pomoranorum
1226 3204 1494 3261 exercitui
1523 3205 1582 3260 in
1618 3207 1888 3263 auxilium
1928 3207 2109 3266 Μαδι-
2137 3257 2179 3276 ﬂ
2214 3205 2460 3263 moranis
2481 3205 2793 3276 imperaret,
2825 3217 3129 3274 eorumque
3157 3201 3573 3259 multitudinem
3616 3201 3694 3257 ad
3731 3217 3831 3258 ca—

513 3288 634 3344 uao
655 3257 727 3322 εσυ
754 3288 1019 3361 venienti,
1044 3257 2105 3368 animi...‘gds‘gaiggilu‘uﬁag.
2134 3257 2180 3322 C
2209 3257 2916 3373 gi;.;;;"é;.a;;'i'is"(ms)
2956 3257 3338 3358 obsidendum
3354 3297 3830 3354 innumerabilem

511 3391 597 3440 ter
620 3385 836 3441 obviam
865 3387 1282 3459 properavit“.
1313 3389 1640 3447 Nuntiatum
1674 3408 1913 3465 namque
1955 3394 2110 3466 prius
2210 3399 2570 3464 congregaret
2601 3391 2674 3425 ³⁸⁸
2715 3391 2830 3465 (an.
2873 3390 3060 3464 1061),
3103 3406 3221 3448 sua:
3247 3388 3622 3446 contumacia
3653 3389 3832 3461 negli-

511 3476 647 3533 illud
671 3477 721 3533 ei
744 3477 943 3547 fuerat,
975 3481 1237 3554 ipsosque
1273 3482 1330 3538 in
1358 3483 1625 3539 auxilium
1666 3483 1907 3541 inimicis
1937 3485 2107 3543 adve—
2208 3486 2390 3560 gentia
2414 3501 2523 3542 non
2547 3487 2728 3544 solum
2755 3496 3003 3544 castrum
3030 3500 3144 3543 non
3168 3484 3383 3553 habuit,
3423 3499 3629 3540 verum
3659 3485 3830 3539 etia

511 3568 635 3626 nire
663 3573 1004 3642 praesciebat.
1030 3572 1189 3633 Unde
1217 3575 1517 3647 prudenter
1543 3577 1819 3650 disposuit
1859 3579 2109 3652 singula-
2205 3577 2574 3636 Bobemorum
2626 3578 2859 3636 insidias
2898 3578 2992 3634 vix
3033 3577 3226 3646 evasit,
3275 3593 3344 3634 ac
3370 3575 3833 3634 Pomoranorun

511 3662 648 3719 riter
676 3665 832 3736 prius
867 3682 992 3722 cum
1020 3667 1462 3726 Mazoviensibus
1490 3669 1744 3741 diffinire,
1788 3680 1981 3744 postea
2017 3673 2104 3728 fa-
2206 3669 2512 3726 dominium
2542 3669 2624 3726 sic
2646 3668 2853 3725 amisit.
2883 3667 2993 3725 Sed
3031 3683 3145 3725 non
3177 3675 3266 3724 est
3307 3667 3516 3723 mirum
3562 3667 3834 3738 aliquan-

512 3755 673 3813 cilius
693 3773 817 3814 cum
855 3758 1182 3818 Pomoranis
1211 3777 1468 3833 campum
1505 3764 1824 3823 certaminis
1849 3765 2074 3822 introire

2275 3763 2388 3819 lum
2432 3778 2532 3834 per
2576 3761 2946 3834 ignorantiam
2993 3760 3252 3818 oberarre
3299 3761 3395 3828 ⁸⁷⁸,
3439 3761 3489 3816 si
3525 3760 3837 3832 contigerit

510 3845 608 3905 Illa
641 3851 790 3906 enim
823 3852 944 3908 vice
987 3852 1284 3910 Pomorani
1320 3865 1559 3927 quatuor
1595 3857 1841 3931 legiones
1869 3859 2106 3916 militum
2211 3861 2403 3928 postea
2438 3869 2539 3926 per
2557 3853 2886 3927 sapientiam
2916 3867 3044 3925 qua:
3076 3851 3324 3926 neglecta
3373 3851 3589 3908 fuerint
3635 3865 3835 3907 eman-

513 3938 570 3995 in
602 3956 756 3996 arma
785 3942 1078 4013 ducebant,
1103 3944 1365 4004 Kazimiri
1393 3965 1531 4006 vero
1552 3949 1752 4008 milites
1787 3967 1889 4009 nec
1935 3969 2106 4011 unam
2212 3949 2348 4006 dare
2374 3946 2467 4004 ⁵⁷⁸.

513 4030 798 4089 dimidiam
821 4035 1212 4107 adimplebant.
1243 4036 1348 4095 Sed
1392 4041 1528 4111 quid
1556 4043 1777 4098 tamen?
1811 4041 1954 4100 Cum
1979 4060 2107 4116 per-
2210 4041 2304 4097 23.
2343 4041 2424 4097 De
2452 4040 2791 4096 conventione
2825 4038 3102 4097 Boleslavi
3130 4056 3253 4095 cum
3269 4039 3405 4095 duce
3425 4038 3838 4096 Balineum.

512 4133 739 4182 ventum
765 4135 912 4184 esset
949 4129 1018 4185 ad
1045 4129 1228 4186 locum
1261 4134 1601 4203 certaminis,
1653 4133 1987 4206 Kazimirus,
2045 4145 2108 4193 ut
2284 4133 2406 4192 Non
2429 4144 2518 4193 est
2539 4135 2709 4208 igitur
2726 4135 2800 4170 ⁸⁴¹¹
2820 4135 3048 4208 dignum
3069 4133 3401 4208 probitatem
3431 4134 3843 4193 multimodam

1773 4313 2011 4372 VARIE
2050 4313 2457 4373 LECTIONES.

584 4420 656 4499 Ψ
681 4423 1024 4499 competebat
1049 4425 1102 4499 3.
1180 4425 1252 4499 ’δέ
1345 4425 1623 4499 justitiam
1642 4429 1696 4485 3.
1772 4429 1842 4466 ⁸⁸⁵⁸
1882 4439 1939 4488 et
1959 4430 2014 4487 3.
2120 4431 2191 4472 ’δ’
2217 4437 2274 4486 et
2299 4431 2507 4487 addunt
2528 4430 2583 4488 1.
2617 4430 2674 4488 3.
2755 4426 2837 4472 ’σι’
2861 4429 3006 4487 deest
3042 4429 3098 4488 3.
3182 4436 3332 4489 met
3355 4430 3410 4487 3.
3512 4430 3590 4466 '“
3617 4432 3745 4490 sibi
3781 4434 3838 4490 3.

516 4491 588 4578 2“
611 4502 665 4549 et
697 4491 998 4578 periculum
1030 4495 1294 4578 desunt-3.
1345 4491 1365 4499 ⁷
1404 4499 1473 4534 ⁵⁸⁷
1502 4500 1565 4578 _vi_
1583 4515 1649 4578 se
1680 4516 1776 4571 pro
1802 4502 1941 4578 nise
1960 4500 2014 4558 2.
2046 4501 2138 4556 sed
2193 4503 2482 4578 posterjor,
2513 4510 2722 4559 uetusta
2753 4510 2932 4578 tam_en
2952 4519 3168 4578 manus,
3195 4502 3341 4578 facta
3361 4503 3537 4578 signa,
3566 4509 3845 4578 agposuit

511 4564 572 4619 in
621 4565 858 4640 margine
883 4567 1011 4640 nisi,
1037 4568 1116 4622 ita
1141 4567 1428 4640 utlegatur
1461 4570 1569 4626 nisi
1597 4571 1651 4626 vi
1680 4564 1760 4626 se.
1841 4572 1911 4612 ³⁸⁸
1961 4564 2301 4628 armatorum
2353 4573 2407 4630 3.
2445 4564 2518 4615 έδο
2553 4581 2803 4632 asseveta
2843 4573 2898 4631 3.
2993 4574 3065 4607 ”°
3098 4564 3391 4630 Meczlawo
3411 4564 3498 4629 '2.
3522 4564 3535 4573 ’
3575 4564 3663 4620 ’τί
3717 4585 3843 4632 tan—

515 4644 740 4730 gamque
793 4636 877 4730 2m.“
1045 4636 1386 4730 provinciam
1539 4641 1634 4730 A":
1655 4641 2136 4730 bri‘azovitarum‘
2315 4645 2482 4702 minis
2634 4645 2708 4681 ⁵⁵⁸
2740 4644 2965 4730 quidem
2997 4645 3059 4728 1..
3087 4645 3221 4730 2...si
3245 4645 3377 4716 quid
3416 4662 3515 4715 pro
3557 4648 3668 4703 sed
3717 4650 3839 4730 qui-

516 4705 730 4789 dam}.
806 4705 1115 4789 _”°_cum'3.
1192 4710 1261 4789 ’ξ’
1285 4712 1561 4767 habebant
1583 4713 1644 4789 _1.
1820 4712 2073 4789 "ide_e_st_
2093 4715 2147 4770 3.
2177 4786 2192 4789 _
2223 4715 2295 4748 ⁸⁵⁸
2322 4724 2492 4789 totum
2514 4717 2610 4772 hoc
2633 4705 3005 4789 capitulum_et
3040 4705 3279 4789 initium.
3315 4705 3586 4789 sequentis
3623 4705 3844 4774 omittit

516 4775 570 4857 ξ.
589 4778 679 4849 qui
700 4787 819 4857 post
852 4780 1102 4857 ultimum
1130 4781 1342 4835 verbum
1387 4783 1745 4857 prlecedentis
1770 4785 2015 4857 capituli
2053 4785 2273 4857 jacebat
2317 4788 2472 4842 addit
2511 4789 2566 4844 in
2592 4775 2846 4844 continuo
2878 4804 2897 4842 :
2923 4785 3030 4844 Iste
3077 4786 3353 4844 interfecit
3378 4775 3438 4842 S.
3475 4788 3843 4849 Stanislaum

517 4844 936 4930 Craco'viensem
966 4852 1306 4930 episcopum,
1329 4844 1495 4930 valde
1526 4844 1895 4930 venerabilem
1918 4844 2118 4930 virum.
2197 4857 2270 4890 "°
2295 4857 2537 4930 Meczlao
2558 4859 2614 4914 2.
2691 4859 2760 4930 Ψ
2796 4859 3136 4930 propetravit
3157 4869 3272 4930 erat
3293 4859 3348 4914 2.
3381 4875 3490 4930 qua
3527 4844 3674 4915 voce
3706 4844 3846 4916 ean:

518 4917 734 5003 cellato,
772 4917 1037 5003 corrector
1075 4923 1134 5003 in
1154 4917 1407 5003 'margine
1435 4925 1612 5003 posuit
1634 4934 1920 5003 properat:
2003 4929 2080 5003 3“
2101 4944 2347 5003 pugnare
2384 4930 2436 4985 1.
2465 4929 2520 4984 2.
2553 4930 2638 5003 3.__
2693 4928 2764 5003 'A"
2791 4917 3054 5003 quoniam
3079 4930 3134 4984 2.
3212 4929 3284 5003 Ψ
3304 4917 3704 5000 argumentum
3755 4952 3846 4987 ca-

513 4988 674 5072 pituli
701 5001 1049 5072 (ξρετε-ἔρρετε
1075 4992 1140 5046 in
1157 4988 1397 5072 margine
1424 4988 1503 5050 est
1523 4988 1862 5072 adscriptum
1891 4998 1966 5053 2:
1999 4997 2088 5072 De
2102 4988 2456 5072 successione
2494 5031 2568 5042 —-
2595 4988 2961 5072 Kazimirides
3003 5001 3191 5056 desunt
3220 5000 3274 5072 3.
3358 4988 3433 5033 θ’
3477 5001 3635 5058 Obiit
3662 5003 3847 5058 Κεκί-

513 5060 694 5144 mirus
718 5060 1065 5144 uxxxvnt:
1094 5063 1247 5144 ponit
1277 5060 1340 5120 in
1361 5067 1601 5144 margine
1617 5067 1675 5144 _1.
1696 5060 1718 5144 ξ
1751 5067 1822 5101 ⁵⁸⁸
1842 5067 1950 5125 Iste
1975 5070 2178 5144 occidit
2207 5070 2545 5144 Stanislaum
2557 5072 2711 5144 addit
2733 5072 2829 5126 hoc
2849 5071 3147 5144 locoisupra
3167 5071 3472 5144 columnam
3496 5091 3672 5144 super
3722 5093 3852 5130 voce

513 5122 838 5217 Bolezlavus
865 5135 918 5190 1.
949 5205 962 5217 ι
994 5134 1065 5166 ³⁸⁷
1094 5122 1345 5217 Mortuus
1375 5146 1459 5193 est
1481 5122 1810 5217 "pasimirus
1846 5122 2000 5196 anno
2018 5122 3586 5217 ὗὸῇὶίιῇῙᾱῐῆῑῡῖςῖιῖἷέὶιέὸὲέέίὶ⁷1ἱόὶὲὲῖαῶΪῶἰὶῖζεὶὖὲ
3598 5122 3699 5200 ’ἱιι
3726 5122 3847 5201 ἰἷέῖ

515 5216 705 5273 gnum,
746 5204 893 5286 filius
947 5205 1189 5286 inquam
1219 5207 1750 5286 primogenitus,‘vir
1783 5211 1970 5284 largus
2013 5214 2430 5286 etgbellicosus;
2469 5204 2570 5286 qui
2611 5231 2712 5286 sua
2750 5215 2886 5271 satis
2929 5223 3079 5286 gesta
3129 5214 3298 5286 gestis
3357 5204 3845 5286 predecessorum

515 5231 705 5273 gnum,
746 5231 893 5286 unus
948 5231 1189 5331 unauana
1221 5231 1400 5289 puum
1435 5231 1750 5294 ειιιμιξηνιι·
1783 5231 1970 5284 largus
2013 5231 2069 5268 et
2102 5231 2430 5284 neiucosus;
2474 5232 2570 5286 qui
2611 5231 2712 5271 sua
2750 5231 2886 5271 satis
2962 5231 3079 5271 eSta
3129 5231 3298 5286 gesus
3357 5231 3828 5286 predecessorun

515 5283 808 5376 aequavit
854 5291 950 5347 pro
1051 5293 1121 5335 ns
1175 5287 1346 5350 igitur
1402 5231 1672 5338 iianmm
1703 5311 1778 5324 —-
1812 5284 2119 5356 coaequavit
2162 5285 2218 5342 3.
2319 5286 2394 5320 ⁵⁸⁸
2452 5284 2689 5344 Gradek.
2719 5286 2774 5343 3.
2872 5231 2961 5319 ⁸⁶β
2976 5286 3120 5343 deest
3149 5286 3205 5342 2.
3313 5287 3386 5320 ⁵⁷⁸
3436 5288 3759 5346 oberrasse
3794 5291 3829 5344 3

612 5345 937 5406 emendasse
984 5355 1091 5405 etc.
1131 5348 1187 5407 3.
1290 5350 1362 5386 ""
1389 5351 1533 5408 deest
1572 5353 1626 5409 3.
1757 5397 1768 5408 .

2011 5469 2249 5532 ΝΟΤᾸΞ.

419 5625 421 5627 -
481 5576 739 5666 ὤμοι)
778 5580 969 5666 ῼᾳρᾲ-
984 5581 1192 5666 auxilio
1227 5582 1464 5666 Ja_rosla_i
1513 5584 1883 5666 fa_ctum_esse
1903 5600 2106 5666 ,πέλεται
2264 5590 2430 5666 _(102)
2451 5589 2653 5662 Verba,
2684 5591 2777 5666 qui
2813 5585 3136 5666 mdnasterio
3166 5593 3514 5666 —;-_eruditus
3545 5595 3730 5653 male
3753 5598 3845 5655 in-

481 5645 566 5707 .“
587 5590 739 5653 (101)
778 5590 938 5650 Quod
984 5590 1192 5640 auxilio
1227 5590 1464 5668 Jaroslat
1513 5590 1722 5644 factum
1758 5601 1883 5646 esse
1912 5600 2106 5646 narrat
2279 5590 2430 5718 i102)
2451 5590 2653 5662 Verba,
2684 5591 2777 5666 qui
2813 5590 3136 5650 mammia
3166 5621 3243 5635 —
3272 5593 3514 5649 eruditus
3545 5595 3730 5653 male
3753 5598 3845 5655 in-

517 5652 804 5737 uestorad
1026 5653 1133 5711 Sed
1170 5657 1336 5728 paulo
1363 5673 1519 5737 prius
1554 5658 1672 5716 haec
1697 5658 1861 5737 alter
1878 5659 1956 5737 de
1994 5659 2104 5716 Po-
2208 5664 2281 5721 tel
2303 5673 2446 5737 ecta,
2475 5679 2665 5737 ansam
2717 5663 2873 5737 forte
2901 5663 3426 5737 dederuntjabulaa,
3455 5680 3586 5723 eum
3651 5669 3851 5728 fuisse

515 5723 1043 5814 gafan‘ishvictor‘ia
1062 5723 1347 5814 reportata
1365 5723 1492 5797 'est,
1524 5743 1652 5814 cum
1685 5746 1739 5814 θ’.
1765 5729 1904 5814 ιριςε
1925 5746 2102 5814 anna-7
2209 5723 2543 5814 monagiium
2568 5735 2932 5814 ;_Bandtchie,
2962 5752 3017 5808 p.
3047 5733 3230 5814 98._S.

516 5791 1506 5944 essetisessetis:
2047 5812 2104 5870 οε
2276 5791 2834 5889 (“amissam
2863 5791 2932 5868 ίίί
2949 5791 3120 5883 is“
3137 5805 3436 5907 “W-
3460 5807 3518 5867 ⁸·
