3952 6324
184 282 271 342 869
1540 271 1745 330 LIBER
1782 272 2068 332 PRIMUS.

3324 278 3433 338 870

175 393 685 460 etliberalitatem'"
706 389 976 451 Bolezlavi
992 388 1217 447 secundi
1246 388 1320 424 ⁸⁷⁸
1353 389 1499 462 regis
1520 390 1735 447 silentio
1763 394 1812 457 Α
1842 390 1948 448 Sed
1982 390 2071 447 die
2103 390 2220 463 jam
2264 397 2485 463 postera
2538 389 2835 461 mediante,
2872 388 3207 451 Polonorum
3250 404 3433 458 castra

177 489 445 565 praeterire,
476 489 573 545 sed
620 503 797 560 pauca
826 487 894 543 de
927 486 1116 541 multis
1145 485 1201 540 in
1231 483 1544 554 exemplum
1585 484 1740 555 regni

172 582 604 657 gubernatoribus
649 581 881 653 aperire.
912 578 1083 651 Igitur
1131 593 1227 634 rex
1280 576 1599 632 Bolezlavus
1649 589 1737 630 se-

169 676 358 733 cundus
379 674 559 730 audax
580 672 684 729 fuit
704 673 862 729 miles
883 679 937 727 et
965 680 1284 737 strennuus,
1304 669 1584 740 hospitum
1614 683 1739 724 sus-

168 774 334 839 ceptor
350 766 640 837 benignus,
681 764 948 835 datorque
972 762 1249 833 largorum
1272 760 1343 792 ⁸⁷⁸
1368 759 1732 829 largissimus.

159 855 273 930 Ipse
300 871 536 929 quoque,
574 857 731 913 sicud
757 857 970 927 primus
1000 854 1321 910 Bolezlavus
1342 868 1597 925 magnus,
1622 851 1738 908 Ru-

159 952 433 1009 thenorum
462 949 625 1022 regni
647 958 831 1021 caput,
864 950 1057 1005 urbem
1078 947 1281 1021 Kygovv
1309 947 1380 980 ⁸⁷⁸
1402 947 1734 1018 praecipuam

155 1040 411 1099 hostiliter
433 1041 679 1110 intravit,
709 1040 990 1111 ictumque
1016 1039 1101 1095 sui
1124 1036 1273 1094 ensis
1303 1037 1361 1092 in
1384 1045 1543 1109 porta
1565 1051 1733 1094 aurea

151 1135 356 1207 signum
383 1132 663 1189 memoriae
687 1132 978 1204 dereliquit
1007 1130 1076 1164 ⁸⁷⁷
1104 1130 1216 1202 (an.
1243 1128 1425 1201 1069).
1457 1129 1536 1185 Ibi
1565 1129 1731 1186 etiam

149 1225 409 1298 quendam
470 1225 558 1282 sui
589 1224 805 1297 generis
850 1222 1189 1290 Ruthenum,
1238 1221 1328 1277 cui
1381 1221 1733 1293 permittebat

146 1319 381 1391 regimen
402 1317 496 1387 ⁸⁷⁸,
527 1317 584 1373 in
619 1317 748 1374 sede
769 1316 936 1388 regali
958 1313 1244 1372 constituit
1267 1312 1438 1386 (104),
1470 1323 1729 1371 cunctos-

143 1427 250 1484 que
274 1412 372 1469 sibi
391 1411 621 1468 rebelles
648 1427 681 1466 a
708 1417 978 1481 potestate
999 1408 1267 1465 destituit.
1299 1404 1346 1465 Ο
1378 1423 1579 1481 pompa
1619 1409 1730 1481 glo-

141 1504 238 1560 riae
260 1503 597 1575 temporalis!
622 1500 668 1559 Ο
697 1502 929 1559 audacia
954 1501 1170 1557 ﬁduciae
1205 1501 1488 1558 militaris!
1537 1501 1583 1557 Ο
1609 1517 1727 1558 ma-

139 1604 319 1669 gestas
343 1597 508 1670 regiae
534 1596 857 1669 potestatis!
900 1593 1145 1666 Rogatus
1179 1594 1366 1665 itaque
1405 1594 1726 1652 Bolezlavus

138 1689 323 1761 largus
350 1704 381 1744 a
404 1703 532 1761 rege
561 1704 725 1759 quem
750 1686 975 1757 fecerat,
1002 1696 1065 1742 ut
1090 1685 1309 1743 obviam
1339 1686 1408 1741 ad
1433 1702 1493 1743 se
1514 1686 1725 1743 veniret

135 1782 345 1854 sibique
378 1781 529 1854 pacis
558 1780 811 1837 osculum
850 1781 920 1836 ob
968 1779 1331 1836 reverentiam
1379 1794 1495 1835 suae
1549 1780 1725 1852 gentis

134 1875 430 1943 exhiberet,
443 1874 686 1930 Polonus
711 1874 933 1946 quidem
954 1874 1060 1929 hoc
1081 1872 1296 1940 annuit,
1319 1871 1414 1929 sed
1439 1871 1728 1929 Rutbenus

131 1965 279 2021 dedit
304 1965 448 2037 quod
500 1965 692 2020 voluit.
744 1963 1090 2034 Computatis
1135 1978 1376 2034 namque
1418 1962 1581 2036 Largi
1616 1962 1725 2020 Bo-

128 2055 320 2111 lezlavi
369 2054 628 2126 passibus
678 2054 898 2125 equinis
951 2053 1020 2094 ⁸⁷³
1048 2053 1115 2109 de
1173 2053 1407 2108 statione
1445 2053 1512 2108 ad
1542 2054 1723 2110 locum

125 2146 525 2215 conventionis,
547 2146 772 2202 totidem
805 2145 929 2200 auri
958 2160 1176 2201 marcas
1201 2144 1491 2201 Rhutenus
1516 2147 1721 2216 posuit.

126 2238 242 2296 Nec
284 2248 467 2295 tamen
518 2238 591 2271 ⁸⁸⁸
628 2253 773 2309 equo
804 2238 1164 2305 descendens,
1194 2238 1290 2293 sed
1334 2238 1561 2295 barbam
1603 2240 1723 2311 ejus

122 2331 457 2388 subridendo
502 2330 790 2399 divellens,
837 2329 1090 2387 osculum
1144 2329 1195 2387 ei
1232 2331 1367 2387 satis
1419 2333 1721 2403 pretiosum

121 2425 372 2482 exhibuit
402 2425 473 2457 ⁸⁸⁸

193 2518 283 2573 24.
321 2516 400 2573 De
423 2516 693 2572 delusione
724 2516 1079 2572 Bobemorum
1110 2523 1298 2572 contra
1337 2516 1649 2574 Bolezlaum

62 2592 90 2625 ⁵
785 2587 1042 2661 Largum.

193 2704 318 2777 (An.
350 2702 534 2775 1068).
582 2702 825 2776 Contigit
855 2703 1046 2759 eodem
1075 2711 1322 2776 tempore
1351 2702 1719 2762 Bobemorum

113 2797 315 2853 ducem
347 2796 496 2868 (105)
526 2812 652 2852 cum
687 2805 801 2852 tota
831 2812 1059 2852 suorum
1088 2797 1291 2854 virtute
1332 2798 1569 2853 militum
1611 2799 1719 2855 Po-

112 2889 324 2945 loniam
354 2888 633 2957 introisse,
676 2904 915 2960 eumque
950 2888 1247 2945 transactis
1278 2888 1541 2945 silvarum
1582 2905 1716 2945 con-

109 2982 325 3050 densis,
350 2982 408 3037 in
434 2982 670 3053 quadam
694 2981 920 3053 planitie
941 2981 1076 3037 satis
1102 2988 1231 3053 apta
1270 2982 1559 3036 certamini
1585 2998 1718 3037 con-

1844 483 1913 540 ab
1940 483 2377 555 exploratoribus
2423 483 2719 540 nunciatur
2769 483 2864 553 m,
2912 486 3060 557 quod
3094 503 3127 543 a
3173 487 3431 550 Bobemis

1842 586 2002 632 nocte
2027 575 2355 648 praecedenti
2378 574 2529 649 fuga,
2554 593 2665 633 non
2703 577 2959 649 praelium
2981 580 3217 638 ineatur.
3250 582 3310 638 In
3332 600 3428 641 ea-

1839 670 1964 725 dem
1994 669 2127 726 hora
2158 669 2481 727 Bolezlavus
2508 669 2764 728 delusum
2798 687 2859 729 se
2886 672 2958 707 ⁸⁸⁷
2989 675 3203 745 dolens,
3228 680 3429 739 acriter

1837 778 1934 820 eos
2002 780 2100 835 per
2150 762 2450 821 Moraviam
2507 763 2779 838 fugientes
2821 768 3169 839 persequitur
3203 771 3295 839 ⁸⁸³,
3338 788 3419 831 οι.

1836 856 2053 928 ptisque
2069 856 2320 928 pluribus
2366 872 2433 915 ac
2463 857 2782 930 peremptis,
2825 860 2957 930 quia
2994 861 3077 918 sic
3118 874 3424 935 evaserant,

1836 948 2161 1021 sibimetipsi
2191 948 2537 1021 dedignanda
2571 950 2886 1006 revertitur.
2917 951 3329 1011 Adnectendum
3357 955 3424 991 ⁸⁸⁸

1834 1048 1921 1098 est
1961 1041 2126 1097 etiam
2168 1042 2471 1099 narrationi
2507 1042 2601 1112 ⁸⁸⁸,
2647 1057 2771 1116 quae
2805 1058 2975 1101 causa
3014 1042 3129 1102 fere
3158 1053 3332 1103 totum
3360 1048 3429 1105 de

1831 1132 2060 1192 Polonia
2100 1134 2397 1192 loricarum
2438 1151 2603 1193 usum
2643 1136 2900 1206 abolevit,
2943 1153 3086 1210 quas
3122 1140 3428 1214 antiquitus

1831 1225 2019 1298 magni
2065 1225 2339 1331 bolezlavi
2368 1227 2517 1301 regis
2538 1228 2815 1287 exercitus
2851 1229 3061 1304 ingenti
3095 1232 3280 1289 studio
3312 1231 3456 1341 ἦνθε-ι

1830 1318 2131 1391 quentavit.

1971 1455 2063 1513 25.
2104 1454 2187 1513 De
2219 1455 2770 1532 victoria_Bolezlaui
2805 1456 2974 1532 Largi
2996 1457 3066 1495 '“
3095 1467 3286 1516 contra

2441 1527 2796 1585 Pomoranos.

1895 1640 2140 1714 Contigit
2170 1656 2411 1714 namque
2437 1640 2779 1700 Pomoranos
2807 1659 2878 1700 ex
2917 1644 3103 1702 subito
3136 1643 3426 1706 Poloniam

1760 1749 1803 1809 Β
1828 1732 2118 1802 invasisse,
2161 1748 2457 1806 regemque
2498 1733 2850 1791 Bolezlavum
2890 1736 2961 1792 ab
3004 1737 3114 1795 illis
3148 1749 3423 1799 remotum

1829 1825 2083 1897 partibus
2129 1825 2199 1858 ⁶⁹²
2231 1826 2337 1882 hoc
2380 1827 2623 1884 audisse.
2665 1826 2772 1895 Qui
2800 1829 3028 1901 cupiens
3075 1831 3262 1890 animo
3307 1832 3423 1890 fer-

1826 1920 1976 1975 venti
2005 1919 2075 1975 de
2102 1934 2270 1975 manu
2301 1920 2587 1991 gentilium
2629 1922 2867 1992 patriam
2898 1922 3152 1993 liberare,
3193 1924 3425 1985 collecto

1827 2011 2073 2067 nondum
2112 2013 2381 2080 exercitu,
2403 2013 2593 2069 debuit
2621 2015 2951 2072 antecedens
2977 2016 3289 2074 inconsulte
3312 2019 3422 2075 mi-

1827 2103 2001 2158 mium
2029 2119 2349 2176 properare.
2377 2104 2634 2177 Cumque
2662 2115 2888 2163 ventum
2908 2117 3055 2165 esset
3078 2110 3148 2166 ad
3170 2110 3421 2181 ﬂuvium,

1825 2198 1969 2253 ultra
1990 2213 2155 2269 quem
2200 2206 2397 2255 turmae
2427 2200 2715 2272 gentilium
2751 2202 3087 2273 residebant,
3119 2220 3229 2260 non
3256 2212 3424 2277 ponte

1820 2290 2094 2362 requisita
2116 2291 2202 2347 vel
2229 2292 2371 2347 vado
2399 2293 2618 2349 luricati
2645 2293 2851 2350 milites
2876 2295 2927 2351 ei
2952 2297 3149 2353 armati
3171 2298 3267 2353 sed
3292 2314 3422 2369 pro-

1822 2382 1995 2438 fundo
2024 2385 2227 2455 gurgiti
2262 2400 2322 2441 se
2344 2387 2658 2443 credebant.
2690 2386 2947 2445 Pluribus
2972 2390 3158 2461 itaque
3197 2390 3268 2423 '”
3289 2392 3422 2447 lori-

1823 2483 2072 2532 catorum
2102 2477 2177 2532 ibi
2213 2487 2615 2548 prmsumtuose
2646 2480 2970 2548 submersis,
2993 2480 3195 2537 loricas
3220 2482 3421 2554 reliqui

1822 2569 2149 2637 superstites
2227 2568 2582 2639 abjecerunt,
2655 2576 3104 2641 transmeatoque
3150 2570 3417 2642 ﬂumine,

1821 2658 2075 2731 quamvis
2103 2661 2425 2732 dampnose,
2460 2662 2754 2718 victoriam
2783 2663 3117 2719 habuerunt.
3146 2663 3227 2719 Ex
3257 2679 3323 2721 eo
3345 2664 3421 2699 m

1822 2759 2064 2821 tempore
2098 2739 2287 2806 loricis
2328 2749 2559 2807 Polonia
2588 2751 2875 2821 dissuevit,
2912 2761 2969 2808 et
3003 2752 3084 2809 sic
3110 2754 3417 2826 expeditior

1818 2842 2035 2900 hostem
2066 2844 2301 2914 quisque
2327 2843 2552 2912 invasit,
2589 2844 2869 2916 tutiorque
2904 2843 3108 2902 ﬂumen
3140 2846 3418 2919 objectum

1819 2937 1938 2994 sine
1967 2937 2208 3007 pondere
2244 2936 2375 2992 ferri
2399 2937 2774 2993 transmeavit.

109 3077 346 3135 sedisse.
406 3074 526 3143 Quo
580 3075 788 3143 audito,
828 3073 1152 3130 Bolezlavus
1204 3074 1434 3146 impiger
1460 3074 1715 3130 hostibus
1744 3099 1791 3164 ο
1854 3074 1944 3131 26.
1971 3074 2049 3128 De
2069 3074 2395 3164 liberalitate
2415 3075 2572 3164 r'f'get
2605 3074 2866 3164 largitate
2900 3076 3200 3160 Bplezlavi,
3234 3087 3285 3135 et
3306 3078 3379 3113 ⁵⁸⁸

107 3169 338 3227 obviam
360 3168 697 3241 properavit,
728 3183 935 3240 eosque
963 3182 1288 3238 properans,
1318 3166 1717 3239 transgyrando

104 3264 261 3319 viam
297 3277 409 3334 qua
463 3270 730 3317 venerant
784 3261 1065 3330 obsidens,
1114 3260 1444 3316 interclusit.
1485 3258 1554 3314 Et
1586 3259 1717 3331 quia

104 3356 353 3427 plurima
381 3370 511 3426 pars
552 3354 661 3409 diei
702 3354 1058 3425 praeterierat,
1090 3367 1333 3423 suosque
1373 3350 1718 3424 properando

105 3448 460 3521 fatigaverat,
485 3448 732 3518 sequenti
785 3446 874 3502 die
910 3461 969 3502 se
1008 3452 1302 3502 venturum
1347 3445 1415 3501 ad
1466 3444 1714 3516 praelium

101 3557 211 3615 per
238 3541 451 3613 legatos
473 3539 730 3596 Bobemis
768 3539 1060 3607 intimavit,
1092 3554 1297 3609 eosque
1334 3537 1536 3594 ibidem
1573 3535 1715 3594 resi-

100 3636 241 3692 dere
282 3649 388 3689 nec
421 3633 493 3666 ⁵⁸²
556 3648 616 3689 se
655 3633 863 3689 diutius
910 3632 1142 3705 fatigare
1195 3632 1413 3703 magnis
1461 3630 1715 3703 precibus

100 3723 385 3780 exoravit.
415 3723 589 3777 Antea
613 3723 827 3796 quidem
848 3732 1115 3790 exeuntes,
1140 3721 1323 3794 inquit
1346 3721 1437 3789 ⁸³³,
1462 3721 1527 3777 de
1555 3721 1712 3791 silva,

98 3817 250 3870 sicut
294 3814 411 3885 lupi
440 3822 599 3885 capta
622 3814 821 3885 [praada
862 3814 1121 3885 famelici,
1162 3813 1420 3869 silvarum
1457 3812 1710 3883 latebras,

100 3908 331 3963 absente
373 3916 609 3979 pastore,
658 3908 869 3979 impune
916 3906 1169 3962 solebatis
1215 3918 1507 3978 penetrare,
1558 3908 1713 3963 modo
1758 3938 1767 3945 ο

95 4018 248 4070 vero,
280 4008 540 4072 praesente
582 4016 705 4055 cum
754 4000 1026 4055 venabulis
1097 4009 1345 4055 venatore
1395 4001 1713 4073 canibusque

92 4102 223 4164 post
244 4092 476 4163 vestigia
504 4090 804 4159 dissolutis,
831 4107 935 4145 non
959 4091 1088 4162 fuga
1111 4107 1203 4145 nec
1228 4090 1465 4159 insidiis,
1490 4091 1581 4145 sed
1605 4092 1713 4145 vir-

92 4193 213 4239 tute
233 4185 486 4255 pote'ritis
503 4185 721 4239 detensa
745 4183 1005 4240 retiacula
1033 4184 1267 4239 deuitare
1305 4183 1395 4238 ⁸⁸⁸.
1433 4184 1505 4238 At
1518 4191 1711 4240 contra

91 4278 487 4335 Bobemorum
538 4277 650 4334 dux
702 4286 924 4333 versuta
968 4277 1266 4333 calliditate
1310 4275 1597 4333 Boleslavo
1624 4292 1712 4333 re-

88 4370 396 4426 mandavit
419 4371 510 4438 ⁵³⁸,
542 4369 829 4442 indignum
859 4384 981 4426 esse
1010 4377 1224 4425 tantum
1255 4385 1440 4442 regem
1467 4370 1537 4426 ad
1566 4369 1710 4425 infe-

2214 3152 2280 3201 αθ
2300 3146 2532 3217 quodam
2558 3146 2789 3218 paupere
2816 3147 3032 3204 clerico.

1892 3257 2029 3314 Item
2074 3274 2249 3314 unum
2329 3260 2691 3317 memorabile
2736 3259 2965 3318 secundi
3011 3261 3285 3319 Bolezlavi
3328 3260 3416 3319 fa-

1820 3350 2051 3407 ctumIm
2068 3351 2412 3408 liberalitatis
2436 3353 2655 3408 eximiae
2677 3367 2792 3409 non
2821 3353 3033 3420 celabo,
3060 3354 3159 3410 sed
3190 3356 3260 3412 ad
3286 3355 3415 3414 imi-

1818 3442 2043 3497 talionis
2064 3443 2374 3513 exemplum
2409 3444 2827 3501 successoribus
2871 3444 3158 3501 intimabo.
3191 3445 3250 3502 In
3277 3446 3414 3503 civi-

1820 3543 1930 3591 tate
1989 3536 2345 3593 Cracoviensi
2398 3538 2637 3609 quadam
2686 3538 2777 3594 die
2830 3538 3043 3613 Largus
3093 3539 3415 3597 Bolezlavus

1816 3638 1943 3688 ante
1969 3630 2234 3702 palatium
2265 3632 2320 3686 in
2353 3632 2507 3688 curia
2535 3630 2830 3700 residebat,
2860 3634 3045 3705 ibique
3071 3635 3274 3690 tributa
3298 3631 3415 3690 Ru-

1816 3724 2111 3779 thenorum
2141 3723 2488 3795 aliorumque
2516 3724 2866 3796 vectigalium
2909 3725 2965 3780 in
2990 3726 3190 3796 tapetis
3233 3733 3411 3783 strata

1814 3816 2220 3888 prospectabat.
2268 3814 2514 3888 Contigit
2572 3815 2774 3872 ibidem
2831 3815 3093 3872 clericum
3135 3816 3411 3888 quendam

1815 3922 2113 3980 pauperem
2135 3915 2191 3963 et
2203 3914 2529 3964 extraneum
2551 3907 2778 3963 aﬂ‘uisse
2798 3907 2869 3941 ⁸⁸⁸
2895 3908 3141 3979 tantique
3161 3908 3411 3965 thezauri

1814 4000 2249 4074 magnitudinem
2291 3999 2638 4072 perspexisse
2684 4000 2777 4056 5".
2819 3999 2927 4068 Qui
2980 4016 3106 4057 cum
3150 3999 3406 4056 ammira-

1814 4093 1970 4150 tione
1993 4093 2066 4126 ⁶⁰⁰
2098 4100 2265 4148 tantae
2284 4092 2535 4164 pecunia:
2555 4092 2687 4149 illuc
2724 4092 2791 4124 ⁶⁰¹
2816 4091 3025 4149 occulis
3055 4092 3294 4148 inbiaret
3316 4092 3409 4161 m,

1815 4200 2085 4258 suamque
2132 4185 2415 4241 miseriam
2465 4187 2749 4258 cogitaret,
2774 4201 2899 4242 cum
2944 4185 3153 4256 ingenti
3204 4184 3411 4257 gemitu

1814 4275 2134 4346 suspiravit.
2168 4274 2493 4332 Bolezlavus
2522 4283 2703 4331 autem
2735 4290 2854 4343 rex,
2883 4282 2944 4330 ut
2962 4282 3082 4330 erat
3103 4272 3275 4342 ferus,
3307 4290 3407 4329 au-

1813 4367 1970 4423 diens
2001 4366 2280 4423 hominem
2302 4366 2689 4423 miserabiliter
2723 4365 3016 4438 gemivisse
3037 4365 3128 4433 ⁸⁸³,
3151 4374 3205 4421 et
3225 4364 3411 4422 existi-

88 4464 314 4520 rioretn
341 4463 639 4531 declinare,
677 4463 768 4519 sed
796 4463 883 4518 die
916 4464 1179 4529 crastina,
1211 4463 1259 4517 si
1294 4461 1442 4533 ﬁlius
1479 4470 1558 4518 est
1588 4461 1641 4516 K
1646 4480 1708 4517 α-
1735 4455 1787 4515 D
1812 4477 1972 4518 mans
1996 4460 2235 4532 aliquem
2256 4460 2590 4516 camerarios
2616 4458 2978 4531 percussisse,
3008 4458 3182 4514 iratus
3215 4456 3409 4513 scisci-

86 4558 312 4625 zimiri,
337 4560 413 4612 sit
444 4566 669 4629 paratus
694 4556 891 4611 ibidem
918 4556 1275 4643 Bobemorum
1304 4556 1579 4611 servitium
1606 4570 1705 4611 ex-

83 4660 342 4721 pectare.
375 4649 662 4706 Bolezlaus
679 4664 832 4718 vero,
864 4656 926 4704 ut
949 4664 1009 4705 se
1045 4648 1219 4704 ﬁlium
1253 4648 1569 4704 ostenderet
1599 4646 1708 4703 Ka-

82 4745 313 4813 zimiri,
363 4744 443 4803 ibi
496 4744 694 4801 stando
737 4743 1109 4801 Bobemorum
1160 4742 1391 4800 fallacia:
1417 4742 1704 4801 satisfecit.

1810 4563 1976 4623 tatur,
2009 4554 2104 4626 qui
2128 4553 2294 4609 fuerit
2314 4554 2387 4588 ⁸⁸⁵
2419 4568 2590 4608 ausus
2621 4552 2703 4609 sic
2726 4567 2961 4624 gemere,
2984 4551 3070 4608 vel
3115 4550 3242 4622 quis
3262 4565 3407 4621 prae-

1808 4648 2109 4721 sumpserit
2154 4647 2225 4680 ⁶⁰⁸
2280 4647 2357 4703 ibi
2397 4646 2710 4719 quempiam
2758 4645 3068 4701 verberare.
3115 4644 3271 4701 Tunc
3316 4644 3407 4700 ille

1810 4742 1979 4799 miser
1999 4739 2233 4799 clericus
2269 4738 2643 4807 tremefactus,
2673 4736 2958 4794 maluisset
2996 4752 3261 4808 umquam
3311 4752 3407 4808 pe.

1410 4853 1647 4913 VARIA‘J
1685 4852 2097 4912 LECTIONES.

161 4952 246 4984 ⁵⁷⁸
296 4951 612 5007 libertatem
638 4949 695 5005 2.
732 4950 785 5006 5.
874 4904 965 4981 »⁵⁷⁸
987 4949 1127 5002 deest
1153 4948 1207 5002 5.

79 5040 344 5097 mgnum
364 5020 1102 5097 proipermittebatregimen
1124 5019 1177 5073 5.
1207 5018 1308 5097 _'_"”
1339 5019 1503 5097 cquis
1526 5018 1590 5097 2._
1622 5019 1676 5074 5.

76 5092 177 5152 tes
247 5092 503 5166 repetunt
555 5094 607 5166 l.
656 5092 709 5166 2.

1319 4947 1390 4984 ⁸⁷³
1419 4948 1563 5031 deest
1592 4948 1646 5003 5.
1726 4947 1795 4981 ⁸⁷⁸
1825 4946 1995 5020 Kyovv
2020 4947 2097 5030 2..
2121 4944 2339 5073 Igyyem
2364 4945 2418 5000 5.
2443 5015 2455 5028 .
2492 4943 2563 5028 ’τξ
2591 4943 2815 5018 reliquit
2864 4942 2920 4999 2.
2998 4944 3069 4979 ³⁷⁸
3098 4960 3166 5015 pe

1339 5034 1497 5073 cauis
1526 5018 1580 5073 2.
1622 5019 1676 5073 5.
1769 5019 1841 5053 ⁸⁸⁰
1874 5021 1942 5073 de
1966 5018 2120 5073 addit
2183 5059 2196 5072 .
2273 5017 2343 5050 ⁵⁸⁸
2371 5015 2582 5072 exibunt
2606 5016 2657 5071 1.
2730 5016 2801 5048 ’θ’
2822 5031 2930 5070 non
2962 5016 3017 5072 2.
3095 5017 3166 5048 ⁵⁸³

1769 5019 1841 5053 ⁸⁸⁰
1874 5018 1942 5075 de
1966 5018 2120 5073 addit
2143 5018 2196 5073 5.

805 5091 876 5123 ⁵⁸⁸
908 5089 1083 5145 Antea
1127 5090 1347 5160 quidem
1373 5089 1444 5129 4-
1472 5089 1715 5147 devitare
1766 5090 1956 5147 desunt
1985 5090 2037 5145 5-

3168 4946 3405 5001 rtinebat

2273 5017 2343 5050 ⁵⁸⁸
2371 5015 2582 5072 exibuit
2606 5016 2657 5071 1.
2715 5015 2801 5048 ⁷⁸⁸²
2822 5031 2930 5070 non
2962 5016 3017 5072 2.
3095 5017 3167 5048 ⁵⁸³
3198 5033 3399 5071 excun-

2141 5088 2212 5122 ⁸⁸⁵
2264 5086 2321 5144 S.
2361 5102 2410 5143 c.
2450 5086 2816 5143 Bobemorum
2850 5096 3073 5142 versuta
3107 5086 3401 5144 calliditate

74 5158 725 5229 Bolesla'oremandavit
772 5179 867 5234 pro
908 5163 977 5216 At
1032 5158 1221 5216 contra
1244 5160 1694 5234 —f-_remandavit
1717 5161 1771 5234 5.
1846 5161 1917 5194 ⁸⁸³
1948 5161 2242 5234 nunciatur
2262 5161 2315 5217 5.
2390 5158 2574 5234 music
2601 5159 2655 5234 5_.
2732 5158 3083 5234 "fusoquitur
3111 5158 3165 5234 5_.
3231 5158 3311 5234 _"”
3344 5160 3398 5214 in

72 5228 353 5319 ηιαῖθεπε
391 5237 490 5334 ’κισ
546 5235 664 5334 tow
694 5228 949 5334 π’βηενέι
989 5230 1782 5334 νοεηξ,ιεῇξξεὶεκεαθεξξιαξῖιεϋ,
1817 5234 2006 5334 es"?
2050 5240 2177 5334 sua:
2195 5228 2587 5334 ’ifl'ﬁifimé’“
2618 5230 2672 5333 2.;

949 5344 955 5357 .
1103 5304 1172 5335 ⁵⁹¹
1203 5304 1343 5357 deest
1368 5304 1421 5357 5.
1524 5304 1595 5334 ⁵⁹¹
1624 5304 1703 5358 bis
1727 5306 1915 5375 repetit
1942 5305 1996 5359 2.
2106 5304 2177 5335 m
2204 5319 2358 5374 namq

949 5373 1019 5407 ⁸⁹⁷
1043 5374 1363 5431 memoriale
1409 5372 1616 5430 factum
1653 5373 1890 5431 Boleslai
1929 5384 1984 5431 et
2012 5374 2358 5432 liberalitatis

1338 5444 1945 5527 °f°.et_animi‘rac_ione
1970 5444 2433 5527 2._adm_iratione
2541 5515 2573 5527 _
2611 5444 2924 5527 '“nibidem
2973 5444 3028 5499 5.
3076 5515 3088 5527 _

1700 5517 1773 5553 ⁶⁰³
1804 5517 2140 5591 ingemuisse
2165 5518 2220 5576 5.
2297 5516 2368 5551 ‘“
2407 5516 2513 5572 fuit
2540 5515 2594 5574 5-
2670 5515 2740 5548 ⁸⁸⁵
2780 5515 3118 5589 Ρτθευωρθίι
3153 5509 3211 5575 δ’

1510 5614 1513 5617 λ
1575 5629 1810 5692 NOTE.

71 5302 395 5364 racionem
445 5309 497 5362 1.
546 5307 601 5361 2.
656 5302 871 5360 romani
902 5302 997 5359 5.'
1103 5302 1172 5335 ⁵⁹¹
1203 5303 1343 5357 deest
1368 5302 1421 5357 5.

68 5388 201 5435 tate
235 5380 300 5435 '5.
420 5378 491 5411 ⁸⁸⁸
513 5378 657 5433 deest
688 5376 741 5432 1.
782 5375 838 5430 2.

64 5450 154 5483 '9'
188 5450 460 5506 aﬂluisse
490 5448 546 5505 2.
619 5446 690 5480 "°
724 5446 1074 5519 prospexisse
1100 5445 1156 5501 2.
1194 5445 1249 5519 5_.

67 5522 129 5579 1.
165 5523 335 5579 oclis
355 5521 557 5578 miaret
588 5535 684 5593 pro
715 5515 891 5577 oculis
925 5517 1181 5588 inbiaret,
1210 5517 1267 5587 2,
1305 5515 1526 5574 inhire’t
1546 5517 1599 5574 5.

148 5706 337 5781 (104)
368 5704 677 5786 Isaslavum
698 5706 1004 5786 principem
1032 5704 1386 5783 Kiowensum
1404 5705 1502 5785 qui
1521 5703 1694 5781 apuis

52 5780 210 5847 erat
244 5780 549 5865 expulsus,
702 5780 718 5782 τ
878 5780 894 5786 ν
1066 5780 1071 5819 :

2767 5229 2836 5262 ⁸⁹⁰
2870 5229 2948 5284 ita
2970 5228 3393 5297 emendavimus,

2106 5302 2177 5335 ⁸³³
2204 5317 2443 5374 namQue
2487 5300 2543 5358 2.
2648 5299 2721 5334 ⁸⁸⁵
2742 5299 2936 5374 θοάθω
2958 5300 3028 5374 2'.
3115 5299 3193 5374 .m
3228 5300 3390 5374 "be?

2396 5390 2491 5445 pro
2528 5373 2901 5445 memorabile.
2944 5372 3059 5445 s._B.
3104 5371 3307 5445 factum
3340 5373 3393 5430 5.

2611 5443 2681 5478 ⁶⁰¹
2722 5443 2924 5500 ibidem
2973 5443 3028 5499 5.
3107 5444 3179 5476 ⁶⁰²
3200 5444 3401 5506 iniaret

1868 5704 2024 5793 (105)
2043 5704 2462 5771 Wratizlavum.
2501 5717 2567 5771 tt.
2595 5700 2664 5777 li,

1731 5881 1826 5900 οδω
