3956 6486
570 433 670 492 871

1768 424 2144 484 ΕΗΒΟΝΙΟᾸΕ
2183 423 2632 486 POLONORUM.

3731 438 3824 497 812

565 551 790 610 cuniam
813 563 873 605 se
905 546 1128 617 vidisse,
1156 560 1323 619 quam
1355 558 1421 602 ea
1452 542 1520 601 de
1549 556 1720 600 causa
1765 544 1911 617 regis
1945 545 2158 602 curiam
2191 546 2239 606 A
2267 545 2622 616 corporaliter
2647 543 2947 602 vindicare.
2977 543 3115 603 Illud
3150 547 3299 605 enim
3335 549 3571 608 multum
3611 552 3713 609 sibi
3739 571 3822 610 no-

566 645 847 704 introisse.

709 737 816 796 Sed
841 754 941 795 cur
971 737 1143 792 miser
1175 735 1444 792 clericelle
1468 733 1690 790 latitas?

705 829 818 885 Cur
839 828 1102 896 indicare,
1127 826 1418 901 gemivisse
1447 825 1517 858 ⁸⁸⁸
1545 833 1622 894 te,
1653 822 1876 879 dubitas
1905 821 2021 875 “7?

707 921 958 978 Gemitus
978 920 1082 978 iste
1105 905 1276 976 totam
1297 917 1577 974 tristitiam
1602 915 1968 984 conculcabit,

708 1015 1022 1088 Suspirinm
1057 1013 1205 1072 istud
1222 1013 1293 1051 ⁶⁰⁸
1314 1000 1585 1085 magnam
1615 1010 1715 1066 tibi
1738 1010 1966 1066 letitiam
1994 1023 2160 1083 gene-

1891 1093 2086 1178 l[rabit.

631 1201 779 1274 Noli,
818 1206 972 1276 large
993 1218 1110 1272 rex,
1136 1202 1252 1262 noli
1283 1201 1353 1235 ⁵⁸³⁵
1389 1200 1658 1258 miserum
1687 1199 2020 1256 clericellum
2049 1213 2162 1270 pra:

561 1295 763 1353 timore
798 1297 1008 1354 diutius
1052 1295 1364 1370 anchelare,
1407 1293 1504 1350 sed
1553 1292 1748 1358 festina
1779 1299 1875 1347 tuo
1899 1291 2164 1347 thezauro

560 1389 682 1459 ejus
729 1390 989 1445 humeros
1035 1388 1308 1444 honorare
1353 1387 1444 1441 δίο.
1489 1385 1664 1457 Igitur
1715 1385 2086 1455 interrogatus
2129 1398 2161 1440 a

561 1496 689 1552 rege
715 1481 966 1558 clericus,
992 1480 1122 1552 quid
1155 1480 1452 1552 cogitasset
1479 1493 1606 1534 cum
1636 1478 1717 1533 sic
1751 1476 2162 1532 lacrimabiliter

560 1573 914 1644 suSpirasset,
950 1589 1076 1629 cum
1115 1580 1354 1628 tremore
1396 1572 1721 1642 respondit:
1777 1569 2001 1624 Domine
2047 1585 2158 1637 rex,

562 1683 737 1721 meum
768 1667 1038 1721 miseriam
1066 1682 1336 1736 meamque
1365 1672 1752 1735 paupertatem,
1786 1671 2014 1717 vestram
2046 1661 2162 1732 glo-

557 1760 697 1814 riam
722 1767 1051 1832 vestramque
1073 1759 1407 1828 majestatem
1445 1758 1808 1824 considerans,
1849 1756 2161 1826 felicitatem

555 1850 855 1921 infortunio
904 1849 1239 1921 dispariliter
1271 1849 1362 1917 °“,
1409 1847 1790 1919 comparando,
1819 1864 1930 1919 prie
1957 1845 2157 1901 doloris

555 1928 926 2015 magnitudine
983 1943 1270 2014 suspiravi.
1332 1940 1489 1997 Tunc
1534 1957 1629 1997 rex
1673 1941 1859 2012 largus
1899 1940 1975 1995 ait
2029 1957 2043 1995 :

552 2042 768 2105 propter
792 2034 1028 2105 inopiam
1073 2034 1380 2104 suspirasti,
1422 2032 1765 2088 Bolezlavu-m
1804 2045 1973 2102 regem
2021 2048 2160 2102 pau-

553 2127 776 2196 pertatis
797 2125 1052 2180 solatium
1075 2127 1340 2181 invenisti.
1367 2125 1570 2179 Accede
1588 2126 1767 2195 itaque
1790 2123 1858 2177 ad
1881 2123 2160 2190 pecuniam

551 2234 714 2289 quam
770 2219 1010 2287 miraris,
1058 2227 1108 2274 et
1161 2219 1233 2273 sit
1286 2228 1436 2273 tuum
1498 2226 1858 2290 quantumque
1899 2233 2003 2270 uno
2066 2215 2160 2271 lto-

553 2326 676 2366 nere
705 2311 776 2342 °"
807 2311 991 2367 tollere
1016 2312 1086 2344 ⁶¹³
1126 2311 1358 2366 conaris.
1393 2310 1461 2365 Et
1503 2308 1770 2365 accedens
1800 2297 1889 2364 ille
1920 2323 2158 2379 pauper-

555 2404 735 2473 culus,
761 2400 897 2460 auro
932 2415 988 2462 et
1010 2413 1236 2476 argento
1263 2417 1492 2475 cappam
1516 2417 1672 2459 suam
1705 2409 1918 2457 tantum
1967 2402 2159 2472 imple-

549 2495 652 2567 vit,
700 2499 848 2568 quod
901 2513 968 2553 ex
1018 2497 1191 2552 nimio
1218 2497 1460 2568 pondere
1507 2503 1665 2566 rupta
1697 2494 1820 2563 fuit,
1864 2503 1919 2550 et
1967 2494 2156 2551 eadem

553 2595 789 2665 pecunia
817 2595 999 2651 visum
1049 2594 1193 2666 cepit
1239 2593 1330 2648 ⁸³⁸.
1382 2591 1540 2649 Tunc
1565 2609 1661 2648 rex
1703 2593 1890 2664 largus
1911 2592 1977 2647 de
2015 2592 2158 2648 collo

551 2695 656 2744 'suo
685 2687 910 2758 pallium
958 2686 1216 2753 extraxit,
1250 2685 1495 2758 illudque
1541 2685 1742 2741 clerico
1793 2685 2019 2756 pauperi
2054 2698 2154 2756 pro

566 2794 730 2834 sacco
755 2778 1002 2850 pecuniae
1049 2778 1311 2850 porrexit,
1340 2792 1577 2848 eumque
1607 2777 1807 2849 juvans
1837 2777 2154 2834 melioribus

564 2870 876 2927 honoravit.
912 2870 970 2926 ln
997 2877 1209 2929 tantum
1239 2871 1387 2926 enim
1411 2870 1672 2926 clericum
1709 2869 1779 2901 ⁶¹⁵
1807 2885 1943 2926 auro
1965 2878 2018 2925 et
2059 2887 2152 2925 ar-

552 2977 714 3040 gento
735 2983 831 3024 rex
855 2968 1040 3040 largus
1062 2967 1372 3035 honeravit,
1397 2965 1544 3037 quod
1569 2965 1673 3021 sibi
1697 2965 1900 3022 collum
1925 2964 2153 3021 dissolvi

563 3063 824 3130 clericus,
857 3063 902 3118 si
933 3063 1057 3132 plus
1087 3058 1336 3133 poneret,
1364 3059 1707 3116 exclamavit.

694 3155 810 3212 Rex
840 3155 987 3212 fama
1008 3156 1164 3223 vivit,
1189 3155 1411 3210 didatus
1435 3169 1646 3225 pauper
1676 3153 1745 3200 “.6
1777 3153 1949 3210 obivit
1973 3153 2144 3227 (106).

621 3246 704 3301 27-
727 3247 818 3302 ⁸⁸⁷.
864 3247 943 3303 De
972 3246 1137 3302 exilio
1164 3245 1441 3301 Bolezlavi
1471 3245 1634 3316 Largi
1671 3245 1728 3299 in
1767 3244 2077 3318 Ungariam.

624 3340 753 3410 (An.
791 3339 974 3411 1064.)
1019 3338 1144 3412 Ipse
1187 3355 1411 3411 quoque
1436 3337 1807 3395 .Salomonem
1851 3355 2035 3411 regem
2081 3337 2183 3396 de?

552 3427 796 3502 Ungaria
827 3431 944 3489 suis
972 3431 1184 3488 viribus
1203 3431 1488 3504 eﬂ‘ngavit,
1525 3440 1580 3486 et
1615 3431 1672 3485 in
1724 3431 1852 3486 sede
1902 3429 2145 3487 Wladis-

551 3521 726 3592 laum,
758 3522 903 3579 sicut
943 3522 1013 3556 ⁶¹⁸
1053 3521 1385 3579 eminentem
1431 3537 1662 3593 corpore
1707 3521 1790 3578 sic
1835 3520 2144 3578 afﬂuentem

549 3615 786 3687 pietate,
819 3615 1110 3673 collocavit
1145 3615 1315 3688 (107).
1361 3614 1469 3683 Qui
1497 3613 1833 3670 Wladislaus
1864 3614 1934 3669 ab
1959 3611 2144 3670 infan-

549 3707 629 3762 tia
673 3709 916 3765 nntritus
941 3709 998 3764 in
1019 3708 1247 3764 Polonia
1279 3708 1480 3776 fuerat,
1513 3717 1568 3764 et
1601 3707 1669 3740 m
1714 3707 1874 3778 quasi
1894 3707 2144 3765 moribus

545 3802 722 3856 etvita
745 3801 989 3858 Polonus
1019 3801 1198 3859 factus
1222 3802 1422 3859 fuerat.
1440 3801 1641 3858 Dicunt
1668 3801 1831 3857 talem
1854 3815 2139 3871 nunquam

547 3908 734 3965 regem
768 3892 1064 3966 Ungariam
1103 3895 1171 3926 ⁶²⁰
1222 3894 1500 3963 habuisse,
1556 3909 1733 3964 neque
1779 3901 1982 3948 terram
2022 3893 2138 3964 jam

544 3995 671 4057 post
689 4002 816 4042 eum
839 3987 1177 4050 fructuosam
1220 3988 1302 4045 sic
1336 3987 1527 4044 fuisse.
1563 3985 1810 4054 Qualiter
1833 3995 2014 4042 autem
2039 4001 2137 4041 rex

545 4077 868 4138 Bolezlavus
908 4082 976 4138 de
1003 4081 1229 4138 Polonia
1269 4083 1340 4138 sit
1385 4082 1625 4153 eiectus,
1679 4081 1902 4152 longum
1954 4080 2140 4136 existit

545 4185 836 4238 enarrare,
903 4173 997 4229 sed
1048 4175 1153 4230 hoc
1207 4175 1388 4231 dicere
1433 4175 1578 4240 licet,
1609 4173 1756 4244 quod
1792 4187 1901 4227 non
1950 4171 2141 4228 debuit

546 4263 881 4321 christianus
928 4265 982 4322 in
1043 4266 1374 4323 christianos
1414 4268 1484 4299 °“
1522 4274 1808 4337 peccatum
1858 4264 2139 4336 quodlibet

2099 1937 2236 2007 SiB

2260 637 2394 706 cuit,
2424 653 2551 693 cum
2575 645 2800 710 peccato
2841 649 3130 710 peccatum
3168 641 3237 672 δ”
3272 641 3544 712 adhibuit,
3576 659 3701 700 cum
3743 662 3824 716 pro

2261 729 2555 786 traditione
2586 729 2657 769 ⁶²³
2679 731 2994 801 pontiﬁcem
3022 731 3169 802 (108)
3209 734 3546 790 truncationi
3569 737 3800 793 membro

2261 839 2386 879 rum
2427 822 2678 879 adhibuit
2717 824 2829 894 (an.
2860 823 3044 894 1079).
3086 823 3275 896 Neque
3327 827 3474 882 enim
3534 829 3825 887 traditorem

2261 916 2581 988 episcopum
2611 916 2680 951 ⁸⁸⁸
2705 932 3246 989 excusamus,neque
3273 934 3456 990 regem
3481 921 3826 979 vindicantem

2263 1009 2344 1065 sic
2366 1024 2426 1066 se
2447 1009 2678 1080 turpiter
2699 1010 3178 1079 commendamus,
3205 1011 3301 1067 sed
3326 1012 3432 1068 hoc
3455 1012 3512 1068 in
3542 1015 3721 1070 medio
3753 1016 3829 1071 de-

2263 1101 2527 1171 feramus,
2585 1110 2642 1158 et
2685 1111 2748 1160 ut
2795 1103 2852 1158 in
2901 1100 3142 1176 Ungaria
3176 1113 3431 1176 receptus
3477 1104 3646 1162 fuerit
3673 1107 3828 1164 disse-

2263 1213 2474 1253 ramus.

2333 1311 2423 1367 28.
2458 1310 2537 1366 De
2566 1310 2896 1381 susceptione
2923 1310 3197 1382 Boleslavi
3241 1328 3336 1382 per
3389 1311 3777 1372 Wladislavum

2811 1399 2982 1454 regem
3035 1381 3308 1455 Ungariw.

2262 1473 2404 1532 Cum
2435 1475 2506 1508 ⁶²⁵
2546 1474 2792 1533 audisset
2823 1474 3159 1534 Wladislaus
3191 1477 3262 1510 m
3290 1476 3641 1535 Bolezlavum
3687 1481 3832 1536 adve-

2261 1661 2468 1719 Partim
2488 1663 2556 1696 “'
2582 1662 2782 1736 gaudet
2804 1663 2953 1735 (109)
2967 1679 3033 1721 ex
3055 1664 3255 1733 amico,
3277 1665 3481 1736 partim
3503 1572 3834 1723 restEiltllEtus

3430 1757 3552 1832 [ἰτεε
3591 1759 3775 1832 (“0);

2261 1846 2466 1904 Partim
2499 1863 2568 1906 ex
2597 1857 2815 1920 recepto
2860 1848 3082 1921 quidem
3127 1848 3296 1907 fratre
3353 1850 3559 1924 gaudet
3607 1852 3756 1925 (111)
3794 1863 3837 1909 et

2266 2031 2373 2090 Sed
2415 2033 2632 2092 deferre
2674 2033 3014 2093 Wladislavo
3059 2035 3206 2093 facto
3259 2038 3330 2071 ⁶¹⁸
3375 2037 3525 2093 dolet
3555 1942 3834 2110 Ιῗῗὲξῖίιὶ·

3471 2129 3644 2202 [mico
3690 2131 3775 2185 ⁸⁸⁸.

2259 2219 2382 2276 Non
2411 2234 2539 2276 eum
2570 2220 2784 2293 recipit,
2815 2221 2967 2277 velut
2993 2230 3315 2279 extraneum
3349 2223 3436 2279 vel
3465 2223 3744 2298 hospitem
3767 2225 3838 2282 vel

2259 2329 2361 2384 par
2409 2321 2622 2384 parem‘
2647 2314 2893 2385 recipere
2921 2311 3160 2386 quisque
3189 2315 3348 2383 solet,
3378 2315 3475 2372 sed
3502 2317 3669 2387 quasi
3699 2317 3836 2373 miles

2257 2406 2559 2478 principem
2590 2407 2676 2463 vel
2709 2407 2822 2463 dux
2845 2421 3028 2480 regem
3059 2407 3144 2464 vel
3172 2423 3268 2465 rex
3296 2408 3690 2480 imperatorem
3715 2409 3839 2465 reci-

2258 2515 2387 2570 pere
2419 2499 2546 2570 jure
2565 2500 2726 2555 debet
2761 2499 2851 2554 “°.

2258 2589 2578 2647 Bolezlavus
2605 2590 2675 2624 ⁸³⁸
2721 2589 3121 2650 Wladislavnm
3165 2608 3330 2650 suum
3377 2609 3564 2666 regem
3611 2594 3841 2666 appela—

3542 2685 3665 2760 [bat
3687 2688 3777 2754 6",
3865 2687 3891 2720 ‘

2259 2777 2592 2834 Wladislaus
2626 2792 2683 2833 se
2712 2793 2809 2848 per
2838 2793 2965 2834 eum
2997 2793 3120 2836 esse
3141 2779 3210 2812 ⁸³³
3234 2794 3419 2852 regem
3459 2779 3840 2851 cognoscebat.

2255 2871 2315 2927 ln
2349 2871 2633 2932 Bolezlavo
2665 2882 2848 2928 tamen
2875 2888 3048 2928 unum
3072 2872 3142 2904 °“
3177 2873 3570 2928 ascribendum
3627 2883 3718 2929 est
3758 2889 3844 2927 va-

2253 2965 2448 3032 nitati,
2499 2965 2650 3036 quod
2696 2965 2819 3038 ejus
2866 2964 3114 3037 pristinae
3156 2965 3394 3022 multum
3439 2965 3619 3022 obluit
3664 2965 3843 3038 probi-

2253 3059 2350 3114 tati
2367 3077 2381 3126 ;

2251 3149 2389 3206 Nam
2415 3166 2541 3208 cum
2573 3167 2804 3224 regnum
2828 3151 3070 3210 alienum
3101 3152 3370 3227 fugitivus
3391 3153 3672 3223 introire”

2253 3243 2504 3315 Cumque
2530 3245 2718 3302 nullus
2751 3245 3088 3304 rusticorum
3116 3247 3349 3320 fugitivo
3375 3249 3447 3284 ⁸³⁸
3489 3249 3777 3317 obediret,

2252 3335 2468 3392 obviam
2502 3336 2582 3396 ire
2610 3335 2900 3393 Bolezlavo
2935 3338 3005 3370 ⁸³⁸
3035 3333 3401 3396 Wladislavus
3420 3382 3436 3408 ,
3463 3348 3525 3400 ut
3551 3340 3640 3396 vir
3669 3341 3845 3396 humi-

2247 3427 2337 3495 lis,
2363 3429 2708 3504 properabat,
2730 3444 2968 3502 eumque
2983 3431 3441 3503 propinquantem
3467 3433 3689 3489 eminus
3708 3449 3847 3504 equo

2249 3521 2589 3577 descendens
2633 3523 2706 3578 ob
2746 3524 3109 3580 reverentiam
3159 3525 3504 3595 expectabat.
3556 3526 3631 3580 At
3656 3533 3844 3581 contra

2247 3609 2569 3667 Bolezlavus
2591 3612 2957 3669 humilitatem
2982 3615 3128 3687 regis
3151 3616 3424 3670 mansueti
3451 3631 3564 3670 non
3584 3615 3844 3686 respexit,

2247 3706 2344 3761 sed
2393 3705 2450 3760 in
2487 3705 2770 3784 pestiferae
2817 3705 3022 3763 fastum
3069 3706 3138 3744 ⁸³⁷
3192 3708 3466 3779 superbiae
3509 3723 3610 3764 eor
3647 3709 3839 3763 erexit.

2249 3797 2428 3865 Hunc,
2459 3798 2656 3869 inquit,
2701 3798 3011 3872 alumpnum
3061 3801 3118 3856 in
3163 3799 3396 3856 Polonia
3424 3801 3670 3869 educavi,
3707 3802 3846 3856 hunc

2248 3907 2419 3961 regem
2443 3891 2500 3946 in
2533 3889 2773 3962 Ungaria
2805 3892 3084 3954 collocavi.
3127 3892 3252 3948 Non
3305 3893 3453 3950 decet
3477 3909 3602 3948 eum
3631 3893 3698 3925 ⁸³⁸
3755 3910 3839 3947 me

2246 3991 2306 4036 ut
2334 3981 2590 4052 (aqualem
2618 3984 2879 4052 venerari,
2906 3985 2996 4040 sed
3016 4001 3148 4057 equo
3172 3986 3438 4050 sedentem
3464 3995 3528 4040 ut
3559 3985 3846 4058 quemlibet

2245 4074 2310 4128 de
2331 4075 2662 4144 principibus
2693 4077 2929 4132 osculari
2955 4077 3047 4133 ⁵³⁸.
3079 4077 3238 4146 Quod
3260 4071 3331 4111 “°
3369 4079 3662 4135 intendens
3685 4077 3846 4132 “ila-

2245 4167 2495 4223 dislavus
2525 4167 2932 4238 aliquantulum
2969 4186 3116 4244 aegre
3140 4172 3284 4239 tulit,
3320 4179 3377 4228 et
3402 4171 3473 4227 ab
3503 4171 3698 4228 itinere
3748 4170 3847 4226 de-

2245 4260 2472 4316 clinavit
2492 4300 2510 4326 ,
2544 4260 2595 4316 ei
2625 4269 2808 4319 tamen
2853 4264 3138 4322 servitium
3159 4279 3258 4336 per
3284 4273 3457 4321 totam
3483 4273 3690 4321 terram
3721 4262 3846 4318 fieri

1842 4398 2081 4454 vannis
2124 4393 2528 4484 LnCTIONEs.

616 4493 686 4527 σοι
721 4493 995 4566 gemuisse
1017 4493 1070 4547 5.
1130 4473 1463 4566 fungens.
1539 4491 1776 4566 ‘°8_ill_ud
1806 4494 1857 4549 δ.
1889 4493 2018 4566 ίηοοο
2049 4473 2198 4566 deest
2234 4493 2286 4547 5.

545 4559 753 4638 ouplus
769 4566 941 4638 minus
965 4564 1174 4638 recte}.
1199 4563 1254 4617 2.
1271 4563 1542 4638 _5.Atollcre
1560 4563 1642 4618 ed.
1670 4563 1798 4638 θεά.
1878 4564 1951 4638 ﬁ“
1972 4565 2233 4638 eteadem
2249 4579 2374 4638 p.v.
2393 4562 2533 4633 cepit
2558 4562 2747 4638 desunt
2767 4560 2819 4615 ὅ.
2894 4559 3182 4638 mpiratico
3193 4562 3248 4638 2‘.
3327 4562 3398 4594 ‘“

2405 4491 2475 4522 ⁶¹⁰
2504 4503 2732 4546 onerare
2755 4487 2812 4544 3.
2890 4487 2959 4560 Ψ
2985 4487 3335 4560 disparaliter
3363 4490 3418 4548 3.
3490 4493 3562 4526 ⁶¹¹
3587 4509 3758 4555 onere
3785 4494 3841 4549 5-

3408 4578 3616 4636 pauper
3629 4566 3850 4620 ditatus

547 4631 845 4707 transponit
867 4637 919 4692 3.
998 4636 1064 4668 ⁶¹⁷
1093 4635 1232 4689 Laco
1260 4635 1414 4707 hujus
1429 4644 1478 4689 et
1496 4637 1758 4704 sequentis
1781 4634 2028 4705 capituli,
2051 4652 2170 4705 qua:
2196 4631 2572 4707 desiderantur
2591 4634 2649 4687 in
2667 4639 2935 4707 contentu,
2962 4631 3016 4688 ὅ.
3035 4632 3193 4707 habet
3209 4631 3570 4707 [ﬁgmentum
3595 4637 3690 4691 alii
3722 4637 3846 4690 loco

542 4701 799 4764 insertum
813 4717 968 4778 atque
978 4723 1030 4777 p.
1049 4707 1118 4762 44
1131 4707 1194 4778 ecl
1203 4748 1215 4778 .
1235 4701 1368 4762 Ged.
1383 4701 1716 4776 impressum,
1733 4701 1988 4778 printer-ea
2003 4701 2180 4760 autem
2193 4706 2304 4778 alia
2317 4706 2624 4778 fragmenta
2642 4719 2708 4758 ea:
2727 4701 3282 4778 libraAdepassioneS.
3299 4701 3570 4778 Stanislai
3583 4717 3627 4762 et
3643 4708 3716 4760 de
3731 4709 3850 4761 vita

547 4780 688 4834 beati
720 4775 1140 4903 Stepliartiregis
1171 4776 1440 4849 Ungariaz,
1460 4775 1591 4847 quae
1623 4775 2011 4832 exhibenturin
2045 4779 2152 4830 vita
2196 4775 2254 4833 S.

547 4850 599 4903 2.
627 4850 680 4903 ὅ.
758 4849 802 4881 ⁶¹
856 4850 1029 4903 eciam
1099 4891 1112 4903 .
1189 4849 1257 4880 ⁶¹⁰
1301 4846 1542 4903 Unaaria
1573 4847 1624 4902 1.
1659 4847 1712 4902 2.
1747 4849 1800 4903 5.
1876 4847 2254 4903 “‘christiam

856 4850 1029 4904 eciam
1055 4846 1112 4903 2.
1189 4846 1268 4880 ⁶¹⁰’
1301 4846 1542 4919 Ungaria
1573 4847 1624 4902 1.
1659 4847 1712 4902 2.
1747 4849 1800 4903 5.
1876 4847 1944 4880 ⁶¹¹
1969 4848 2333 4903 christianum
2356 4847 2412 4901 2.
2488 4847 2557 4878 ‘“
2583 4856 2866 4919 peccatum
2897 4856 3123 4919 peccato
3160 4849 3463 4919 trgmonit
3503 4851 3556 4905 2.
3625 4850 3703 4882 °”
3728 4859 3850 4904 tra-

544 4850 599 4905 2.
627 4850 680 4905 5.
758 4849 802 4881 ⁶¹

2351 4773 2595 4842 tanislai,
2621 4775 2795 4844 capite
2832 4773 2917 4829 10.
2945 4773 3032 4829 11.
3061 4775 3149 4830 14.
3182 4776 3268 4830 15.
3298 4775 3384 4831 16.
3411 4778 3505 4834 22.
3581 4779 3642 4811 ⁶¹⁸
3668 4779 3763 4833 sic
3791 4780 3845 4832 1.

546 4922 730 4979 dicio;
761 4920 901 4975 linea
953 4937 1109 4990 super
1150 4935 1180 4974 e
1219 4916 1414 4989 posita'
1445 4918 1648 4990 supplet
1686 4921 1940 4974 omissum
1969 4937 2003 4974 n
2027 4919 2079 4973 2.
2115 4936 2276 4990 quare
2316 4928 2453 4990 recte
2487 4917 2789 4990 tradicione
2818 4916 3033 4990 legitur.
3072 4988 3079 4990 _
3113 4918 3185 4950 ⁸⁸⁸
3210 4917 3358 4990 Epm.
3403 4919 3667 4990 legebatur
3702 4929 3762 4974 et
3787 4919 3850 4974 2.

545 4994 635 5047 sed
663 4994 754 5063 pia
787 5008 972 5046 manus
1005 4988 1220 5064 seirioris
1247 4989 1573 5064 lirau_d_dubie
1595 4991 1716 5064 aevi,
1743 4991 1854 5064 zelo
1889 4991 2070 5064 ducta,
2097 4988 2495 5064 erasisgduubus
2519 4989 2799 5060 postremis
2829 4988 3038 5043 lineolis
3060 4988 3268 5045 littera!
3289 5007 3364 5064 m,
3397 4988 3688 5064 relinquens
3721 4991 3852 5061 pri-

545 5058 685 5120 mum
708 5065 971 5119 intactam
1010 5063 1308 5132 e/formavit
1339 5058 1438 5131 Ep-i
1468 5069 1542 5132 -έ
1567 5061 1829 5132 episcnpi.
1872 5061 2150 5116 Corrector
2173 5061 2423 5132 scriptori
2447 5058 2912 5132 contemporqneus
2933 5077 3209 5132 nunquam
3237 5060 3485 5116 scultello
3533 5058 3615 5117 sed

542 5151 672 5214 usus
708 5144 807 5214 est.
885 5134 956 5214 “f
978 5128 1122 5190 enim
1147 5133 1318 5214 addit.
1352 5128 1404 5185 '5.
1440 5147 1492 5214 ρ.
1522 5128 1669 5214 94in
1695 5128 2013 5214 fragmento.
2078 5128 2295 5214 rex
2325 5128 2798 5214 Ung’arie‘addit‘l’)
2827 5131 2965 5214 ibid.1
3003 5128 3102 5214 fi"
3135 5130 3281 5185 deest

3655 5078 3852 5132 penna

3478 5134 3547 5166 ⁸⁸⁸
3573 5133 3658 5187 fco
3698 5151 3734 5187 ιι
3768 5133 3859 5186 {to

544 5207 596 5261 1.
628 5207 682 5260 2.
723 5207 790 5238 ⁸³³
815 5206 1013 5277 partim
1045 5221 1107 5260 ex
1135 5211 1352 5277 recepto
1380 5201 1703 5277 —-_inimico
1734 5201 1922 5277 desunt
1946 5205 2001 5277 ξ).
2078 5203 2146 5277 Ψ
2182 5202 2338 5277 Hunc
2365 5201 2511 5277 enim
2537 5201 3230 5277 WladislaumBoleslaus,
3254 5205 3415 5277 pulso
3438 5201 3671 5277 propriis
3697 5204 3857 5277 viri-

542 5277 646 5334 bus
677 5271 1151 5348 rege—Salomone
1163 5275 1236 5348 de
1263 5271 1538 5348 ’Ungaria,
1571 5274 1786 5348 in_sede
1814 5275 1982 5348 regali
2009 5273 2418 5348 collocavitpro
2440 5271 2561 5328 Non
2589 5288 2722 5348 eum
2748 5273 2942 5344 recipit
2974 5303 3046 5312 —-
3072 5273 3235 5348 debet
3254 5271 3312 5330 3.
3337 5277 3396 5329 in
3423 5271 3606 5347 fragm.
3630 5293 3701 5344 p.
3735 5273 3855 5330 84.

544 5349 610 5378 ⁶³¹
642 5344 808 5415 igitur
828 5348 980 5401 addit
1006 5346 1057 5400 5.
1136 5345 1202 5376 ⁶³¹
1230 5344 1465 5415 appellat
1490 5344 1544 5398 2.
1604 5345 1674 5381 ⁸⁸³
1694 5344 2129 5402 vocem—inserui.

2293 5344 2366 5377 m
2391 5361 2517 5401 cum
2552 5345 2660 5403 nf-E
2682 5359 2777 5415 pro
2803 5352 2984 5399 tamen
3011 5361 3185 5400 unum
3208 5345 3271 5401 2.
3307 5344 3456 5401 enim
3485 5344 3673 5401 nostro
3709 5364 3859 5399 sua-

541 5419 627 5472 det
658 5415 825 5490 legere
860 5420 990 5490 edit.
1028 5415 1246 5490 Varsav.
1271 5433 1389 5490 quae
1417 5415 1574 5470 lectio
1604 5423 1806 5490 tantum
1833 5425 2146 5490 corruptum
2171 5415 2316 5490 haud
2351 5417 2593 5490 corrigit.

1827 5488 1896 5522 ⁸³⁸
1921 5486 2064 5544 deest
2095 5489 2151 5545 2.
2231 5487 2300 5520 ⁸⁸³
2332 5486 2535 5543 osclari
2574 5486 2629 5542 2.
2707 5486 2780 5518 “'

542 5485 726 5545 roneef
739 5490 794 5545 2.
857 5489 928 5569 “7
952 5487 1156 5544 fastum
1186 5485 1366 5546 inanis
1394 5505 1490 5559 pro
1517 5503 1571 5559 p.
1601 5485 1642 5542 f.
1673 5489 1726 5544 5.

2700 5414 3048 5543 ἒοῑυᾶἐεὶἒιιδ
3071 5415 3123 5472 1.
3145 5415 3200 5473 2.
3281 5417 3357 5452 ⁸³⁸
3386 5417 3730 5474 Wladislavo
3761 5435 3850 5471 cr-

2864 5542 2868 5543 ν
2911 5504 2928 5542 ι
2996 5527 3011 5543 .

2873 5503 2928 5543 ιιι
2955 5503 3011 5544 Ζ.

2055 5603 2291 5663 NOTAE.

611 5677 760 5766 (106)
793 5677 945 5766 Dives
972 5678 1145 5766 fgctus
1176 5639 1408 5733 recessit.
1430 5674 1639 5732 Chron.
1689 5675 1890 5748 princ»
1924 5639 2118 5733 Poloii:

541 5747 781 5818 Sténzel,
815 5767 853 5817 ι,
881 5747 980 5805 61.
1001 5751 1054 5805 8.
1407 5803 1410 5806 .
1678 5787 1684 5792 ο
1996 5789 1998 5792 τ

617 5822 767 5892 (107)
799 5821 1087 5877 Ladislaus
1113 5819 1136 5873 ι
1166 5835 1311 5876 anno
1342 5819 1564 5875 demum
1611 5816 1748 5873 1077
1779 5835 1874 5874 rex
1904 5829 2122 5875 creatus

541 5892 766 6046 ὲεᾈξέ)
793 5961 1129 6020 Stanislaum
1149 5961 1465 6034 episcopum
1486 5960 1924 6020 Cracoviensem.
1949 5962 2014 6017 Κ.

2305 5675 2452 5750 (100)
2485 5674 2934 5750 Wl_adislaus._P.

2282 5747 2456 5818 ..μ-ιο)
2489 5747 2799 5818 βοιρκιεινο·
2839 5747 2902 5818 Pr

2306 5749 2312 5766 ’
2335 5749 2456 5818 110)
2494 5749 2799 5802 Bolezlavo.
2839 5749 2902 5802 P.

2306 5749 2452 5888 1111)
2487 5817 2838 5873 Wladislans.
2866 5817 2926 5873 P.

2311 5891 2458 5961 (112)
2491 5889 2829 5945 Bolezlavus.
2860 5889 2922 5945 P.
