3956 6474
2076 227 2110 269 ἢ

496 412 603 466 875

492 527 627 583 lium
651 528 894 583 salutare
925 527 1157 594 donans,
1185 527 1267 584 eis
1294 528 1372 582 sic
1400 528 1653 599 inquiens
1702 548 1714 581 :
1768 527 1826 581 Si
1855 546 1972 598 qua:
1997 530 2081 583 di-

491 636 621 674 xero
663 619 805 673 vobis
846 618 1180 673 devotissime
1229 619 1535 689 compleatis
1579 619 1669 685 ⁸³⁸,
1725 622 1952 672 vestrum
1990 620 2081 674 de-

490 712 752 767 siderium
791 710 978 782 procul
1006 710 1165 765 dubio
1212 712 1303 781 fiet
1352 710 1514 765 vobis.
1562 710 1640 764 illi
1667 725 1794 765 vero
1824 695 2075 766 libentis-

491 803 631 860 sime
681 802 751 858 de
802 801 895 858 tali
954 817 1123 858 causa
1182 802 1493 873 pontiﬁcem
1551 801 1853 867 audientes,
1914 810 2079 872 atque

495 909 694 967 magna
723 910 782 950 se
810 893 1053 950 facturos
1085 910 1180 964 spe
1224 895 1432 949 sobolis
1488 894 1867 964 promittentes
1892 935 1907 960 ,
1958 909 2072 950 rem

492 985 677 1042 dicere
704 986 1078 1057 quantocitius
1105 986 1174 1017 “3
1202 985 1523 1039 exorabant.
1564 983 1644 1038 Ad
1682 984 1798 1038 haec
1829 984 2027 1055 praesul
2058 1004 2070 1038 ε

495 1074 623 1144 Est,
651 1077 862 1147 inquit,
906 1076 1121 1146 quidam
1145 1084 1358 1128 sanctus
1410 1076 1463 1128 in
1506 1074 1701 1129 Gallia:
1730 1074 1923 1143 finibus
1953 1092 2077 1129 con-

489 1179 573 1225 tra
620 1179 862 1224 austrum
904 1170 1064 1239 juxta
1108 1167 1407 1221 Massiliam
1435 1210 1449 1232 ,
1480 1167 1571 1220 ubi
1621 1167 1872 1221 Rodanus
1910 1167 2076 1220 intrat

495 1278 643 1317 mare
673 1293 743 1302 —
781 1271 920 1315 terra
956 1261 1025 1291 ‘3‘
1055 1258 1362 1325 Provincia,
1400 1270 1447 1313 et
1472 1268 1689 1312 sanctus
1720 1258 1944 1329 Egidius
1977 1276 2075 1313 no-

489 1356 731 1408 minatur
754 1353 900 1424 (115)
922 1381 1012 1418 -——,
1035 1352 1126 1423 qui
1153 1352 1290 1404 tanti
1319 1351 1494 1405 meriti
1514 1350 1654 1421 apud
1678 1350 1845 1404 Deum
1869 1351 2073 1417 existit,

484 1445 631 1519 quod
659 1446 827 1499 omnis
852 1445 942 1515 qui
972 1444 1029 1497 in
1072 1458 1131 1497 eo
1162 1444 1486 1498 devotionem
1520 1459 1674 1497 suam
1717 1444 1864 1513 ponit
1909 1443 1978 1475 ⁸³³⁵
2025 1453 2074 1498 ct

489 1538 797 1591 memoriam
833 1534 948 1605 ejus
976 1535 1107 1604 agit,
1140 1535 1187 1587 si
1211 1534 1337 1605 quid
1361 1534 1432 1567 ⁸⁸⁸
1465 1533 1531 1587 ab
1559 1549 1618 1587 eo
1653 1534 1885 1603 petierit,
1913 1534 2073 1587 indu-

480 1626 710 1681 bitanter
758 1625 1028 1680 obtinebit.
1076 1625 1160 1678 Ad
1197 1625 1411 1679 modum
1455 1640 1579 1696 ergo
1643 1626 1793 1694 pueri
1856 1625 2071 1695 ymagi-

482 1735 601 1773 nem
643 1733 860 1771 auream
916 1717 1198 1788 fabricate,
1231 1716 1432 1788 regalia
1480 1733 1700 1771 munera
1748 1726 2069 1787 pra’parate,

480 1826 644 1880 eaque
691 1818 875 1864 sancto
914 1808 1113 1880 Egidio
1162 1811 1371 1864 mittere
1419 1808 1691 1879 festinate.
1744 1804 1856 1864 Nec
1889 1824 2067 1874 mora,

478 1901 707 1972 puerilis
736 1916 933 1973 ymago
964 1917 1091 1956 cum
1121 1901 1290 1957 calice
1332 1901 1400 1957 de
1444 1916 1582 1957 auro
1632 1900 1933 1971 purissimo
1978 1899 2062 1955 fa-
2099 1892 2142 1947 B

477 1993 741 2061 bricatur,
796 2009 1014 2061 aurum,
1076 2005 1384 2065 argentum,
1438 1993 1623 2065 pallia,
1664 2009 1834 2049 sacrae
1887 2001 2068 2048 vestes

475 2096 885 2157 prmparautur,
922 2103 1045 2157 quae
1070 2102 1167 2156 per
1195 2087 1402 2158 legatos
1434 2086 1620 2142 fideles
1646 2084 1794 2158 (116)
1828 2086 1883 2141 in
1930 2084 2066 2140 Pro-

474 2177 716 2232 vinciam
752 2176 820 2209 ⁸⁸⁷
852 2193 977 2232 cum
1021 2177 1339 2247 hujusmodi
1375 2177 1572 2233 litteris
1601 2176 1943 2233 deferrentur
1976 2195 1990 2230 :

475 2267 720 2339 Epistola
752 2268 1042 2325 Wladislai
1070 2269 1140 2323 ad
1160 2279 1401 2323 sanctum
1433 2268 1685 2341 Egidium
1708 2278 1756 2323 et
1771 2268 1839 2302 m
1867 2267 1938 2322 ad
1961 2285 2067 2323 mo-

1656 2359 1874 2433 [nachos
1899 2358 1987 2412 ⁸⁸³.

460 2482 467 2489 ~
545 2450 898 2518 Wiadislaus,
931 2450 1030 2505 Dei
1049 2451 1224 2522 gratia
1251 2450 1360 2505 dux
1391 2450 1726 2506 Poloniensis
1753 2451 1842 2517 “9°,
1873 2460 1922 2505 et
1963 2448 2066 2505 Ju—

472 2543 643 2609 ditha,
700 2542 937 2614 legitima
977 2545 1172 2614 conjux
1218 2543 1353 2613 ejus,
1395 2542 1460 2599 0.
1492 2543 1559 2577 ε⁸¹
1599 2543 1747 2614 (117)
1783 2542 2066 2597 venerabili

470 2638 653 2692 abbati
695 2636 879 2693 Sancti
904 2638 1085 2709 Egidii
1116 2639 1184 2672 δ”
1231 2639 1534 2708 cunctisque
1564 2635 1822 2706 fratribus
1870 2633 2069 2689 humil-

467 2734 615 2789 lima:
642 2734 932 2787 devotionis
957 2733 1282 2803 obsequium.
1316 2732 1518 2785 Audita
1557 2730 1725 2801 fama,
1766 2729 1906 2799 quod
1941 2745 2069 2783 san-

469 2835 587 2880 ctus
638 2824 861 2897 Egia’ius
907 2826 1272 2896 prwrogativaz
1327 2825 1545 2895 pietatis
1607 2823 1921 2894 promineat
1978 2822 2065 2876 di-

467 2918 690 2989 gnitate,
716 2926 764 2972 et
796 2916 934 2987 quod
981 2927 1252 2987 promptus
1296 2917 1366 2969 sit
1411 2914 1646 2985 adjutor,
1682 2914 1787 2969 sibi
1824 2913 1954 2968 data
1986 2913 2072 2968 di-

1706 413 2077 470 CilllONlCIE
2117 415 2565 475 POLONORUM.

3669 419 3763 476 876

2111 536 2153 592 Α
2184 553 2379 607 vinitus
2432 563 2710 624 potestate,
2762 571 2857 624 pro
2902 571 2992 625 spe
3041 554 3236 609 sobolis
3278 569 3499 609 munera
3541 556 3642 609 sibi
3679 572 3767 612 no-

2182 652 2309 698 stra:
2337 643 2625 697 devotionis
2648 643 2939 713 offerimus,
2976 654 3278 716 vestrasque
3289 648 3766 701 sanctasorationcs

2182 736 2242 789 in
2286 735 2550 790 auxilium
2575 746 2771 792 nostra'
2794 737 3064 808 petitionis
3089 736 3364 791 humiliter
3401 737 3781 807 implorantem.

2252 852 2339 906 51.
2368 851 2437 883 ⁸⁸³
2460 850 2537 904 De
2552 851 2838 921 jejuniiset
2861 852 3190 904 orationibus
3216 865 3312 921 pro
3336 851 3702 905 nativitate‘“

2690 942 2835 995 tertii
2870 940 3142 995 Boleslavi
3167 942 3256 996 "'.

2251 1051 2509 1107 Perlectis
2562 1052 2745 1122 itaque
2794 1051 2990 1106 litteris
3041 1060 3095 1106 et.
3144 1052 3469 1107 muneribus
3521 1052 3766 1121 receptis,

2180 1145 2349 1200 abbas
2384 1153 2437 1200 et
2466 1143 2663 1199 fratres
2709 1145 2946 1198 miltenti
2987 1160 3214 1199 munera
3240 1145 3309 1175 ⁸⁹³
3355 1143 3678 1210 retulerunt,
3715 1154 3770 1199 et

2182 1235 2496 1290 triduanum
2517 1234 2788 1305 jejunium
2811 1251 2937 1289 cum
2963 1234 3180 1289 letaniis
3206 1242 3262 1289 et
3283 1233 3626 1288 orationibus
3647 1250 3770 1303 per-

2177 1336 2425 1400 egerunt,
2481 1327 2677 1381 divina:
2730 1326 3036 1396 majestatis
3100 1326 3552 1396 omnipotentiam
3616 1325 3770 1380 obse-

2178 1427 2414 1486 crantes,
2441 1429 2714 1489 quatenus
2743 1418 3091 1474 devotionem
3138 1417 3378 1472 ﬁdelium
3409 1409 3767 1487 przcsentialil

2178 1520 2261 1567 ter
2286 1512 2389 1567 sibi
2420 1519 2569 1566 tanta
2598 1510 2930 1565 mittentium
2959 1511 3027 1544 “'7
3069 1509 3351 1580 multoque
3380 1509 3537 1580 plura
3570 1525 3771 1564 voven-

2176 1604 2313 1659 tium
2347 1603 2668 1675 adimpleret
2689 1603 2778 1671 ⁵⁸⁸,
2803 1603 2947 1657 unde
2973 1602 3207 1673 gloriam
3231 1602 3319 1657 sui
3352 1601 3593 1657 nominis
3631 1600 3770 1671 apud

2177 1705 2365 1767 gentes
2387 1695 2696 1768 incognitas
2723 1695 3006 1763 exaltarct,
3040 1703 3203 1766 atque
3246 1693 3315 1725 "’
3348 1692 3552 1748 famam
3594 1692 3769 1763 Egidii

2179 1790 2267 1846 sui
2296 1788 2486 1844 famuli
2514 1789 2673 1859 longe
2703 1787 2918 1857 lateque
2939 1786 3191 1841 dilataret
3216 1785 3287 1817 ⁷⁸⁸
3314 1784 3484 1857 (118).

2313 1880 2482 1953 Euge,
2512 1895 2667 1936 serve
2690 1878 2808 1947 Dei,
2838 1887 3004 1949 caput
3027 1877 3191 1949 hujus
3219 1876 3466 1933 ιιιειιειιίεί
3492 1876 3568 1908 m

2318 1972 2523 2028 Perﬁce
2546 1988 2828 2028 servorum
2857 1986 2981 2043 quae
3014 1979 3248 2042 poscunt
3275 1979 3399 2025 vota
3421 1970 3678 2026 tuorum!

2318 2065 2426 2121 Pro
2450 2081 2619 2136 puero
2650 2080 2903 2134 puerum,
2942 2079 3043 2135 pro
3069 2060 3208 2119 falso
3234 2062 3434 2134 perﬁce
3465 2077 3693 2127 verum;

2315 2156 2536 2213 Conﬁce
2570 2156 2866 2221 carnalem,
2898 2155 3140 2210 retinens
3169 2154 3267 2209 tibi
3307 2153 3672 2208 materialem.

2169 2250 2309 2319 Quid
2342 2250 2532 2321 plura?
2568 2246 2811 2304 Necdum
2850 2248 3124 2318 jejunium
3149 2262 3179 2301 a
3211 2246 3497 2302 monachis
3531 2245 3587 2299 in
3631 2243 3767 2299 Pro-

2168 2344 2347 2400 vincia
2375 2342 2771 2413 complebatur,
2796 2349 2851 2396 et
2868 2340 2983 2411 jam
3017 2348 3191 2394 mater
3215 2339 3269 2394 in
3295 2337 3520 2393 Polonia
3541 2336 3611 2392 de
3638 2353 3768 2392 cou-

2169 2446 2324 2508 cepto
2370 2435 2483 2491 ﬁlio
2527 2433 2833 2490 laetabatur.
2881 2430 3133 2487 Nondum
3165 2431 3288 2486 inde
3316 2430 3481 2502 legati
3518 2429 3765 2484 discede-

2168 2529 2320 2595 bant,
2344 2536 2398 2583 ct
2425 2526 2540 2597 jam
2568 2524 2828 2581 monachi
2878 2524 3156 2579 dominam
3198 2538 3391 2578 eorum
3444 2522 3766 2591 concepisse

2165 2619 2551 2692 pnedicebant.
2581 2615 2737 2672 Unde
2778 2616 2935 2671 missi
2968 2615 3190 2671 domum
3228 2614 3393 2670 citius
3423 2622 3479 2669 et
3525 2614 3768 2668 alacrius

2166 2720 2496 2777 remeantes,
2529 2718 2584 2765 et
2610 2709 2937 2782 praesagium
2967 2707 3363 2762 monachorum
3396 2715 3610 2761 eertum
3643 2721 3767 2761 esse

2168 2804 2481 2874 probantes,
2505 2801 2571 2857 de
2595 2808 2860 2870 concepto
2884 2798 2995 2855 ﬁlio
3027 2797 3165 2854 ﬁunt
3185 2797 3313 2865 laeti,
3346 2796 3441 2853 sed
3466 2797 3533 2852 de
3561 2798 3637 2828 m
3663 2811 3763 2851 ro-

2170 2901 2227 2948 to
2256 2893 2491 2948 laetiores
2514 2899 2677 2947 erunt
2702 2888 2833 2946 facti
2859 2889 2931 2922 ⁷⁸³

1698 3046 1997 3091 EXPLICIT
2029 3045 2226 3091 PRIMU
2236 3043 2266 3089 S
2298 3044 2512 3089 ιωειι.

1483 3172 1839 3261 LIBER
1914 3168 2527 3261 SECUNDUS
2596 3152 2702 3254 m.

1009 3342 1204 3381 INCIPIT
1240 3337 1518 3380 EPISTOLA.

535 3420 761 3474 Domino
803 3417 998 3487 Paulo,
1043 3418 1139 3473 Dei
1183 3414 1359 3489 gratia
1406 3414 1716 3470 Poloniensi
1764 3413 2055 3469 reverenda:

465 3513 797 3567 discretionis
823 3512 1086 3582 episcopo,
1137 3525 1335 3580 suoque
1369 3508 1441 3540 ⁷⁰⁸
1484 3507 1816 3579 cooperatori
1855 3506 2057 3560 immit-

465 3605 636 3661 tenda:
656 3604 727 3636 ⁷⁰⁶
758 3604 1027 3675 religionis
1058 3602 1305 3657 Jlichaeli
1334 3600 1674 3668 cancellario,
1722 3598 1919 3653 modici
1945 3598 2058 3652 dis—

460 3705 712 3769 pensator
742 3696 944 3751 obsonii
986 3705 1220 3766 paterna:
1248 3693 1600 3750 venerationis
1627 3709 1689 3747 ac
1711 3690 1903 3746 debita:
1917 3692 2056 3764 μεθ’·-

461 3790 648 3844 vitulis
679 3786 1001 3860 obsequium.
1340 3852 1353 3863 .

442 3882 445 3887 ’
535 3879 823 3934 Meditanti
878 3878 1007 3932 mihi
1053 3878 1117 3932 de
1154 3877 1424 3949 plurimis,
1472 3874 1651 3944 injecit
1680 3872 1750 3906 ⁷⁰⁷
1791 3890 1845 3928 se
1870 3882 2055 3928 vestra:

461 3972 758 4027 recordatio
806 3970 1124 4041 largissimae
1163 3969 1413 4023 Itaritatis
1467 3967 1540 4000 τ⁰⁸
1586 3974 1868 4035 vestraeque
1906 3965 2052 4035 fama

460 4063 612 4137 longe
648 4064 853 4135 lateque
888 4062 1085 4132 diffusa
1114 4062 1255 4125 vobis
1305 4060 1515 4115 collatw
1555 4057 1811 4113 divinitus
1850 4057 2055 4127 sapien-

440 4158 555 4212 tia:
592 4173 654 4210 ac
706 4154 1013 4209 humanitus
1071 4154 1141 4187 ⁷⁰⁹
1184 4154 1466 4224 probitatis
1501 4154 1595 4208 ⁷¹⁰.
1648 4152 1751 4209 Sed
1784 4153 1912 4224 quia
1948 4150 2055 4221 ple-

460 4261 678 4316 rumque
713 4260 883 4315 capax
908 4247 1093 4300 mentis
1123 4246 1343 4300 intentio
1376 4246 1623 4316 concipit,
1650 4261 1767 4317 qua:
1796 4244 1953 4299 tarda
1981 4242 2049 4274 7”

2077 3322 2119 3381 C
2151 3316 2396 3389 loquendi
2436 3316 2668 3388 facultas
2704 3316 2775 3349 '“
2812 3332 2917 3370 non
2964 3293 3234 3385 exprimit,
3269 3315 3422 3371 bona:
3463 3318 3762 3374 voluntatis

2153 3410 2374 3464 intentio
2425 3410 2651 3479 sufficiat
2706 3425 2802 3480 pro
2853 3407 3082 3480 loquela.
3119 3407 3264 3462 Nam
3305 3426 3425 3463 cum
3453 3411 3588 3480 facit
3637 3415 3757 3483 quis

2152 3501 2291 3574 quod
2327 3511 2493 3573 potest
2526 3502 2619 3569 τη,
2656 3510 2778 3555 tunc
2803 3501 2876 3534 ’νδ
2916 3501 3108 3572 injuste
3141 3501 3215 3535 ’⁸³
3257 3503 3321 3573 fit
3361 3503 3599 3573 querela.
3653 3503 3754 3559 Ve-

2156 3604 2483 3666 rumptamen
2540 3610 2602 3651 ne
2653 3604 2924 3649 tantorum
2964 3596 3199 3650 virorum
3246 3596 3500 3667 gloriam,
3539 3606 3755 3668 tamque

2156 3687 2522 3758 religiosorum
2563 3688 2872 3741 memoriam
2913 3688 3257 3758 pra'latorum
3290 3688 3504 3743 silentio
3530 3700 3753 3760 praeter-

2156 3780 2232 3834 ire
2280 3779 2580 3847 videamur,
2609 3795 2789 3833 eorum
2812 3779 3061 3834 laudibus
3088 3781 3380 3835 insistendo
3421 3784 3579 3853 quasi
3626 3790 3748 3853 gut-

2156 3881 2266 3925 tam
2286 3872 2349 3926 de
2377 3870 2635 3942 fonticulo
2662 3882 2992 3943 comportare
3034 3872 3309 3944 Tyberinis
3332 3874 3633 3946 gurgitibus
3664 3877 3749 3929 in-

2157 3963 2411 4018 nitamur.
2444 3962 2590 4018 Licet
2617 3965 2757 4019 enim
2781 3965 2852 3997 7“
2875 3966 3014 4036 quod
3033 3966 3324 4036 perfectum
3348 3975 3427 4020 est
3450 3983 3553 4021 non
3580 3969 3747 4038 possit

2159 4056 2479 4112 naturaliter
2514 4059 2868 4129 augmentari,
2902 4058 3041 4113 ratio
3071 4062 3246 4112 tamen
3279 4072 3385 4112 non
3418 4060 3651 4129 prohibet
3678 4061 3747 4113 il-

2155 4148 2249 4202 lud
2274 4149 2486 4219 scriptis
2516 4148 2837 4222 laudumque
2868 4154 3145 4223 praeconiis
3167 4155 3427 4209 venerari.
3457 4154 3569 4209 Nec
3592 4153 3744 4207 inde-

2156 4257 2277 4296 cens
2306 4241 2363 4295 in
2395 4243 2622 4312 picturis
2648 4243 2844 4314 aliquis
2865 4246 3168 4316 judicatur,
3197 4248 3245 4302 si
3274 4248 3525 4319 speciosis
3552 4247 3619 4313 "_"
3645 4262 3710 4298 co

460 4400 477 4435 ε
1754 4356 1996 4413 VARUE
2036 4355 2443 4414 LECTIONES.

440 4445 474 4528 ’i
530 4473 598 4505 ⁸⁸³
623 4475 1022 4546 compleveritis
1051 4475 1103 4529 5.
1171 4475 1251 4546 f“
1275 4476 1605 4545 quantocius
1631 4477 1684 4530 5.
1751 4474 1834 4546 ξεί
1870 4472 2099 4546 ςβειᾳὸ.
2176 4472 2448 4546 “f'habet
2475 4473 2828 4546 derocionem
2856 4469 3038 4546 pro'd.
3068 4492 3115 4532 s.
3146 4492 3201 4546 p.
3241 4477 3295 4531 5.
3373 4477 3442 4511 ⁸⁸⁸
3477 4475 3733 4546 quiequid

461 4560 554 4627 pro
596 4544 643 4599 si

728 4543 820 4599 uid
849 4547 901 4600 5.
978 4546 1045 4577 “7
1086 4548 1139 4599 in
1169 4543 1515 4601 Proiinciam
1538 4548 1726 4600 desunt
1749 4545 1803 4599 5.
1880 4543 1951 4575 ⁸⁸⁸
1990 4543 2141 4596 binas
2165 4543 2386 4597 ultimas
2415 4543 2584 4597 lineas
2615 4545 2806 4600 litteris
2830 4543 2883 4600 m
2909 4548 2964 4600 in
2991 4543 3163 4602 verba?
3203 4557 3457 4603 sanctum

3562 4548 3730 4601 idium
3779 4552 3799 4573 ⁸

454 4612 573 4685 pius
595 4612 812 4688 quidam
848 4616 1010 4670 lector
1025 4618 1187 4688 erasit
1212 4617 1267 4670 2.
1291 4616 1689 4688 efj'ormavitque
1711 4616 1844 4688 satis
1867 4612 2349 4688 inepte‘genitivum
2369 4629 2435 4668 ex
2457 4617 2788 4688 accusativo,
2804 4616 2993 4671 delevit
3020 4634 3224 4688 quoque
3257 4627 3313 4673 et
3332 4612 3536 4672 oblitus
3550 4612 3732 4688 delere

455 4694 506 4740 et
531 4686 953 4756 pravpositionqn
983 4687 1257 4756 repetitam
1289 4702 1319 4740 a

1392 4686 1489 4740 tali
1514 4683 1669 4740 modo
1706 4685 1839 4755 jam,
1862 4683 2205 4755 superfluam.
2285 4684 2352 4716 “"
2390 4685 2689 4754 capitulum
2721 4687 2872 4740 addit
2910 4688 2963 4741 5.
3033 4683 3110 4720 ’⁸⁸⁸⁵
3137 4683 3378 4743 Ῥοιοηίθ
3402 4690 3456 4744 5.
3530 4688 3590 4719 ⁶⁹¹
3625 4686 3727 4740 de-

452 4753 617 4827 est'_5.
643 4753 652 4756 ⁷
697 4756 765 4787 ⁸³³³
797 4755 852 4811 S.
890 4753 1084 4827 Egidio
1115 4757 1168 4811 5.
1246 4756 1317 4827 9”
1354 4755 1547 4811 XXXI.
1579 4753 1720 4810 deest
1747 4756 1799 4808 1.
1819 4754 1873 4807 2.
1902 4754 1954 4808 5.
1986 4753 2597 4827 capitulum_vero_adest
2629 4757 2679 4811 1.
2708 4757 2762 4810 2.
2789 4757 2929 4812 deest
2952 4758 3005 4813 5.
3082 4760 3149 4792 ⁸⁸³
3173 4760 3251 4814 uti
3276 4761 3314 4813 i.
3338 4777 3385 4814 e.
3411 4758 3634 4814 navitate
3659 4757 3723 4810 2.

453 4825 591 4900 siglo
635 4843 738 4900 non
780 4822 1056 4900 intellecto
1074 4835 1123 4881 et
1153 4826 1290 4900 inde
1326 4824 2068 4900 deleto,“manushposterior
2092 4831 2229 4893 post
2270 4822 2539 4900 Bolezlavi
2585 4829 2761 4900 posuit
2807 4828 3119 4884 donacioui.
3197 4830 3266 4866 "‘
3304 4830 3593 4900 capitulum
3620 4826 3725 4900 hoc

453 4895 567 4950 loco
598 4895 749 4950 addit
779 4897 831 4950 5.
910 4897 979 4931 ⁶⁹⁶
1020 4896 1221 4952 Semler
1264 4897 1302 4951 l.
1328 4913 1375 4951 c.

453 4967 524 5019 ad
564 4975 825 5037 parentes.
904 4966 972 5000 ⁶⁹⁷
1008 4964 1464 5037 ηιίρῑριιείυιηγῗ).
1546 4964 2039 5037 ⁶⁹⁶νθᾱὶιιιρ1ίριη5
2118 4964 2184 4997 ⁸⁸⁸
2222 4964 2364 5037 θιμ5.

1415 4913 1467 4966 p.
1494 4897 1563 4951 55
1596 4894 1822 4949 consulit
1845 4895 2037 4948 addere
2066 4909 2164 4948 sua
2199 4901 2290 4947 aut
2312 4896 2542 5019 gratias,
2580 4894 2805 5022 equm
2844 4914 3068 4953 munera
3106 4916 3207 4953 non
3242 4901 3312 4954 ad
3336 4894 3606 4954 monachos
3623 4898 3723 4949 sed

1415 4968 1464 5021 5.
1546 4965 1615 4998 ⁸⁸⁸
1650 4966 1949 5022 adimplent
1986 4964 2039 5017 5.
2118 4964 2184 4997 ⁸⁸⁸
2222 4972 2276 5018 et
2352 5006 2364 5018 .
2440 4966 2511 4997 "°°
2550 4982 2613 5021 ex
2656 4969 2869 5022 ilataret
2898 4978 3013 5022 erat
3057 4970 3105 5022 1.
3139 4970 3229 5022 sed
3263 4986 3326 5022 ex
3375 4980 3547 5022 postea
3574 4967 3720 5020 dele-

2440 4966 2511 4997 "°°
2550 4966 2869 5041 exdilataret
2893 4978 3013 5041 erat
3057 4970 3105 5041 1.
3139 4970 3229 5041 sed
3263 4986 3326 5025 ex
3372 4980 3552 5041 postea
3574 4967 3720 5041 dele-

455 5034 586 5107 tum,
619 5037 939 5093 exdilataret
965 5039 1019 5091 2.
1088 5034 1165 5069 ’τοι
1203 5036 1429 5091 materie
1472 5037 1525 5092 5.
1601 5036 1671 5068 m
1710 5034 1813 5107 pro
1824 5036 1886 5107 5.
1934 5034 2051 5107 77°?
2072 5042 2199 5107 sunt
2232 5034 2406 5107 effecti
2434 5053 2529 5106 pro
2552 5048 2715 5093 erunt
2737 5039 2863 5093 facti
2891 5039 2944 5093 5.
3020 5039 3091 5072 τοι
3163 5039 3225 5094 L.
3255 5056 3301 5095 s.
3339 5034 3490 5094 addit
3518 5035 3719 5092 Βαιτάί-

451 5104 553 5173 kie,
583 5107 769 5180 desunt
807 5108 862 5180 in
891 5107 1207 5180 codicibus.‘
1256 5107 1327 5180 "°_'
1378 5122 1499 5180 suo,
1527 5104 1746 5180 quoque
1801 5105 1853 5159 5.
1929 5104 2296 5180 ’°f__imitende
2333 5106 2401 5180 _2.
2435 5104 2699 5180 imitande
2749 5110 2799 5180 5.
2878 5110 2948 5180 τέ’
3008 5110 3192 5180 deest,
3232 5120 3283 5164 et
3343 5113 3581 5180 spatium,
3613 5122 3718 5159 ra-

1585 5176 1800 5232 uniatus
1822 5179 1876 5231 2.
1978 5176 2049 5206 “°

451 5192 607 5230 cuum
638 5178 689 5232 5.
794 5178 866 5208 7°“
905 5178 1148 5232 caritatis
1181 5177 1233 5230 2.
1287 5178 1339 5231 5.
1433 5178 1504 5209 ⁷⁰⁹

2085 5175 2301 5244 pietatis
2332 5176 2384 5230 5.

2481 5178 2551 5209 ⁷¹¹
2587 5179 2737 5233 tarde
2767 5179 2821 5232 2.
2908 5179 2977 5210 m
3020 5179 3275 5234 facultate
3315 5178 3451 5235 1.2.
3521 5179 3586 5211 ’⁸³
3614 5191 3715 5245 pe-

453 5254 573 5302 tunt
597 5249 651 5303 5.
727 5248 797 5280 7"
835 5248 977 5300 deest
1006 5248 1056 5300 5.
1135 5248 1205 5278 ⁷⁸⁸
1240 5247 1385 5316 juste
1415 5249 1463 5302 1.
1502 5249 1557 5303 2.
1587 5249 1638 5303 5.
1672 5256 1914 5316 corrupte
1942 5246 2205 5299 exhibent.
2284 5248 2353 5284 τη
2393 5245 2454 5300 L.
2480 5263 2527 5302 e.
2574 5249 2651 5301 bis
2677 5252 2859 5318 repetit
2881 5249 2935 5302 2.
3011 5251 3078 5281 ⁷⁸⁷
3122 5252 3389 5319 preciosis
3425 5252 3475 5306 5.

1946 5354 2177 5412 NOTAE.

520 5438 673 5519 (115)
695 5446 1085 5519 Monasterium
1100 5435 1417 5519 ,STrEgidii
1478 5448 1533 5502 in
1580 5448 1718 5519 valle
1774 5446 2030 5519 Flaviana
2063 5452 2109 5510 D
2136 5464 2263 5502 eum
2298 5447 2637 5519 _canonicum
2680 5445 3099 5502 Craeoviensem
3148 5445 3322 5503 fuisse
3382 5447 3613 5507 afﬁrmat.
3654 5460 3704 5497 ιο

442 5531 615 5588 prape
628 5517 960 5576 Nemausum
984 5519 1038 5572 in
1056 5518 1277 5574 dioecesi
1295 5517 1891 5588 Arelatensiﬁalliss.
1920 5518 2033 5572 Gil-
2137 5519 2258 5571 505.
2291 5517 2348 5571 S.

446 5586 567 5641 lesf
608 5588 918 5644 Chronicon
987 5588 1319 5644 Polonorum
1380 5605 1466 5657 ap.
1533 5586 1745 5642 Stenzel
1807 5587 2028 5657 Script.,

448 5672 555 5712 rer.
603 5657 786 5728 Silcs.,
813 5675 850 5724 ι,
882 5659 968 5725 12,
994 5660 1388 5714 monasterium
1423 5660 1525 5711 hoc
1562 5657 1746 5711 Sancti
1770 5657 1914 5712 Galli
1942 5675 2033 5728 ap—

448 5727 858 5869 pcili‘jlﬁfilnus
879 5814 1068 5854 corum
1105 5807 1223 5869 erat
1266 5796 1480 5862 Petrus,
1523 5799 1836 5868 capellanus
1880 5798 2024 5869 regi-

2138 5657 2473 5713 nmuasterii.
2499 5657 2755 5712 Mabillon
2783 5657 3023 5713 Annales

2210 5589 2256 5659 (Ι
2275 5588 2356 5656 l7)
2396 5586 2631 5659 Qdiloni,
2656 5588 2747 5656 qui
2776 5596 2904 5659 tunc
2925 5587 3187 5659 temporis
3208 5586 3323 5659 fuit
3363 5589 3527 5643 abbas
3542 5586 3707 5659 hujus

2210 5656 2473 5713 iuasterii.
2499 5657 2755 5712 Mabillon
2783 5657 3023 5713 Annales
3042 5656 3269 5723 Bened.,
3299 5675 3353 5725 v,
3388 5658 3506 5712 128.
3536 5656 3587 5710 S.

2210 5728 2226 5791 <
2240 5727 2802 5808 ¹.18)...κδ⁷ιτείὲίξέθυςρ.
2841 5729 2931 5808 cvi
2989 5729 3243 5808 Precibus
3321 5728 3699 5808 πηρξιθειιοτῑιαξ

2141 5795 2196 5850 S.
2225 5795 2423 5868 Egidii
2455 5798 2509 5851 in
2536 5796 2691 5852 Valle
2744 5795 3004 5853 Flaviana
3039 5797 3322 5853 Boleslaus
3368 5799 3507 5852 ﬁlius
3546 5805 3699 5868 mitts

448 5862 536 5922 me
569 5862 820 5936 .luilitlue,
863 5879 921 5922 ut
968 5869 1131 5924 refert
1178 5867 1435 5934 Cosmas,
1481 5884 1540 5936 ιι,
1588 5862 1673 5923 56.
1724 5862 2048 5939 Βιιιεοεδῖιε.
2114 5878 2254 5934 est,
2299 5862 2515 5923 'multas
2573 5870 2835 5924 ecclesias
2896 5878 2949 5923 et
3005 5872 3337 5925 monasteria
3399 5869 3498 5924 sub
3547 5862 3699 5920 titulo
