3952 6324
156 323 256 405 ετξ

1490 315 1692 374 LIBER
1733 317 2114 378 SECUNDUS.

3324 327 3428 384 878

155 461 350 519 laribus
396 479 493 531 pro
536 465 789 520 varietate
812 462 883 497 ⁷³⁸
930 464 1102 536 aperis
1154 464 1223 498 "9
1274 464 1423 534 niger
1459 463 1604 517 color
1637 463 1737 517 mi-
1765 444 1810 510 Α
1842 466 2004 518 cretio
2038 464 2364 529 sanctitatis,
2415 480 2505 518 nec
2556 463 2842 534 perpendat
2863 464 2990 535 quid
3028 462 3105 518 vel
3143 468 3431 534 quantum-

154 565 358 612 sceatur
381 557 472 611 ⁷²⁰.
508 556 575 611 In
613 575 795 613 mensa
842 573 1044 629 quoque
1081 573 1261 628 regum
1314 573 1451 626 sccpe
1475 555 1740 627 quoddam
1840 554 1967 609 libet
1985 557 2068 610 sui
2091 556 2290 609 laboris
2322 556 2495 625 o/feri,
2529 556 2621 609 sed
2657 556 2784 626 quid
2804 563 2982 626 captat
3009 562 3204 614 nostra:
3223 552 3433 610 desida-

154 646 252 705 rile
266 658 620 720 praesentatur
646 649 904 717 edulium,
944 664 1044 721 quo
1066 647 1382 703 deliciarum
1413 646 1742 717 prepellatur

152 739 565 794 cottidianamm
596 739 897 811 fastidium.
923 737 1149 809 Insuper
1172 738 1334 791 etiam
1356 737 1602 807 formica,
1623 752 1742 789 cum

151 833 220 886 sit
251 830 452 886 camelo
474 833 776 904 quantitate
809 830 1043 901 corporis
1070 827 1271 884 animal
1298 827 1581 900 ina'quale,
1614 843 1743 899 opus

152 935 330 981 tamen
377 942 533 980 suum
589 935 794 982 exercet
831 925 1098 990 studiose,
1138 925 1248 978 suis
1301 925 1370 957 ’¹²¹
1420 922 1621 979 viribus
1659 938 1745 977 co-

153 1018 375 1089 wquale.
406 1017 647 1085 Quarum
668 1016 905 1089 exemplo
933 1033 1106 1071 rerum
1121 1015 1746 1083 induetus,ba.outienus

151 1126 298 1164 more
326 1109 554 1182 puerilia
599 1114 756 1166 verba
784 1110 1015 1180 formare
1057 1123 1241 1181 conor,
1290 1107 1346 1162 in
1375 1106 1589 1162 laudem
1616 1107 1750 1161 viro-

155 1215 278 1254 rum
307 1216 483 1270 per‘se
527 1198 884 1254 laudabilium
929 1198 1174 1253 adhibita
1209 1199 1324 1252 sine
1362 1197 1543 1265 laude,
1589 1196 1668 1251 vel
1694 1198 1751 1251 in

153 1292 481 1360 prteconium
523 1289 937 1346 Israhelitarum
960 1288 1217 1343 veraciter
1235 1288 1347 1343 sine
1373 1289 1593 1359 fraude;
1624 1305 1755 1359 quo-

152 1399 278 1437 rum
339 1383 449 1438 vita
504 1381 818 1449 laudabilis,
879 1381 1126 1436 doctrina
1166 1380 1557 1451 perspicabilis,
1584 1397 1752 1435 mores

154 1473 473 1542 imitabiles,
514 1475 829 1546 prazdicatio
873 1473 1156 1541 salutaris,
1186 1489 1410 1545 quorum
1432 1475 1506 1505 m
1554 1475 1759 1544 sapien-

155 1570 263 1635 tia,
307 1567 529 1640 bicipite
574 1568 922 1640 philosophia:
972 1576 1147 1624 monte
1187 1568 1447 1636 derivata,
1494 1568 1758 1622 condensa

153 1662 424 1717 silvarum
468 1662 712 1718 Polonia:
753 1663 833 1717 sic
883 1662 1152 1734 sagaciter
1181 1661 1478 1731 illustrant,
1512 1678 1576 1717 ne
1608 1662 1758 1733 prius

155 1752 434 1807 triticeum
452 1752 580 1823 fidei
602 1768 777 1808 semen
819 1752 876 1807 in
916 1762 1116 1806 terram
1145 1752 1365 1807 humani
1390 1751 1564 1806 cordis
1593 1750 1763 1807 incul-

1844 650 1985 702 rium
2032 648 2332 718 facultatis.
2371 646 2515 701 Nam
2560 664 2681 701 cum
2729 649 2931 718 potenti
2984 663 3183 717 pauper
3230 645 3435 699 amicus

1842 740 2227 811 quantumlibet
2257 740 2329 773 ⁷³⁰
2361 740 2445 793 sui
2475 740 2675 794 laboris
2724 741 3002 794 minimum
3052 738 3435 803 amministrat,

1847 847 1949 885 non
1976 831 2175 886 donum
2211 832 2301 887 sed
2321 833 2503 887 dantis
2525 833 2774 902 affectum
2801 833 3142 903 perpendens,
3177 831 3313 885 illud
3355 847 3440 887 re—

1845 924 2014 995 cipere
2040 930 2228 995 magno
2248 940 2345 994 pro
2378 940 2591 980 munere
2624 938 2725 978 non
2752 933 2978 979 recusat.
3007 923 3181 995 Igitur
3213 939 3440 994 opuscuo

1845 1015 1977 1083 lum,
2020 1016 2150 1070 almi
2194 1025 2391 1086 patres,
2451 1017 2577 1071 stilo
2620 1025 2814 1071 nostra:
2854 1015 3318 1087 pusillanimitatis
3369 1015 3438 1068 ad

1848 1106 2061 1161 laudem
2097 1107 2398 1178 principum
2421 1117 2470 1162 et
2496 1110 2687 1179 patriae
2729 1118 2924 1164 nostra:
2944 1107 3221 1179 pueriliter
3251 1121 3443 1160 exara-

1851 1208 1963 1253 tum
1992 1200 2250 1269 suscipiat
2281 1207 2331 1253 et
2362 1201 2683 1255 commendet
2708 1201 2965 1256 excellens
2987 1202 3054 1233 ⁷³¹
3078 1200 3373 1255 auctoritas
3393 1204 3444 1252 et

1851 1290 2198 1346 benivolentia
2230 1300 2414 1351 vestra:
2441 1294 2630 1346 mentis
2657 1302 2914 1363 quatenus
2954 1292 3095 1347 Deus
3118 1291 3445 1360 omnipotens

1853 1384 2108 1439 bonorum
2133 1385 2502 1456 temporalium
2524 1395 2574 1440 et
2606 1396 2920 1441 (uernarum
2942 1402 3029 1440 vos
3055 1384 3340 1456 amplificet
3365 1384 3448 1439 in-

1856 1476 2155 1531 crementis.

2071 1567 2311 1639 Essplicit
2334 1568 2579 1640 epistola.
2612 1569 2814 1641 Incipit
2839 1570 3116 1642 epylogum
3141 1570 3231 1623 7".

1860 1658 2030 1716 Nobis
2056 1669 2250 1727 astate,
2621 1663 2782 1718 nobis
2816 1663 2921 1718 hoc
2947 1677 3088 1732 opus
3121 1661 3377 1717 recitato!

1858 1750 1964 1807 Per
1989 1768 2111 1819 vos,
2142 1752 2189 1808 si
2217 1753 2408 1819 vultis,
2612 1768 2754 1824 opus
2774 1765 2859 1809 est
2886 1753 3160 1808 laudabile
3196 1750 3405 1808 multis.

153 1855 274 1901 tam
294 1812 571 1918 spargant,
600 1844 763 1901 donec
802 1844 924 1901 inde
956 1845 1139 1916 spinas
1167 1853 1221 1900 et
1255 1844 1477 1899 tribulos
1517 1844 1659 1899 verbi
1682 1844 1763 1898 di-
1792 1812 1833 1870 Β
1861 1841 1980 1899 Non
2015 1853 2102 1901 est
2130 1844 2355 1913 mirum,
2379 1812 2411 1899 a
2441 1844 2627 1900 labore
2650 1812 2695 1900 si
2723 1860 2917 1916 parum
2946 1844 3275 1915 quievimus,

151 1938 270 1992 vini
301 1937 568 2009 ligonibus
622 1938 887 1996 radicitus
937 1944 1222 2008 exponant,
1278 1936 1482 1991 similes
1532 1936 1763 1991 existen-

153 2040 231 2085 tes
263 2031 338 2063 ⁷³³
367 2028 567 2085 homini
589 2030 661 2063 ⁷³⁵
692 2029 837 2101 patri
878 2028 1140 2101 familias,
1181 2028 1372 2084 scienti
1410 2033 1476 2082 de
1514 2027 1760 2083 thesauro

150 2124 397 2195 proferre
425 2140 557 2179 nova
583 2131 632 2178 et
662 2130 859 2189 vetera,
896 2120 975 2175 vel
1006 2119 1373 2188 Samaritana,
1403 2117 1665 2174 vulnerati
1689 2120 1759 2152 ⁷²⁸

150 2215 349 2286 plagas
372 2214 621 2286 alliganti
658 2213 935 2284 vinumque
959 2211 1182 2283 desuper
1203 2213 1275 2244 ⁷⁸⁸
1290 2220 1345 2267 et
1376 2211 1550 2267 oleum
1579 2212 1758 2282 infun-

150 2308 339 2371 denti;
385 2308 476 2378 qui
507 2307 746 2361 triticum
775 2320 980 2377 quoque
1013 2302 1276 2359 conservis
1302 2302 1533 2374 ﬁdeliter
1564 2304 1634 2335 ⁷³⁷
1658 2303 1763 2358 dis-
1836 2318 1841 2339 ‘v

152 2400 405 2453 tribuunt
465 2398 535 2453 ad
591 2411 915 2464 mensuram,
966 2404 1017 2452 et
1068 2395 1329 2451 talentum
1385 2410 1511 2473 non_
1546 2396 1765 2450 abscon-

151 2490 295 2544 dunt
324 2489 419 2558 ⁷³⁸,
446 2489 537 2544 sed
566 2490 809 2544 dividunt
838 2487 907 2543 ad
930 2503 1171 2543 usuram.
1202 2485 1306 2543 Sed
1336 2501 1434 2541 cur
1452 2495 1629 2541 mutus
1659 2486 1765 2558 fari

154 2584 359 2637 nititur
387 2583 453 2636 de
486 2582 755 2652 facundis,
802 2580 880 2636 vel
928 2580 1129 2651 ingenii
1175 2595 1308 2651 puer
1335 2578 1487 2650 parvi
1524 2595 1620 2633 cur
1663 2579 1769 2633 im-

153 2675 333 2745 plicat
358 2690 414 2727 se
444 2680 555 2727 tam
593 2671 876 2743 profundis
918 2670 1030 2723 περ
1070 2668 1273 2723 Pareat
1307 2676 1485 2723 tamen
1522 2668 1772 2739 ignoran-

154 2767 275 2834 tice,
306 2773 497 2835 parcat
523 2773 580 2818 et
608 2759 994 2829 benivolentiae,
1023 2762 1202 2833 magni
1244 2769 1422 2833 patres
1451 2770 1634 2815 vestrae
1656 2760 1769 2814 dis-

1864 1935 2104 2008 Tempus
2132 1946 2251 1993 erat
2272 1937 2592 2008 quiescendi
2622 1938 2694 1971 ⁷³³
2713 1980 2729 2005 ,
2759 1946 2840 1993 tot
2880 1947 3050 1993 terras
3081 1933 3453 1998 transivimus,

1862 2019 2051 2099 Neque
2084 2037 2325 2100 emptum
2354 2031 2457 2085 iter
2486 2030 2625 2087 bene
2650 2031 2929 2102 cognitum
2964 2029 3279 2093 habuimus,

1864 2120 1970 2176 Sed
2000 2136 2096 2191 per
2126 2122 2251 2177 illos
2280 2122 2377 2194 qui
2415 2131 2689 2179 noverunt
2714 2123 2976 2194 paulatim
3004 2121 3352 2192 inquirimus.

1864 2210 2206 2283 Exurgamus
2249 2212 2367 2282 iam
2412 2214 2481 2270 de
2512 2214 2581 2247 ⁷⁸⁸
2629 2229 2881 2285 sompno,
2914 2228 3039 2268 nam
3076 2211 3211 2267 satis
3249 2208 3456 2264 dormi-

3160 2303 3385 2377 bimus,

1868 2396 1966 2452 Vel
1999 2398 2165 2455 unius
2193 2399 2308 2471 jam
2339 2401 2449 2457 diei
2472 2402 2617 2458 viam
2644 2400 3063 2473 inquisivimus;

1871 2488 1986 2547 llac
2012 2492 2227 2562 expleta
2249 2493 2316 2548 de
2338 2493 2524 2549 futura
2549 2495 2683 2551 satis
2703 2494 3085 2565 cogitabimus.

1882 2578 2029 2637 Duce
2050 2580 2164 2637 Deo
2192 2598 2592 2655 prosequamur
2619 2586 2765 2656 quod
2786 2582 3234 2655 interposuimus,

1880 2669 2264 2731 Persolvamus
2291 2677 2441 2746 quod
2468 2677 2540 2709 ⁷³⁵
2572 2676 2882 2748 frequenter
2909 2690 3075 2745 supra
3104 2671 3458 2740 titulavimus,

1878 2762 1945 2818 Et
1967 2764 2234 2822 addamus
2259 2767 2305 2822 si
2330 2768 2466 2837 quid
2488 2769 2654 2825 nimis
2678 2769 2751 2801 ⁷³⁸
2778 2770 3092 2838 ignorantur
3117 2765 3377 2823 diximus.

1044 2990 1047 2993 λ
1136 2857 1539 2970 lNClPlT
1601 2887 2138 2974 SECUNDUS
2201 2896 2501 2974 LIBER

331 3025 383 3079 1.
413 3014 580 3101 Tertii
609 3023 885 3080 Bolezlavi
913 3025 1086 3097 primo
1112 3026 1176 3080 de
1200 3025 1478 3080 nativitate
1505 3026 1596 3079 ⁷³⁷.

229 3114 411 3172 Natus
435 3116 602 3188 igitur
646 3132 784 3188 puer
818 3116 1139 3173 Bolezlavus
1188 3116 1242 3172 in
1290 3115 1377 3172 die
1417 3108 1559 3172 festo
1590 3116 1762 3172 sancti

156 3207 431 3279 Stephani
462 3207 605 3278 regis
630 3207 734 3262 fuit
760 3207 908 3280 (119)
938 3208 1049 3280 (an.
1095 3205 1252 3274 1085,
1287 3205 1413 3261 Dec.
1443 3206 1561 3278 25).
1595 3205 1766 3261 Mater

159 3300 288 3371 ejus
313 3299 884 3369 vero'subsequenter
920 3299 1218 3367 inﬁrmata,
1270 3307 1430 3354 nocte
1477 3298 1766 3353 dominicae

162 3372 470 3445 nativitatis
491 3387 927 3457 occubuittDec.
955 3389 1069 3459 25).
1103 3389 1235 3456 Quae
1261 3389 1457 3445 mulier
1478 3389 1532 3442 in
1557 3404 1763 3458 paupe-

161 3497 257 3538 res
279 3490 333 3536 et
364 3481 610 3551 captivos
632 3489 763 3535 ante
785 3479 926 3535 diem
950 3482 1221 3551 praecipue
1254 3482 1341 3537 sui
1382 3481 1565 3536 obitus
1600 3496 1765 3552 opera

164 3574 388 3646 pietatis
408 3573 721 3640 exercebat,
753 3582 809 3628 et
858 3574 1060 3629 multos
1107 3574 1440 3630 christianos
1487 3575 1554 3631 de
1591 3574 1766 3630 servi-

164 3679 285 3726 tute
304 3667 605 3725 Judeorum
633 3670 749 3743 suis
770 3668 1123 3727 facultatibus
1143 3671 1464 3729 redimebat.
1489 3671 1583 3726 Illa
1615 3688 1767 3728 mor-

164 3772 286 3829 tua,
313 3759 686 3818 Wladizlavus
711 3762 846 3830 dux,
875 3763 1005 3834 quia
1035 3764 1203 3819 homo
1224 3765 1406 3836 gravis
1432 3765 1768 3836 aegerquem

164 3854 404 3925 pedibus
426 3862 567 3922 erat,
596 3862 652 3911 et
692 3864 850 3910 aetate
900 3858 1191 3927 parvulum
1220 3849 1291 3890 "9
1315 3859 1569 3925 habebat,
1613 3874 1768 3914 soro-

169 3941 292 4000 rer'n
323 3945 474 4018 (120)
498 3947 849 4017 imperatoris
890 3950 1036 4005 tertii
1076 3949 1316 4019 Henrici,
1348 3962 1574 4007 uxorem
1618 3953 1771 4022 prius

170 4035 488 4095 Salomonis
531 4038 787 4111 Ungarize
831 4041 999 4112 regis,
1047 4041 1104 4098 in
1133 4044 1545 4100 matrimonium
1575 4045 1644 4076 7“
1673 4045 1769 4100 de-

172 4131 481 4201 sponsavit,
516 4132 584 4188 de
609 4148 718 4203 qua
748 4132 960 4188 nullum
995 4133 1166 4190 ﬁlium
1190 4135 1285 4192 sed
1321 4145 1433 4192 tres
1481 4136 1622 4191 tilias
1644 4151 1772 4207 pro-

1790 3032 2184 3102 Ccz'eavit'i‘,
2246 3052 2356 3091 una
2420 3051 2658 3107 quarum
2706 3035 2761 3090 in
2819 3037 2993 3093 Rusia
3059 3036 3179 3091 viro
3241 3037 3459 3108 nupsit.

1873 3139 1981 3178 una
2010 3126 2080 3160 7“
2106 3142 2238 3182 vero
2264 3142 2425 3184 suum
2452 3143 2611 3186 sacro
2630 3127 2900 3182 velamine
2922 3136 3084 3197 caput
3109 3127 3259 3191 texit,
3297 3141 3463 3194 unam

1868 3222 2053 3273 autem
2078 3216 2148 3248 ⁷⁵³
2176 3233 2291 3272 sua:
2317 3217 2494 3287 gentis
2537 3217 2761 3288 quidam
2802 3217 2907 3272 sibi
2944 3217 3204 3272 connivit.
3243 3214 3349 3271 Sed
3394 3230 3464 3270 ne

1871 3305 2008 3360 tanti
2056 3307 2213 3376 pueri
2269 3318 2549 3378 parentem
2596 3309 2742 3364 nudo
2787 3323 3039 3365 sermone
3096 3311 3462 3379 transeamus,

1871 3399 2058 3469 aliquo
2094 3416 2222 3456 eum
2250 3410 2576 3457 ornamento
2599 3402 2805 3457 militize
2824 3402 3144 3458 vestiamus.
3171 3400 3342 3473 Igitur
3359 3400 3467 3455 Po—

1850 3492 2123 3557 ,lonorum
2163 3493 2272 3548 dux
2310 3492 2683 3548 Wladizlavus
2718 3492 3096 3548 Romanorum
3148 3493 3463 3563 imperatori

1871 3583 2110 3639 maritali
2131 3584 2410 3643 connubio
2438 3584 2713 3651 counitus,
2746 3583 2813 3638 de
2857 3583 3199 3650 Pomoranis,
3245 3599 3468 3639 succur-

1870 3676 2118 3733 rentibus
2145 3677 2286 3743 suis,
2318 3685 2560 3732 castrum
2608 3692 2797 3732 eorum
2836 3676 3138 3732 obsidendo
3161 3677 3467 3746 triumpha-

1872 3769 1948 3823 vit
1971 3768 2143 3840 (121),
2171 3784 2472 3838 eorumque
2510 3767 2914 3824 contumaciam
2946 3767 3064 3822 suis
3093 3767 3196 3821 sub
3234 3766 3467 3836 pedibus

1872 3852 2246 3917 conculcando
2276 3861 2345 3893 ⁷³⁸⁵
2365 3860 2667 3927 annulavit,
2697 3859 2927 3931 ejusque
2945 3858 3187 3929 victoria:
3208 3857 3467 3928 gaudium

1877 3951 1971 4007 Dei
1996 3952 2068 3983 7”
2130 3951 2410 4023 genitricis
2457 3951 2762 4022 assumptio
2816 3950 3096 4023 generavit
3137 3949 3250 4022 (an.
3304 3948 3464 4010 1090.

1876 4043 2012 4115 Aug.
2040 4044 2150 4115 15).
2176 4043 2387 4110 Quibus
2411 4044 2592 4111 victis,
2637 4044 2884 4105 civitates
2913 4059 3106 4099 eorum
3140 4049 3195 4098 ct
3229 4041 3466 4096 munici-

1876 4136 1962 4206 pia
1997 4134 2137 4190 infra
2169 4144 2371 4191 terram
2406 4146 2460 4192 et
2484 4138 2631 4193 circa
2650 4138 2722 4176 7“
2763 4138 3038 4193 maritima
3074 4136 3342 4192 violenter
3374 4149 3469 4190 oc-

1484 4246 1722 4303 VARUE
1762 4245 2166 4303 LECTIONES.

247 4352 321 4391 ’⁸⁸
357 4350 614 4415 varietate
637 4359 692 4414 2.
770 4358 841 4398 ⁷¹⁹
875 4375 1058 4485 magni
1098 4376 1248 4413 aaau
1280 4360 1331 4413 2.
1359 4360 1498 4431 quod
1526 4359 1921 4429 tamenpunctis
1954 4358 2241 4429 suppositis
2282 4368 2534 4429 tanquam
2566 4375 2841 4412 erroneum
2866 4366 3127 4412 notatum.
3206 4359 3278 4394 ⁷²⁰
3318 4358 3467 4414 insc-

247 4436 369 4484 atur
408 4429 459 4483 1.
508 4429 564 4484 2.
677 4431 747 4464 7“
808 4432 951 4485 deest
1012 4471 1025 4484 .
1139 4431 1211 4462 ⁷³⁸
1250 4430 1358 4485 vita
1409 4430 1667 4485 laudabil.
1723 4429 1777 4483 2.
1824 4444 2037 4483 erronee
2068 4430 2252 4485 repetit
2287 4430 2378 4482 sed
2418 4429 2624 4485 punctis
2661 4431 2883 4482 notavit.
2997 4429 3068 4458 ⁷³³
3121 4428 3363 4482 existunt
3412 4430 3465 4482 5.

124 4436 369 4505 ,ηδιον
408 4429 459 4505 1.-
508 4429 564 4484 2-
626 4431 748 4505 ,⁷³1
808 4432 951 4505 deest

1139 4431 1211 4462 ⁷³⁸
1250 4429 1379 4485 vita
1409 4430 1667 4486 laudabil.
1723 4429 1777 4483 2.
1824 4444 2037 4483 erronee
2068 4430 2252 4498 repetit
2287 4430 2378 4482 sed
2417 4429 2624 4498 punctis
2661 4431 2883 4482 notavit.

2997 4429 3068 4458 ⁷³³
3121 4428 3363 4482 existunt
3412 4430 3465 4482 5.

174 4501 251 4569 Ψ
287 4500 572 4556 hominum
619 4501 671 4555 1.
716 4502 777 4557 5.-
846 4501 918 4534 7"
958 4499 1244 4557 vulnerato
1284 4501 1337 4556 5.
1415 4501 1486 4539 7"
1523 4501 1609 4556 dei
1653 4515 1819 4569 super
1848 4499 1900 4553 5.
1934 4508 1987 4554 et
2031 4496 2210 4554 oleum
2257 4496 2493 4569 desuper
2531 4508 2628 4568 pro
2665 4501 2720 4553 d.
2755 4514 2805 4553 e.
2856 4514 2909 4554 ο.
2932 4498 2996 4569 2.
3076 4496 3145 4533 ⁷⁸⁷
3184 4498 3384 4569 omittit
3410 4499 3463 4551 5.

178 4568 252 4606 τη
292 4571 581 4643 abscondit
602 4572 657 4627 2.
694 4600 697 4601 ν
735 4572 807 4609 ⁷η
840 4572 923 4627 vel
952 4571 1160 4643 ingenii
1207 4588 1259 4642 p.
1307 4587 1361 4643 p.
1388 4586 1436 4626 e.
1484 4571 1595 4643 i.,s.
1634 4578 1674 4625 t.
1721 4563 2007 4643 profundis
2041 4570 2239 4643 omittit
2273 4571 2326 4625 5.
2385 4563 2475 4643 ,ἠδ
2514 4563 2646 4643 libet
2670 4585 2882 4643 errones
2921 4568 3003 4643 bis
3036 4568 3319 4643 repetit}.
3397 4569 3467 4605 τ³ί

174 4642 530 4714 commendat
558 4644 826 4714 extollens
847 4644 899 4698 5.
977 4636 1048 4714 ἴτ’
1073 4636 1335 4714 epilogus
1355 4643 1407 4697 5.
1457 4642 1556 4714 A7”
1590 4658 1685 4714 pro
1713 4636 1843 4714 :Non
1872 4650 1957 4714 est
1984 4641 2184 4714 mirum
2212 4672 2285 4714 έ-
2305 4640 2621 4714 quiescendi
2636 4657 2665 4714 _:_
2678 4638 2806 4714 Non
2833 4648 2917 4714 est
2937 4654 2966 4692 a
2989 4638 3176 4714 labore
3201 4636 3246 4692 si
3274 4653 3466 4714 parum

178 4720 294 4784 etc:
314 4713 369 4767 5.
449 4712 519 4745 ⁷⁸⁸
556 4729 586 4768 a
614 4713 668 4768 5.
745 4715 815 4746 ⁷³⁸
854 4714 946 4784 qui
978 4713 1028 4768 1.
1064 4710 1212 4784 2.15.
1238 4710 1359 4784 ί⁷³⁰
1396 4710 1653 4784 ηιίιιιιείὲ.
1684 4711 1756 4745 ⁷³⁷
1796 4727 1850 4784 ρ.
1879 4712 1934 4784 d‘.
1969 4727 2034 4784 ιι.
2067 4713 2263 4784 omittit
2295 4710 2348 4767 5—.
2426 4711 2502 4784 Τ³⁸ν
2528 4711 2831 4784 debilisque
2862 4711 2951 4784 5.!
2990 4710 3357 4784 "fparvulus
3410 4710 3462 4763 1.

177 4781 236 4843 2.
265 4783 318 4836 5.
344 4798 592 4856 erronee;
624 4784 733 4856 lege
754 4775 1405 4856 parvulumisciltﬁlium.
1434 4855 1440 4856 γ
1477 4783 1548 4856 "_‘°
1575 4783 1717 4856 iam.
1745 4775 1944 4835 omittit
1968 4782 2020 4838 5.
2097 4782 2471 4856 “generavit
2495 4783 2573 4856 5._
2622 4775 2897 4856 '{"_altera
2919 4782 2973 4836 5.
3042 4775 3112 4813 ⁷³⁵
3139 4780 3308 4835 tereia
3335 4793 3465 4834 vero

138 4870 145 4873 ·
181 4868 283 4921 pro
313 4870 369 4907 ιι.
395 4862 446 4907 a.
473 4853 526 4908 5.
602 4853 902 4909 mamma
941 4856 991 4910 1.
1034 4855 1088 4908 2.

1165 4849 1237 4886 7“
1266 4855 1467 4908 omittit
1491 4854 1543 4908 5.
1621 4852 1693 4885 7"
1718 4869 1751 4906 a
1787 4860 2076 4905 correctore
2117 4849 2357 4906 additum
2385 4853 2439 4907 2.
2470 4852 2667 4907 omittit
2694 4853 2745 4907 5.

1710 4962 1939 5019 NOTIE.

186 5077 249 5135 S.
279 5068 484 5149 Egidii
523 5077 827 5149 construxit
856 5076 1200 5149 dotavitque,
1236 5083 1297 5129 ut
1336 5083 1557 5149 apparet
1594 5091 1661 5149 ex
1684 5090 1778 5149 co-
1809 5081 1854 5134 D
1880 5072 2111 5149 ghiensi.
2139 5069 2363 5149 _C_f;_Bel.
2389 5068 2472 5149 l1;
2478 5068 2784 5149 pompend.
2812 5066 2988 5139 ﬂung.
3020 5068 3465 5140 geographicum,

184 5151 310 5231 dice
352 5146 716 5231 (iloda'viensi,
766 5147 890 5231 .qui‘
921 5146 1207 5231 ἰηπξινὸιιις

187 5291 311 5345 haec
370 5288 552 5353 habet,
595 5287 763 5344 manu
799 5304 870 5342 xv
910 5288 1094 5343 saeculi
1139 5287 1338 5356 scripta

1270 5160 1393 5216 pag.
1446 5145 1535 5211 56,
1570 5147 1665 5201 ubi
1720 5147 1776 5201 in

181 5218 468 5276 Chronico
507 5208 810 5288 Boguphali
859 5218 925 5273 de
969 5208 1487 5272 Wladisladsérmo
1514 5208 1776 5283 occurrit,

187 5291 311 5341 haec
370 5288 552 5341 habet.
597 5296 763 5341 manu
799 5304 870 5341 xv
910 5288 1094 5341 saeculi
1139 5287 1338 5341 scripta
1373 5305 1385 5340 :
1416 5284 1528 5339 Iste
1568 5286 1776 5341 Wladi-

187 5294 311 5345 haec
370 5294 552 5353 habet,
597 5296 763 5344 manu
799 5304 870 5342 xv
910 5294 1094 5343 saeculi
1139 5294 1338 5356 scripta
1373 5305 1385 5340 :
1416 5294 1528 5339 Iste
1572 5294 1779 5341 Wtadi-

186 5361 340 5429 slaus
366 5360 424 5414 in
451 5359 697 5413 honorem
714 5358 865 5429 beati
894 5357 1073 5429 Egidii
1095 5358 1296 5412 dotavit
1340 5364 1399 5429 et
1432 5356 1673 5429 fundavit
1694 5375 1781 5429 ec-

186 5426 411 5513 clesiam
442 5427 827 5513 parochialem.
858 5430 913 5482 in
938 5425 1229 5513 :Clodaluga,
1290 5425 1567 5513 ecclesiam
1619 5428 1779 5513 cq‘lle—

188 5503 396 5573 giatam
436 5496 493 5554 in
524 5500 770 5573 honorem
809 5499 950 5573 beati
988 5497 1179 5573 Egidii
1202 5496 1271 5573 _in_
1307 5496 1593 5573 Cracovia,
1611 5498 1777 5551 aliam

185 5566 529 5640 collegiatam
577 5571 633 5623 in
676 5567 948 5633 Lancicia,
996 5566 1352 5640 paroclzialem
1383 5566 1695 5640 inCrobya,
1732 5577 1781 5640 et

188 5638 530 5723 alias—plures
562 5641 617 5723 in
649 5640 897 5723 honorent
929 5638 1073 5723 beati
1105 5639 1286 5723 Egidii
1330 5638 1667 5723 confessoris,
1712 5638 1780 5723 ad

188 5708 542 5782 cujus'preces
583 5711 769 5764 habuit
796 5708 989 5780 ﬁlium.
1033 5708 1236 5764 Eodem
1278 5708 1520 5779 tempere
1548 5720 1600 5764 et
1627 5708 1785 5763 Ladi—

190 5783 479 5863 slausnre'x
528 5780 819 5863 [iungariae
864 5778 1116 5863 {undavit
1159 5778 1538 5863 abbatiani__S_.
1580 5779 1784 5863 ⁸Έἒείάῇ

190 5853 318 5910 0rd.
347 5848 407 5907 S.
434 5848 708 5909 Benedicti
763 5851 820 5906 in
876 5849 1156 5923 Hungaria
1198 5850 1256 5905 in
1312 5850 1569 5907 comitatu
1607 5848 1785 5907 semi-

1927 5144 2103 5200 osonii
2134 5141 2290 5208 1777,
2318 5156 2371 5211 p.
2404 5140 2527 5211 178.
2561 5138 2617 5193 S.
2790 5209 2807 5211 _
2916 5138 2957 5211 ί
3028 5138 3039 5211 ξ
3132 5138 3179 5211 ’λ
3304 5188 3308 5195 ,

1955 5214 2112 5339 (119ὲ
2144 5207 2341 5294 Errare
2362 5210 2604 5277 videtur;
2637 5210 2756 5292 dies
2783 5209 3042 5296 Stephani
3073 5209 3214 5333 regis
3247 5218 3365 5265 erat
3394 5207 3467 5264 20

1955 5302 2047 5339 ιιι..
2116 5283 2334 5339 tenham
2370 5289 2784 5339 nrotomartvns
2829 5281 2899 5334 2b
2944 5279 3068 5333 Dec.
3163 5295 3369 5339 osmas.
3402 5294 3463 5339 tl.

1883 5279 2047 5357 Aug,
2073 5279 2334 5357 Stephani
2366 5281 2784 5357 protomantyris
2829 5279 2899 5334 26
2944 5279 3068 5357 [)ec.
3118 5279 3369 5357 Casinas,
3402 5294 3463 5347 tl,

1884 5349 2192 5478 ὃξξηιιιινίιέ
2213 5349 2490 5407 Juditliam
2523 5351 2594 5405 25
2622 5349 2750 5407 Dec.
2790 5349 3084 5421 peperisse,
3119 5358 3173 5404 et
3214 5352 3288 5406 25
3332 5350 3461 5408 Dec.

1884 5441 1919 5478 ο
1958 5441 2106 5478 nsse.
2185 5463 2199 5477 .

1884 5426 2106 5482 abiisse.
2134 5426 2199 5478 K.

1959 5494 2109 5569 (129)
2148 5493 2283 5569 item
2300 5491 2605 5569 _Judit_ha_m.
2648 5491 2712 5546 K.

1954 5560 2102 5639 (121)
2139 5563 2378 5639 Annales
2402 5634 2416 5639 _
2441 5562 2795 5639 Ροιοιιοινιιλιιι⁸
2831 5560 3222 5639 Cracovienses
3279 5562 3468 5618 inediti

1920 5632 2125 5693 réeliuin
2176 5636 2281 5690 hoc
2335 5634 2438 5689 sub
2473 5647 2618 5686 anno
2661 5632 2800 5686 1090
2844 5640 3075 5701 ponunt,
3122 5633 3302 5697 locum
3336 5647 3467 5687 vero

1920 5655 2125 5693 ramum
2176 5655 2281 5690 noc
2335 5655 2438 5689 sun
2473 5655 2618 5686 anno
2661 5655 2800 5686 '1va
2845 5655 3075 5701 pullum,
3124 5655 3302 5697 locum
3337 5655 3463 5687 vero

1881 5655 2128 5762 Bsechen
2151 5702 2813 5777 appellantphodiernuﬂm
2843 5710 2904 5755 ut
2932 5702 3154 5777 videtur
3188 5703 3463 5777 Pszczew.

1892 5777 2129 5842 Betscbe,
2158 5770 2327 5846 prope
2347 5773 2726 5846 Mizdryrzecz,
2744 5770 3084 5846 'Meseriz_._S.
3113 5772 3466 5830 Recentiorcs

1892 5849 1997 5905 hoc
2022 5840 2175 5903 anno
2197 5840 2329 5901 1001
2366 5840 2565 5902 factum
2596 5856 2716 5898 esse
2732 5850 2946 5916 putant.
2974 5840 3039 5898 K.
3110 5895 3115 5899 .
