3956 6462
474 354 583 412 887
1688 350 2059 410 CHRONICIE
2098 350 2547 411 POLONORUM.
3649 353 3738 412 888

468 465 635 537 quod,
668 466 712 521 si
738 464 975 521 Zetheus
992 474 1183 519 eurum
1205 462 1361 518 alteri
1379 462 1784 519 machinaretur
1806 464 2054 532 insidias,
2088 466 2131 525 Α
2157 473 2284 520 slrw
2321 466 2449 536 ﬁdei
2478 466 2648 539 (151),
2700 470 2855 529 cives.
2893 466 3160 522 stabilitas
3204 465 3528 521 inviolabilis
3557 468 3737 523 nostris

471 559 796 614 alter‘alteri
822 558 1110 615 subvenire
1136 574 1264 614 cum
1293 550 1423 613 totis
1451 556 1662 613 viribus
1697 557 1815 613 suis
1855 556 2059 613 nullius
2161 558 2578 613 antecessoribus
2603 560 2871 630 nobisque,
2902 559 3022 614 licet
3044 559 3304 629 parvulis,
3336 567 3463 612 nota
3496 559 3680 628 fuisset
3695 570 3736 614 et

464 667 634 709 morae
664 652 1232 724 pateretur’indueias.
1258 651 1501 722 Contigit
1531 659 1737 717 autem,
1764 650 1950 706 nescio
1972 651 2058 705 vel
2108 714 2113 717 ἓ
2157 660 2393 720 experta,
2466 667 2797 722 nequaquam
2852 651 3074 722 puerilis
3141 653 3319 708 astatis
3366 649 3735 718 imbecillitas,

462 744 756 800 calliditate
782 746 865 800 vel
893 746 971 801 rei
996 746 1242 812 veritate,
1278 744 1473 800 ducem
1508 741 1903 798 Wladislavum
1945 741 2053 798 Bo-
2158 746 2323 799 tantis
2349 745 2748 799 calamitatibus
2777 752 3062 811 attentata,
3096 752 3273 814 totque
3299 741 3626 814 [actionibus
3646 742 3740 795 ini-

461 835 666 892 lezlavo
692 838 862 908 puero
901 838 1269 902 mandavisse,
1293 852 1353 891 se
1380 834 1653 890 Bohemos
1674 833 1728 887 in
1765 832 2055 891 Poloniam
2155 837 2411 890 micorum
2436 837 2665 907 agitata,
2706 844 2871 890 totam
2898 835 3091 906 refugii
3118 851 3264 906 spem
3297 836 3353 888 in
3381 833 3530 888 vobis
3555 842 3605 887 et
3626 848 3736 886 con-

460 929 781 986 introituros
813 928 904 998 m,
936 931 1172 1001 praedam
1223 929 1467 986 facturos
1499 931 1570 985 ab
1612 931 2054 1003 exploratoribus
2152 929 2265 983 silii
2295 930 2574 999 posuisset.
2615 927 2719 983 Sed
2750 936 2933 982 notum
2955 930 3161 981 constat
3201 927 3399 981 exteris
3441 923 3735 979 nationibus

457 1019 754 1090 audivisse,
787 1032 1119 1095 quapropter
1145 1031 1421 1094 oporteret
1443 1039 1568 1079 cum
1592 1025 1661 1079 ad
1689 1024 1870 1079 locum
1894 1023 2049 1079 citis-
2102 1095 2119 1108 .
2146 1031 2200 1079 et
2228 1023 2558 1093 propinquis,
2598 1038 2686 1076 vos
2718 1023 2889 1077 multa
2924 1038 3192 1092 perpessos
3236 1038 3331 1091 pro
3367 1019 3588 1075 insidiis
3625 1019 3737 1074 vite

457 1111 597 1169 sime
626 1113 1047 1170 determinatum
1076 1130 1391 1186 properare,
1418 1126 1473 1171 et
1502 1116 1730 1172 comites
1757 1116 1844 1172 sui
1874 1114 2047 1170 duca~

454 1215 565 1275 tus,
589 1223 730 1279 quos
753 1207 989 1265 Zetheus
1016 1207 1331 1279 praefecerat
1355 1216 1410 1265 et
1437 1209 1491 1263 in
1522 1210 1724 1280 quibus
1754 1224 1893 1280 puer
1923 1208 2048 1262 nul-

454 1299 669 1356 latenus
701 1300 1027 1368 confidebat,
1054 1302 1109 1356 in
1136 1290 1403 1357 auxilium
1437 1302 1722 1359 advbcare.
1751 1301 1895 1358 Puer
1915 1315 2045 1357 vero

452 1393 696 1464 paternis
720 1390 1065 1465 jussionibus
1084 1395 1368 1463 credulus,
1383 1395 1453 1451 ad
1478 1395 1660 1470 locum
1680 1394 2047 1452 constitutum

451 1481 577 1541 cum
604 1487 721 1543 suis
742 1484 1146 1544 collatoralibus
1175 1488 1251 1521 ’δ’
1272 1486 1508 1545 festinus
1541 1488 1613 1524 ³⁸³
1641 1487 1921 1558 nichilque
1940 1486 2044 1543 du»

449 1576 632 1634 bitans
662 1574 965 1647 incedebat,
998 1580 1093 1636 sed
1114 1595 1241 1635 eum
1265 1594 1330 1636 eo
1359 1587 1541 1635 tamen
1578 1593 1763 1635 comes
1789 1577 2044 1651 Woysla-

448 1686 573 1737 vus,
607 1672 694 1725 cui
716 1679 837 1727 erat
863 1673 1215 1741 commissus,
1242 1686 1352 1727 non
1384 1671 1665 1743 pergebat.
1700 1670 1851 1729 Unde
1894 1688 2040 1729 unus

447 1761 516 1816 ad
539 1762 707 1817 alium
752 1763 984 1819 invicem
1015 1774 1388 1833 susurrantes,
1416 1774 1602 1837 utpote
1626 1765 1843 1836 signum
1867 1766 2038 1821 tradi—

445 1850 614 1906 tionis
640 1852 1025 1922 suspicantes:
1056 1851 1181 1908 Non
1212 1871 1288 1922 es,
1336 1854 1667 1925 inquientes,
1714 1856 1828 1911 sine
1869 1872 2037 1911 causa

443 1942 690 2013 periculi,
717 1943 859 2015 quod
874 1953 1028 2015 pater
1057 1953 1180 1999 tuus
1205 1953 1258 2000 te
1270 1947 1521 2017 praecepit
1548 1945 1618 1998 ad
1642 1944 1819 2001 locum
1843 1945 2035 2002 solitu-

443 2032 586 2087 dinis
610 2034 906 2102 ambulare,
928 2042 979 2089 et
1000 2035 1316 2090 insidiantes
1342 2038 1466 2092 vita:
1511 2047 1617 2094 tua:
1646 2036 1831 2093 Zethei
1866 2038 2033 2109 fami-

441 2123 602 2179 liares
639 2134 689 2179 et
730 2127 929 2180 amicos
957 2126 1087 2180 illuc
1117 2127 1179 2181 in
1199 2127 1463 2182 auxilium
1499 2130 1781 2185 advocare.
1821 2129 2033 2187 Scimus

439 2217 580 2271 enim
605 2226 657 2272 et
685 2219 821 2273 certi
856 2230 1060 2287 sumus,
1093 2220 1219 2291 quia
1263 2219 1487 2276 Zetlteus
1540 2231 1707 2277 totam
1732 2224 2031 2295 progeniem

440 2316 591 2382 teque
618 2312 692 2344 ’⁸⁵
733 2314 965 2368 maxime
1009 2315 1220 2380 nititur,
1254 2327 1309 2368 ut
1358 2316 1597 2371 heredem
1640 2319 1816 2390 regni,
1858 2318 2030 2373 modis

437 2403 679 2458 omnibus
709 2405 937 2473 abolere,
968 2408 1212 2479 solusque
1235 2417 1400 2464 totam
1428 2410 1523 2464 sub
1554 2428 1713 2466 manu
1761 2430 1859 2466 sua
1899 2430 2028 2485 cop-

438 2503 548 2548 tam
570 2495 856 2553 Poloniam
888 2502 1130 2567 retinere,
1175 2501 1388 2573 insuper
1409 2503 1480 2535 9”
1513 2505 1677 2558 etiam
1711 2504 2027 2575 Woysiavus

435 2598 624 2652 comes,
648 2590 736 2642 cui
755 2591 1029 2646 commissi
1045 2608 1247 2659 sumus,
1264 2594 1355 2664 qui
1371 2594 1695 2666 propinquus
1711 2606 1787 2650 est
1810 2595 2022 2665 Zetheo,

433 2679 707 2734 nobiscum
724 2682 910 2751 procul
934 2684 1095 2738 dubio
1111 2686 1427 2753 advenisset,
1456 2690 1511 2741 ni
1531 2688 1601 2719 9“
1627 2689 2023 2744 machinamen-

435 2782 548 2826 tum
581 2774 797 2845 aliquod
824 2777 973 2831 nobis
998 2778 1115 2846 ﬁeri
1135 2781 1477 2850 cognovisset.
1522 2780 1667 2836 Unde
1692 2783 1902 2849 necesse
1921 2793 2020 2850 est,

431 2864 690 2920 citissime
709 2883 803 2920 nos
826 2868 1106 2923 consilium
1132 2871 1347 2943 aliquod
1368 2873 1618 2941 invenire,
1639 2892 1741 2946 quo
1762 2878 2023 2946 possimus

429 2954 577 3008 istud
603 2956 895 3026 periculum
927 2960 1074 3015 nobis
1096 2961 1374 3018 imminens
1399 2966 1689 3035 praeterire.
1721 2964 1818 3021 His
1839 2966 2021 3034 dictis,

428 3064 567 3118 puer
590 3048 909 3107 Bolezlavus
936 3054 1418 3112 vehementissime
1444 3059 1740 3127 metuebat,
1766 3067 2021 3130 totusque

2150 1123 2345 1168 nostra:
2364 1114 2435 1155 9"
2464 1115 2944 1170 machinationibus
2975 1116 3041 1169 ab
3070 1115 3198 1182 hiis,
3236 1115 3331 1185 qui
3361 1112 3738 1168 successionem

2147 1211 2316 1265 nostri
2342 1211 2544 1281 generis
2576 1212 2821 1266 nituntur
2840 1211 3048 1281 penitus
3075 1209 3284 1265 abolere
3306 1208 3739 1276 dominorumqve

2145 1302 2478 1357 naturalium
2499 1301 2843 1358 hereditatem
2858 1301 3042 1356 ordine
3058 1309 3379 1372 prcepostero
3391 1299 3732 1368 distorquere.

2145 1392 2499 1466 Quapropter,
2524 1394 2652 1464 quia
2665 1394 2811 1447 senio
2824 1392 2941 1463 jam
2968 1391 3235 1463 confectus
3264 1390 3473 1462 genitor
3491 1395 3672 1443 noster
3692 1396 3734 1442 et

2141 1486 2481 1558 inﬁmitate,
2503 1484 2608 1541 sibi
2641 1485 2889 1556 nobisque
2924 1482 3004 1539 vel
3044 1483 3240 1554 patric
3284 1481 3462 1535 minus
3490 1476 3737 1550 prcvalct

2139 1564 2446 1650 praevidere,
2477 1575 2832 1632 necessarium
2873 1582 2974 1643 est,
3013 1589 3107 1629 nos
3148 1573 3205 1627 in
3244 1580 3426 1626 nostro
3477 1570 3646 1640 fretos
3670 1566 3737 1602 ⁸⁸⁸

2138 1670 2389 1743 praesidio
2414 1669 2625 1742 gaudiis
2648 1667 3052 1722 ambitiosorum
3075 1664 3155 1721 vel
3188 1662 3469 1734 maleﬁciis
3501 1660 3734 1727 interire,

2138 1762 2218 1819 vel
2241 1764 2297 1817 in
2317 1762 2541 1817 exilium
2568 1761 2826 1833 fugientes
2847 1758 2977 1831 ﬁnes
3001 1756 3246 1814 Poionie
3267 1754 3543 1811 transilire
3558 1770 3585 1820 ί
3608 1752 3735 1809 unde

2136 1864 2366 1910 vestrum
2393 1853 2684 1925 dignemini
2715 1852 2864 1927 nobis
2899 1852 3138 1906 animum
3171 1848 3405 1920 aperire,
3430 1847 3482 1901 si
3526 1860 3735 1900 manere

2136 1946 2296 2003 liceat
2315 1945 2394 2001 uel
2418 1945 2482 2000 de
2508 1945 2689 2016 patria
2710 1960 2805 1999 nos
2833 1940 3120 1998 cxirand
3152 1941 3271 1998 haec
3294 1936 3602 1997 multitudo
3628 1944 3731 1994 tota

2136 2037 2688 2105 Wratislaviensium,
2706 2036 2898 2093 dolore
2942 2034 3130 2093 cordis
3176 2033 3516 2091 intrinsecus
3573 2037 3734 2095 tacta,

2132 2133 2410 2205 paulisper
2464 2130 2779 2203 conquievit
2825 2129 2931 2199 ⁹⁶⁷,
2980 2141 3388 2199 erumpensque
3441 2123 3635 2183 statim
3677 2123 3728 2178 in

2130 2240 2344 2291 vocem,
2395 2223 2753 2278 nitentionem
2799 2229 2982 2277 mente
3025 2227 3349 2289 conceptam
3398 2214 3731 2271 unanimiter

2132 2334 2260 2374 eum
2278 2314 2721 2389 aﬂ'cctupyetatis
2743 2315 2995 2386 aperuit:
3013 2312 3127 2369 Nos
3146 2310 3727 2385 quidem,inquientes,
3774 2384 3777 2387 ἤ

2130 2410 2288 2481 ﬁdem
2303 2420 2509 2465 servare
2520 2409 2761 2464 volumus
2781 2408 2997 2462 domino
3012 2414 3195 2461 nostra
3218 2405 3481 2471 naturali,
3494 2405 3639 2475 patri
3651 2420 3728 2458 oe-

2127 2514 2260 2573 stro,
2271 2504 2398 2557 dum
2410 2504 2599 2558 vixerit
2621 2502 2714 2572 ⁸⁸³,
2728 2518 2820 2557 nec
2831 2501 2945 2571 ejus
2957 2500 3127 2555 soboli
3137 2499 3441 2570 deﬁcimus
3450 2540 3465 2563 ,
3479 2496 3730 2568 quamdiu

2128 2595 2275 2650 nobis
2296 2604 2470 2650 status
2498 2594 2677 2649 vitalis
2710 2594 2948 2664 a/fuerit.
2996 2590 3179 2663 Igitur
3213 2592 3279 2646 de
3330 2591 3483 2645 nobis
3528 2588 3728 2643 nullam

2126 2689 2473 2761 diﬂidentiam
2501 2687 2763 2755 habetote,
2785 2686 2877 2741 sed
2901 2686 3137 2741 exercitu
3159 2695 3499 2756 congregato,
3520 2683 3592 2737 ad
3636 2700 3731 2738 cu—

2125 2786 2261 2841 riam
2283 2786 2453 2855 patris
2484 2784 2682 2839 armati
2703 2790 3001 2854 properate,
3034 2779 3211 2850 ibique
3241 2777 3392 2833 salva
3437 2777 3724 2832 reverentia

2123 2888 2366 2949 paterna,
2390 2887 2614 2932 uestram
2659 2876 2915 2947 injuriam
2953 2874 3237 2929 vindicate.
3266 2871 3402 2939 Quae
3423 2872 3558 2927 dum
3581 2870 3727 2926 dice-

2123 2968 2342 3035 bantur,
2370 2976 2425 3023 et
2442 2967 2805 3039 jurejurando
2826 2983 2854 3021 a
2878 2966 3090 3021 civibus
3113 2963 3501 3031 ﬁrmabantur,
3525 2962 3715 3034 Woys-

2121 3059 2277 3116 lavus
2287 3075 2494 3128 comes,
2506 3058 2599 3130 qui
2614 3073 2843 3129 puerum
2857 3056 3201 3110 Bolezlavutn
3215 3053 3515 3120 nutriebat,
3531 3054 3597 3109 de
3616 3054 3726 3108 'ser-

428 3141 630 3197 sudore
653 3146 1005 3203 manantibus
1025 3148 1298 3205 adluebat.
1321 3150 1558 3222 Accepto
1603 3151 1787 3223 itaque
1815 3169 2013 3209 convc—
2041 3168 2085 3229 (ζ
2116 3152 2249 3210 vitio
2274 3167 2375 3209 suo
2395 3151 2666 3219 veniebat,
2687 3159 2743 3205 et
2766 3164 2889 3221 quas
2912 3147 3113 3203 ﬁebant
3154 3145 3464 3218 ignorabat.
3496 3144 3601 3214 Qui
3625 3162 3722 3201 su-

426 3234 597 3289 nienti
645 3237 782 3293 satis
824 3240 1088 3308 consilio,
1140 3244 1440 3298 secundum
1484 3245 1764 3315 ingenium
1810 3248 2057 3316 puerile
2124 3254 2345 3318 spectus
2367 3244 2695 3318 proditionis
2743 3243 2815 3298 ob
2855 3240 3605 3312 Zetheiconsanguinitatem
3637 3247 3722 3295 est

425 3327 692 3385 velucitus
717 3330 785 3384 ad
808 3330 1163 3404 Zbigncvum,
1197 3345 1258 3391 ut
1287 3336 1352 3391 ad
1382 3353 1442 3393 se
1465 3352 1591 3393 cum
1622 3339 1741 3395 suis
1787 3350 2021 3411 quanto-

425 3419 589 3475 citius
610 3419 665 3475 in
697 3421 963 3478 auxilium
992 3436 1327 3496 properaret,
1355 3444 1485 3484 cum
1516 3429 1679 3500 signo
1720 3432 2022 3487 constituto

426 3512 870 3583 transmiserunt,
896 3517 1111 3588 ipsique
1150 3520 1336 3574 statim
1380 3521 1448 3576 ad
1492 3521 1683 3577 urbem
1723 3522 2018 3580 Wratisla-

423 3602 666 3660 viensem
716 3607 807 3675 ⁸⁸⁷,
862 3624 932 3665 ne
970 3621 1446 3683 prmoccuparetur
1486 3614 1556 3669 ab
1605 3615 2020 3673 insidiatoribus

421 3697 604 3751 aemuli
632 3697 932 3756 redierunt.
958 3701 1263 3774 Regressus
1283 3721 1413 3777 ergo
1426 3706 1497 3741 °"
1519 3722 1654 3777 puer
1675 3707 2015 3778 Boleslavus,

421 3787 694 3859 imprimis
748 3793 988 3864 majores
1043 3803 1100 3851 et
1147 3797 1395 3854 seniores
1422 3798 1662 3856 civitatis
1697 3801 1771 3832 m
1821 3802 2020 3859 deinde

421 3886 595 3936 totum
650 3886 911 3954 populum
952 3887 1007 3941 in
1054 3889 1379 3946 concionem
1436 3891 1743 3961 advocavit,
1800 3894 2014 3966 eisque,

418 3987 559 4042 quas
592 3990 623 4029 a
658 3969 883 4032 Zetbeio
932 3978 1238 4048 patiebatur
1268 3981 1498 4039 insidias
1535 3999 1602 4039 ex
1642 3984 1836 4040 ordine
1876 3987 2018 4043 sicut

419 4079 558 4134 puer
594 4082 722 4121 cum
767 4068 1027 4140 lacrymis
1073 4073 1367 4129 enarravit.
1422 4073 1539 4131 illis
1581 4091 1613 4131 e
1660 4085 1855 4133 contra
1904 4094 2018 4149 pra:

417 4166 635 4228 pyetate
655 4160 812 4228 pueri
842 4161 1288 4231 lacrimantibus,
1337 4176 1393 4223 et
1444 4168 1585 4224 iram
1622 4169 2017 4242 indignationis

418 4248 477 4302 in
537 4248 801 4306 Zetheum
854 4253 1141 4311 absentem
1178 4258 1363 4314 verbis
1394 4259 1464 4291 ’°°
1512 4260 1896 4331 ignominiosis
1923 4262 2013 4334 ja-

416 4343 719 4412 ctantibus,
763 4344 1069 4419 Zbignevus
1123 4366 1249 4406 cum
1279 4353 1497 4421 paucis,
1528 4354 1770 4411 nondum
1808 4357 1878 4390 ’“
1900 4357 2016 4413 col-

2122 3336 2364 3403 habitus,
2396 3344 2450 3390 et
2479 3334 2756 3390 civitatem
2780 3332 3008 3389 introire
3049 3330 3325 3401 rebusque
3349 3345 3508 3400 pueri
3541 3328 3721 3399 provi-

2120 3429 2249 3485 dere
2274 3428 2601 3500 prohibitus.
2631 3426 2730 3482 Illo
2750 3434 2933 3482 autem
2972 3423 3403 3482 satisfactionem
3437 3421 3719 3494 proferen-

2121 3529 2294 3588 te,se,
2326 3520 2376 3577 si
2422 3519 2555 3590 quid
2594 3517 2987 3575 controversia
3034 3515 3349 3589 contigerit,
3393 3515 3714 3581 nescivisse,

2120 3610 2437 3668 satisfacere
2484 3610 2753 3666 volentem
2794 3623 2999 3680 eosque
3041 3608 3473 3679 subsequentem
3523 3622 3716 3679 nequa-

2119 3720 2284 3775 quam
2311 3702 2466 3775 pueri
2511 3712 2645 3758 tunc
2667 3701 2933 3773 temporis
2976 3700 3047 3733 ⁸⁸⁸
3091 3708 3445 3771 receperunt,
3484 3699 3580 3755 sed
3621 3699 3714 3754 ob-

2120 3796 2267 3853 viam
2296 3795 2437 3867 patri
2464 3795 2693 3852 collecta
2739 3793 3087 3849 multitudine
3112 3802 3525 3864 processerunt.
3552 3791 3715 3865 igitur

2118 3893 2230 3948 dux
2258 3890 2631 3948 Wladislavus
2669 3891 2900 3963 ejusque
2947 3889 3045 3945 filii
3094 3889 3151 3945 in
3193 3891 3316 3946 loco
3359 3888 3456 3961 qui
3518 3888 3711 3944 dicitur

2123 3983 2491 4055 Zarnowyecz
2526 3983 2597 4015 "°
2623 3982 2799 4054 (152),
2828 3982 3094 4054 seiunctis
3141 3982 3270 4038 filiis
3306 3998 3337 4037 a
3362 3991 3541 4054 patre,
3592 3996 3706 4037 cum

2117 4075 2453 4133 exercitibus
2474 4076 2860 4143 consederunt,
2913 4074 3099 4146 ibique
3132 4074 3342 4132 diutius
3384 4074 3532 4131 inter
3553 4090 3613 4130 se
3634 4073 3702 4129 le»

2116 4167 2429 4239 gationibus
2455 4167 2801 4233 altercantes,
2832 4166 2923 4221 vix
2959 4166 3178 4222 tandem
3215 4167 3284 4198 ’⁷³
3312 4166 3569 4222 consiliis
3589 4179 3703 4236 pro-

2117 4278 2307 4319 eorum
2340 4262 2616 4334 minisque
2631 4263 2897 4333 juvenum
2930 4262 3192 4318 Zetheum
3215 4262 3495 4318 dimittere
3526 4277 3698 4318 senem

2114 4354 2270 4424 pueri
2300 4364 2617 4427 coegerunt.
2664 4353 2834 4410 Aiunt
2876 4356 3043 4411 etiam
3096 4362 3309 4426 patrem
3354 4354 3431 4411 ibi
3467 4354 3599 4411 filiis
3618 4354 3698 4425 ju-

414 4428 554 4484 lecta
604 4431 971 4511 multitudine,
1026 4437 1373 4508 properando
1408 4440 1479 4497 m
1524 4440 1845 4510 adveniens,
1888 4458 2014 4499 ora-
2045 4513 2073 4517 ι
2116 4462 2267 4503 rasse
2295 4462 2579 4517 nunquam
2613 4461 2670 4501 se
2695 4445 2959 4517 deinceps
2998 4461 3127 4501 eum
3179 4445 3248 4501 ad
3279 4445 3550 4501 honorem
3602 4443 3697 4515 pri-

413 4518 617 4576 tionem
649 4521 853 4592 fratris,
885 4534 945 4581 ut
983 4527 1259 4586 litteratus
1290 4537 1347 4586 et
1382 4529 1563 4601 major
1598 4539 1777 4598 atate,
1825 4534 2012 4590 retho—
2044 4513 2090 4571 ί)
2116 4539 2322 4594 stinum
2372 4513 2652 4596 revocare.
2706 4538 2786 4593 Ad
2837 4513 3081 4596 castrum
3103 4539 3287 4610 itaque
3339 4538 3427 4594 sui
3471 4513 3695 4594 nominis

412 4611 527 4668 rice
579 4615 877 4684 coloravit,
922 4635 988 4674 ac
1038 4619 1112 4659 9“
1158 4622 1417 4691 populum
1464 4624 1890 4679 tumultuantem
1941 4626 2010 4682 ad

410 4702 724 4762 ﬁdelitatem
749 4707 934 4765 fratris
964 4718 1018 4766 et
1046 4713 1488 4768 contrarietatem
1526 4714 1709 4769 Zethei
1735 4714 2011 4773 loculenta

408 4796 658 4854 oratione
679 4798 752 4832 '“
795 4803 1044 4873 sequenti
1087 4805 1439 4861 vehementer
1469 4806 1768 4864 animavit:
1793 4806 1871 4862 Ni
1920 4826 2006 4864 ve-

2118 4630 2319 4686 Zetlieo
2341 4630 2604 4703 fugiente,
2626 4632 2693 4687 ad
2721 4639 2933 4702 patrem
2978 4628 3177 4686 fratres
3226 4630 3514 4685 humiliter
3559 4629 3692 4683 incr-

2117 4737 2235 4778 mcs
2256 4729 2311 4779 et
2330 4723 2543 4794 pacifici
2568 4731 2947 4794 perrexerunt,
2972 4722 3134 4805 eique
3152 4738 3261 4777 non
3288 4721 3589 4788 utdomini,
3609 4718 3690 4775 sed

2115 4822 2177 4870 ut
2201 4815 2405 4872 milites
2432 4817 2518 4871 vel
2546 4815 2689 4871 servi
2719 4831 2881 4872 suum
2923 4814 3249 4886 obsequium
3279 4816 3473 4886 pronis
3519 4811 3691 4870 menti-

1741 4961 1969 5019 VARIE
2008 4963 2417 5031 LECTIONES.

478 5089 547 5122 ⁸⁸⁸
602 5089 939 5148 introaturos
992 5093 1043 5147 1.
1155 5095 1227 5127 ⁹⁸²
1277 5096 1630 5154 collateribus
1678 5097 1732 5152 2.

1847 5099 1918 5132 ³⁵³
1941 5099 2207 5157 festinans
2236 5101 2290 5157 2.

2407 5105 2480 5144 ’⁵⁸
2515 5104 2649 5161 te2.
2765 5104 2841 5146 ⁸⁸⁸
2912 5114 2967 5162 et
2995 5107 3347 5174 anteponit'2.
3461 5107 3531 5140 ’“
3559 5108 3609 5163 in
3636 5106 3677 5161 1.

405 5158 658 5247 ’I’i‘vcrba
682 5161 914 5247 infraue
934 5162 1464 5243 Wratislavienstbus
1499 5168 1645 5247 dicta
1677 5168 1733 5228 2.
1765 5186 1956 5247 errore
1979 5170 2162 5242 lapsus
2200 5173 2297 5228 hoc
2347 5174 2461 5230 loco
2482 5158 2681 5247 posuit,
2705 5175 2801 5231 sed
2826 5158 2963 5231 dein
2982 5158 3446 5232 lineartransbersa
3474 5158 3682 5233 delevit}

404 5230 1155 5320 :l‘qlorchordi-sin‘trinﬁcus
1198 5246 1364 5305 tacta,
1406 5240 1686 5320 paulisper
1727 5241 2004 5307 convenit,
2036 5230 2842 5320 'erumpensque'statimﬂ”?
2872 5230 3678 5320 igitur2.”"icivitates'tii

405 5300 475 5333 “°
514 5302 708 5356 urbem
759 5304 810 5356 1.
857 5304 909 5357 2.

505 5304 708 5382 urbem
741 5304 810 5382 At.
857 5304 938 5382 ᾖ.-
987 5304 1059 5337 ⁵⁸⁸
1113 5322 1226 5382 non
1271 5304 1531 5382 cum'i2._
1570 5304 1642 5345 ’³⁸
1703 5304 2165 5382 properantes'2.
2210 5304 2318 5350 ’⁸⁸³
2349 5304 2407 5371 a't
2456 5318 2507 5372 1.
2570 5319 2626 5374 2.

404 5372 628 5460 racione
868 5374 938 5460 θέε
971 5384 1149 5460 vgstre
1179 5381 1229 5434 1.
1261 5381 1314 5436 2.
1343 5380 1635 5460 ‘mufreti
1677 5372 1727 5436 l'.
1767 5372 1825 5434 2:
1895 5383 1984 5460 “’_
2013 5384 2273 5460 co_nvenit
2309 5387 2358 5442 1.
2393 5388 2446 5442 2.
2525 5372 2768 5442 θεο-γὶχίι
2820 5389 2872 5443 1.
2908 5389 2964 5460 2.
3002 5372 3103 5460 ast
3135 5372 3322 5460 sensus
3366 5372 3417 5445 et

2701 5316 2773 5350 '“
2814 5316 3300 5386 ita'corrczimus;
3373 5321 3675 5374 luculentam

2701 5387 2768 5441 tit
2820 5389 2872 5441 1.
2908 5389 2964 5441 2.
3002 5397 3086 5441 ast
3135 5405 3322 5441 sensus
3366 5399 3417 5441 et
3463 5390 3674 5441 ruthmus

3525 5400 3674 5443 ιηηιιιε

403 5441 603 5496 vixerit
637 5443 928 5512 postulant.
1004 5445 1083 5489 ³⁸⁸
1102 5459 1316 5524 tempus
1341 5452 1394 5506 2.
1475 5453 1544 5484 97°
1574 5451 1923 5508 Sarnovuecz
1962 5452 2013 5507 1.
2057 5441 2459 5530 Czarnowyecr
2488 5441 2661 5531 potest
2691 5441 2894 5532 quoque
2915 5441 3120 5531 legit
3140 5441 3603 5518 'V‘V’viitantuniieui
3625 5458 3671 5512 2.

1951 5607 2180 5665 NOTAE.

478 5735 631 5863 ’lbl)
656 5824 659 5825 ν
680 5735 812 5791 Sall.
850 5738 953 5820 (Pat
980 5740 1071 5794 90.
1101 5740 1158 5795 S.
1831 5816 1841 5828 .

510 5806 979 5863 l52lAdlluv1um
1013 5809 1205 5863 Notae.
1253 5811 1442 5863 Νεῖλε.
1496 5830 1606 5863 non
1649 5812 1841 5863 Czarm

607 5808 979 5880 )Adlluvium
1013 5809 1205 5884 Notec,
1253 5811 1442 5885 Νεῖλε,
1496 5830 1607 5871 non
1649 5812 1990 5886 Czarnikow,

2106 5748 2347 5873 pativglt
2397 5746 2614 5806 Stenzel
2668 5749 2875 5811 Chron.
2936 5750 3113 5823 princ.
3142 5750 3286 5827 -Pol.
3340 5751 3527 5827 p368.
3579 5763 3643 5806 no
