3956 6408
191 334 282 393 88$
1470 327 1673 384 LIBER
1708 326 2095 383 SECUNDUS.

3327 335 3437 398 890

191 453 280 507 bus
303 453 352 503 et
390 460 514 501 cerv
547 443 691 500 tibus
744 443 1078 500 obtulerunt.
1127 442 1325 514 Sicque
1371 451 1525 513 pater
1569 451 1625 498 et
1652 443 1746 498 filii
1779 447 1821 504 Α
1852 441 2107 506 exivisse,
2131 455 2333 511 eosque
2355 449 2544 496 contra
2573 441 2746 513 Zutok
2771 443 3106 516 (155l,regni
3128 450 3434 507 custodiam

189 540 455 610 cunctique
479 551 730 608 proceres
755 537 984 604 couniti,
1016 535 1276 591 Zetheum
1334 533 1631 606 fugientem
1679 535 1746 590 ad

189 633 444 690 castellum
472 629 618 701 quod
642 627 845 684 fecerat
869 645 993 684 cum
1029 636 1142 683 toto
1173 627 1415 683 exercitu
1449 635 1575 683 sunt
1598 643 1750 683 secu-

186 727 240 782 ti.
269 722 431 790 Quem
468 721 599 775 dum
623 719 876 791 persequi
918 727 972 775 et
1029 728 1182 782 extra
1233 727 1434 773 terram
1479 719 1748 789 expellere

186 829 402 872 conaren
431 828 512 878 ar,
544 811 659 881 ipse
681 811 794 865 dux
824 819 1009 877 noctu,
1034 827 1160 866 cum
1190 811 1389 865 lectulo
1429 826 1530 865 suo
1561 810 1746 881 requi-

183 920 348 963 escere
368 912 668 974 putarctur,
701 902 919 958 nemine
946 919 1172 959 suorum
1207 901 1451 968 conscio,
1495 917 1618 956 cum
1648 901 1747 956 tri-

181 1000 272 1055 bus
293 1009 350 1053 ex
367 997 527 1066 ceptis
551 995 916 1051 familiaribus
956 996 1253 1051 exercitum
1300 995 1527 1050 latenter
1557 993 1747 1050 exiens

182 1093 259 1159 m,
283 1108 310 1146 a
378 1090 636 1144 Zetheum
660 1105 725 1144 ex
753 1089 920 1144 altera
951 1098 1104 1160 parte
1132 1088 1334 1162 Wyslae
1357 1089 1596 1144 fluminis
1619 1103 1746 1143 cum

183 1182 808 1240 navieulatransmeavit.
870 1179 1026 1237 Unde
1086 1183 1267 1238 cuncti
1308 1195 1566 1252 proceres
1605 1179 1748 1234 indi-

181 1275 310 1349 gnati
331 1275 669 1341 asserebant,
694 1275 822 1346 quia
845 1274 916 1307 ’⁷³
938 1273 1190 1331 deserere
1213 1275 1354 1330 filios
1377 1283 1566 1346 totque
1590 1273 1748 1344 prin-

182 1387 207 1424 c
260 1384 312 1425 es
337 1383 459 1423 cum
491 1367 736 1422 exercitu
761 1384 869 1423 non
892 1375 978 1423 est
1029 1368 1292 1439 sapientis
1332 1369 1426 1424 sed
1454 1366 1746 1423 consilium

179 1459 459 1526 delirantis,
497 1459 796 1531 statimque
838 1458 986 1515 facto
1011 1461 1240 1516 consilio
1265 1460 1336 1493 ’⁷⁸
1363 1459 1744 1525 decreverunt,

179 1564 425 1627 quatenus
479 1553 802 1610 Bolezlavus
833 1552 1094 1610 Sudomir
1141 1555 1289 1626 (I55)
1312 1564 1366 1611 et
1388 1553 1635 1622 Cracow,
1667 1568 1748 1609 se-

178 1648 261 1703 des
286 1645 430 1717 regni
453 1645 787 1716 principales
812 1655 866 1701 et
895 1647 1174 1716 proximas
1201 1655 1513 1717 occuparet,
1543 1659 1748 1718 easque

179 1740 414 1796 fidelitate
438 1748 658 1810 recepta
701 1738 758 1794 in
785 1738 1091 1796 dominium
1130 1740 1456 1811 possideret,
1513 1738 1747 1812 Zbigne-

1849 547 1904 593 et
1929 537 2137 592 clavem
2165 535 2256 602 ⁸⁸⁸,
2283 543 2524 590 castrum
2560 535 2631 568 ’“
2659 538 2969 607 Oppositum
3013 541 3274 598 erexisse.
3305 541 3438 600 Erat

1848 631 1994 685 enim
2035 637 2274 684 castrum
2323 643 2524 683 novum
2575 629 2650 684 ita
2700 629 2869 685 altum
2901 639 2956 687 et
3002 632 3076 687 ita
3120 634 3432 704 proximum

1848 721 2185 788 Christianis,
2214 720 2361 792 quod
2407 736 2469 775 ca
2526 737 2647 792 quae
2684 723 3002 779 dicebantur
3031 735 3085 781 et
3138 727 3338 783 ﬁebant
3376 727 3436 783 in

1849 811 2022 867 Zutok
2045 820 2098 867 et
2124 811 2300 866 audiri
2322 821 2376 866 et
2425 811 2595 866 videri
2631 812 2802 878 _bene
2848 824 3098 886 poterant
3129 833 3161 872 a
3206 818 3434 889 paganis

1848 905 1938 960 ⁸⁸⁷.
1971 904 2482 976 lgituerigncvus,
2504 921 2671 975 quum
2701 905 2772 937 ⁸⁸⁸
2793 915 2951 962 actate
2980 908 3158 978 major
3201 919 3319 964 erat
3341 902 3434 977 9",

1847 1005 2168 1070 partemque
2189 996 2340 1066 regni
2363 995 2688 1051 Pomoranis
2716 997 2968 1068 patrique
3012 998 3316 1069 proximam
3354 1017 3436 1056 re—

1846 1091 2074 1157 tinebat,
2103 1105 2228 1145 cum
2250 1089 2490 1144 exercitu
2518 1088 2706 1160 'patris
2753 1099 2916 1161 atque
2965 1105 3067 1146 suo
3127 1092 3196 1124 ⁹⁹⁰
3243 1104 3435 1149 contra

1845 1182 2188 1238 Pomoranos
2221 1182 2338 1237 sine
2374 1181 2540 1237 fratre
2579 1183 2808 1253 parvulo
2865 1186 3198 1256 properavit,
3225 1187 3438 1243 minus-

1846 1292 1953 1348 que
1981 1275 2285 1330 tumlaudis
2306 1275 2482 1345 major
2513 1290 2635 1330 cum
2673 1275 2861 1332 multis
2887 1278 3234 1346 antecedens,
3269 1295 3436 1349 quam

1847 1367 2014 1424 frater
2037 1367 2227 1439 junior
2256 1383 2382 1422 cum
2432 1368 2498 1402 "'
2523 1367 2712 1439 paucis
2737 1369 3079 1440 subsequens
3123 1371 3436 1442 acquisivit.

1845 1459 1981 1515 Nam
2008 1459 2183 1532 major
2206 1460 2334 1516 illuc
2359 1475 2660 1530 properans
2682 1461 2775 1530 ”',
2801 1477 2978 1532 neque
3013 1471 3256 1518 castrum
3304 1463 3438 1520 illud

1846 1569 2049 1609 novum
2072 1553 2300 1608 viriliter
2347 1552 2658 1621 assultavit,
2712 1569 2816 1610 nec
2861 1554 3054 1611 hostes
3115 1572 3243 1612 cum
3287 1564 3440 1612 tanta

1846 1645 2196 1702 multitudine
2218 1645 2272 1701 in
2298 1645 2552 1717 praelium
2577 1646 2831 1715 irritavit,
2870 1647 2966 1704 sed
3002 1647 3204 1706 timens
3230 1649 3440 1706 inde'"

1848 1738 2023 1810 magis
2049 1754 2214 1810 quam
2249 1738 2526 1794 timendus
2573 1748 2632 1794 ut
2671 1739 2827 1796 aiunt
2853 1739 2944 1808 ’“,
2985 1739 3055 1795 ad
3103 1741 3325 1812 propria
3359 1757 3440 1798 re-

178 1847 265 1888 vus
288 1839 464 1886 autem
495 1805 692 1887 contra
739 1829 1040 1887 Mazoviam
1068 1805 1149 1863 ’τί
1161 1805 1500 1902 properaret,
1553 1805 1642 1886 etv
1657 1847 1746 1885 ur—
1773 1805 1820 1868 B
1846 1805 2085 1889 meavit:
2101 1831 2169 1888 At
2197 1847 2333 1904 puer
2351 1830 2693 1900 Bolezlavus,
2715 1829 2907 1888 Martis
2930 1805 3297 1901 filium-fratre
3321 1850 3440 1890 ma-

179 1924 282 1980 bem
310 1922 629 1980 Plocensem
660 1923 921 1995 illamque
940 1923 1155 1996 plagam
1191 1923 1508 1996 contiguam
1529 1921 1743 1979 obtine-
1839 1926 1962 1998 jore
1982 1924 2298 1983 discedente
2336 1933 2397 1981 ut
2453 1925 2694 1995 advenit,
2743 1925 2998 1997 quamvis
3025 1924 3269 1982 nondum
3315 1926 3437 1983 cin-

179 2026 264 2074 ret.
286 2015 602 2072 Bolezlavus
655 2016 876 2088 quidem
928 2017 1085 2074 sedes
1131 2017 1420 2088 prmdictas
1460 2017 1747 2088 occupavit

178 2119 223 2166 et
244 2109 423 2178 tenuit,
460 2107 774 2182 Zbignevus
797 2124 948 2176 vero,
973 2119 1283 2180 pmventus
1309 2125 1339 2165 a
1369 2118 1544 2181 patre,
1582 2125 1745 2165 suum

179 2210 389 2273 emptum
417 2203 694 2273 explicare
725 2217 834 2258 non
862 2202 1055 2273 potuit.
1085 2201 1190 2258 Sed
1212 2203 1344 2274 quid
1397 2211 1507 2258 tam
1563 2202 1655 2258 diu
1683 2202 1747 2258 fi-

179 2293 333 2349 nalem
359 2310 583 2350 causam
613 2294 801 2351 Zethei
846 2294 1101 2351 factionis
1130 2295 1553 2366 prolongamus?
1581 2291 1638 2348 Si
1661 2295 1744 2348 la-

179 2389 313 2443 bores
337 2387 650 2458 singulosin
677 2388 1020 2447 dissensione
1049 2387 1121 2419 ⁹⁷⁶
1143 2386 1742 2454 Zetheidescribamus,

178 2488 304 2551 gesta
332 2477 519 2535 Zethei
579 2481 773 2550 procul
813 2481 982 2538 dubio
1043 2481 1336 2553 Jugurtino
1367 2480 1437 2512 ’⁷⁷
1477 2479 1743 2536 volumini

177 2585 522 2641 comquamus.
545 2569 616 2626 Et
645 2587 720 2626 ne.
737 2580 920 2629 tamen
947 2572 1140 2628 insulsi
1169 2572 1253 2628 vel
1278 2571 1540 2628 desidiosi
1562 2571 1745 2626 videa-

183 2676 306 2728 mur,
337 2671 571 2731 ctrptum
608 2661 711 2717 iter
749 2663 931 2723 adhuc
965 2661 1366 2734 aliquantulum
1407 2660 1740 2734 gradiamur.

180 2749 290 2806 Item
319 2752 423 2806 alio
452 2763 698 2823 tempore
716 2753 872 2824 pueri
888 2753 1161 2824 principes
1188 2761 1243 2810 et
1265 2742 1570 2810 exercitum
1597 2752 1744 2807 asci-

180 2852 368 2910 verunt,
398 2854 451 2900 et
475 2855 669 2900 contra
691 2845 1008 2902 Plocensem
1038 2847 1229 2902 urbem
1273 2861 1340 2902 ex
1372 2841 1548 2901 altera
1591 2854 1745 2916 parte

180 2934 355 3008 Wyslze
382 2937 627 2994 fluminis
651 2947 830 2994 castra
855 2939 1062 2994 militiae
1104 2947 1426 3010 posuerunt,
1457 2939 1548 2994 ubi
1578 2939 1744 2994 etiam

182 3029 414 3086 Martinus
437 3031 912 3103 archiepiscopus,
937 3048 1100 3088 senex
1119 3033 1315 3100 fidelis,
1337 3048 1534 3104 magno
1559 3031 1746 3090 labore

181 3138 455 3194 magnaque
472 3125 684 3179 cautela
700 3125 834 3179 iram
857 3135 910 3180 et
933 3125 1265 3180 discordiam
1291 3125 1431 3180 inter
1452 3134 1660 3196 patrem
1689 3133 1744 3181 et

181 3214 298 3270 filios
319 3215 599 3287 mitigavit.
632 3214 936 3287 lbiquoque
954 3217 1064 3272 dux
1080 3217 1466 3285 Wladislavus,
1493 3226 1552 3272 ut
1567 3217 1740 3285 aiunt,

179 3306 501 3377 jerejurando
536 3323 598 3364 se
645 3307 908 3364 Zetheum
959 3318 1298 3365 retenturum
1329 3326 1609 3382 nunquam
1634 3326 1746 3365 am-

185 3398 305 3470 plius
325 3400 686 3456 conﬁrmavit.
719 3400 874 3456 Tunc
900 3399 1218 3457 Bolezlavus
1248 3403 1390 3473 patri
1441 3403 1598 3458 sedes
1653 3419 1746 3458 oc-

183 3502 376 3560 cupatas
427 3493 692 3560 restituit,
751 3509 851 3550 nec
901 3503 1054 3564 pater
1090 3511 1214 3550 cum
1261 3493 1386 3549 filiis
1436 3495 1742 3565 pactionem

184 3579 354 3637 factam
380 3583 636 3640 obtinuit.
665 3583 746 3640 Ad
776 3594 1079 3640 extremum
1114 3585 1330 3640 interim
1373 3601 1557 3641 senem
1589 3584 1744 3655 pueri

183 3685 466 3743 coegerunt,
492 3674 643 3746 quod
669 3674 740 3710 ⁸⁷⁸
768 3673 1028 3730 Zetheum
1057 3675 1123 3730 de
1167 3675 1392 3730 Polonia
1436 3675 1744 3746 pr0pellen-

183 3762 240 3818 do
260 3763 324 3797 ’⁷⁸
353 3783 511 3822 suum
533 3767 870 3824 desiderium
903 3768 1265 3840 impleverunt
1288 3767 1457 3840 (154).

241 3854 467 3922 Qualiter
521 3869 709 3914 autem
759 3859 864 3916 hoc
901 3860 1208 3933 contigerit,
1261 3859 1346 3915 vel
1395 3859 1630 3930 qualiter
1677 3859 1746 3916 de

183 3949 321 4007 exilio
347 3954 588 4022 redierit,
622 3955 892 4025 prolixum
945 3965 1000 4010 et
1054 3955 1338 4011 tardiosum
1363 3965 1447 4010 est
1472 3955 1740 4024 edocere;

185 4043 260 4098 sed
281 4044 376 4100 hoc
399 4046 606 4104 dixisse
663 4047 912 4114 sufficiat,
956 4047 1103 4118 quod
1156 4048 1226 4080 ⁹⁸⁰
1248 4057 1435 4119 postea
1479 4063 1590 4102 non
1639 4047 1744 4103 sibi

183 4133 314 4190 licuit
339 4138 506 4194 ullum
536 4139 845 4194 dominium
877 4155 1154 4196 exercere.

242 4228 318 4283 17.
356 4221 431 4285 De
459 4232 857 4303 propugnaculo
903 4231 1328 4286 Pomoranorum
1355 4248 1454 4287 sua
1489 4240 1672 4304 sponte

750 4303 1016 4357 destructo
1051 4305 1142 4359 9".
1456 4315 1466 4330 ‘

243 4387 497 4449 Hactenus
523 4393 592 4449 de
646 4393 850 4449 Zetheo
897 4403 950 4451 et
987 4395 1175 4467 regina
1225 4395 1434 4453 dixisse
1488 4393 1739 4459 sufiiciat‘,

185 4495 309 4538 nunc
325 4500 450 4540 vero
475 4502 657 4557 penna
683 4496 978 4558 temperata
1016 4489 1082 4544 de
1134 4505 1305 4560 puero
1343 4489 1502 4544 Marti
1528 4489 1599 4520 η’
1643 4487 1741 4542 de-

1844 2028 1966 2076 ctus
1989 2019 2188 2093 gladio,
2220 2019 2342 2091 plus
2382 2018 2708 2090 praecipiens
2744 2033 2909 2090 quam
2946 2016 3119 2076 frater
3138 2017 3316 2092 major
3365 2026 3419 2074 te

1843 2129 1982 2169 nens
2012 2111 2249 2184 gladium
2279 2110 2351 2166 ibi
2380 2110 2528 2167 fecit.

2056 2202 2190 2258 Nam
2220 2212 2275 2259 et
2301 2213 2522 2274 pontem
2549 2203 2618 2234 ⁹⁹⁸
2645 2201 2953 2258 invadendo

2136 2294 2466 2350 Castellanis
2488 2295 2732 2361 abstulit,

2062 2384 2126 2442 Et
2151 2385 2204 2440 in
2234 2396 2446 2457 portam
2482 2385 2862 2456 prosequendo

2131 2477 2274 2535 Suos
2300 2494 2462 2534 enses
2489 2479 2693 2533 intulit.

1916 2569 2029 2626 [Ioc
2057 2571 2274 2626 initium
2301 2571 2511 2626 militia:
2543 2569 2815 2626 Bolezlavi
2851 2585 3065 2643 magnae
3086 2567 3282 2626 futura:
3305 2584 3436 2640 pro-

1844 2663 2028 2719 bitatis
2052 2665 2314 2720 indicium
2353 2664 2532 2719 extitit
2574 2664 2914 2732 christianis,
2968 2677 3339 2736 magnumque
3363 2661 3441 2719 si-

1844 2771 2010 2825 gnum
2042 2771 2156 2811 suae
2177 2755 2566 2811 destructionis
2619 2754 2712 2823 "‘,
2737 2771 2997 2826 magnum
3039 2763 3302 2811 terrorem
3361 2753 3419 2808 in

1846 2848 1968 2902 tulit
1993 2848 2126 2919 ipsis
2171 2848 2335 2906 etiam
2393 2844 2738 2905 Pomoranis.
2785 2848 3026 2920 Zbigneo
3084 2857 3265 2903 autem
3311 2862 3440 2902 cum

1844 2941 2194 2996 multitudine
2260 2941 2500 2996 venienti
2544 2941 2613 2972 '"
2669 2940 2946 3010 nichilque
2997 2939 3154 2994 virile
3217 2936 3440 2996 facienti

1845 3032 2171 3088 insultantes
2204 3033 2471 3104 ignaviam
2521 3032 2898 3099 ascribebaut;
2933 3031 3277 3086 Bolczlavum
3309 3045 3442 3085 vero

1845 3141 1971 3181 cum
1999 3125 2186 3195 paucis
2213 3135 2401 3194 postea
2432 3124 2762 3190 venientem,
2799 3131 2854 3177 et
2875 3123 3132 3195 audacter
3173 3138 3304 3177 suos
3343 3123 3442 3176 Izo-

1848 3229 1958 3272 stes
1990 3191 2164 3287 usque
2188 3191 2255 3270 ad
2282 3224 2468 3285 portas
2497 3215 2566 3246 ’⁸⁸
2589 3191 2956 3280 ἰηνξιίιρηιριῖι,
2989 3213 3102 3283 lupi
3141 3212 3311 3266 filium
3337 3228 3438 3281 ap-

1846 3307 2140 3379 pellabant,
2196 3305 2488 3377 Zbigneus,
2538 3305 2867 3374 inquicntcs,
2919 3302 3066 3356 debet
3112 3311 3168 3356 ut
3215 3302 3439 3356 clericus

1845 3400 2120 3454 ecclesiam
2149 3397 2460 3470 gubernare,
2507 3399 2671 3451 istum
2718 3413 2836 3451 vero
2855 3396 2999 3450 decet
3046 3393 3348 3466 puerulum,
3380 3402 3440 3447 ut

1847 3500 2084 3562 apparet,
2107 3491 2370 3544 stremtuis
2397 3491 2465 3522 9”
2493 3489 2697 3544 actibus
2729 3488 2982 3543 militare.
3019 3486 3219 3558 Sicque
3252 3487 3442 3558 junior

1847 3583 2014 3640 frater
2048 3600 2176 3641 cum
2207 3584 2398 3654 paucis
2428 3583 2687 3654 paulatim
2714 3581 3005 3646 incedens,
3034 3580 3158 3650 plus
3212 3579 3440 3636 honoris

1845 3687 1899 3734 et
1922 3678 2100 3732 laudis
2156 3663 2448 3746 acquisivit
2493 3691 2660 3746 quam
2715 3674 2912 3744 major,
2951 3673 3200 3744 quicum
3239 3686 3440 3742 magno

1848 3770 2050 3842 impetu
2080 3780 2289 3826 etcum
2333 3786 2533 3841 magna
2586 3767 2936 3824 multitudine
2979 3765 3313 3837 properavit.
3348 3763 3441 3818 Υἱ-

1845 3861 2036 3916 dentes
2071 3876 2202 3931 ergo
2243 3860 2335 3891 ¹⁰⁰⁰
2389 3859 2588 3931 pagani
2622 3873 2875 3929 puerum,
2924 3856 3054 3926 quia
3093 3870 3300 3925 paucos
3329 3855 3433 3908 ha-

1844 3949 2026 4017 bebat,
2072 3958 2456 4015 revertentem,
2516 3956 2823 4003 metuentes
2872 3941 3176 4011 interitum,
3223 3944 3269 3999 si
3313 3958 3438 3998 cum

1844 4043 2034 4098 multis
2070 4042 2322 4108 redierit,
2354 4040 2752 4106 imminentem,
2777 4039 3061 4095 castellum
3091 4053 3251 4094 suum
3291 4035 3441 4106 quod

1845 4134 2088 4191 fecerant
2117 4134 2335 4205 ipsimct
2358 4133 2772 4200 destruxerunt,
2804 4147 3076 4203 cassoque
3121 4130 3307 4185 labore
3353 4143 3441 4182 se-

1844 4227 2096 4282 curitatis
2124 4225 2349 4282 latibula
2377 4225 2672 4296 petierunt.

1847 4319 1933 4374 18.
1972 4318 2050 4373 De
2079 4318 2251 4373 balteo
2279 4316 2507 4373 militari
2535 4314 2812 4371 Bolezlaro
2835 4333 2866 4368 a
2895 4324 3045 4382 patre
3074 4312 3292 4369 det-ictis
3331 4307 3442 4366 Po-

2335 4388 2569 4442 moranis
2595 4387 2772 4440 oblato
2823 4387 2912 4417 ¹⁰⁰¹

1916 4479 2123 4537 Videtis
2153 4496 2284 4553 ergo
2303 4479 2702 4545 Wladizlavus,
2727 4479 2855 4549 quia
2887 4493 3024 4548 puer
3067 4485 3226 4532 aetate
3273 4475 3439 4530 flore-

184 4571 279 4628 dito
297 4589 478 4646 emptae
499 4578 570 4612 ’”
608 4580 847 4635 studium
876 4581 1192 4636 intentionis
1213 4581 1464 4652 proficiat
1506 4579 1597 4634 ⁸⁸⁸.
1625 4578 1742 4632 fliis
1775 4570 1811 4578 ”
1848 4575 1940 4629 bat
1963 4573 2240 4646 gestisque
2256 4573 2586 4628 militaribus
2609 4571 2979 4642 praepollebat,
3005 4570 3328 4639 cunctisque
3353 4585 3442 4623 re.

185 4662 243 4718 ita
268 4671 513 4737 peractis,
564 4687 712 4738 ecce,
745 4673 1089 4766 ‘nunciatum
1144 4681 1230 4728 est
1277 4673 1358 4730 eis
1399 4672 1739 4728 Pomoranos
1850 4667 1941 4738 gni
1969 4667 2309 4737 sapientibus
2344 4665 2740 4737 complacebat,
2787 4679 2912 4718 eum
2947 4663 3042 4694 ¹⁰⁰¹
3067 4661 3276 4734 accingi
3325 4661 3443 4732 glaq

1430 4783 1666 4838 VARle
1707 4777 2117 4834 LECTIONES.

243 4894 304 4966 ’τ’
333 4911 457 4953 exre
486 4897 668 4952 eriens
689 4897 742 4951 2.
803 4895 875 4928 ’⁷³
899 4895 1044 4966 quod
1067 4896 1130 4966 l.
1176 4895 1247 4928 ’⁷⁵
1273 4895 1504 4950 consilio
1526 4895 1666 4950 deest
1696 4895 1744 4949 1.
1761 4896 1814 4950 2.
1843 4895 1897 4950 5.
1924 4894 2016 4947 sed
2045 4899 2181 4966 recte
2204 4887 2505 4966 addit_C/tr.
2529 4903 2611 4966 p_r.
2722 4885 2894 4966 p.58.
2951 4885 3354 4966 -’",,AMor_a_viam

185 4963 628 5040 "‘dispensiones
659 4969 706 5022 1.
730 4967 784 5021 2.
825 4956 931 5040 ﬁli
956 4967 972 5020 i
995 4965 1213 5040 gurtino
1235 4967 1282 5040 l_.
1319 4967 1626 5040 igur_tino_2.
1686 4966 1773 5040 27"
1790 4967 1917 5040 quia
1940 4968 1994 5040 ξε.
2173 4956 2598 5040 ριόρριιειηάο1.
2625 4957 2680 5012 2.
2724 4956 2827 5040 'f"_°
2863 4956 2998 5040 quia
3035 4957 3090 5040 2:
3161 4958 3441 5040 "'Jargn—

188 5028 541 5120 tuentunte‘dit,
558 5039 710 5120 Vara.
735 5055 788 5108 p.
819 5028 1109 5120 .168.“dveest
1149 5037 1199 5090 1.
1233 5028 1402 5120 2._5V._
1432 5038 1502 5120 ’ξ’
1532 5037 1696 5092 Marci
1729 5028 1916 5120 2.;‘1"
1939 5037 2015 5089 ita
2039 5028 2248 5120 videtur
2273 5028 2545 5120 leget-idum
2574 5028 3118 5120 qua‘atiintfnt'ionis
3139 5029 3437 5120 pertinent:

603 5082 1212 5163 ’ἶῖίὲἐτὸἇνῊᾏῖῐεέηιίὲ
1237 5082 2406 5178 'Zethc-o-Z:Iproficiat'omittitﬂ5.‘5“
2434 5082 2646 5181 clavu'm
2679 5099 2727 5152 1.
2844 5106 2898 5152 et
2927 5082 3350 5153 clavem'desunt
3381 5082 3436 5154 5.

189 5174 246 5210 ’⁸⁵
270 5177 401 5249 deest
435 5181 488 5234 5.
557 5182 626 5215 ’⁸⁷
660 5180 789 5234 Erat
818 5179 964 5234 enim
994 5210 1065 5218 ——
1093 5195 1124 5232 a
1146 5179 1373 5248 paganis
1395 5179 1581 5232 desunt
1611 5180 1664 5232 5.
1735 5179 1811 5249 7’”
1838 5175 2184 5249 quoniam}.
2258 5173 2329 5204 ’⁸⁸
2356 5188 2452 5242 pro
2483 5170 2652 5249 igitur
2691 5169 2997 5249 Zblgnevus
3043 5185 3211 5249 quum
3277 5178 3438 5249 aetate

190 5247 342 5320 major
370 5260 485 5306 erat
508 5252 660 5305 habet
685 5250 958 5320 Zbigneus
981 5239 1163 5304 autem
1187 5239 1447 5318 quoniam
1476 5259 1606 5303 natu
1637 5248 1813 5316 major
1835 5239 1953 5320 erat
1975 5248 2080 5320 5.___
2105 5245 2176 5277 ⁹⁹⁰
2224 5239 2774 5320 suo_'patI-i'sque_p_ro
2827 5241 2999 5320 patr_is
3046 5248 3211 5320 atque
3234 5255 3336 5294 suo
3379 5239 3433 5303 5,

190 5309 385 5391 ’_"'e—
417 5332 498 5378 est
519 5323 708 5376 habent
738 5309 874 5374 male
899 5322 949 5375 1.
974 5321 1026 5374 2.
1107 5321 1175 5356 ’θ’
1199 5309 1500 5391 proparens
1530 5321 1584 5373 2.
1662 5309 1860 5374 “fillic
1892 5319 1944 5374 5.
1985 5317 2091 5391 Af"
2124 5333 2178 5370 η.
2219 5331 2270 5369 a.
2313 5309 2584 5391 desunt}:
2637 5311 2722 5391 7'”
2756 5327 2825 5381 po
2849 5311 2988 5391 oe_5.
3036 5309 3138 5391 “'1‘
3173 5327 3434 5391 magnum

192 5382 450 5457 futurae—
479 5392 870 5448 destructionis
907 5392 1095 5445 desunt
1132 5380 1216 5445 5..
1259 5380 1328 5424 "'7
1367 5391 1618 5444 veniente
1659 5391 1707 5445 1.
1755 5391 1808 5444 2.
1855 5391 1907 5444 5.
1980 5388 2051 5420 ’9“
2080 5395 2294 5457 portam
2350 5384 2404 5439 5.
2475 5383 2545 5415 ’”
2599 5380 2858 5438 strenuus
2911 5381 2958 5436 f.
3036 5380 3128 5412 ¹⁶⁰⁰
3171 5380 3336 5454 igitur
3375 5381 3434 5440 τι.

196 5455 270 5488 ¹⁶⁶¹
305 5474 659 5532 argumentum
681 5463 809 5517 edit.
851 5461 1003 5516 Vara.
1036 5478 1088 5532 p.
1119 5461 1240 5516 172.
1267 5462 1408 5516 deest
1437 5463 1486 5516 1.
1516 5463 1570 5516 2.
1628 5463 1680 5516 5.
1760 5461 1850 5492 ¹⁰⁰¹
1873 5455 2109 5530 eumque
2142 5458 2198 5513 2.

1677 5572 1909 5630 NOTAE.

255 5664 368 5730 (l55
397 5666 701 5738 Sandomir,
741 5668 872 5722 urbs
891 5639 1156 5737 “capitalis
1204 5669 1542 5738 principatus
1585 5623 1761 5724 eius:
1786 5623 2345 5738 —-—f(f55)_Zanthok
2395 5660 2462 5738 ad
2506 5623 3060 5724 Wartliamﬂuvium,
3102 5654 3244 5712 inter
3276 5653 3434 5718 θέο.

197 5729 301 5788 dem
327 5739 552 5793 nominis
573 5740 639 5793 ad
661 5729 860 5792 flumen
882 5729 1145 5794 Wst-llam
1176 5729 1298 5796 sita.
1333 5729 1398 5794 Si
1857 5729 1951 5795 seu
1986 5744 2039 5791 et
2062 5733 2394 5804 Landsbet‘g.
2429 5730 2486 5785 S-

259 5803 394 5878 (ιω)
421 5806 545 5863 Scil.
573 5809 671 5882 ipsi
687 5810 837 5880 pueri
871 5808 933 5863 Κ.
