3952 6324
476 5243 489 5257 ⁸
551 5238 696 5292 1.2.

550 336 652 394 891

1678 278 1681 281 Α
1763 330 2135 390 εηιιοΝιοΑῑ
2170 330 2618 390 romnonuu.
3681 300 3762 395 θεέ

549 454 722 511 diem
774 451 1149 522 assumptione
1198 446 1401 506 sanctae
1448 448 1631 506 Maria:
1677 451 1952 520 disposuit
2014 451 2126 521 (an.
2162 450 2202 506 Δ
2231 449 2464 515 calcata,
2488 449 2578 504 sed
2598 465 2691 518 per
2714 448 2852 503 hunc
2886 448 2976 480 ¹⁰²¹
3004 447 3278 519 puerutum
3322 450 3423 503 erit
3446 458 3501 503 ut
3524 453 3764 522 antiquitus

553 545 714 611 £099,
741 543 878 614 Aug.
908 543 1018 612 15),
1040 552 1474 615 apparatumque
1521 543 1875 615 magniﬁcum
1902 544 1957 598 in
1996 544 2135 599 civi—

553 646 663 693 tate
687 635 937 691 Plocensi
970 637 1296 708 prmparavit
1345 636 1516 707 (I56).
1548 634 1667 690 1am
1712 637 1856 691 enim
1903 645 2138 693 :etateet

550 727 869 782 inﬁrmitate
903 728 1161 782 continua
1217 730 1555 793 senescehat,
1618 739 1674 782 et
1722 728 1778 782 in
1830 729 1922 783 illo
1967 744 2138 799 puero

550 820 921 875 successionis
954 821 1211 875 ﬁduciam
1258 822 1594 890 expectabat.
1652 820 1797 877 Dum
1847 838 1907 878 se
1953 825 2137 879 cuncti

552 919 925 981 pratpararent
963 922 1020 965 et
1069 912 1135 965 ad
1160 911 1357 987 festum
1405 930 1788 984 properarem,
1823 917 2137 971 nuntiatum

551 1011 637 1056 est
665 1001 1004 1059 Pomoranos
1025 1001 1236 1057 Zantok
1269 1003 1362 1035 ¹⁰⁰³
1407 1015 1651 1060 castrum
1698 1007 2005 1074 obsedisse,
2038 1024 2140 1064 nec

553 1095 790 1150 audebat
821 1095 915 1128 ‘°“
947 1096 1238 1169 quisquam
1261 1097 1344 1153 eis
1364 1097 1433 1152 de
1463 1098 1803 1170 principibus
1844 1090 2134 1157 contraire.

552 1184 726 1256 Igitur
774 1186 949 1241 invito
999 1196 1150 1257 patre
1181 1188 1478 1259 multisque
1537 1191 1980 1260 prohibentibus,
2004 1209 2139 1263 puer

555 1275 745 1333 Martis
766 1277 894 1333 illuc
918 1270 1135 1334 irruens
1156 1279 1226 1357 de
1250 1279 1573 1338 Pomoranis
1606 1283 1978 1355 triumphavit,
2033 1286 2141 1340 sic-

554 1383 664 1438 que
689 1368 905 1425 rediens
936 1371 1173 1441 armiger
1199 1372 1393 1439 victor,
1432 1390 1459 1427 a
1498 1384 1649 1444 patre
1684 1376 1865 1445 gladio
1910 1378 2142 1448 prmcin—

554 1468 699 1528 ctus,
723 1477 849 1515 cum
877 1463 1080 1533 ingenti
1122 1465 1360 1534 tripudio
1422 1466 1860 1538 solcinpnitatem
1899 1472 2142 1528 celebra-

551 1551 652 1605 vit.
686 1551 871 1623 Neque
901 1554 1051 1609 solus
1080 1554 1171 1609 illa
1198 1556 1285 1610 dic
1307 1556 1488 1612 balteo
1513 1559 1735 1614 militari
1770 1562 1987 1620 cinctus
2015 1563 2137 1632 fuit,

553 1642 649 1698 sed
677 1645 747 1699 ob
775 1661 1017 1701 amorem
1047 1656 1101 1702 et
1124 1648 1386 1703 honorem
1416 1649 1512 1704 ﬁlii
1553 1652 1741 1708 multis
1769 1664 1922 1725 pater
1946 1666 2143 1713 comta-

552 1735 672 1791 neis
694 1752 847 1794 arma
874 1738 1041 1795 dedit.

829 1829 916 1884 19.
958 1828 1038 1884 De
1076 1829 1295 1887 Plautis
1326 1833 1475 1904 (157)
1495 1836 1712 1892 devictis
1741 1838 1853 1891 ‘°°'.

626 1918 929 1977 Botezlavvo
954 1923 1141 1996 itaque
1169 1925 1262 1959 ¹⁸⁰⁶
1284 1925 1459 1983 milite
1486 1930 1699 1985 noviter
1737 1932 2056 2001 constituto,
2083 1935 2137 1989 in

548 2011 771 2069 Plaucis
794 2014 939 2071 Deus
966 2019 1243 2087 revelavit,
1270 2012 1475 2091 quanta
1497 2038 1593 2093 per
1618 2038 1743 2079 cum
1797 2028 2012 2096 operari
2038 2029 2138 2085 dc-

553 2105 678 2161 bcat
703 2107 757 2161 in
785 2106 993 2163 futuro.
1026 2109 1269 2183 Contigit
1304 2130 1539 2185 namque
1560 2117 1774 2172 noviter
1818 2134 1882 2174 eo
1912 2121 2137 2177 militari

552 2194 731 2251 balteo
758 2199 1070 2269 praecincto,
1097 2201 1328 2261 Plaucos
1368 2204 1422 2258 in
1487 2222 1657 2261 unum
1698 2207 1791 2240 ¹⁰⁰⁷
1824 2209 2140 2267 innumera-

552 2286 690 2342 biles
712 2291 1053 2359 convenisse,
1082 2309 1313 2365 seseque
1355 2312 1507 2351 more
1542 2297 1706 2352 solito
1735 2315 1829 2368 per
1854 2299 2135 2357 Poloniam

551 2378 923 2449 discursuros,
966 2399 1021 2438 ιιι
1054 2394 1237 2455 partes
1278 2387 1369 2420 ¹⁰⁰⁸
1421 2387 1700 2457 sejunctos
1750 2391 1840 2422 ¹ο⁰⁹
1894 2400 2003 2447 tres
2053 2394 2137 2448 vel

553 2480 789 2539 quatuor
809 2472 879 2526 ab
914 2473 1146 2531 invicem
1176 2478 1468 2544 remotius,
1500 2478 1745 2552 Wyslam
1776 2480 2000 2540 ﬂuvium
2033 2501 2136 2540 no-

553 2570 749 2615 cturno
771 2571 1012 2633 tempore
1036 2568 1329 2626 natavisse.
1365 2571 1470 2638 Qui
1501 2575 1783 2642 sequentis
1813 2576 1902 2608 ¹⁰¹⁰
1933 2576 2137 2633 (Ιίοἱίοίι

551 2653 797 2710 diluculo
816 2672 983 2714 cursu
1017 2661 1209 2741 rapido
1254 2663 1343 2695 ¹⁰¹¹
1373 2665 1766 2736 discurrentes,
1795 2676 1850 2723 et
1898 2673 2135 2740 praedam

548 2747 1011 2806 innumerabilem
1038 2756 1332 2824 capientes,
1380 2761 1590 2816 onerati
1639 2763 1832 2833 spoliis
1860 2765 2006 2821 circa
2045 2783 2138 2823 ve-

552 2848 769 2909 speram
794 2844 936 2899 ultra
959 2855 1102 2901 retro
1133 2847 1356 2904 ﬂuvium
1383 2852 1679 2921 redierunl',
1727 2855 1910 2927 ibique
1957 2858 2136 2913 securi

551 2945 619 2985 ac
659 2932 751 2964 ¹⁰¹³
782 2932 989 3006 fatigati
1023 2948 1300 2997 nocturna:
1321 2943 1520 3014 quietis
1556 2945 1648 2979 ¹⁰³⁵
1672 2949 1884 3019 tuguria
1937 2967 2137 3020 posue-

502 3044 505 3045 ν
552 3034 703 3091 runt,
735 3027 828 3081 sed
860 3044 969 3083 non
1006 3030 1078 3085 ita
1111 3035 1290 3088 securi
1317 3036 1661 3106 quieverunt,
1708 3042 1848 3098 sicut
1891 3044 2134 3115 antiqui-

552 3124 643 3171 tus
681 3133 1085 3178 consueverunt
1110 3126 1221 3180 ""5.
1247 3125 1493 3200 Namque
1539 3132 1629 3164 ¹⁰¹⁸
1665 3132 1828 3203 Deus,
1878 3136 2135 3194 christia-

553 3224 749 3264 norum
776 3225 1131 3270 conservator
1159 3234 1382 3290 sumque
1412 3222 1610 3295 vigilia:
1630 3225 1955 3295 vindicator,
1998 3244 2134 3299 pau-

550 3314 743 3355 eorum
775 3302 1012 3359 ﬁdelium
1061 3308 1345 3364 audaciam
1402 3311 1455 3367 in
1507 3314 1804 3371 multorum
1838 3318 2134 3387 perniciem

548 3406 884 3462 paganorum
917 3399 1236 3469 suscitavit,
1264 3403 1465 3473 quibus
1492 3405 1825 3464 irruentibus
1849 3411 2137 3468 dominica:

549 3481 657 3537 diei
686 3486 738 3538 in
768 3486 936 3557 gloria
965 3490 1053 3522 ³⁸³⁷
1088 3508 1201 3547 sure.
1254 3494 1506 3563 potentiae
1552 3497 1776 3554 brachio
1831 3501 2136 3574 triumpha-

546 3574 647 3629 vit.
673 3576 753 3632 Ex
785 3594 852 3634 eo
911 3590 1154 3653 tempore
1206 3584 1390 3643 Plauci
1453 3590 1589 3645 adeo
1634 3601 1765 3648 sunt
1822 3595 2131 3666 stupefacti,

549 3669 693 3739 quod
720 3682 978 3743 regnante
1010 3675 1298 3735 Bolezlavo
1325 3681 1508 3737 videre
1537 3680 1817 3741 Poloniam
1849 3704 1959 3744 non
2007 3699 2137 3745 sunt

551 3775 694 3817 ausu

797 3854 887 3910 20.
930 3858 1023 3890 ⁸⁸⁸⁸
1056 3858 1345 3930 Prop/retia
1371 3863 1435 3916 de
1457 3863 1742 3919 Boleti/avo
1774 3868 1884 3922 ¹⁰¹⁹.

620 3942 861 4017 Contigit
882 3964 1101 4020 quoque
1129 3952 1401 4026 quoddam
1426 3971 1455 4009 a
1485 3958 1723 4028 quodam
1756 3959 1871 4013 ﬁeri
1908 3962 2134 4019 verbum

552 4034 646 4116 ¹⁶ξ⁰
674 4038 727 4093 in
757 4040 1008 4096 militaris
1061 4044 1291 4099 consilio
1335 4046 1647 4115 cinctionis,
1709 4052 1854 4121 quod
1909 4053 2135 4126 dignum

548 4137 636 4183 est
664 4130 829 4185 inseri
856 4140 1058 4187 nostrae
1079 4135 1255 4205 tytulo
1284 4139 1600 4195 mentionis.
1651 4140 1876 4198 Domine
1903 4145 2032 4213 dux,
2058 4147 2136 4201 in-

548 4219 669 4289 quit
697 4220 785 4275 ille
811 4222 1058 4291 quidam,
1093 4224 1436 4295 Wladislave,
1484 4247 1617 4301 pyus
1663 4231 1805 4287 Deus
1853 4232 2012 4291 hodie
2050 4256 2136 4293 re-

547 4325 707 4381 gnum
738 4310 979 4369 Potonia:
1022 4316 1277 4385 uisitauit,
1324 4329 1571 4393 tuamque
1615 4335 1933 4382 senectutem
1962 4338 2012 4383 et
2047 4331 2134 4385 iu—

548 4401 859 4471 ﬂrmitatem
890 4413 1156 4479 totamque
1175 4413 1407 4479 patriam
1426 4430 1521 4483 per
1551 4415 1687 4471 hunc
1728 4417 1883 4473 liodie
1932 4420 2136 4489 factum

550 4488 772 4545 militem
796 4494 1070 4551 exaltavit.
1122 4499 1290 4554 Beata
1337 4513 1523 4570 mater,
1576 4521 1694 4576 qua:
1716 4506 1879 4560 talem
1917 4488 2141 4578 puerum
2171 4493 2216 4552 ι)
2241 4509 2332 4563 22.
2369 4506 2682 4562 Bolezlavus
2717 4509 3030 4579 expugnavit
3059 4508 3250 4562 Albam
3282 4509 3463 4563 urbem
3494 4507 3662 4577 regiam

546 4580 818 4639 educavit!
844 4586 1015 4658 Usque
1038 4593 1190 4645 modo
1229 4592 1455 4648 Polonia
1487 4597 1588 4666 fuit
1640 4598 1705 4653 ab
1737 4598 1974 4655 hostibus
2009 4618 2139 4656 con-

2240 550 2561 597 restaurata.
2587 541 2669 597 Ad
2702 540 2821 597 11320
2847 541 3013 597 verba
3060 555 3252 595 omnes
3299 540 3397 610 qui
3434 540 3639 597 aderant
3676 553 3767 600 stu-

2237 642 2493 703 puerunt,
2519 640 2650 688 etut
2678 632 2863 687 sileret
2885 648 2985 703 pro
3000 632 3301 687 reverentia
3324 633 3479 687 ducis
3507 633 3767 692 innuenint.

2238 722 2351 778 Nos
2388 734 2570 781 tamen
2596 741 2710 782 non
2737 725 3013 781 credimus
3063 725 3167 780 hoc
3202 726 3429 780 verbum
3480 726 3545 781 de
3584 728 3772 785 vanitate

2238 818 2597 888 processisse,
2622 818 2716 873 sed
2744 818 3045 889 prophetia:
3094 818 3293 888 spiritu
3337 818 3630 886 advenisse,
3674 822 3771 890 quia

2235 910 2351 980 jam
2395 908 2450 964 in
2506 909 2667 966 factis
2712 910 2834 981 ejus
2885 909 3188 981 puerilibus
3227 910 3620 980 comprobatur,
3660 913 3771 982 quod

2238 1001 2465 1058 Polonia
2496 1003 2825 1074 quandoque
2847 1019 2944 1073 per
2971 1018 3097 1058 cum
3157 1003 3212 1058 in
3263 1012 3409 1058 statu
3460 1004 3667 1074 pristino
3706 1021 3773 1061 re-

2239 1102 2540 1150 stauratur.
3139 1126 3153 1135 ο

2592 1185 2680 1240 2i.
2715 1185 2793 1240 De
2819 1194 2983 1240 morte
3005 1184 3325 1241 Wladislari
3364 1185 3478 1239 'm.

2314 1276 2420 1333 Sed
2470 1278 2538 1333 ad
2588 1255 2830 1350 praesens
2887 1293 2947 1334 se
2999 1294 3137 1350 puer
3193 1279 3588 1349 aliquantulum
3637 1279 3713 1312 m‘
3751 1300 3779 1337 ι

2240 1369 2425 1425 labore
2464 1370 2693 1438 reﬁciat,
2733 1370 2864 1426 dum
2906 1370 3100 1425 ducem
3130 1369 3547 1438 Wladislavum,
3581 1388 3716 1443 pyuui
3737 1382 3777 1427 et

2241 1471 2591 1525 mansuetum
2628 1464 2829 1531 virum,
2877 1463 2934 1520 in
2983 1479 3117 1534 pace
3142 1472 3331 1518 nostra
3379 1479 3553 1533 penna
3584 1463 3775 1534 sepeliit.

2243 1556 2363 1613 Dux
2394 1574 2525 1628 ergo
2572 1556 2943 1613 Wladislavus
2987 1557 3233 1626 pristina:
3283 1556 3567 1612 seditionis
3602 1559 3775 1612 remini-

2244 1664 2433 1717 scens,
2452 1665 2621 1720 quum
2653 1639 2914 1705 Zetheum
2937 1649 3004 1705 de
3024 1647 3251 1703 Polonia
3281 1647 3604 1721 profugavit,
3631 1666 3777 1721 quam-

2243 1741 2327 1796 vis
2355 1749 2514 1797 :etate
2538 1740 2735 1797 debilis
2757 1749 2812 1796 et
2836 1740 3153 1795 inﬁrmitate
3182 1738 3370 1807 fuerit,
3422 1741 3619 1794 nullum
3640 1750 3781 1796 tamen

2244 1834 2299 1888 in
2342 1834 2494 1890 curia
2521 1850 2621 1890 sua
2649 1833 2949 1905 palatinum
2983 1832 3066 1887 vel
3103 1831 3333 1904 palatini
3387 1832 3639 1887 vicarium
3677 1848 3779 1903 pra:-

2244 1925 2390 1992 fccit,
2433 1926 2617 1982 omnia
2649 1941 2886 2007 namque
2911 1941 3008 1996 per
3033 1940 3094 1981 se
3128 1924 3307 1996 ipsum
3356 1924 3443 1978 vel
3478 1940 3574 1980 suo
3600 1924 3776 1979 consilio

2243 2022 2510 2093 sagaciter
2538 2022 2852 2088 ordinabat,
2893 2019 2978 2074 vel
3020 2018 3245 2074 cuilibet
3271 2018 3496 2083 comiti,
3526 2018 3665 2086 cujus
3686 2031 3778 2085 pro-

2240 2112 2479 2167 vinciam
2520 2111 2799 2178 visitabat,
2843 2110 3010 2166 curiae
3046 2108 3468 2179 responsionem
3495 2118 3546 2163 et
3572 2107 3776 2163 sollicitu-

2239 2204 2426 2260 dinem
2455 2202 2893 2258 commendabat.
2951 2201 3018 2256 Et
3057 2201 3137 2257 sic
3180 2217 3276 2271 per
3328 2217 3392 2256 se
3439 2201 3649 2271 patriam
3694 2199 3777 2253 sine

2240 2297 2484 2368 palatino
2525 2296 2723 2351 comite
2755 2296 2914 2364 rexit,
2967 2295 3141 2350 donec
3188 2294 3421 2364 spiritus
3449 2294 3562 2364 ejus
3591 2295 3668 2325 ¹⁶²⁸
3689 2308 3776 2347 cor-

2239 2404 2404 2460 porea
2454 2388 2597 2443 mole
2649 2388 2885 2455 solutus,
2940 2386 3008 2441 ad
3052 2385 3235 2440 locum
3284 2384 3485 2440 debita:
3534 2384 3777 2438 mansionis

2240 2482 2479 2554 perrexit
2505 2481 2621 2537 ¹⁰²³.
2655 2480 2779 2553 (An.
2810 2479 2971 2550 “02)
3005 2479 3253 2534 Mortuus
3280 2488 3369 2534 est
3398 2494 3527 2549 ergo
3546 2477 3640 2533 dux
3666 2475 3778 2530 Wh-

2238 2576 2483 2632 dislavus
2513 2574 2605 2607 ⁸⁸³⁸
2631 2583 2790 2631 aetate
2837 2574 3030 2644 plenus
3069 2581 3123 2628 et
3176 2572 3267 2603 ¹⁰¹⁷
3312 2571 3622 2625 inﬁrmitate
3659 2569 3777 2639 longa

2238 2671 2490 2726 detentus
2536 2665 2707 2741 (l58),
2760 2665 2919 2736 cujus
2959 2662 3221 2734 exequias
3263 2664 3509 2734 quinque
3546 2661 3707 2716 diebus
3737 2659 3775 2713 in

2238 2762 2374 2817 urbe
2414 2760 2664 2817 Plocensi
2693 2776 2818 2817 cum
2846 2758 3142 2830 capellanis
3175 2757 3523 2821 celebrando,
3567 2754 3776 2811 Martinus

2238 2853 2682 2925 archiepiscopus
2738 2852 3075 2923 expectando
3127 2850 3241 2906 ﬁlio
3303 2849 3537 2921 sepelire
3582 2864 3671 2903 non
3712 2854 3777 2900 est

2239 2962 2428 3003 ausus.
2483 2945 2847 3002 Advenientes
2907 2954 3090 3001 autem
3164 2944 3328 2999 ambo
3403 2942 3592 2998 fratres
3639 2940 3775 2995 adhuc

2237 3038 2508 3109 inscpulto
2538 3047 2713 3109 patre,
2741 3054 2998 3109 magnum
3045 3037 3186 3091 inter
3210 3052 3268 3091 se
3292 3051 3453 3107 ptenc
3476 3035 3539 3090 de
3564 3033 3775 3089 divisione

2237 3131 2625 3185 thezaurorum
2655 3130 2747 3163 ¹⁰²⁸
2771 3138 2827 3185 et
2851 3128 3005 3201 regni
3042 3129 3334 3185 discidium
3379 3128 3680 3192 habuerunt,
3703 3124 3771 3180 sed

2237 3223 2421 3279 divina
2469 3223 2643 3295 gratia
2684 3222 3006 3293 inspirante,
3035 3229 3090 3276 et
3131 3220 3222 3252 ¹⁰²⁹
3251 3219 3647 3292 archiepiscopo
3678 3232 3772 3271 sene

2239 3314 2331 3346 ’⁵³⁸
2363 3313 2507 3369 fideli
2530 3313 2823 3384 mediante,
2850 3321 3178 3385 praeceptum
3202 3313 3440 3369 viventis
3470 3314 3520 3367 in
3542 3309 3771 3383 presenti:

2239 3406 2443 3461 mortui
2507 3414 2817 3462 tenuerunt.
2882 3405 3185 3460 Wladislao
3243 3421 3380 3476 ergo
3438 3406 3525 3437 ¹⁰³¹
3573 3406 3689 3459 duce
3733 3401 3769 3455 in

2237 3497 2471 3552 ecclesia
2535 3497 2785 3552 Plocensi
2850 3496 3149 3553 honoriﬁce
3213 3497 3351 3551 satis
3421 3514 3487 3553 ac
3548 3492 3772 3565 magniﬁce

2238 3588 2527 3655 tumulato,
2577 3588 3072 3660 thezaurorumque
3120 3588 3290 3658 patris
3342 3588 3489 3644 inter
3546 3587 3668 3641 ﬁlios
3709 3582 3771 3614 '”’

2237 3695 2515 3751 regnoque
2543 3680 2634 3712 ¹⁰³³
2660 3679 2899 3735 Polonite
2940 3681 3155 3735 vivente
3177 3688 3329 3751 patre
3384 3679 3527 3735 facta
3560 3677 3769 3734 divisione

2236 3774 2542 3845 designato,
2590 3782 2792 3831 sortem
2844 3782 3073 3846 uterque
3124 3789 3239 3829 sua:
3286 3771 3574 3829 divisionis
3612 3766 3768 3824 habuit.

2237 3866 2558 3921 Bolezlavus
2598 3874 2781 3920 tamen
2822 3865 3100 3937 legitimus
3140 3865 3278 3920 duas
3309 3866 3468 3921 sedes
3493 3863 3627 3935 regni
3653 3860 3764 3931 prin-

2239 3959 2446 4028 cipales
2503 3966 2822 4028 partemque
2877 3966 3038 4013 terra:
3095 3957 3506 4028 populosiorem
3567 3950 3763 4009 obtinuit

2241 4052 2382 4108 Puer
2427 4060 2613 4107 autem
2663 4051 2982 4106 Bolezlavus
3030 4050 3220 4120 adepta
3282 4060 3442 4120 parte
3493 4042 3765 4121 patrimonii.

2240 4142 2506 4198 militibus
2572 4152 2627 4198 et
2684 4141 2916 4197 consilio
2981 4141 3366 4208 confortatus,
3435 4142 3589 4211 erepit
3641 4131 3765 4191 animi

2237 4236 2520 4293 virtutem.
2560 4234 2815 4304 viresque
2880 4233 3123 4303 corporis
3194 4249 3452 4289 exercere
3482 4275 3498 4301 ,
3557 4230 3766 4300 carpitun

2238 4325 2386 4381 fama
2436 4324 2602 4380 simul
2635 4332 2689 4379 et
2722 4330 2883 4379 astate
2914 4323 3135 4393 juvenis
3188 4322 3351 4379 bona:
3407 4323 3595 4379 indolis
3627 4316 3765 4373 adole-

2239 4432 2392 4474 scere
2428 4416 2540 4471 ὀμ.

2311 4599 2497 4656 Novus
2523 4616 2652 4670 ergo
2684 4600 2775 4632 ¹⁰³⁶
2804 4616 2942 4656 nova
2970 4601 3111 4656 bella
3147 4600 3305 4657 miles
3334 4601 3427 4634 ¹⁰³⁷
3460 4600 3628 4669 incipit
3649 4605 3764 4650 reno—

1835 4711 2069 4769 VAlil/E
2109 4712 2516 4770 LECTIONES.

620 4814 716 4899 '_°°’
770 4816 943 4899 Zutok
1003 4820 1056 4899 1.
1178 4822 1271 4854 ¹⁰⁰⁵
1317 4824 1590 4899 audiebat
1622 4827 1671 4880 1.
1726 4828 1779 4881 2.
1860 4830 1952 4861 ¹⁰⁰³
1979 4837 2349 4899 argumentum
2380 4830 2511 4883 edit.
2548 4828 2699 4882 Vars.
2732 4844 2785 4897 p.
2820 4827 2942 4882 175.
2974 4827 3117 4899 deest
3143 4827 3192 4880 1.
3222 4827 3276 4881 2.
3302 4828 3371 4899 5._
3438 4828 3526 4859 ¹⁰⁹⁶
3561 4820 3757 4899 ἱεξιιιῑηξς

550 4886 639 4918 ¹⁰⁹¹¹
672 4888 961 4969 convenire
989 4889 1163 4969 addit_
1189 4908 1412 4969 erronee
1441 4896 1591 4969 2.sed
1619 4900 1827 4969 punctis
1860 4886 2152 4969 suppositis
2206 4901 2432 4954 notavit.
2511 4901 2603 4933 ¹⁰⁰⁸

546 4957 940 5039 ρςηυθριὶθξῇ
983 4958 1269 5039 -ίοίξιιρεει
1383 4963 1437 5016 2.
1505 4957 2041 5039 ‘_""_'velociusaddit
2072 4971 2124 5024 5.
2158 5038 2161 5039 ν
2201 4970 2298 5001 ¹⁰¹³
2328 4978 2494 5039 atque
2514 4971 2569 5024 5.
2646 4957 2737 5000 ¹’⁰¹⁵

547 5026 685 5080 Nam
718 5028 771 5081 5.
849 5029 940 5060 ¹⁰¹⁷
966 5028 1241 5084 dominico
1296 5032 1438 5086 diem
1467 5035 1649 5155 gloria
1698 5038 1752 5092 2.
1806 5039 1859 5093 in
1898 5040 2067 5111 gloria
2113 5038 2221 5095 dici
2252 5026 2528 5095 dominico
2558 5041 2610 5094 5.
2689 5026 2976 5091 “"3‘totum
3010 5038 3107 5093 hoc
3151 5048 3310 5106 caput
3370 5039 3558 5092 omittit
3598 5035 3641 5089 5.

550 5106 917 5155 argumentum
964 5098 1090 5152 edit.
1156 5099 1307 5154 ναῖε.
1342 5119 1393 5155 υ.
1430 5104 1455 5155 ‘l
1500 5104 1552 5155 5.
1587 5107 1727 5155 deest
1778 5109 1822 5155 Ι-
1870 5110 1923 5155 9-
1996 5110 2090 5142 ²⁰²⁰
2118 5126 2217 5155 vnn
2255 5110 2459 5155 codices
2498 5110 2663 5155 [ineas
2714 5109 2921 5155 duabus
2964 5110 3310 5155 sumernnxitis
3354 5110 3626 5155 proferunt.

550 5106 917 5172 argumentum
964 5098 1090 5172 edit.
1156 5099 1307 5172 ναῖε.
1340 5119 1393 5172 p.
1430 5098 1532 5159 173

2660 4891 2813 4966 parte
2853 4898 2904 4952 1.
2942 4899 2996 4952 2.
3027 4898 3081 4953 5.
3162 4898 3253 4929 ¹⁰⁰⁹
3297 4897 3564 4967 sejunctas
3583 4891 3645 4967 ’1.
3696 4891 3760 4967 ffff

2766 4968 2934 5061 quieti
2963 4968 3032 5061 5.,
3090 4968 3184 5000 ¹⁰¹⁶
3208 4959 3561 5061 sveve'ruiit‘l:
3591 4964 3635 5051 ξ.

1500 5098 1568 5180 3._
1587 5107 1734 5180 deest
1778 5109 1823 5164 l.
1870 5098 1928 5164 Ξῖ
1996 5110 2090 5142 ²⁰²⁰
2118 5126 2218 5166 vni
2255 5110 2459 5164 codices
2498 5110 2663 5163 tineas
2714 5098 3310 5180 duabus_superpositis
3354 5110 3626 5179 proferunt,

550 5168 734 5238 Ῑονδπη
779 5169 1132 5269 ΡΥΟνθΥΜηηΊ
1168 5169 1270 5240 legi
1298 5168 1486 5239 Pbtest,
1521 5177 1599 5230 sic
1653 5179 1792 5232 enim
1844 5190 2031 5235 auctor
2084 5180 2231 5253 dicta
2283 5180 2537 5234 memoria
2566 5181 2729 5247 digna
2772 5168 3041 5248 appellat:
3103 5168 3195 5212 ‘3’“
3233 5168 3397 5234 istum
3437 5168 3529 5261 pro
3556 5168 3635 5259 per
3653 5168 3755 5226 hunc

551 5238 605 5292 ί.
642 5238 696 5292 2.
801 5241 871 5272 0"
908 5249 1276 5292 ornamentum
1304 5243 1413 5292 edit
1453 5242 1604 5292 Varii-
1655 5264 1706 5292 n-
1761 5249 1879 5292 47H,
1938 5252 2079 5292 {Ipng
2128 5252 2176 5292 1,
2223 5251 2277 5292 (ἒ-
2337 5251 2388 5292 Κ,
2471 5250 2564 5282 ³⁰²³
2605 5248 2922 5292 Rnlpllnvne
2946 5250 2996 5292 ΞΑ
3079 5250 3171 5282 ῗονσ
3206 5251 3358 5292 smrlin
3388 5269 3420 5292 η
3455 5258 3663 5292 nrmllnm
3693 5254 3754 5292 Si"

827 5242 871 5272 ¹²
908 5249 1276 5310 argumentum
1304 5243 1413 5295 edit
1453 5242 1605 5301 Vars.

548 5307 775 5379 ditionis
813 5343 886 5353 —
938 5307 1165 5379 spiritus
1210 5311 1329 5379 ejus
1359 5314 1544 5368 desunt
1576 5307 1665 5370 5.’
1704 5318 1794 5351 ¹⁰²³
1828 5322 2140 5376 eternaliter

688 5378 739 5432 in
787 5377 1030 5459 addit}.
1090 5377 1975 5459 2f"divisionemthezaurorum
2024 5408 2119 5459 pro

551 5444 645 5521 ’ω
684 5458 738 5504 et
769 5450 919 5505 addit
955 5452 1007 5507 δ.
1089 5452 1177 5484 που
1221 5453 1384 5521 igitur
1405 5454 1459 5509 2.
1538 5457 1629 5488 ιω*
1659 5458 1695 5511 i.
1721 5458 1766 5521 ί.
1795 5444 1982 5514 desunt
2015 5444 2103 5517 ἐξ
2147 5444 2213 5493 ιδ’

1655 5249 1883 5333 ρι’-176.
1938 5252 2079 5333 deest
2128 5238 2280 5306 132.
2337 5251 2391 5304 5.
2471 5250 2564 5282 ¹⁰²³
2602 5238 2922 5333 1101βξ1είξιιε
2946 5250 3053 5333 5‘1“
3079 5250 3181 5333 ‘°“‘
3206 5251 3358 5304 verba
3388 5238 3663 5333 apris-ﬁtﬁt;
3693 5254 3754 5333 St:

2227 5336 2589 5375 ermansurus
2634 5320 2787 5373 addit
2830 5320 2884 5374 5.
2962 5320 3055 5352 ¹⁰¹⁶
3094 5330 3275 5375 autem
3315 5338 3409 5391 pro
3442 5307 3489 5375 ἑ.
3520 5320 3566 5374 d.
3606 5311 3675 5393 W3
3714 5307 3750 5360 5-

2171 5337 2226 5445 (R
2278 5391 2334 5445 d.
2396 5400 2436 5445 t.
2493 5391 2542 5444 1.
2594 5390 2650 5444 2.
2706 5390 2773 5444 de
2819 5390 3090 5445 divisione
3136 5392 3397 5445 thezauro
3424 5392 3474 5445 5.
3547 5376 3748 5435 ""1113-

2278 5391 2334 5445 d.
2396 5400 2436 5446 t.
2493 5391 2542 5444 i.
2594 5390 2650 5444 2.
2706 5390 2773 5444 de
2819 5390 3090 5445 divisione
3136 5376 3397 5447 thezauro
3424 5392 3474 5446 δ.
3547 5376 3748 5435 "rint

2218 5430 2650 5532 ia‘é'régnéfs.”
2680 5430 3024 5517 ‘°’:adolere
3053 5462 3105 5516 1.
3133 5463 3185 5516 2.
3213 5430 3292 5517 5.“
3352 5462 3439 5495 ¹⁹³⁸
3461 5460 3750 5531 argumentum
3779 5484 3785 5491 -

549 5520 669 5574 cod.
721 5521 773 5575 5.
805 5524 949 5577 deest
988 5522 1034 5577 l.
1060 5523 1115 5578 2.
1198 5519 1289 5557 ¹⁰⁸⁶
1323 5524 1491 5596 igitur
1519 5525 1574 5580 2.
1606 5528 1658 5582 5.
1721 5519 1828 5561 “3'
1875 5532 2031 5589 miles
2076 5546 2217 5587 nova
2257 5519 2756 5602 bellavtransponit
2786 5531 2839 5585 5.

2083 5643 2314 5703 NOTIE.

626 5726 1051 5803 (l5ti)__l_lea_nn9
1101 5730 1224 5803 vide
1261 5730 1538 5803 Cosmum,
1594 5751 1672 5803 in,
1738 5737 1789 5793 9.
1843 5746 1895 5793 et
1950 5737 2137 5795 Giese-

554 5793 963 5855 brecht'chd.
998 5800 1192 5857 Gesch.
1220 5817 1278 5871 ii,
1324 5803 1440 5859 166.
1476 5793 1538 5860 Κ.

2320 5737 2470 5807 (I57)
2501 5736 2542 5791 l.
2583 5752 2634 5801 e,
2674 5736 3001 5794 Patzinacis.

2309 5805 2458 5880 (158)
2497 5807 2581 5865 Cl.
2614 5808 2866 5877 Cosmas,
2893 5824 2974 5879 in,
3016 5806 3101 5876 16,
3134 5805 3198 5863 Κ,
