3912 6420
465 360 575 419 895
1675 362 2049 421 CHRONICAE
2089 362 2537 421 POLONOR‘UM.
3625 366 3721 423 896

467 475 788 546 glomerata,
808 473 948 529 iram
962 474 1225 535 instantis
1246 476 1449 547 pariter
1463 487 1517 533 et
1532 479 1817 535 audaciam
1845 494 2059 550 reprcs-
2086 480 2136 542 Α
2164 478 2410 551 quinque
2443 478 2638 536 diebus
2672 476 3010 533 sufﬁcienter
3035 473 3277 531 indulsit.
3311 473 3475 531 Sexta
3500 475 3584 533 die
3608 491 3719 534 tan-

466 565 650 643 aisset.
694 564 850 621 Tunc
874 566 1094 637 quidem
1124 568 1353 626 tinnitus
1384 570 1477 602 ⁸⁸⁸⁸
1500 572 1568 627 de
1595 572 1762 643 galeis
1786 573 2061 644 percussis
2163 572 2287 628 dem
2318 580 2584 642 sertaque
2628 570 2764 626 feria
2801 568 3192 626 communicati
3233 575 3364 623 sunt
3390 567 3718 641 eucharistia,

466 668 565 725 per
618 670 858 711 concava
911 656 1002 693 ¹⁰⁶⁹
1039 658 1308 714 montium
1360 662 1746 733 condensaque
1797 664 2061 719 silvarum
2161 663 2349 720 refecti
2410 663 2616 735 pariter
2660 662 2810 719 victu
2862 676 3162 732 corporeo,
3204 659 3479 732 Cbolbreg
3522 663 3722 720 veniunt

465 756 729 802 resonant
774 747 887 816 “7°,
944 749 1085 821 ignis
1150 753 1401 810 scintillae
1452 756 1520 813 de
1573 755 1719 813 ferro
1776 773 1875 828 per
1934 774 2061 815 aera
2162 756 2329 812 ductu
2361 756 2596 812 sidereo.
2612 753 2947 810 Prmcedenti
2970 762 3130 810 nocte
3154 753 3470 809 Bolezlavus
3505 752 3721 810 officium

466 837 691 905 micant,
725 839 896 896 hastae
923 842 1114 912 clipeis
1142 845 1346 902 collisae
1375 856 1619 918 crepant,
1654 858 1873 920 pectora
1911 850 2062 908 scin-
2164 848 2282 904 fieri
2309 856 2513 905 sanctae
2551 846 2735 903 Mariae
2764 846 2858 879 ⁸⁸⁸³
2888 846 3175 902 constituit
3224 845 3338 911 “'",
3368 844 3514 915 quod
3559 855 3723 915 postea

465 932 691 999 duntur,
725 949 924 992 manus
950 944 1005 992 et
1027 940 1267 995 cervices
1301 956 1641 1013 corporaque
1669 953 1923 1000 truncata
1966 961 2063 1015 per
2166 957 2270 998 usu
2297 955 2396 1011 pro
2423 940 2712 996 devotione
2738 938 2983 994 retinuit.
3018 938 3115 994 Die
3150 938 3400 1004 sabbato,
3429 952 3622 992 aurora
3654 939 3725 992 lu-

465 1040 720 1095 campum
749 1028 1034 1098 palpitant.
1070 1029 1145 1089 ibi
1176 1048 1403 1103 campus
1428 1036 1716 1103 martialis,
1742 1036 1818 1092 ibi
1844 1036 2061 1094 fortuna
2164 1042 2443 1099 ccscente,
2475 1030 2543 1087 ad
2582 1031 2774 1086 urbem
2817 1028 3089 1101 Cholbreg
3137 1029 3595 1100 propinquantes,
3635 1028 3725 1082 llu-

464 1116 624 1172 ludit.
658 1118 739 1174 Ad
784 1130 1089 1178 extremum
1139 1125 1275 1181 adeo
1317 1136 1448 1183 sunt
1478 1129 1734 1200 utrinque
1760 1129 1969 1202 fatigati
2010 1142 2064 1188 et

465 1206 523 1262 in
561 1208 800 1280 dampno
842 1223 1247 1297 peremptorum
1285 1219 1521 1276 militum
1566 1223 1856 1293 coaequati,
1915 1225 2060 1294 quod

464 1313 568 1354 nec
620 1299 992 1360 Moravienses
1041 1307 1133 1339 ¹⁰⁷¹
1167 1308 1345 1365 laetam
1395 1312 1682 1368 victoriam
1729 1314 2060 1382 habuerunt,

460 1406 568 1447 nec
597 1391 785 1450 Poloni
815 1406 998 1454 notam
1041 1399 1281 1459 infamiae
1323 1404 1693 1462 incurrerunt.
1739 1405 1816 1462 lbi
1845 1413 2063 1478 quoque

466 1482 769 1545 Zelislavus
794 1505 981 1548 comes
1014 1493 1106 1529 ¹⁰⁷²
1137 1486 1359 1552 manum
1385 1513 1493 1567 qua
1523 1498 1616 1531 ³⁸⁷³
1646 1498 1836 1570 clypeo
1863 1516 2063 1571 corpus

463 1578 682 1647 tegebat
738 1583 966 1650 ainisit,
1034 1601 1199 1656 quam
1258 1589 1519 1645 amissam
1587 1589 1772 1662 statim
1832 1591 2064 1648 viriliter

2163 1127 2423 1196 viumque
2450 1124 2763 1195 proximum
2794 1122 2914 1177 sine
2942 1131 3108 1193 ponte
3134 1121 3219 1177 vel
3241 1122 3401 1187 vado,
3430 1136 3500 1175 ne
3527 1121 3725 1190 praesci-

2164 1229 2357 1276 rcntur
2383 1234 2415 1274 a
2444 1218 2701 1290 paganis,
2729 1232 2853 1274 cum
2886 1216 3132 1287 periculo
3164 1223 3516 1271 transeuntes
3534 1257 3549 1279 ,
3574 1215 3726 1285 agmi-

2163 1312 2326 1367 nibus
2349 1309 2637 1376 ordinatis,
2660 1308 2993 1378 aciebusque
3016 1314 3165 1362 retro
3185 1306 3401 1361 duabus
3424 1305 3480 1360 in
3507 1305 3728 1360 subsidio

2163 1405 2478 1470 collocatis,
2524 1420 2592 1460 ne
2634 1403 2773 1459 forte
2816 1401 3113 1457 Pomorani
3163 1401 3269 1456 hoc
3297 1401 3388 1433 “"
3433 1399 3729 1470 praescireut

2163 1512 2368 1569 eosque
2413 1495 2665 1551 incautos
2703 1493 2944 1560 adirent,
2982 1492 3175 1547 urbem
3205 1491 3524 1561 opulentam
3551 1489 3729 1546 divitiis

2164 1589 2545 1657 munitamque
2571 1584 2846 1656 praesidiis
2876 1583 3211 1638 unanimiter
3252 1580 3514 1636 invadere
3553 1595 3731 1636 concu-

349 1691 375 1718 ο
463 1667 801 1730 abscisorem
848 1675 1170 1735 interimens
1205 1681 1519 1739 vindicavit.
1556 1682 1676 1741 Dux
1711 1701 1843 1741 vero
1875 1685 2063 1743 Bolez-
2162 1684 2403 1756 piscunt.
2433 1679 2590 1736 Tunc
2615 1677 2841 1750 quidam
2871 1688 3060 1733 comes
3099 1675 3168 1731 ad
3192 1674 3546 1729 Bolezlavum
3572 1687 3734 1728 acces-

463 1759 622 1818 lavus
657 1764 728 1820 ob
754 1766 1023 1825 honorem
1056 1769 1161 1827 sibi
1194 1788 1298 1843 pro
1334 1789 1536 1831 carnea
1581 1792 1806 1834 manum
1835 1795 2058 1836 auream
2096 1823 2138 1844 ,,
2164 1776 2272 1843 sit,
2307 1775 2546 1844 datoque
2580 1770 2817 1828 consilio
2849 1767 3131 1825 reticendo
3172 1781 3304 1821 cum
3346 1764 3621 1820 derisione
3656 1778 3738 1820 re-

463 1858 817 1914 restauravit.
1194 1823 1226 1843 r
1873 1823 1907 1835 u
1938 1823 2058 1836 ww
2094 1823 2142 1888 Β
2164 1823 2352 1925 cessit.
2383 1823 2472 1919 At1
2482 1862 2575 1896 ¹⁶⁹¹
2964 1823 3099 1914 suos
3141 1855 3379 1920 breviter
3407 1852 3736 1914 adhortatur,

566 1946 659 2003 26.
702 1947 827 2021 Ipse
857 1951 1172 2011 Boleslavus
1211 1956 1510 2015 Horaviam
1547 1960 1792 2017 devastat
1835 1961 1952 2019 ⁸⁸⁷⁸.
2163 1958 2310 2016 unde
2358 1956 2595 2027 quisque
2640 1953 2778 2011 satis
2824 1952 2894 2008 ad
2938 1949 3229 2007 audaciam
3272 1953 3624 2018 provocatur.
3671 1941 3733 1997 Ni

533 2034 665 2138 "fit:
716 2038 1343 2138 ipseum‘storaviam
1396 2048 1639 2117 intravit,
1697 2052 1792 2108 sed
1847 2053 2065 2110 cunctis
2162 2058 2420 2117 uestram,
2472 2048 2687 2118 inquit,
2739 2045 2967 2111 milites,
3018 2048 3289 2114 expertam
3342 2037 3656 2110 probitatem
3691 2044 3739 2090 et

462 2127 688 2187 rusticis
750 2131 939 2191 audita
994 2132 1139 2192 fama
1196 2138 1250 2193 in
1315 2140 1411 2173 ¹⁰⁷⁶
1466 2142 1867 2200 munitionibus
1933 2161 2062 2202 cum
2163 2139 2449 2196 audaciam
2480 2138 2813 2204 habuissem,
2840 2150 3170 2206 nequaquam
3200 2140 3341 2186 retro
3371 2136 3583 2185 tantam
3608 2144 3735 2181 areo-

462 2220 645 2288 praada
670 2225 924 2295 receptis,
962 2227 1089 2284 licet
1117 2228 1375 2288 Bohemis
1413 2241 1469 2288 et
1496 2233 1932 2293 Moraviensibus
1968 2238 2060 2271 ¹⁰⁷⁷
2163 2248 2284 2287 rum
2326 2232 2418 2264 ¹⁰⁹³
2448 2230 2845 2285 multitudinem
2885 2227 3237 2292 dimisissem,
3276 2240 3370 2279 nec
3414 2237 3540 2277 cum
3573 2220 3734 2292 paucis

463 2317 837 2386 congregatis,
866 2319 1122 2378 incendio
1153 2322 1350 2393 majori
1376 2341 1540 2397 quam
1578 2328 1687 2384 alio
1714 2329 1954 2399 dampno
1986 2330 2061 2386 ibi
2164 2338 2325 2392 usque
2350 2321 2420 2376 ad
2453 2321 2727 2375 maritima
2754 2318 3124 2390 ρενυεηὲεεεηι.

464 2401 632 2472 facto,
669 2415 852 2464 tamen
900 2410 1252 2485 impugnatus
1299 2420 1585 2487 remeavit,
1656 2420 1711 2475 in
1761 2437 1874 2492 quo
1917 2421 2062 2479 facta
2238 2409 2395 2465 Nunc
2428 2427 2546 2464 vero
2571 2409 2635 2463 de
2662 2409 2860 2463 nostris
2887 2405 3152 2461 auxilium
3181 2421 3285 2459 non
3313 2419 3612 2475 speramus,

463 2503 646 2552 tamen
702 2500 796 2533 “"
835 2501 1153 2563 difficultate
1208 2508 1285 2564 rei
1343 2526 1611 2581 perpensa
1667 2527 1780 2569 non
1834 2530 2060 2584 parvam
2236 2498 2427 2554 Hostes
2453 2507 2613 2565 retro,
2640 2498 2769 2569 fuga
2792 2496 2981 2568 longa,
3009 2496 3057 2550 si
3086 2495 3150 2549 de
3178 2495 3305 2565 fuga
3336 2493 3654 2564 cogitamus,

463 2587 695 2657 gloriam
727 2594 1043 2664 acquisivit.
1076 2596 1213 2655 Nam
1258 2600 1327 2657 de
1355 2612 1508 2672 parte
1537 2601 1776 2661 Polonia‘.
1817 2581 2059 2662 bioravia

2231 2589 2298 2646 In
2318 2590 2427 2645 Deo
2461 2599 2669 2645 tantum
2699 2597 2749 2643 et
2779 2589 2835 2642 in
2863 2587 3028 2641 armis
3051 2586 3170 2656 jam
3196 2584 3368 2639 securi
3398 2581 3733 2652 confidamus.

461 2680 735 2739 arduitate
779 2687 1050 2743 montium
1104 2706 1169 2747 ac
1213 2692 1481 2751 densitate
1513 2695 1776 2752 silvarum
1806 2698 1941 2754 adeo
1965 2707 2061 2756 est
2162 2685 2280 2742 “iis
2306 2686 2495 2753 ἀίοιίεν
2535 2684 2603 2740 ad
2640 2683 2832 2738 urbem
2877 2681 3061 2752 Ροιίυδ
3088 2679 3270 2734 "mare
3318 2692 3490 2748 quam
3539 2690 3736 2731 cum”

448 2770 740 2844 abstrusa,
767 2779 914 2849 quod
936 2789 991 2835 et
1015 2782 1258 2851 pacificis
1272 2785 1574 2844 viatoribus
1593 2805 1661 2845 ac
1682 2790 2060 2861 ""peditibus
2160 2780 2506 2836 Videbantur-
2522 2777 2767 2845 -Ουίάαω
2793 2783 3004 2831 “imum
3032 2771 3291 2844 Ρΐαὲἀίιων
3314 2769 3543 2842 quidam
3566 2767 3737 2824 “rm

466 2862 560 2896 ³⁸⁸⁸
611 2869 881 2938 expeditis
915 2873 1220 2942 periculosa
1271 2877 1527 2935 videntur
1575 2896 1641 2937 ac
1678 2860 2055 2953 pernimium
2146 2887 2357 2942 'capere
2382 2870 2732 2926 meditantur.
2762 2866 2829 2921 Et
2852 2866 2901 2922 si
2930 2864 3114 2922 cuncti
3139 2864 3283 2919 sicut
3303 2861 3535 2934 quidam
3564 2860 3738 2915 unani-

464 2971 719 3049 onerosa.
750 2962 856 3033 ipsi
885 2966 1051 3022 etiam
1089 2967 1456 3029 Moravienses
1488 2974 1580 3007 ¹⁰⁶⁸
1619 2975 1911 3033 adventum
1936 2977 2057 3049 ejus
2161 2965 2322 3020 ποίων
2367 2962 2726 3028 ίηνθθίδεεηιο
2776 2959 2868 3015 “13
2907 2958 2996 3014 die
3026 2955 3215 3028 Ιποοιη
3252 2955 3421 3010 dubio
3459 2954 3737 3026 ειοτίοδιιιι

467 3046 627 3120 longe
657 3062 783 3109 ante
814 3057 1185 3126 praascientcs,
1221 3077 1329 3117 non
1363 3072 1491 3119 sunt
1521 3066 1641 3120 ausi
1677 3082 1803 3122 cum
1826 3083 1893 3123 eo
1919 3043 2056 3140 pra:-

2161 3056 2591 3112 Pomoranorum
2616 3052 2807 3109 urbem
2835 3059 2891 3107 et
2917 3048 3245 3121 praecipuam
3279 3045 3634 3109 habuissent;
3654 3043 3736 3099 sed

466 3140 600 3197 lium
634 3156 940 3218 campestre
968 3150 1061 3185 ³⁸⁸⁸
1089 3154 1449 3222 committere,
1475 3173 1576 3214 nec
1597 3158 1651 3213 in
1682 3159 1895 3216 itineris
1919 3134 2061 3217 diﬂi-
2088 3173 2132 3234 ς
2164 3147 2321 3233 ορρίε
2355 3146 2670 3203 δίνίῑίπυω
2706 3144 2996 3215 Primaque
3025 3138 3271 3196 διιδυνδίί
3316 3138 3558 3193 militum
3586 3134 3737 3192 “da‘

463 3235 669 3291 cultate
720 3240 901 3297 saltim
950 3242 1042 3276 ⁸⁸⁸³
1087 3244 1306 3304 insidiis
1347 3249 1441 3282 ““
1466 3251 1694 3308 intranti
1723 3253 1810 3309 vel
1833 3255 2059 3311 exeunti

2161 3231 2307 3295 ciam
2336 3238 2647 3305 excecavit,
2689 3236 2878 3307 sicque
2927 3234 3145 3291 fortuna
3191 3231 3470 3289 civitatem
3520 3244 3673 3287 suam
3709 3242 3737 3281 a

463 3327 746 3385 resistere.

676 3420 749 3474 27
773 3423 885 3480 ¹⁰⁸⁸.
918 3424 1148 3498 Legatus
1176 3433 1447 3502 pontiﬁcis
1476 3435 1701 3491 maximi
1731 3438 1843 3494 ‘m.

537 3508 619 3565 Eo
660 3512 845 3585 itaque
869 3517 937 3573 de
966 3518 1205 3577 Moravia
1252 3524 1389 3579 satis
1429 3524 1726 3595 glorianter
1766 3528 2056 3597 redeunte,

467 3598 732 3660 Romanae
751 3608 898 3664 sedis
916 3610 1148 3682 legatus,
1166 3612 1328 3669 Walo
1354 3615 1578 3671 nomine
1603 3615 1947 3677 Belvacensis
1965 3620 2058 3654 “"

462 3693 788 3766 episcopus,
823 3697 1105 3758 Poloniam
1136 3704 1385 3774 advenit,
1427 3708 1522 3778 qui
1550 3723 1677 3764 cum
1705 3710 1907 3767 virtute
1947 3712 2059 3770 Bo-

466 3783 690 3856 lezlavi,
721 3790 838 3845 zelo
862 3790 1090 3861 iustitiae
1119 3802 1332 3851 tantum
1361 3798 1660 3855 canonicae
1702 3799 2061 3860 districtionis

466 3878 709 3948 rigorem
737 3884 1001 3951 exercuit,
1028 3887 1175 3957 quod
1200 3888 1343 3945 duos
1368 3890 1661 3961 episcopos
1693 3891 1767 3947 ibi
1799 3893 1950 3948 nullo
1974 3895 2060 3951 vel

466 3986 631 4041 prece
657 3973 740 4029 vel
779 3976 956 4044 pretio
998 3977 1354 4035 subveniente
1379 3981 1651 4051 deposuit.
1690 3981 1847 4040 Sedis
1876 3984 2061 4056 itaque

464 4063 733 4127 Romanae
788 4067 969 4139 legato
1020 4080 1332 4127 reverenter
1376 4072 1674 4142 honorato,
1717 4076 2061 4147 concilioque

468 4157 737 4214 canonice
764 4160 1053 4229 celebrato,
1084 4162 1290 4219 missus
1320 4164 1623 4234 apostolica
1670 4165 1798 4221 data
1837 4166 2061 4223 benedi-

469 4248 655 4305 ctione
679 4248 912 4306 Romam
927 4252 1108 4319 rediit,
1121 4253 1347 4325 belliger
1371 4270 1503 4311 vero
1524 4253 1846 4314 Bolezlavus
1868 4258 2060 4314 hostes

468 4356 608 4403 suos
633 4342 1055 4415 impugnaturus
1082 4346 1240 4404 adiit.
2045 4399 2049 4403 .

466 4433 563 4499 28,
596 4435 675 4491 De
694 4438 1024 4508 expeditione
1044 4438 1304 4494 inrui-bam
1326 4438 1583 4513 Colobreg
1601 4441 1750 4517 (145)
1768 4443 1916 4514 facta
1938 4443 2053 4499 ηδ’.

2159 3332 2383 3389 Polonis
2404 3331 2674 3387 liberavit.
2696 3328 2865 3384 Pauci
2887 3337 3097 3384 tantum
3121 3324 3277 3397 probi
3299 3323 3505 3380 milites
3524 3320 3735 3393 gloriam

2158 3426 2368 3482 divitiis
2390 3424 2769 3497 pmferentes,
2795 3421 3016 3478 emissis
3062 3419 3267 3476 lanceis
3283 3460 3298 3485 ,
3326 3426 3551 3488 pontem
3571 3421 3735 3471 extra-

2159 3518 2265 3575 ctis
2289 3518 2488 3592 gladiis
2518 3517 2857 3573 transierunt
2878 3522 3201 3585 portamque
3228 3509 3467 3567 civitatis
3512 3509 3733 3562 intrares

2159 3618 2310 3679 runt,
2334 3610 2429 3667 sed
2449 3626 2482 3666 a
2504 3608 2705 3665 civium
2730 3606 3079 3664 multitudine
3104 3601 3389 3668 coarctati,
3415 3600 3509 3655 vix
3532 3598 3733 3654 tandem

2160 3702 2505 3761 retrocedere
2547 3708 2679 3759 sunt
2704 3698 2900 3757 coacti.
2929 3696 3052 3768 ipse
3073 3697 3184 3752 dux
3207 3695 3375 3751 etiam
3406 3691 3734 3747 Pomorauus

2161 3793 2272 3850 illis
2292 3791 2711 3849 advenientibus
2735 3790 2885 3845 intus
2904 3797 3041 3853 erat,
3066 3787 3373 3856 timensque
3395 3793 3575 3839 totum
3594 3796 3735 3836 excr-

2161 3885 2337 3953 citum
2381 3881 2687 3949 advenire,
2729 3897 2827 3952 per
2866 3880 3028 3936 aliam
3082 3886 3297 3949 portam
3346 3874 3629 3947 effugerat.
3675 3871 3735 3924 At

2162 3977 2482 4034 Bolealavus
2528 3975 2781 4046 impiger,
2829 3988 2940 4028 non
2982 3973 3038 4028 in
3070 3987 3180 4026 uno
3217 3971 3338 4026 loco
3385 3966 3732 4031 consistebat,

2160 4069 2258 4127 sed
2305 4067 2550 4126 officium
2592 4082 2755 4123 suum
2798 4064 2958 4136 probi
2999 4062 3191 4121 militis
3235 4077 3301 4117 ac
3346 4060 3560 4116 strenui
3594 4056 3736 4113 ducis

2161 4162 2480 4228 exercebat;
2517 4159 2633 4216 suis
2679 4157 2930 4213 videlicet
2972 4154 3353 4211 laborantibus
3394 4151 3733 4216 occurrebat,

2161 4252 2436 4322 simulque
2462 4249 2714 4306 nocitura
2742 4246 2828 4304 vel
2856 4245 3142 4318 profutura
3172 4242 3512 4315 providebat.
3542 4239 3735 4295 Interea

2162 4346 2256 4401 alii
2296 4345 2463 4400 aliam
2512 4351 2729 4414 portam
2781 4349 2837 4398 et
2884 4340 2977 4395 alii
3026 4338 3188 4393 aliam
3240 4335 3608 4399 invadebant,
3655 4331 3735 4386 alii

2160 4435 2407 4507 captivos
2444 4432 2719 4505 ligahant,
2749 4430 2844 4486 alii
2874 4430 3119 4485 marinas
3145 4426 3369 4483 divitias
3392 4423 3733 4496 colligebant,

544 4526 670 4600 (An.
707 4528 890 4601 H07.)
926 4528 1097 4603 Igitur
1139 4531 1197 4585 in
1236 4529 1450 4601 Glogou
1495 4516 1741 4591 exercitu
1786 4548 2061 4591 convoca-
2096 4532 2141 4592 ο
2167 4532 2260 4587 alii
2294 4544 2495 4601 pueros
2526 4536 2581 4585 et
2612 4525 2823 4598 puellas
2847 4523 3171 4581 educebant.
3222 4518 3395 4591 Igitur
3435 4516 3735 4573 Bolezlavus

467 4629 529 4682 to
559 4621 733 4693 (lu),
758 4623 969 4678 nullum
995 4623 1235 4699 peditem
1260 4625 1357 4681 sed
1383 4626 1588 4683 milites
1617 4633 1831 4685 tantum
1860 4626 2063 4683 electos
2164 4625 2369 4681 milites
2403 4638 2559 4688 suos,
2587 4617 2841 4692 quamvis
2867 4625 2981 4675 tota
3009 4615 3099 4671 die
3121 4613 3379 4685 fatigatos
3408 4607 3731 4672 assultaudo,

467 4728 755 4786 equosque
800 4717 1109 4789 pracipuos
1144 4718 1304 4774 duxit
1349 4734 1569 4786 secum,
1605 4734 1707 4776 nec
1749 4719 1933 4776 eundo
1965 4735 2064 4791 per
2163 4718 2255 4774 vix
2309 4715 2526 4773 tandem
2580 4729 2679 4769 eos
2719 4712 2866 4769 circa
2920 4723 3201 4781 vespere
3259 4720 3518 4761 revocare
3574 4700 3736 4773 potuit

468 4804 688 4863 deserta
732 4808 820 4865 die
863 4818 1138 4882 noctuque
1180 4811 1354 4868 labori
1396 4812 1483 4868 vel
1529 4811 1732 4868 esuriei
1780 4811 2059 4868 continuis
2166 4808 2576 4867 commorando.
2605 4804 2867 4861 Militibus
2892 4802 3074 4874 itaque
3103 4799 3374 4858 revocatis
3402 4814 3468 4854 ac
3491 4791 3734 4854 suburbio

1786 4966 2018 5022 VARle
2061 4964 2467 5023 LECTIONES.

542 5112 637 5146 ¹⁰⁶⁸
675 5112 902 5168 tinnitus
957 5112 1009 5167 1.
1058 5111 1114 5167 2.
1194 5111 1286 5143 ¹⁰⁶⁹
1323 5124 1562 5165 concova
1610 5106 1665 5163 2.
1711 5124 1844 5165 cava
1895 5105 1949 5165 5.
2030 5110 2124 5142 ¹⁰⁷⁰
2163 5110 2306 5163 velut
2336 5106 2490 5161 addit
2542 5104 2597 5159 2.
2679 5101 2770 5135 ¹⁰⁷¹
2810 5098 3014 5154 Moravi
3075 5097 3129 5152 5.
3208 5095 3483 5168 “"deest
3521 5095 3572 5168 5.
3649 5091 3731 5168 “f’

471 5163 928 5238 contriti—‘73:"
963 5163 1488 5252 argumentum—edit.
1531 5163 1661 5234 Vara
1684 5163 1737 5247 ρ.
1778 5163 1915 5252 187.⁷
1934 5163 2077 5252 deest
2112 5180 2256 5252 i._2.
2284 5179 2338 5232 5.
2370 5249 2382 5252 _
2442 5177 2535 5252 ‘f”
2574 5168 3200 5252 limosi-avusaddita.“
3232 5167 3415 5252 ὀη-βε
3444 5168 3493 5222 1.
3518 5163 3728 5252 deest

473 5234 841 5311 ίδέιῖ-Μυιῖίίνίε
869 5254 922 5308 5.
968 5234 1094 5286 35'"
1120 5234 1259 5308 cum
1296 5234 1373 5309 2.7
1402 5252 1452 5305 in
1479 5234 1552 5307 75.
1634 5234 1725 5283 “5°
1747 5259 1800 5305 ct
1821 5251 1873 5305 5.
1952 5251 2045 5315 ¹⁰⁸ἷ⁰
2089 5234 2414 5320 pediliusl.
2448 5247 2504 5302 2.
2585 5246 2676 5278 ‘m
2710 5242 2919 5320 Moravi
2974 5242 3027 5295 5.
3108 5238 3200 5271 ⁸⁸⁸⁸
3242 5238 3416 5320 prelio
3457 5234 3729 5320 campestri

473 5325 526 5379 1.
553 5302 949 5380 εἷἿοῖέ
980 5302 1259 5378 desunt—5:
1299 5302 1639 5378 ~i°°insaltem
1661 5302 1900 5376 addi—t3.
1983 5304 2074 5354 “3"
2092 5302 2385 5393 inde
2406 5302 2664 5393 sequntur
2710 5311 3160 5393 capitulla-asque
3206 5302 3298 5393 ad
3330 5325 3451 5378 cap.
3470 5302 3730 5393 .

468 5374 659 5456 desunt
690 5396 745 5451 5.
814 5374 1301 5466 ἶδδίλιιῖάάἧὶὲὶιῑξίνη
1326 5374 1897 5463 edir.”vli}£.’p.’iss.
1919 5393 2059 5447 deest
2099 5374 2150 5448 ί.
2177 5374 2235 5446 2.
2295 5390 2385 5421 ’⁸⁸⁷
2411 5374 2837 5443 Βέιηειρθηδίεῗῖ.
2909 5382 3001 5414 ¹⁰⁸³
3026 5374 3540 5505 ατίὶιξιηιεηιωήεάίι.
3584 5374 3726 5429 Vars.

471 5482 505 5505 η
561 5467 664 5505 mn
710 5466 902 5505 ιΙροειι
958 5467 992 5505 9.
1092 5465 1184 5497 ιοοθ
1207 5473 1392 5505 ςςιηριρ
1416 5463 1582 5505 “aris:
1622 5464 1734 5505 Ωρνί
1776 5480 1871 5505 ηνη
1896 5463 1929 5505 r,
1978 5481 2004 5505 ςι
2062 5463 2129 5505 M,
2158 5464 2192 5505 9
2290 5461 2383 5494 "9°
2415 5458 2654 5505 instituit
2677 5456 2732 5505 2-
2810 5454 2900 5487 ³θ⁹¹
2951 5454 3056 5505 hoc
3140 5450 3393 5505 omorani
3440 5465 3528 5505 pro
3571 5446 3632 5502 P.
3673 5448 3722 5499 lu.

510 5446 528 5521 ξ
541 5446 853 5522 ν1έ9ίάεεδι
887 5446 1392 5523 Isle—fmimsancte
1414 5446 1585 5521 Mario
1614 5446 1738 5521 lie'ri
1776 5480 1871 5534 pro
1894 5463 1933 5517 f.
1978 5446 2029 5519 s.
2062 5446 2212 5518 M.2.
2290 5461 2383 5494 "9°
2415 5458 2654 5515 instituit
2677 5456 2732 5511 2.
2810 5454 2900 5487 ³θ⁹¹
2951 5454 3056 5508 hoc
3090 5446 3393 5507 Pomorani
3439 5465 3528 5520 pro
3571 5446 3632 5502 P.
3673 5448 3722 5499 lu.

511 5578 526 5593 .
604 5537 697 5570 ⁸⁰⁹²
744 5537 826 5593 Ad
878 5537 929 5591 1.
959 5536 1014 5591 2.
1094 5536 1186 5569 ¹⁰⁹³
1222 5535 1362 5590 deest
1383 5535 1437 5590 ‘2.
3056 5573 3067 5579 -

511 5578 526 5593 .
604 5538 697 5570 ¹⁰⁹²
744 5538 826 5593 Ad
878 5538 929 5591 1.
959 5538 1014 5591 2.
1094 5538 1186 5569 ¹⁰⁹³
1222 5538 1362 5590 deest
1383 5538 1437 5590 2.

1959 5623 2192 5682 NO'LE.

543 5719 705 5792 (H5)
724 5718 1060 5792 Kodobrzeg,
1096 5718 1142 5776 Κ
1150 5718 1342 5792 olberg,
1370 5719 1424 5776 in
1449 5717 1771 5776 Pomcrania
1809 5718 1875 5776 ad
1903 5730 2052 5776 mare

472 5788 740 5855 bellicum
762 5791 949 5850 situm.
978 5788 1034 5846 δῖ

2234 5712 2502 5786 (Μιχρρ
2532 5709 2792 5786 sequenti
2821 5706 3061 5786 auctoris
3086 5704 3432 5786 clironglogia
3462 5702 3524 5761 cf.
3549 5701 3704 5757 Giese

2164 5775 2565 5844 brécbt'Wend.
2593 5775 2790 5838 Gesch.
2821 5795 2883 5849 ll,
2909 5777 3031 5847 167,
3065 5794 3119 5833 n.
3163 5777 3210 5831 l.
3243 5775 3311 5832 Κ.
