3952 6324
194 328 292 387 897

1499 326 1702 382 LIBER
1743 328 2111 387 SECUNDUS

3344 341 3455 404 898

194 446 421 520 spoliato
440 487 454 510 ,
502 442 726 497 recessit
769 442 893 498 inde
928 443 1246 499 Bolezlavus
1275 443 1456 516 magni
1492 443 1770 502 Michaelis
1803 445 1846 501 Α
1872 447 2014 503 vatis
2034 448 2339 518 eductaque
2359 449 2561 519 praeda,
2584 458 2758 506 totum
2786 453 3050 510 radicitus
3070 462 3459 518 concremavit.

193 539 417 598 consilio
439 546 586 592 extra
621 552 840 603 muros,
882 537 1030 591 omni
1066 538 1219 607 prius
1259 537 1486 592 mdilicio
1536 555 1765 595 concre-

192 640 350 684 matc.
378 628 456 682 Ex
496 644 605 698 quo
632 627 776 683 facto
799 627 946 682 natio
971 637 1082 683 tota
1112 629 1468 685 barbarorum
1497 644 1765 687 concussa

191 723 530 776 vehementer
556 706 870 787 exhorruit,
912 720 1166 792 famaque
1192 722 1459 777 Bolezlavi
1491 724 1648 796 longe
1684 725 1766 780 la-

190 825 343 883 teque
371 813 594 867 dilatata
619 813 949 882 procrebuit.
973 811 1126 868 Unde
1147 815 1311 868 etiam
1338 815 1390 868 in
1417 817 1765 886 proverbium

189 905 452 959 cantilena
473 905 821 975 componitur
841 905 952 975 (an.
986 905 1167 976 “07);
1194 907 1284 960 ubi
1307 907 1440 962 satis
1467 908 1555 962 illa
1587 911 1700 978 pro'.
1724 911 1770 963 i-

189 1007 274 1052 tas‘
287 1009 338 1053 et
373 998 602 1052 audacia
633 998 1017 1053 convenienter
1049 998 1326 1053 extollitur
1356 1000 1408 1053 in
1434 1001 1549 1056 lucc
1570 1003 1763 1056 verba:

253 1088 436 1144 Pisces
463 1089 639 1144 salsos
662 1099 715 1144 et
741 1087 991 1143 fcetentes
1013 1089 1372 1158 apportabant
1399 1091 1519 1157 alii,

253 1177 584 1249 Palpitantes
611 1187 665 1232 et
695 1187 942 1233 recentes
971 1194 1117 1233 nunc
1139 1189 1429 1249 apportant
1453 1181 1570 1235 lilii.

250 1271 512 1327 Civitates
537 1271 862 1326 invadebant
883 1280 1064 1341 patres
1088 1272 1258 1326 nostri
1287 1274 1570 1342 primitus,

248 1365 332 1420 Hii
355 1365 623 1435 procellas
649 1381 755 1420 non
778 1373 1034 1420 verentur
1060 1381 1236 1436 neque
1258 1369 1427 1423 maris
1460 1369 1693 1424 sonitus.

247 1457 540 1529 Agitabant
561 1466 741 1528 patres
775 1457 948 1512 nostri
975 1472 1185 1524 cervos,
1214 1475 1396 1530 apros,
1427 1477 1652 1531 capreas
1671 1503 1686 1528 ,

249 1549 330 1605 llii
354 1561 627 1606 venantur
651 1561 895 1608 monstra
921 1549 1089 1604 maris
1117 1559 1170 1606 et
1195 1568 1326 1623 opes
1351 1570 1652 1624 :equoreas.

183 1664 266 1718 29.
310 1663 387 1718 De
434 1681 570 1720 nova
605 1667 657 1719 in
699 1665 1024 1739 P_om_oranos
1065 1669 1393 1739 expeditione
1433 1678 1480 1721 et
1508 1668 1768 1739 colloquio

561 1753 680 1790 cum
713 1737 1023 1794 Collomano
1059 1737 1239 1794 habito
1279 1740 1391 1794 ‘m.

2106 540 2194 594 51.
2235 540 2415 595 Bitom
2447 551 2680 596 castrum
2711 555 3067 615 expugnatum
3108 547 3218 602 “°'.

1940 632 2059 688 Alia
2096 635 2214 690 vice
2253 635 2505 692 similiter
2548 637 2695 692 aliud
2730 647 2973 694 castrum
3019 642 3241 696 nomine
3282 642 3460 700 Bitom

1871 724 2019 796 (M7)
2043 727 2392 797 expugnavit,
2419 728 2563 783 unde
2585 744 2692 784 non
2718 731 2902 786 minus
2926 730 3105 787 laudis
3124 741 3180 788 ct
3208 735 3466 792 utilitatis

1869 832 2034 887 quam
2057 833 2121 872 ex
2151 819 2258 875 alio
2285 822 2598 890 reportavit.
2625 820 2760 876 Nam
2799 823 2925 879 inde
2966 825 3202 895 praxlam
3232 829 3460 884 multam

1869 916 1924 962 et
1973 909 2219 979 captivos
2258 911 2492 981 expulit,
2544 923 2597 968 et
2619 914 2800 969 locum
2841 915 2992 970 illum
3041 916 3130 948 “°’
3182 917 3247 972 ad
3288 919 3465 974 instar

1869 999 2224 1057 desolationis
2247 1004 2451 1058 retulit.
2482 1003 2589 1059 Sed
2618 1006 2721 1062 hoc
2744 1022 2852 1061 non
2884 1008 3004 1063 ideo
3024 1008 3090 1063 de
3128 1007 3466 1067 Scarbimiro

1873 1093 2197 1160 rccitamus,
2236 1104 2296 1149 ut
2315 1111 2442 1150 eum
2486 1097 2540 1150 in
2585 1098 2769 1168 aliquo
2805 1115 2907 1154 suo
2948 1101 3172 1156 domino
3212 1103 3465 1158 confera-

1871 1202 2024 1252 mus,
2059 1187 2152 1242 sed
2177 1196 2235 1242 ut
2255 1189 2539 1245 veritatem
2564 1191 2822 1263 hystoriae
2849 1203 3152 1249 teneamus.

1870 1302 1959 1357 52.
2006 1301 2200 1357 Foedus
2226 1321 2344 1357 cum
2379 1302 2610 1389 Zbigneo
2632 1307 2823 1410 multum
2858 1319 2908 1363 et
2942 1310 3255 1379 subsequens
3293 1310 3467 1366 tradi-

2568 1386 2643 1428 fto
2769 1420 2784 1428 -

2591 1393 2643 1430 10
2675 1393 2784 1432 ¹¹“⁸.

1940 1463 2172 1537 Belliger
2201 1466 2385 1536 itaque
2416 1466 2756 1535 Bolezlavus,
2780 1482 3071 1541 postquam
3100 1472 3166 1527 de
3189 1474 3468 1544 colloquio

1873 1551 2216 1625 Ungarorum
2261 1564 2346 1611 est
2375 1573 2661 1625 reversus,
2697 1576 2820 1614 cum
2869 1560 3110 1632 Zhigneo
3152 1561 3319 1617 fratre
3363 1579 3470 1619 suo

1870 1646 2202 1716 colloquium
2244 1647 2392 1703 aliud
2417 1650 2717 1717 ordinavit,
2748 1651 2838 1705 ubi
2875 1651 3039 1706 simul
3076 1653 3239 1707 ambo
3268 1652 3470 1710 fratres

1874 1742 1926 1796 in
1953 1743 2068 1798 hzec
2089 1744 2252 1798 verba
2277 1745 2412 1799 alter
2435 1747 2589 1801 alteri
2614 1748 2939 1818 conjuravit,
2972 1751 3116 1821 quod
3159 1751 3313 1806 alteri
3335 1768 3468 1807 con-

251 1827 461 1892 Labore
495 1837 646 1884 tanto
675 1830 939 1887 militibus
973 1849 1037 1888 ex
1064 1833 1254 1888 itinere
1283 1831 1542 1902 fatigatis,
1572 1841 1626 1886 et
1651 1831 1766 1902 jam
1799 1802 1840 1861 Β
1864 1831 2096 1902 juravit,
2125 1835 2271 1904 quod
2298 1837 2436 1890 alter
2476 1837 2682 1893 scilicet
2716 1802 2824 1893 non
2874 1802 3004 1896 sint:
3031 1843 3200 1898 altero
3243 1844 3308 1897 de
3335 1859 3470 1912 pace

184 1923 519 1993 aliquantula
561 1923 741 1992 quiete
766 1939 1023 1980 concessa
1051 1925 1340 1991 recreatis,
1373 1923 1441 1978 ad
1469 1924 1769 1994 expeditio-

185 2028 298 2066 nem
331 2004 654 2067 Bolczlavus
690 2013 946 2070 cohortes
991 2015 1189 2070 iterum
1229 2015 1529 2081 revocavit,
1571 2023 1624 2069 ct
1664 2014 1770 2069 Po-

186 2120 436 2160 moranos
480 2105 549 2159 ad
597 2105 796 2160 bellum
819 2107 1000 2162 denuo
1039 2107 1372 2177 provocavit.
1417 2105 1592 2177 Hujus
1638 2123 1767 2162 vero

185 2200 541 2270 expeditionis
604 2199 894 2256 vaatobor
942 2203 1061 2273 ejus
1125 2203 1569 2274 consanguineus
1618 2203 1766 2275 (145)

186 2308 399 2347 causam
425 2293 707 2361 excitavit,
740 2294 897 2364 cujus
926 2295 1215 2366 progenies
1239 2310 1518 2365 nunquam
1547 2294 1769 2348 lidclita-

187 2393 284 2439 tem
328 2384 556 2442 Polonis
604 2387 842 2443 dominis
891 2387 1220 2442 observavit.
1283 2386 1413 2441 Erat
1442 2377 1607 2442 °enim
1653 2387 1771 2458 ipse

189 2478 470 2534 vaatobor
506 2481 598 2512 ¹⁰’⁸
623 2519 640 2549 ,
688 2481 743 2535 in
783 2479 1108 2536 Pomorania
1143 2488 1486 2546 carceratus,
1515 2492 1573 2534 et
1598 2496 1627 2534 a
1652 2481 1772 2550 qui-

187 2571 405 2628 busdam
484 2588 514 2626 a
564 2588 734 2645 regno
779 2589 880 2629 suo
937 2573 1296 2629 traditoribus
1360 2573 1764 2644 subplantatus.

187 2661 404 2735 Impiger
438 2665 590 2718 enim
621 2663 938 2720 Bolezlavus
973 2681 1132 2720 suum
1175 2665 1400 2736 cupiens
1436 2665 1770 2737 consangui-

188 2772 341 2811 neum
405 2757 678 2825 liberare,
733 2766 932 2813 terram
983 2757 1418 2814 Pomaranorum
1474 2757 1770 2814 meditatur

190 2849 307 2904 totis
338 2849 555 2904 viribus
595 2866 924 2922 expugnare.
976 2848 1083 2906 Sed
1122 2849 1414 2905 Pomorani
1463 2859 1769 2906 metuentes

189 2943 464 2998 audaciam
511 2942 810 3012 Bolezlavi,
863 2944 1120 3000 callidum
1169 2945 1460 2999 consilium
1495 2945 1766 3014 inierunt,

190 3051 413 3108 namque
453 3036 560 3091 sibi
620 3037 1090 3107 consanguineum
1153 3036 1507 3092 reddiderunt
1562 3037 1676 3105 '°",
1716 3045 1770 3092 et

189 3127 262 3184 sic
283 3131 398 3200 ejus
445 3128 586 3184 iram
626 3138 681 3184 et
705 3129 966 3200 impetum
1008 3129 1428 3184 intollerandum
1474 3137 1768 3185 evaserunt

191 3222 274 3292 (an
301 3223 486 3294 1107).
518 3221 646 3277 inde
677 3222 892 3278 rediens
929 3222 1245 3279 Bolezlavus
1273 3239 1397 3279 cum
1431 3237 1557 3294 rege
1584 3219 1766 3292 Unga-

191 3330 364 3370 rorum
389 3315 736 3371 Colomanno
752 3359 767 3384 ,
801 3331 964 3386 super
986 3332 1140 3387 reges
1161 3317 1450 3371 universos
1492 3330 1595 3370 suo
1621 3325 1765 3370 tem-

190 3420 310 3475 pore
359 3407 622 3478 degentes
677 3407 895 3461 litterali
949 3407 1175 3462 scicntia
1221 3406 1472 3474 erudito,
1519 3407 1664 3462 diem
1715 3414 1769 3462 et

191 3496 357 3552 locum
387 3498 651 3568 colloquii
679 3499 984 3564 collocavit,
1009 3497 1077 3552 ad
1114 3514 1275 3568 quem
1301 3515 1394 3553 rex
1421 3496 1765 3568 Ungarorum

190 3588 380 3657 venire,
409 3589 616 3644 timens
644 3589 892 3656 insidias,
915 3589 1202 3644 dubitavit.
1231 3588 1523 3644 Eratcnim
1553 3587 1766 3655 Almus,

191 3677 531 3754 Ungarorum
553 3681 688 3750 dux,
710 3692 841 3739 tunc
871 3683 1134 3754 temporis
1157 3683 1224 3738 de
1247 3681 1485 3756 Ungaria
1511 3682 1771 3755 profuga-

191 3781 273 3828 tus
300 3774 484 3846 (H6),
539 3783 594 3829 et
636 3791 668 3828 a
713 3773 853 3830 duce
873 3774 1177 3845 .llolezlavo
1226 3775 1318 3808 ""
1387 3775 1772 3846 hospitalitatis

191 3869 349 3937 gratia
385 3875 751 3924 sustentatus.
779 3866 976 3924 Postea
1001 3878 1182 3924 tamen
1219 3868 1342 3924 aliis
1373 3869 1514 3923 inter
1537 3883 1595 3923 se
1624 3868 1773 3941 lega-

190 3959 422 4018 tionibus
482 3959 944 4027 transmandatis,
992 3960 1221 4016 insimul
1272 3969 1676 4030 convenerunt,
1718 3969 1774 4017 et

190 4049 411 4109 invicem
459 4052 863 4121 discesserunt,
908 4053 1187 4126 perpetuis
1239 4052 1674 4110 fratcrnitatibus
1718 4062 1774 4110 et

190 4145 437 4202 amicitiis
462 4146 822 4203 confirmatis.

230 4235 312 4292 50.
352 4239 431 4294 De
467 4239 799 4310 expeditione
830 4237 1147 4294 Scarbimiri
1179 4239 1234 4292 in
1256 4237 1585 4312 Pomoranos
1615 4237 1728 4292 ¹⁰⁹⁸.

254 4327 462 4387 Interea
540 4332 908 4387 Scarbimirus
962 4347 1148 4387 comes
1202 4330 1447 4386 Poloniae
1501 4329 1774 4400 palatinas

190 4435 302 4476 cum
327 4426 446 4479 suis
469 4425 936 4480 commilitonibus
955 4423 1341 4480 Pomor’aniam
1373 4423 1648 4488 introivit,
1683 4423 1772 4476 ubi

1867 1924 1952 1978 vel
1977 1925 2119 1980 bello
2141 1943 2266 1981 cum
2310 1928 2562 1984 hostibus
2587 1931 2930 1998 conveniret,
2965 1948 3066 1989 ncc
3086 1934 3254 1989 ullum
3290 1936 3467 1991 fmdus

1868 2017 2004 2073 alter
2025 2019 2144 2074 sine
2167 2020 2338 2076 altero
2360 2036 2486 2076 cum
2510 2022 2788 2094 aliquibus
2810 2026 3208 2092 communiret,
3242 2029 3466 2097 etquod

1868 2114 2006 2169 alter
2040 2114 2196 2169 alteri
2227 2131 2406 2188 super.
2425 2117 2609 2172 hostes
2655 2127 2708 2172 et
2743 2117 2795 2172 in
2840 2119 3097 2175 omnibus
3137 2121 3466 2178 necessariis

1869 2204 2202 2259 subveniret.
2229 2204 2346 2260 illis
2369 2207 2552 2278 itaque
2575 2209 2946 2277 conlirmatis,
2975 2211 3079 2266 sub
3103 2213 3293 2268 eodem
3311 2214 3468 2284 jura-

1869 2305 2054 2351 mento
2093 2297 2234 2352 diem
2257 2307 2309 2353 et
2333 2297 2514 2355 locum
2547 2301 2640 2354 ubi
2685 2315 2809 2357 cum
2849 2304 3180 2360 exercitibus
3202 2305 3465 2359 conveni-

1869 2395 1990 2440 rent
2053 2386 2397 2456 indixerunt,
2464 2398 2520 2444 et
2565 2391 2696 2446 sica
2748 2393 3022 2464 colloquio
3069 2393 3464 2450 discesserunt.

1869 2477 2086 2550 lnpiger
2149 2489 2330 2535 autem
2393 2481 2713 2539 Bolezlavus
2752 2501 2878 2540 cum
2937 2486 3128 2556 paucis
3167 2486 3235 2540 ad
3282 2486 3465 2540 locum

1869 2573 2056 2628 venire
2076 2573 2495 2629 determinatum
2522 2575 2576 2630 in
2599 2577 2689 2632 die
2714 2579 3018 2645 nominato,
3044 2579 3201 2633 (idem
3225 2589 3468 2633 servatu-

1869 2677 1986 2730 rus,
2015 2662 2323 2730 festinavit;
2351 2663 2660 2736 Zbignevus
2698 2683 2858 2733 vero,
2885 2684 2992 2722 non
3020 2669 3197 2723 solum
3223 2669 3384 2724 Iidem
3410 2677 3465 2724 et

1864 2753 2252 2826 jusjurandum
2303 2771 2411 2810 non
2450 2757 2716 2813 veniendo
2771 2759 3024 2827 violavit,
3068 2775 3259 2814 verum
3300 2761 3468 2817 etiam

1870 2847 2056 2903 fratris
2082 2849 2384 2904 exercitum
2418 2850 2486 2906 ad
2525 2866 2583 2906 se
2607 2851 2968 2908 declinantem
2998 2852 3066 2907 ab
3091 2852 3285 2910 itinere
3310 2869 3469 2909 revo-

1869 2942 2034 2997 cavit.
2061 2941 2216 2998 Unde
2236 2959 2391 3014 paene
2432 2961 2600 3016 regno
2639 2943 2881 3002 Polonia:
2905 2946 3014 3001 tale
3055 2946 3243 3001 debuit
3270 2947 3468 3017 damp-

1870 3050 2002 3089 num
2026 3043 2081 3090 et
2104 3035 2343 3090 dedecus
2367 3038 2606 3104 evenire,
2632 3038 2778 3108 quod
2800 3053 2900 3092 nec
2927 3037 3236 3109 Zbignevus
3262 3038 3470 3108 pomis-

1795 3153 1838 3214 ε
1872 3135 1954 3181 set
1993 3142 2092 3182 nec
2135 3127 2276 3182 alius
2302 3137 2493 3197 postea
2523 3129 2834 3184 subvenire.
2875 3128 3064 3197 Nunc,
3093 3131 3327 3200 qualiter
3354 3130 3470 3186 Deo

1863 3217 2091 3287 juvante
2121 3217 2441 3274 Bolezlavus
2471 3220 2602 3274 illud
2629 3221 2932 3290 periculum
2953 3223 3258 3290 cvitaverit,
3281 3223 3449 3278 subse

1868 3326 2045 3382 quens
2069 3312 2251 3366 statim
2278 3313 2474 3384 pagina
2501 3313 2825 3384 propalabit.

1941 3424 2009 3440 ο-ι-

1941 3424 2012 3478 55
2045 3423 2156 3480 “°‘.
2208 3425 2524 3480 Bolezlavus
2564 3428 2644 3548 Ἦ.
2682 3426 3110 3529 ῃιέξηοιηηοηιηι
3163 3429 3396 3484 insidias

2140 3529 2142 3532 -
2523 3514 2581 3548 ca
2627 3507 2668 3548 tt
2795 3537 2809 3548 .

2140 3529 2142 3532 -
2523 3507 2668 3550 cadit
2697 3507 2809 3552 ιη’.

1950 3589 2110 3644 Sorte
2138 3589 2371 3659 quidam.
2396 3590 2598 3644 nobilis
2633 3590 2686 3644 in
2712 3590 2952 3646 confinio
2989 3602 3148 3648 terra:
3172 3593 3468 3650 ecclesiam

1874 3682 2228 3748 construxit,
2277 3683 2344 3737 ad
2387 3682 2547 3753 cujus
2585 3684 3058 3740 consecrationem
3115 3684 3469 3742 Bolezlaqu

1871 3774 2069 3830 ducem
2094 3775 2276 3830 adhuc
2311 3775 2446 3830 satis
2484 3790 2717 3846 puerum
2746 3791 2872 3830 cum
2911 3775 3029 3831 suis
3060 3775 3358 3846 juvenibus
3380 3777 3468 3832 in—

1874 3867 2086 3922 vitavit.
2120 3865 2348 3937 Expleta
2380 3877 2464 3922 est
2494 3868 2679 3938 itaque
2701 3867 3050 3923 consecratio
3080 3867 3376 3938 spiritalis,
3410 3877 3471 3924 et

1875 3961 2276 4031 subsequenter
2327 3960 2572 4016 adhibita
2615 3960 2970 4030 desponsatio
3007 3960 3298 4016 maritalis.
3357 3958 3468 4016 Sed

1873 4060 2060 4108 utrum
2097 4051 2208 4108 Deo
2233 4051 2575 4131 displicuerit
2598 4067 2725 4108 cum
2754 4051 2956 4108 divinis
2983 4051 3189 4122 nuptiis
3215 4053 3471 4108 carnales

1874 4145 2170 4212 celebrari,
2207 4143 2368 4201 facile
2407 4153 2589 4216 potest
2621 4159 2718 4216 per
2750 4144 3071 4201 discrimina
3105 4161 3229 4217 quae
3260 4146 3470 4217 saepius

1877 4239 2003 4294 inde
2045 4239 2376 4310 contingunt
2415 4237 2802 4310 comprobari;
2829 4254 2974 4310 saepe
3010 4255 3248 4310 namque
3281 4241 3467 4296 cemi-

1877 4348 2001 4387 mus
2021 4374 2044 4394 ,Α
2078 4331 2171 4386 ubi
2191 4331 2357 4386 simul
2401 4332 2647 4386 ecclesia:
2691 4333 3034 4388 consecratio
3089 4347 3154 4388 ac
3205 4334 3470 4404 nuptialis

1877 4423 2226 4492 tlesponsatio
2255 4421 2424 4489 fiunt,
2455 4422 2754 4478 seditiones
2780 4431 2834 4478 et
2864 4423 3158 4480 homicidia
3178 4427 3467 4495 comitari,

191 4532 288 4571 non
319 4533 542 4588 parvam
566 4519 793 4590 gloriam
824 4516 1048 4573 Polonis
1071 4516 1383 4588 acquisivit,
1409 4515 1770 4586 hostibusque
1809 4499 1848 4553 ί)
1877 4515 2020 4569 unde
2042 4521 2288 4580 constat,
2314 4513 2442 4584 quia
2468 4530 2571 4569 nec
2598 4513 2802 4568 bonum
2833 4522 2917 4568 est
2941 4530 3041 4570 nec
3063 4516 3353 4572 honestum
3384 4525 3470 4573 ta-

191 4611 296 4666 suis
337 4603 636 4682 dampnum
680 4620 734 4666 et
776 4612 1158 4666 contumeliam
1201 4609 1508 4680 dereliquit.
1543 4608 1647 4676 Qui
1673 4608 1764 4640 ¹⁰⁹⁹

189 4706 526 4760 castellorum
568 4706 652 4760 vel
683 4705 965 4761 civitatum
1008 4703 1279 4759 nominari
1311 4702 1775 4772 voluitexpugna—

189 4804 287 4865 tor,
316 4815 482 4869 quam
513 4798 764 4858 villarum
811 4798 1105 4852 multarum
1138 4797 1344 4852 scilicet
1374 4796 1460 4850 vel
1493 4803 1771 4849 armento-

189 4903 304 4944 rum
333 4893 690 4963 depraedator.
741 4890 908 4963 Igitur
931 4890 1124 4946 audam
1171 4891 1263 4922 “°°
1299 4889 1556 4945 violentia
1599 4903 1770 4942 unum

190 4985 463 5040 castellum
487 4985 845 5057 expugnavit,
891 4983 1034 5039 unde
1076 4984 1402 5054 quibusdam
1441 4997 1572 5038 vero
1596 4981 1772 5050 capti--

1876 4607 1982 4663 lem
1996 4607 2450 4663 consuetudinem
2477 4607 2705 4662 imitari.
2717 4605 2828 4662 Nec
2844 4607 2990 4662 istud
3005 4607 3240 4664 dicimus
3257 4619 3466 4675 tamen,

1874 4708 1936 4755 ut
1963 4700 2182 4770 nuptias
2213 4700 2708 4770 condempnemus,
2745 4700 2840 4756 sed
2867 4710 2928 4756 ut
2950 4702 3164 4774 singula
3187 4703 3303 4759 suis
3329 4704 3468 4760 locis

1875 4794 2102 4865 suisque
2126 4793 2464 4864 temporibus
2493 4807 2858 4848 reservemus.
2889 4791 3062 4863 Cujus
3098 4794 3176 4850 rei
3226 4793 3464 4850 manife-

1873 4894 2019 4940 stum
2084 4884 2347 4938 iudicium
2390 4885 2443 4938 in
2491 4885 2907 4940 consecratione
2954 4884 3228 4940 Rudcnsis
3283 4886 3465 4940 eccle—

1874 4977 1972 5034 sia:
2000 4975 2148 5048 (148)
2178 4975 2322 5032 Deus
2343 4976 2690 5046 omnipotens
2714 4976 3003 5044 revelavit,
3033 4992 3160 5031 nam
3198 4985 3254 5032 et
3279 4975 3465 5030 homi-

1488 5095 1723 5152 VARUE
1766 5093 2174 5151 LECTIONES.

260 5223 348 5297 ‘_'"
373 5237 738 5297 argumentum
779 5227 908 5280 edit.
964 5224 1115 5280 Vara.
1161 5241 1214 5294 p.
1263 5223 1399 5297 195.
1431 5221 1572 5297 deest
1615 5219 1666 5273 1.
1697 5218 1753 5274 2.
1791 5217 1924 5297 “mf”
1961 5214 2306 5297 §\\’att_tobor
2326 5215 2552 5297 “‘1”
2586 5217 2957 5297 redderunt2.
3005 5217 3134 5297 ’ως
3163 5214 3462 5297 _ad_duce_r_n

195 5287 602 5353 Bolezlavﬁm‘t,
625 5299 681 5352 2.
774 5298 881 5335 1°"
913 5287 1279 5368 argumentum
1317 5295 1471 5368 edit._
1492 5291 1644 5368 Vara:

1695 5307 1748 5360 p.
1785 5289 1910 5360 l9.i.
1941 5286 2269 5360 deest_l.'2.
2349 5289 2441 5320 ¹⁰⁹⁹
2480 5287 2633 5355 Quod
2670 5289 2720 5342 1.

2802 5289 2892 5318 ¹¹⁰⁰
2913 5287 3128 5342 audacti
3157 5288 3206 5342 l.
3233 5286 3289 5342 2.
3369 5287 3463 5320 “”

193 5377 545 5428 argumentum
581 5371 711 5422 edit.
754 5368 908 5422 Vars.
941 5357 999 5428 νΪ
1025 5368 1144 5421 195.
1170 5368 1311 5420 deest
1363 5366 1414 5419 1.
1441 5363 1494 5416 2.
1576 5361 1668 5392 ¹¹⁰¹
1695 5357 1844 5415 eum
1886 5359 1939 5412 2.
2021 5357 2115 5388 ¹¹⁰³
2158 5371 2524 5428 argumentum
2553 5359 2681 5414 edit.
2724 5357 2873 5413 Vars.
2902 5375 2955 5427 p.
2991 5359 3118 5428 196.
3149 5360 3292 5412 deest
3326 5360 3376 5414 1.
3403 5360 3462 5413 2.

195 5383 545 5434 argumentum
581 5383 711 5422 εστι.
761 5383 908 5422 vars.
941 5384 992 5437 ρ.
1025 5383 1144 5421 tuo.
1170 5383 1311 5420 aeest
1363 5383 1414 5419 ‘l.
1442 5383 1494 5416 Ζ.
1577 5383 1668 5392 ⁸⁸⁷·
1717 5383 1844 5415 cum
1887 5383 1939 5412 Ζ.
2022 5383 2114 5388 ""
2158 5383 2524 5428 argumentum
2553 5383 2681 5414 euu.
2728 5383 2873 5413 vara.
2902 5383 2955 5427 p.
2997 5383 3118 5442 13-0.
3149 5383 3291 5412 αεεδι
3326 5383 3376 5414 ι.
3405 5383 3459 5413 Ζ.

195 5432 285 5467 ¹¹⁶⁵
307 5438 693 5509 inscriptionem
737 5440 872 5494 hanc
909 5437 1122 5492 rubrica
1167 5439 1366 5508 pictam
1398 5435 1541 5489 sistit
1571 5433 1620 5487 1.
1653 5433 1795 5486 deest
1831 5431 1884 5485 2.
1966 5429 2058 5460 ¹¹⁰⁸
2094 5439 2463 5500 argumentum
2494 5431 2622 5484 edit.
2683 5428 2832 5484 ναῖε.
2877 5445 2930 5499 ρ.
2977 5427 3100 5483 191.
3129 5429 3271 5484 deest
3313 5431 3364 5484 1.
3401 5430 3459 5484 2.

1686 5523 1916 5602 NOTIE.

196 5697 210 5734 l
253 5615 697 5738 £1;5)KBarthold
746 5615 941 5672 Gesch.
988 5633 1041 5670 γ.
1088 5614 1278 5687 Rugen
1322 5631 1379 5670 u.
1427 5615 1750 5686 Pommern,

217 5723 231 5738 .
288 5701 318 5738 ο
358 5726 371 5738 .
460 5728 472 5738 .

217 5723 231 5745 ,
253 5701 371 5740 400.
412 5701 472 5741 IL

271 5755 401 5824 ἐι-16)
424 5751 644 5822 Almus,
677 5757 820 5814 filius
843 5757 1144 5822 Lambcrti,
1172 5756 1340 5812 frater
1364 5759 1626 5826 patruelis
1653 5757 1758 5814 Co-

187 5823 423 5882 lumanni
450 5829 470 5883 l
499 5831 660 5901 regis.
696 5828 760 5882 Κ.

1933 5613 2081 5688 (147)
2095 5613 2306 5688 Bytom,
2327 5613 2581 5688 Beuttten,
2597 5630 2766 5688 prope
2784 5613 3273 5688 Glogovvﬁlogau.
3301 5613 3358 5669 S.
3383 5614 3464 5688 Ex

1863 5683 2234 5742 Giesebrechti
2247 5686 2512 5740 sententia
2527 5701 2542 5738 ι
2558 5727 2572 5750 ,
2590 5683 2714 5739 17οξ
2728 5683 3011 5741 Βῡιιιόννίη
3034 5683 3378 5744 Pomerania.
3395 5683 3461 5742 li.

1939 5756 2087 5830 (HS)
2120 5753 2305 5830 Ruda,
2343 5755 2408 5810 ad
2448 5754 2693 5811 Wartam
2738 5773 2906 5828 prope
2960 5756 3184 5814 Sieradz
3213 5759 3267 5813 in
3296 5773 3467 5830 regno

1873 5825 2132 5882 Polonim.
2168 5823 2225 5878 S.
