3912 6424
460 333 567 390 899

1664 332 2036 391 CHRONICAZ
2075 329 2445 391 POLONOBU
2455 332 2523 387 Μ.

3613 331 3714 403 9ὒο

458 449 664 506 ciuium
716 446 819 512 ibi,
877 454 933 502 et
988 454 1161 500 unum
1215 444 1283 501 de
1334 443 1603 501 ministris
1654 445 1723 501 ad
1764 446 2039 503 insaniam
2068 458 2114 517 Α
2139 445 2347 513 buisse,
2383 443 2537 510 Quis,
2582 442 2913 514 inquientes,
2951 460 3079 515 puer
3100 445 3198 499 iste
3216 444 3347 510 erit,
3383 446 3433 499 si
3462 447 3599 501 eiiim
3627 450 3713 506 diu

456 541 737 596 redactum
750 545 966 594 constat
976 537 1244 603 evenisse,
1267 545 1320 591 et
1335 535 1486 607 ipsos
1501 537 1664 592 etiam
1677 536 1882 608 despon
1890 548 2039 593 satos

459 631 663 688 infelici
684 631 980 697 connubio,
1005 631 1149 686 sicut
1170 637 1359 684 notum
1393 637 1505 693 est,
1554 630 1909 695 convenisse,
1942 646 2042 685 nec

456 725 909 781 anniversarium
944 723 1388 795 desponsationis
1433 724 1763 794 implevisse.
1816 723 1923 778 Sed
1974 725 2041 781 de

456 816 738 872 miraculis
757 816 1039 883 sileamus,
1056 824 1409 885 nostramque
1430 815 1713 869 materiam
1735 825 2037 871 teneamus.

453 906 624 979 Igitur
676 909 900 978 belliger
949 907 1304 971 Bolezlavus,
1345 908 1598 962 convivio
1644 908 1729 961 vel
1775 909 2039 978 potationi

452 998 703 1053 militiam
732 999 811 1053 vel
842 998 1186 1053 venationem
1215 998 1308 1029 “°‘
1340 1007 1701 1065 anteponens,
1728 998 2040 1053 senioribus

451 1106 578 1145 cum
617 1100 731 1147 tom
760 1092 1108 1147 multitudine
1134 1091 1191 1145 in
1226 1090 1478 1146 convivio
1504 1090 1809 1157 derelictis,
1847 1091 2039 1160 paucis

416 1181 843 1237 comitantibus
880 1182 1047 1238 silvas
1086 1189 1384 1235 venaturus
1424 1181 1624 1248 adivit,
1672 1182 1768 1236 sed
1817 1190 2038 1237 contra-

449 1274 569 1330 rius
608 1274 697 1305 “"7
748 1275 1099 1330 venatoribus
1150 1273 1410 1329 obviavit.
1459 1274 1756 1329 Pomorani
1801 1291 2039 1347 namque

448 1381 547 1435 per
578 1365 858 1420 Poloniam
881 1367 1284 1433 discurrentes,
1310 1367 1521 1437 praedas
1550 1375 1603 1421 et
1630 1367 1871 1437 captivos
1908 1384 2038 1438 age-

450 1462 585 1515 bant
620 1469 675 1515 et
717 1460 966 1515 incendia
1009 1459 1303 1517 faciebant.
1334 1461 1403 1516 At
1431 1460 1751 1516 Bolezlavus
1793 1462 2035 1532 belliger,

448 1550 593 1605 sicut
617 1551 701 1608 leo
725 1551 912 1606 eandm
935 1551 1203 1617 stimulis,
1240 1551 1521 1607 iracundia
1554 1553 1896 1620 concitatus,
1938 1569 2039 1608 nec

450 1642 728 1712 principes
800 1659 906 1698 nec
964 1644 1265 1699 exercitum
1328 1645 1675 1713 expectavit,
1745 1645 1842 1701 sed
1895 1645 2037 1700 sicut

445 1734 617 1789 lctena
658 1736 750 1767 “°°
786 1735 958 1805 raptis
988 1735 1186 1790 catulis
1210 1735 1486 1790 sitibunda
1513 1736 1797 1806 sanguinis
1823 1737 2034 1807 deprm-

2139 539 2330 594 vixerit
2354 539 2381 592 ?
2411 546 2459 590 et
2490 537 2536 590 si
2557 535 2732 606 plures
2757 553 2930 591 secum
2959 537 3199 591 habuerit
3217 579 3231 603 ,
3258 539 3377 608 quis
3404 539 3454 592 ei
3477 538 3609 593 bello
3639 554 3715 595 re-

2139 633 2326 685 sistere
2368 631 2607 701 poterit?
2655 629 2854 699 Sicque
2879 630 3076 700 pagani
3108 630 3175 684 de
3200 629 3443 700 dampno
3473 633 3713 701 praesenti

2140 733 2568 794 conquerentes,
2612 724 2887 794 simulque
2919 723 3117 778 timore
3158 724 3446 794 probitatis
3492 738 3716 796 experta:

2142 823 2575 882 murmurantes,
2618 814 2743 885 plus
2784 814 3034 869 honerati
3068 814 3292 869 tristitia
3325 831 3489 885 quam
3515 816 3712 885 praeda,

2141 908 2439 962 redierunt.
2470 904 2545 961 De
2572 906 2689 962 suis
2719 922 2849 961 vero
2887 905 3173 962 Bolezlavo
3203 908 3455 977 sequenti
3488 908 3576 961 die
3607 908 3715 977 plu-

2140 999 2264 1054 rimi
2281 998 2475 1053 solatio
2491 998 2605 1068 jam
2629 998 2801 1069 magis
2826 997 2918 1029 ¹¹¹¹⁵
2938 1015 3102 1069 quam
3114 998 3320 1052 auxilio
3342 1008 3712 1053 occurrerunt.

2139 1096 2503 1152 Advenientes
2520 1106 2703 1152 autem
2717 1096 2845 1152 illuc
2865 1111 3119 1167 proceres
3138 1096 3383 1152 dolorem
3399 1095 3467 1150 de
3485 1095 3715 1164 dampno

2139 1198 2305 1244 tanta:
2340 1189 2641 1244 nobilitatis
2680 1188 3025 1253 habuerunt,
3063 1195 3118 1243 et
3153 1187 3503 1243 Bolczlavum
3529 1185 3598 1241 de
3627 1201 3717 1240 au-

2139 1276 2295 1333 dacia
2325 1285 2487 1332 tantzc
2516 1275 2960 1346 praesumptionis
2980 1282 3291 1329 reverenter
3312 1273 3713 1345 increpuerunt.

2138 1367 2309 1425 Filius
2336 1382 2469 1423 vero
2497 1366 2686 1421 Martis
2710 1365 3028 1421 Bolezlavus
3058 1382 3166 1420 non
3188 1366 3365 1421 solum
3388 1382 3580 1420 aurem
3604 1381 3717 1421 cor-

2120 1458 2445 1513 rectoribus
2474 1473 2583 1512 non
2623 1456 2903 1523 adhibuit,
2937 1472 3038 1512 nec
3063 1473 3121 1511 se
3151 1457 3278 1511 talia
3304 1458 3717 1527 praesumpsisse

2139 1551 2425 1621 pri-nituit,
2471 1550 2565 1606 sed
2605 1566 2702 1621 per
2744 1565 2840 1604 eos
2877 1565 2934 1603 se
2966 1548 3266 1619 juvandum
3295 1556 3349 1603 et
3377 1548 3443 1601 de
3471 1547 3717 1602 hostibus

2138 1642 2524 1697 vindicandum
2550 1642 2654 1697 sub
2673 1641 2964 1696 testatione
2988 1639 3261 1694 iidelitatis
3283 1639 3616 1693 ammonuit.
3648 1636 3716 1693 Ibi

2138 1747 2267 1786 vero
2297 1730 2616 1787 Bolczlavus
2635 1739 2715 1786 tot
2734 1731 2874 1786 ictus
2896 1746 3060 1801 super
3080 1730 3307 1785 loricam
3335 1730 3528 1784 habuit
3548 1740 3609 1784 et
3630 1744 3716 1800 ga-

444 1825 666 1882 datores
694 1842 918 1894 eorum,
950 1835 1004 1884 et
1046 1843 1304 1883 cursores
1354 1827 1407 1881 in
1439 1843 1536 1882 ore
1582 1829 1672 1861 “‘9
1721 1828 1880 1899 gladii
1911 1844 2033 1883 mo-
2067 1818 2108 1877 ll
2139 1827 2277 1881 leam
2323 1824 2533 1881 lanceis
2579 1824 2886 1897 gladiisque
2924 1823 3217 1889 sustinuit,
3262 1821 3410 1893 quod
3442 1837 3578 1878 caro
3608 1822 3716 1891 ejus

444 1924 735 1973 mentanw
797 1918 1101 1988 dissipavit.
1143 1916 1392 1988 Cumque
1422 1918 1597 1989 magis
1634 1935 1730 1975 eos
1753 1920 2034 1991 magisque

441 2010 698 2080 persequi
713 2019 769 2064 et
789 2010 979 2079 patria:
1000 2011 1299 2080 dampnum
1314 2011 1503 2067 ulcisci
1520 2011 1810 2078 niteretur,
1847 2012 2035 2068 incidit

442 2100 655 2157 inscius
680 2102 735 2155 in
759 2102 1025 2169 insidias,
1048 2102 1138 2158 ubi
1161 2103 1460 2173 dampnum
1488 2104 1908 2176 irrecupcrabile
1937 2122 2035 2175 pa-

441 2195 630 2251 tietur.
676 2193 797 2264 ipse
838 2202 1056 2261 tamen,
1102 2195 1230 2251 licet
1275 2178 1605 2265 paucos,'80
1639 2197 1850 2252 scilicet
1892 2197 2033 2252 inter

439 2301 644 2357 pueros
657 2287 977 2357 et'juvenes,
1002 2287 1307 2356 habuisset,
1334 2288 1411 2342 illi
1440 2305 1568 2345 vero
1590 2290 1695 2344 tria
1724 2290 1896 2357 mila,
1922 2306 2031 2345 non

440 2379 637 2450 fugam
661 2380 852 2449 petivit
888 2380 980 2439 “'9
1021 2396 1123 2436 nec
1165 2389 1373 2436 tantam
1413 2382 1816 2439 multitudinem
1866 2383 2030 2438 dubi-

414 2486 417 2489 ‘
441 2470 578 2525 tavit
606 2470 717 2537 “",
746 2470 845 2529 sed
862 2470 1039 2540 prima
1071 2470 1189 2526 vice
1216 2488 1341 2527 cum
1362 2488 1466 2528 sua
1492 2488 1658 2543 parva
1680 2474 1797 2528 acie
1820 2482 2029 2528 tantam

437 2562 679 2632 postium
724 2562 1033 2635 congeriem
1076 2566 1404 2633 penetravit.
1442 2564 1579 2621 Mira
1612 2555 1862 2623 dicturus
1906 2583 2028 2621 sum

437 2653 739 2725 multisque
760 2654 990 2712 forsitan
1014 2656 1375 2725 incredibilia,
1400 2666 1584 2714 utrum
1616 2660 2029 2731 praesumptioni

436 2746 523 2801 vel
542 2747 787 2803 audaciae
815 2748 1003 2803 nescio
1026 2748 1073 2804 si
1103 2747 1312 2805 fuerint
1330 2748 1724 2817 asseribenda;
1753 2767 1878 2809 eum
1899 2767 2029 2808 suos

436 2853 594 2909 paene
616 2839 975 2909 perdidisset,
1015 2841 1140 2899 aliis
1160 2841 1542 2913 interemptis,
1574 2843 1698 2899 aliis
1724 2843 1991 2915 dispersis
2011 2886 2025 2911 ,

388 2948 401 2959 -λ
438 2930 719 3000 sequinto
735 2931 1082 2991 solummodo
1108 2933 1498 3000 remansisset,
1526 2934 1715 2989 hostes
1740 2934 2029 2990 confertis-

398 3040 401 3043 ·
438 3022 612 3077 simos
652 3022 775 3078 vice
818 3022 1059 3080 secunda
1094 3022 1479 3092 transforavit,
1517 3040 1755 3095 cumque
1782 3026 2026 3091 ternario

436 3113 682 3185 regirare
705 3113 796 3144 ““
824 3113 1119 3181 voluisset,
1145 3114 1368 3185 quidam
1399 3115 1464 3179 de
1489 3116 1627 3181 suis,
1657 3115 1865 3172 viscera
1898 3115 2029 3186 equi

437 3206 526 3261 sui
563 3220 661 3275 per
686 3214 889 3265 terram
935 3207 1134 3265 cadere
1167 3222 1423 3274 cernens,
1458 3207 1782 3273 exclamavit
1811 3225 1825 3262 :
1861 3207 2024 3276 Noli,

437 3292 648 3370 inquit,
674 3300 905 3366 domine,
943 3300 1052 3354 noli
1081 3301 1276 3357 iterum
1305 3300 1551 3367 pra'lium
1577 3303 1835 3357 introire!
1856 3302 2028 3359 Parce

437 3392 575 3460 tibi,
611 3410 768 3463 parce
790 3394 1006 3464 patriot,
1034 3410 1224 3464 equum
1254 3394 1475 3448 ascende
1510 3412 1714 3462 meum,
1753 3396 2027 3467 melius’pst

435 3484 522 3537 hic
549 3500 629 3538 me
658 3485 814 3551 mori,
833 3500 993 3555 quam
1016 3492 1064 3538 te
1084 3485 1256 3555 ipsum
1276 3482 1519 3540 Polonia:
1539 3485 1766 3540 salutem
1790 3489 2024 3566 interire.

435 3574 556 3633 Hoc
583 3576 795 3643 audito,
824 3578 937 3643 vix,
966 3592 1111 3647 equo
1133 3578 1360 3639 cadente
1384 3619 1399 3647 ,
1446 3578 1680 3639 consilio
1716 3579 1907 3633 militis
1932 3595 2026 3634 ac-

433 3668 675 3741 quievit,
698 3678 752 3724 et
789 3669 874 3726 sic
906 3670 1124 3726 tandem
1148 3671 1552 3741 aliquantulum
1580 3685 1610 3724 a
1636 3686 1829 3741 campo
1859 3679 2031 3728 certa-

435 3759 609 3816 minis
640 3760 954 3819 dcclinavit.
985 3759 1292 3830 Vidensquc
1313 3761 1633 3827 semultum
1662 3771 2026 3829 attenuatum,

435 3863 541 3907 nec
567 3848 988 3918 Scarbimirum,
1018 3850 1234 3923 militiai
1248 3850 1580 3922 principem,
1598 3853 1833 3909 residuis
1854 3853 2027 3915 inter-

362 3984 366 3991 .
430 3958 590 4011 esse,
635 3943 753 4015 jam
801 3958 1127 4014 recuperare
1170 3943 1459 4001 victoriam
1507 3944 1833 4014 desperavit.
1899 3943 2029 4000 Erat

430 4036 581 4093 enim
618 4034 992 4093 Scarbimirus
1030 4051 1281 4093 seorsum
1307 4036 1437 4091 alibi
1469 4037 1621 4108 gravi
1651 4037 2026 4105 vulneresau-

430 4126 635 4194 ciatus,
649 4135 705 4182 et
725 4125 874 4196 quod
897 4140 998 4181 ncc
1020 4125 1183 4182 siccis
1198 4126 1375 4181 oculis
1391 4135 1475 4181 est
1495 4126 1808 4194 dicendum,
1834 4126 2028 4181 dextro

430 4220 645 4277 lumine
665 4218 975 4279 mutilatos.
1008 4218 1086 4289 illi
1124 4229 1306 4279 autem
1341 4220 1436 4291 qui
1459 4220 1516 4275 in
1541 4219 1792 4275 convivio
1822 4219 2028 4275 reside-

433 4315 602 4382 bant,
624 4313 815 4370 audito
847 4314 993 4384 quod
1015 4314 1347 4386 contigerat,
1391 4323 1741 4387 exurgentes,
1774 4314 2024 4370 subsidio

434 4406 556 4463 suis
612 4404 993 4461 laborantibus
1049 4406 1433 4476 properabant.
1480 4405 1843 4462 Advenientcs
1888 4419 2025 4475 vero

2138 1916 2267 1973 trita
2318 1916 2507 1971 multis
2545 1914 2738 1971 diebus
2774 1914 3151 1970 testimonium
3199 1915 3441 1970 laesionis
3477 1915 3718 1970 exhibuit

2137 2006 2248 2077 (an.
2276 2005 2456 2078 1107).
2489 2005 2616 2063 Inde
2646 2024 2865 2079 quoque
2891 2008 2959 2063 de
2984 2024 3082 2064 sua
3103 2007 3389 2079 iuventute
3419 2007 3611 2063 minus
3635 2006 3716 2040 ¹¹¹⁸

2136 2098 2536 2168 aliquantulum
2586 2108 2693 2153 tam
2744 2100 3044 2172 glorianter
3086 2109 3367 2171 perempta
3409 2101 3716 2169 condoluit,

2133 2192 2263 2262 quia
2302 2200 2510 2247 tantam
2540 2202 2777 2265 stragem
2801 2194 3043 2250 hostium
3074 2195 3177 2250 sibi
3206 2210 3307 2266 pro
3338 2196 3494 2252 lucro
3516 2182 3716 2267 prepa-

2135 2283 2264 2336 suit.
2292 2279 2503 2336 Etenim
2535 2298 2634 2353 pro
2657 2298 2768 2337 uno
2791 2283 2858 2339 de
2891 2286 3190 2356 peremptis
3218 2285 3303 2340 vel
3326 2286 3594 2341 sauciatis
3619 2285 3715 2340 Bo-

2134 2376 2323 2445 lezlavi
2344 2418 2359 2446 ,
2398 2377 2465 2434 de
2500 2376 2823 2433 Pomoranis
2846 2362 3096 2448 poterant
3120 2377 3306 2448 plures
3330 2378 3536 2433 mortui
3568 2393 3715 2433 com-

2133 2470 2333 2545 putari.
2851 2546 2857 2555 θ

2294 2584 2611 2641 Bolezlarus
2644 2584 2900 2640 Bohemos
2931 2585 3234 2656 proﬂigavit
3271 2595 3322 2640 et
3358 2584 3686 2640 Pomoraaos

2544 2722 2547 2727 κ
2705 2656 3008 2727 subjugavit
3035 2655 3147 2710 ““.

2202 2742 2317 2802 Iioc
2360 2754 2555 2801 eventu
2591 2745 2912 2802 Bolezlavus
2960 2763 3085 2803 cum
3134 2748 3324 2803 eodem
3366 2749 3616 2804 exercitu
3654 2748 3716 2803 de

2130 2834 2455 2915 Pomoranis
2478 2854 2536 2894 se
2560 2839 2837 2894 vindicare
2851 2840 3140 2909 disposuit,
3161 2839 3385 2912 jamque
3408 2849 3592 2910 empta
3613 2839 3714 2907 via,

2128 2924 2784 3007 BohemosinPoloniam
2820 2933 2969 2988 exire
3011 2931 3155 2986 fama
3186 2948 3530 3003 praecurrens
3557 2934 3716 2987 innm

2133 3023 2254 3081 luit.
2278 3022 2416 3079 Tum
2439 3041 2567 3081 vero
2596 3024 2911 3080 Bolezlavus
2937 3026 2991 3080 in
3018 3026 3186 3081 dubio
3215 3042 3414 3097 magno
3440 3027 3713 3098 pependit,

2131 3122 2314 3169 utrum
2333 3116 2484 3187 prius
2500 3117 2565 3173 de
2592 3117 2797 3172 recenti
2820 3117 3149 3172 contumelia
3178 3135 3236 3173 se
3262 3120 3456 3174 debeat
3484 3121 3574 3151 ¹¹¹⁷
3600 3121 3714 3176 γὶηο

2132 3206 2349 3277 dicare,
2397 3226 2467 3264 an
2515 3209 2585 3264 ab
2624 3211 2970 3267 invasoribus
3012 3228 3166 3267 suam
3194 3213 3426 3284 patriam
3460 3214 3711 3271 liberare.

2133 3298 2374 3367 Tandem
2410 3303 2552 3356 sicut
2591 3301 3015 3359 Machaheorum
3060 3305 3325 3374 imitator,
3356 3307 3535 3364 diviso
3556 3325 3713 3364 exer—

2130 3392 2271 3459 citu,
2302 3402 2355 3447 et
2378 3394 2564 3462 patrim
2582 3393 2837 3450 defensor
2855 3397 3034 3451 extitit
3058 3408 3113 3452 et
3139 3398 3355 3469 injurite
3390 3402 3710 3458 vindicator.

2129 3483 2265 3565 Nam
2316 3495 2523 3555 partem
2570 3489 2845 3544 exercitus
2884 3489 2939 3544 in
2981 3489 3366 3548 Pomoraniam
3408 3494 3711 3566 delegavit,

2129 3591 2254 3646 qua:
2290 3575 2655 3647 deprzcdande
2693 3587 2746 3632 et
2772 3580 2862 3610 ’⁸³⁸
2893 3581 3267 3636 eomburendo
3296 3585 3432 3639 satis
3481 3601 3580 3641 eos
3603 3594 3714 3640 tur-

2128 3667 2270 3738 piter
2288 3669 2649 3742 conculcavit,
2687 3672 2802 3741 ipse
2838 3687 2968 3727 vero
2998 3689 3123 3728 cum
3150 3676 3416 3745 expeditis
3434 3675 3711 3733 'militibus

2128 3756 2387 3814 Bohemis
2412 3759 2628 3815 obviam
2655 3764 2998 3833 preperavit,
3036 3780 3241 3835 eosque
3269 3767 3337 3822 de
3364 3769 3518 3824 silvis
3539 3770 3711 3823 exitu-

2129 3865 2222 3905 ros
2242 3850 2449 3906 diutius
2478 3854 2801 3923 expectavit,
2828 3856 2921 3910 scd
2947 3871 3042 3911 eos
3058 3858 3245 3911 audita
3272 3856 3419 3912 fama
3444 3857 3710 3913 Bolezlavi

2130 3941 2293 3997 timor
2315 3943 2484 3997 animi
2511 3946 2803 4025 revocavit.

2199 4056 2289 4113 55.
2331 4054 2594 4131 Ζρἱθηειιδ
2624 4061 2761 4128 {ovet
2796 4068 2981 4113 contra
3016 4060 3237 4129 fratrem
3268 4063 3511 4117 animum
3540 4064 3643 4118 ini-

2750 4132 2944 4183 micum
2974 4131 3083 4187 “".

2196 4218 2314 4275 Non
2339 4221 2518 4277 solum
2551 4232 2734 4278 autem
2761 4233 3076 4280 cxterorum
3099 4226 3374 4282 discordia
3400 4226 3482 4281 vel
3510 4227 3705 4283 bellum

2127 4315 2369 4370 hostium
2396 4314 2742 4371 Bolezlavum
2767 4318 3095 4388 aggravabat
3112 4361 3128 4384 ,
3157 4335 3347 4374 verum
3368 4321 3531 4375 etiam
3565 4320 3706 4375 sedi-

2130 4405 2205 4459 tio
2237 4405 2443 4473 civilis,
2481 4422 2665 4478 ymmo
2715 4406 2955 4462 fraterna
2992 4407 3193 4463 invidia
3238 4410 3416 4466 modis
3457 4410 3705 4465 omnibus

429 4496 781 4553 Bolezlavnm
822 4497 1150 4557 invenerunt
1192 4513 1320 4553 cum
1363 4498 1554 4569 paucis
1589 4496 1889 4553 admodum
1931 4497 2021 4564 '50,
2056 4524 2100 4582 υ
2131 4497 2443 4554 infestabat.
2469 4496 2712 4569 Eo(‘149)
2742 4517 2980 4573 namque
2994 4501 3426 4582 bellosuperiori
3456 4501 3702 4571 aliquan-

432 4604 547 4645 non
576 4597 758 4646 tamen
788 4589 855 4644 de
893 4589 1015 4645 loco
1044 4589 1360 4645 certaminis
1393 4589 1689 4661 fugientem
1710 4632 1725 4657 ,
1761 4588 1854 4645 sed
1881 4606 2018 4659 pau-

430 4680 584 4736 latim
628 4680 1243 4753 bostium-fugientium
1283 4682 1514 4752 vestigia
1569 4681 2015 4752 subsequentem.

434 4777 540 4835 Sed
561 4794 662 4834 nec
684 4779 872 4835 hostes
893 4778 1241 4835 subsistendo
1256 4779 1534 4850 pugnandi
1562 4777 1774 4848 copiam
1794 4777 2018 4846 dabant,

424 4884 536 4925 nec
567 4871 742 4926 nostri
775 4869 986 4942 fatigati
1044 4887 1141 4927 eos
1181 4872 1417 4942 amplius
1456 4870 1808 4927 infestabant.
1852 4869 2021 4926 Erant

420 4959 579 5015 enim
622 4961 820 5033 pagani
865 4961 933 5017 de
980 4970 1133 5018 tanta
1154 4963 1381 5019 audacia
1421 4962 1639 5033 juvenis
1690 4961 2015 5033 stupefacti,

433 5052 581 5121 quod
608 5052 733 5122 plus
760 5053 1055 5109 laudabant
1084 5069 1209 5109 eum
1241 5063 1350 5109 tam
1379 5071 1545 5125 parva
1581 5071 1745 5110 manu
1771 5057 1899 5111 talia
1932 5057 2022 5088 ¹¹¹³

432 5145 851 5217 prmsumpsisse
873 5146 1064 5215 sicque
1101 5146 1433 5202 mordaeitcr
1461 5148 1744 5216 institisse,
1773 5166 1940 5219 quam
1962 5165 2021 5206 se

433 5232 582 5305 ipsos
610 5244 760 5309 tanto
791 5236 988 5293 mortis
1017 5236 1305 5325 dispendio
1342 5240 1553 5295 tristem
1599 5241 2020 5311 victoriamha-

2127 4597 2300 4652 tulum
2332 4598 2611 4657 inclinato
2641 4598 2764 4666 plus
2794 4597 3062 4667 gaudebat
3094 4580 3423 4669 Zbignevus,
3453 4613 3615 4668 quam
3639 4611 3702 4652 eo

2110 4688 2355 4749 victoria
2393 4689 2710 4744 multotiens
2737 4690 2991 4744 exaltato.
3038 4688 3211 4759 Cujus
3246 4689 3325 4744 rei
3356 4688 3699 4744 manifestum

2113 4778 2391 4843 indicium
2417 4781 2749 4851 apparebat,
2780 4796 2905 4835 cum
2945 4796 2974 4859 a
3000 4780 3226 4851 paganis
3248 4780 3317 4835 de
3347 4781 3573 4836 victoria
3604 4796 3700 4849 pro

2126 4873 2284 4944 signo
2312 4874 2639 4929 munuscula
2664 4873 2932 4943 capiebat,
2948 4882 3002 4928 et
3030 4872 3223 4944 legatis
3244 4888 3441 4944 magna
3464 4887 3557 4943 pro
3577 4877 3699 4942 par-

2124 4963 2207 5019 vis
2230 4980 2458 5019 munera
2484 4965 2831 5034 rependebat.
2863 4963 2927 5018 Et
2954 4963 3000 5020 si
3024 4963 3306 5019 Poloniam
3335 4962 3698 5033 depraedantcs

2122 5055 2190 5111 de
2220 5066 2367 5111 sorte
2388 5055 2659 5110 Bolezlavi
2688 5056 2933 5125 captivos
2960 5054 3304 5109 adducebant
3328 5096 3343 5121 ,
3396 5054 3569 5109 statim
3604 5067 3697 5108 eos

2121 5150 2516 5205 venundandos
2535 5150 2603 5204 ad
2624 5150 2984 5205 barbarorum
3007 5148 3216 5204 insulas
3229 5146 3693 5219 transportabant;

2123 5241 2170 5297 si
2195 5242 2326 5311 quid
2344 5258 2495 5309 vero,
2523 5243 2608 5298 vel
2633 5243 2871 5298 credam
2895 5243 2980 5297 vel
2999 5241 3270 5321 homines,
3303 5241 3614 5322 ignpranter
3630 5238 3695 5292 de

1740 5334 1834 5389 VA
1843 5333 1983 5391 ΒΙᾹΞ
2024 5333 2430 5392 LECTIONES.

506 5398 599 5430 ¹¹⁰⁶
627 5400 908 5456 venaeioni
937 5401 988 5456 1.
1063 5402 1156 5435 ¹¹⁰⁷
1178 5405 1516 5460 contrarium
1545 5407 1599 5462 5.
1677 5408 1771 5439 ¹¹⁰⁸
1792 5409 1984 5462 lenena
2012 5406 2061 5461 1.

2144 5407 2235 5439 ¹¹⁰⁹
2252 5424 2404 5463 more
2420 5409 2574 5462 codd.
2653 5410 2745 5441 ¹¹¹⁰
2760 5407 2978 5480 peciunt
3002 5408 3052 5462 1.
3069 5407 3125 5463 2.
3167 5479 3170 5480 ν
3204 5408 3295 5480 “_“
3312 5406 3551 5480 dubitant
3570 5403 3620 5456 1.

553 5470 633 5550 fit!
657 5472 848 5550 rectius
883 5472 1078 5550 (furori.
1106 5474 1275 5550 princ.
1312 5475 1501 5550 Ροίοη.
1532 5476 1744 5532 Stenzel
1773 5477 1823 5544 Ι,
1864 5479 1953 5532 75.
1990 5486 2219 5550 regnare
2247 5480 2295 5533 1.
2327 5481 2381 5534 2.
2464 5481 2555 5511 “"
2580 5481 2710 5534 talia
2751 5467 2830 5534 (iis
2881 5487 3118 5549 repetunt
3154 5479 3205 5533 1.
3230 5478 3285 5532 2.
3316 5549 3320 5550 ν
3361 5473 3668 5550 f'f‘deestg

436 5538 526 5569 “"
568 5539 731 5596 nimis
760 5541 814 5595 2.

435 5608 525 5642 “‘9
548 5620 925 5681 argumentum
943 5613 1073 5667 edit.
1121 5608 1271 5670 γάιος.
1306 5634 1359 5687 p.
1392 5618 1521 5674 205.
1551 5608 1694 5674 deest
1725 5621 1777 5674 1.
1803 5620 1859 5674 2.
1887 5621 1940 5675 5.

902 5542 1449 5619 ¹¹¹⁶μίηδςζὶριὶοηρηρί
1480 5549 1615 5602 lianc
1671 5542 1974 5619 qute‘dec'sl
2022 5542 2078 5602 ἸΪ
2122 5550 2175 5605 2-
2209 5552 2353 5605 δέδιθι
2388 5552 2422 5605 5

2524 5552 2610 5615 _“‘"
2636 5553 2896 5606 continuo
2936 5542 3098 5604 'addit
3149 5550 3203 5604 ὅ.
3287 5547 3377 5580 ¹¹¹⁸
3395 5547 3523 5602 deest
3550 5544 3607 5597 2.
3633 5542 3667 5597 5

1927 5708 2155 5766 NOT/E.

408 5788 419 5797 ’
505 5792 655 5863 (149)
693 5793 821 5848 Scil.
848 5794 1149 5852 Boleslavo.
1178 5798 1240 5853 li.
