  <div class='ocr_page' id='page_1' title='image "/cluster/home/n/w/nwhite01/storage/ocr_20150623/160/hvd.32044015473846/452.png"; bbox 0 0 3952 6324; ppageno 0'>
   <div class='ocr_carea' id='block_1_1' title="bbox 116 258 2093 361">
    <p class='ocr_par' dir='ltr' id='par_1_1' title="bbox 116 258 2093 361">
     <span class='ocr_line' id='line_1_1' title="bbox 116 258 2093 361; baseline -0.005 0"><span class='ocrx_word' id='word_1_1' title='bbox 116 258 121 263; x_wconf 22' lang='grc' dir='ltr'><strong>Δ</strong></span> <span class='ocrx_word' id='word_1_2' title='bbox 174 303 260 361; x_wconf 79' lang='lat'><strong>90]</strong></span> <span class='ocrx_word' id='word_1_3' title='bbox 1463 297 1667 353; x_wconf 80' lang='lat' dir='ltr'><strong>LIBER</strong></span> <span class='ocrx_word' id='word_1_4' title='bbox 1706 296 2093 355; x_wconf 80' lang='lat' dir='ltr'><strong>SECUNDUS.</strong></span> 
     </span>
    </p>
   </div>
   <div class='ocr_carea' id='block_1_2' title="bbox 3315 305 3422 363">
    <p class='ocr_par' dir='ltr' id='par_1_2' title="bbox 3315 305 3422 363">
     <span class='ocr_line' id='line_1_2' title="bbox 3315 305 3422 363; baseline 0.019 -2"><span class='ocrx_word' id='word_1_5' title='bbox 3315 305 3422 363; x_wconf 80' lang='lat'><strong>902</strong></span> 
     </span>
    </p>
   </div>
   <div class='ocr_carea' id='block_1_3' title="bbox 171 399 3419 491">
    <p class='ocr_par' dir='ltr' id='par_1_3' title="bbox 171 399 3419 491">
     <span class='ocr_line' id='line_1_3' title="bbox 171 399 3419 491; baseline 0.002 -22"><span class='ocrx_word' id='word_1_6' title='bbox 171 420 309 487; x_wconf 85' lang='lat' dir='ltr'><strong>parte</strong></span> <span class='ocrx_word' id='word_1_7' title='bbox 336 399 592 482; x_wconf 52' lang='lat' dir='ltr'><strong>Zbig&#39;nev&#39;i</strong></span> <span class='ocrx_word' id='word_1_8' title='bbox 623 406 937 479; x_wconf 85' lang='lat' dir='ltr'><strong>capiebant,</strong></span> <span class='ocrx_word' id='word_1_9' title='bbox 968 406 1100 462; x_wconf 82' lang='lat' dir='ltr'><strong>illud</strong></span> <span class='ocrx_word' id='word_1_10' title='bbox 1131 408 1251 463; x_wconf 86' lang='lat' dir='ltr'><strong>sine</strong></span> <span class='ocrx_word' id='word_1_11' title='bbox 1277 409 1451 480; x_wconf 77' lang='lat' dir='ltr'><strong>pretio</strong></span> <span class='ocrx_word' id='word_1_12' title='bbox 1482 410 1566 465; x_wconf 89' lang='lat' dir='ltr'><strong>vel</strong></span> <span class='ocrx_word' id='word_1_13' title='bbox 1591 411 1807 477; x_wconf 62' lang='grc' dir='ltr'><strong>(ἤια-,Λ</strong></span> <span class='ocrx_word' id='word_1_14' title='bbox 1842 412 2234 483; x_wconf 84' lang='lat' dir='ltr'><strong>subsequentia</strong></span> <span class='ocrx_word' id='word_1_15' title='bbox 2280 411 2581 484; x_wconf 77' lang='lat' dir='ltr'><strong>delegavit:</strong></span> <span class='ocrx_word' id='word_1_16' title='bbox 2614 411 2895 479; x_wconf 67' lang='lat' dir='ltr'><strong>Quoniam,</strong></span> <span class='ocrx_word' id='word_1_17' title='bbox 2923 418 3132 488; x_wconf 74' lang='lat' dir='ltr'><strong>quidem</strong></span> <span class='ocrx_word' id='word_1_18' title='bbox 3156 461 3172 487; x_wconf 93' lang='lat'><strong>,</strong></span> <span class='ocrx_word' id='word_1_19' title='bbox 3229 421 3419 491; x_wconf 80' lang='lat' dir='ltr'><strong>frater,</strong></span> 
     </span>
    </p>
   </div>
   <div class='ocr_carea' id='block_1_4' title="bbox 173 495 1734 571">
    <p class='ocr_par' dir='ltr' id='par_1_4' title="bbox 173 495 1734 571">
     <span class='ocr_line' id='line_1_4' title="bbox 173 495 1734 571; baseline -0.004 -10"><span class='ocrx_word' id='word_1_20' title='bbox 173 506 304 561; x_wconf 91' lang='lat' dir='ltr'><strong>tione</strong></span> <span class='ocrx_word' id='word_1_21' title='bbox 334 495 859 557; x_wconf 87' lang='lat' dir='ltr'><strong>remittebant.Unde</strong></span> <span class='ocrx_word' id='word_1_22' title='bbox 886 498 1069 554; x_wconf 93' lang='lat' dir='ltr'><strong>cuncti</strong></span> <span class='ocrx_word' id='word_1_23' title='bbox 1097 497 1337 554; x_wconf 81' lang='lat' dir='ltr'><strong>Poloniae</strong></span> <span class='ocrx_word' id='word_1_24' title='bbox 1358 501 1628 571; x_wconf 73' lang='lat' dir='ltr'><strong>sapientes</strong></span> <span class='ocrx_word' id='word_1_25' title='bbox 1650 502 1734 556; x_wconf 90' lang='lat' dir='ltr'><strong>in-</strong></span> 
     </span>
    </p>
   </div>
   <div class='ocr_carea' id='block_1_5' title="bbox 172 589 1731 665">
    <p class='ocr_par' dir='ltr' id='par_1_5' title="bbox 172 589 1731 665">
     <span class='ocr_line' id='line_1_5' title="bbox 172 589 1731 665; baseline -0.001 -16"><span class='ocrx_word' id='word_1_26' title='bbox 172 592 391 665; x_wconf 77' lang='lat' dir='ltr'><strong>dignati,</strong></span> <span class='ocrx_word' id='word_1_27' title='bbox 415 591 484 647; x_wconf 89' lang='lat' dir='ltr'><strong>ad</strong></span> <span class='ocrx_word' id='word_1_28' title='bbox 508 591 693 647; x_wconf 90' lang='lat' dir='ltr'><strong>odium</strong></span> <span class='ocrx_word' id='word_1_29' title='bbox 719 589 975 661; x_wconf 81' lang='lat' dir='ltr'><strong>Zbignevi</strong></span> <span class='ocrx_word' id='word_1_30' title='bbox 1000 606 1065 644; x_wconf 79' lang='lat' dir='ltr'><strong>ex</strong></span> <span class='ocrx_word' id='word_1_31' title='bbox 1087 590 1327 645; x_wconf 90' lang='lat' dir='ltr'><strong>amicitia</strong></span> <span class='ocrx_word' id='word_1_32' title='bbox 1358 599 1486 646; x_wconf 88' lang='lat' dir='ltr'><strong>sunt</strong></span> <span class='ocrx_word' id='word_1_33' title='bbox 1506 592 1731 661; x_wconf 89' lang='lat' dir='ltr'><strong>redacti,</strong></span> 
     </span>
    </p>
   </div>
   <div class='ocr_carea' id='block_1_6' title="bbox 172 682 1735 754">
    <p class='ocr_par' dir='ltr' id='par_1_6' title="bbox 172 682 1735 754">
     <span class='ocr_line' id='line_1_6' title="bbox 172 682 1735 754; baseline -0.003 -11"><span class='ocrx_word' id='word_1_34' title='bbox 172 688 244 744; x_wconf 90' lang='lat' dir='ltr'><strong>sic</strong></span> <span class='ocrx_word' id='word_1_35' title='bbox 268 686 331 740; x_wconf 89' lang='lat' dir='ltr'><strong>ad</strong></span> <span class='ocrx_word' id='word_1_36' title='bbox 356 684 588 740; x_wconf 84' lang='lat' dir='ltr'><strong>invicem</strong></span> <span class='ocrx_word' id='word_1_37' title='bbox 612 683 942 754; x_wconf 90' lang='lat' dir='ltr'><strong>inquientes,</strong></span> <span class='ocrx_word' id='word_1_38' title='bbox 973 683 1038 738; x_wconf 87' lang='lat' dir='ltr'><strong>de</strong></span> <span class='ocrx_word' id='word_1_39' title='bbox 1068 683 1163 737; x_wconf 90' lang='lat' dir='ltr'><strong>tali</strong></span> <span class='ocrx_word' id='word_1_40' title='bbox 1190 682 1482 738; x_wconf 86' lang='lat' dir='ltr'><strong>consilium</strong></span> <span class='ocrx_word' id='word_1_41' title='bbox 1516 685 1735 754; x_wconf 90' lang='lat' dir='ltr'><strong>capien-</strong></span> 
     </span>
    </p>
   </div>
   <div class='ocr_carea' id='block_1_7' title="bbox 174 775 1735 848">
    <p class='ocr_par' dir='ltr' id='par_1_7' title="bbox 174 775 1735 848">
     <span class='ocr_line' id='line_1_7' title="bbox 174 775 1735 848; baseline -0.006 -14"><span class='ocrx_word' id='word_1_42' title='bbox 174 787 283 834; x_wconf 89' lang='lat' dir='ltr'><strong>tes:</strong></span> <span class='ocrx_word' id='word_1_43' title='bbox 315 775 482 848; x_wconf 81' lang='lat' dir='ltr'><strong>Usque</strong></span> <span class='ocrx_word' id='word_1_44' title='bbox 505 777 658 829; x_wconf 82' lang='lat' dir='ltr'><strong>modo</strong></span> <span class='ocrx_word' id='word_1_45' title='bbox 688 776 880 846; x_wconf 78' lang='lat' dir='ltr'><strong>patria:</strong></span> <span class='ocrx_word' id='word_1_46' title='bbox 913 784 1108 830; x_wconf 75' lang='lat' dir='ltr'><strong>nostra:</strong></span> <span class='ocrx_word' id='word_1_47' title='bbox 1138 775 1426 829; x_wconf 89' lang='lat' dir='ltr'><strong>discidium</strong></span> <span class='ocrx_word' id='word_1_48' title='bbox 1453 785 1501 829; x_wconf 88' lang='lat' dir='ltr'><strong>et</strong></span> <span class='ocrx_word' id='word_1_49' title='bbox 1529 777 1619 807; x_wconf 79' lang='grc'><strong>¹¹²⁶</strong></span> <span class='ocrx_word' id='word_1_50' title='bbox 1643 776 1735 831; x_wconf 78' lang='lat' dir='ltr'><strong>de-</strong></span> 
     </span>
    </p>
   </div>
   <div class='ocr_carea' id='block_1_8' title="bbox 173 865 1736 938">
    <p class='ocr_par' dir='ltr' id='par_1_8' title="bbox 173 865 1736 938">
     <span class='ocr_line' id='line_1_8' title="bbox 173 865 1736 938; baseline -0.001 -15"><span class='ocrx_word' id='word_1_51' title='bbox 173 870 461 923; x_wconf 87' lang='lat' dir='ltr'><strong>trimentum</strong></span> <span class='ocrx_word' id='word_1_52' title='bbox 503 866 580 921; x_wconf 96' lang='lat' dir='ltr'><strong>vel</strong></span> <span class='ocrx_word' id='word_1_53' title='bbox 615 865 929 938; x_wconf 78' lang='lat' dir='ltr'><strong>negligentes</strong></span> <span class='ocrx_word' id='word_1_54' title='bbox 966 866 1044 920; x_wconf 88' lang='lat' dir='ltr'><strong>vel</strong></span> <span class='ocrx_word' id='word_1_55' title='bbox 1076 867 1162 897; x_wconf 83' lang='grc'><strong>¹¹’¹</strong></span> <span class='ocrx_word' id='word_1_56' title='bbox 1206 865 1601 922; x_wconf 77' lang='lat' dir='ltr'><strong>dissimulantes</strong></span> <span class='ocrx_word' id='word_1_57' title='bbox 1644 885 1736 938; x_wconf 84' lang='lat' dir='ltr'><strong>per</strong></span> 
     </span>
    </p>
   </div>
   <div class='ocr_carea' id='block_1_9' title="bbox 173 960 1734 1029">
    <p class='ocr_par' dir='ltr' id='par_1_9' title="bbox 173 960 1734 1029">
     <span class='ocr_line' id='line_1_9' title="bbox 173 960 1734 1029; baseline -0.001 -14"><span class='ocrx_word' id='word_1_58' title='bbox 173 961 380 1016; x_wconf 85' lang='lat' dir='ltr'><strong>nimium</strong></span> <span class='ocrx_word' id='word_1_59' title='bbox 412 960 763 1014; x_wconf 76' lang='lat' dir='ltr'><strong>sustinuimus</strong></span> <span class='ocrx_word' id='word_1_60' title='bbox 792 961 1075 1029; x_wconf 77' lang='lat' dir='ltr'><strong>patienter,</strong></span> <span class='ocrx_word' id='word_1_61' title='bbox 1110 976 1249 1012; x_wconf 85' lang='lat' dir='ltr'><strong>nunc</strong></span> <span class='ocrx_word' id='word_1_62' title='bbox 1278 960 1368 991; x_wconf 83' lang='grc'>¹¹²²</span> <span class='ocrx_word' id='word_1_63' title='bbox 1408 977 1525 1014; x_wconf 89' lang='lat' dir='ltr'><strong>vero</strong></span> <span class='ocrx_word' id='word_1_64' title='bbox 1562 962 1734 1015; x_wconf 83' lang='lat' dir='ltr'><strong>hostes</strong></span> 
     </span>
    </p>
   </div>
   <div class='ocr_carea' id='block_1_10' title="bbox 170 1049 1737 1121">
    <p class='ocr_par' dir='ltr' id='par_1_10' title="bbox 170 1049 1737 1121">
     <span class='ocr_line' id='line_1_10' title="bbox 170 1049 1737 1121; baseline 0.001 -17"><span class='ocrx_word' id='word_1_65' title='bbox 170 1051 372 1104; x_wconf 81' lang='lat' dir='ltr'><strong>latentes</strong></span> <span class='ocrx_word' id='word_1_66' title='bbox 403 1052 732 1121; x_wconf 77' lang='lat' dir='ltr'><strong>manifestos,</strong></span> <span class='ocrx_word' id='word_1_67' title='bbox 761 1059 810 1104; x_wconf 91' lang='lat' dir='ltr'><strong>et</strong></span> <span class='ocrx_word' id='word_1_68' title='bbox 843 1050 1072 1103; x_wconf 82' lang='lat' dir='ltr'><strong>insidias</strong></span> <span class='ocrx_word' id='word_1_69' title='bbox 1101 1049 1337 1103; x_wconf 81' lang='lat' dir='ltr'><strong>occultas</strong></span> <span class='ocrx_word' id='word_1_70' title='bbox 1365 1051 1597 1105; x_wconf 81' lang='lat' dir='ltr'><strong>detectas</strong></span> <span class='ocrx_word' id='word_1_71' title='bbox 1625 1068 1737 1106; x_wconf 87' lang='lat' dir='ltr'><strong>cer-</strong></span> 
     </span>
    </p>
   </div>
   <div class='ocr_carea' id='block_1_11' title="bbox 170 1141 1737 1217">
    <p class='ocr_par' dir='ltr' id='par_1_11' title="bbox 170 1141 1737 1217">
     <span class='ocr_line' id='line_1_11' title="bbox 170 1141 1737 1217; baseline 0.003 -21"><span class='ocrx_word' id='word_1_72' title='bbox 170 1145 327 1198; x_wconf 87' lang='lat' dir='ltr'><strong>nimus</strong></span> <span class='ocrx_word' id='word_1_73' title='bbox 367 1144 652 1198; x_wconf 81' lang='lat' dir='ltr'><strong>evidenter.</strong></span> <span class='ocrx_word' id='word_1_74' title='bbox 698 1141 909 1197; x_wconf 82' lang='lat' dir='ltr'><strong>Scimus</strong></span> <span class='ocrx_word' id='word_1_75' title='bbox 948 1144 1087 1197; x_wconf 88' lang='lat' dir='ltr'><strong>enim</strong></span> <span class='ocrx_word' id='word_1_76' title='bbox 1123 1152 1173 1198; x_wconf 90' lang='lat' dir='ltr'><strong>et</strong></span> <span class='ocrx_word' id='word_1_77' title='bbox 1211 1144 1340 1198; x_wconf 88' lang='lat' dir='ltr'><strong>certi</strong></span> <span class='ocrx_word' id='word_1_78' title='bbox 1378 1161 1581 1212; x_wconf 85' lang='lat' dir='ltr'><strong>sumus,</strong></span> <span class='ocrx_word' id='word_1_79' title='bbox 1610 1146 1737 1217; x_wconf 84' lang='lat' dir='ltr'><strong>quia</strong></span> 
     </span>
    </p>
   </div>
   <div class='ocr_carea' id='block_1_12' title="bbox 171 1234 1736 1308">
    <p class='ocr_par' dir='ltr' id='par_1_12' title="bbox 171 1234 1736 1308">
     <span class='ocr_line' id='line_1_12' title="bbox 171 1234 1736 1308; baseline 0.002 -19"><span class='ocrx_word' id='word_1_80' title='bbox 171 1237 451 1308; x_wconf 76' lang='lat' dir='ltr'><strong>frequenter</strong></span> <span class='ocrx_word' id='word_1_81' title='bbox 501 1234 794 1307; x_wconf 84' lang='lat' dir='ltr'><strong>Zbignevus</strong></span> <span class='ocrx_word' id='word_1_82' title='bbox 852 1235 1137 1290; x_wconf 70' lang='lat' dir='ltr'><strong>Bolezlavo</strong></span> <span class='ocrx_word' id='word_1_83' title='bbox 1185 1236 1332 1289; x_wconf 88' lang='lat' dir='ltr'><strong>nobis</strong></span> <span class='ocrx_word' id='word_1_84' title='bbox 1390 1238 1736 1306; x_wconf 73' lang='lat' dir='ltr'><strong>prazsentibus</strong></span> 
     </span>
    </p>
   </div>
   <div class='ocr_carea' id='block_1_13' title="bbox 171 1326 1736 1398">
    <p class='ocr_par' dir='ltr' id='par_1_13' title="bbox 171 1326 1736 1398">
     <span class='ocr_line' id='line_1_13' title="bbox 171 1326 1736 1398; baseline -0.001 -14"><span class='ocrx_word' id='word_1_85' title='bbox 171 1331 257 1385; x_wconf 78' lang='lat' dir='ltr'><strong>hoc</strong></span> <span class='ocrx_word' id='word_1_86' title='bbox 289 1329 377 1360; x_wconf 83' lang='grc'>¹¹¹³</span> <span class='ocrx_word' id='word_1_87' title='bbox 390 1329 622 1398; x_wconf 84' lang='lat' dir='ltr'><strong>juravit,</strong></span> <span class='ocrx_word' id='word_1_88' title='bbox 648 1328 783 1382; x_wconf 87' lang='lat' dir='ltr'><strong>unde</strong></span> <span class='ocrx_word' id='word_1_89' title='bbox 809 1326 899 1360; x_wconf 76' lang='grc'><strong>¹¹²⁸</strong></span> <span class='ocrx_word' id='word_1_90' title='bbox 916 1345 1017 1381; x_wconf 86' lang='lat' dir='ltr'><strong>non</strong></span> <span class='ocrx_word' id='word_1_91' title='bbox 1038 1328 1196 1382; x_wconf 85' lang='lat' dir='ltr'><strong>semel</strong></span> <span class='ocrx_word' id='word_1_92' title='bbox 1220 1328 1295 1382; x_wconf 89' lang='lat' dir='ltr'><strong>vel</strong></span> <span class='ocrx_word' id='word_1_93' title='bbox 1322 1331 1498 1394; x_wconf 84' lang='lat' dir='ltr'><strong>tertio,</strong></span> <span class='ocrx_word' id='word_1_94' title='bbox 1530 1329 1620 1383; x_wconf 87' lang='lat' dir='ltr'><strong>sed</strong></span> <span class='ocrx_word' id='word_1_95' title='bbox 1648 1329 1736 1361; x_wconf 81' lang='grc'>¹¹²⁸</span> 
     </span>
    </p>
   </div>
   <div class='ocr_carea' id='block_1_14' title="bbox 173 1419 1738 1492">
    <p class='ocr_par' dir='ltr' id='par_1_14' title="bbox 173 1419 1738 1492">
     <span class='ocr_line' id='line_1_14' title="bbox 173 1419 1738 1492; baseline 0 -18"><span class='ocrx_word' id='word_1_96' title='bbox 173 1421 462 1476; x_wconf 85' lang='lat' dir='ltr'><strong>multotiens</strong></span> <span class='ocrx_word' id='word_1_97' title='bbox 497 1420 775 1492; x_wconf 86' lang='lat' dir='ltr'><strong>pejeravit.</strong></span> <span class='ocrx_word' id='word_1_98' title='bbox 817 1419 1082 1485; x_wconf 85' lang='lat' dir='ltr'><strong>Quoniam</strong></span> <span class='ocrx_word' id='word_1_99' title='bbox 1131 1437 1222 1474; x_wconf 85' lang='lat' dir='ltr'><strong>nec</strong></span> <span class='ocrx_word' id='word_1_100' title='bbox 1264 1421 1357 1451; x_wconf 81' lang='grc'>¹¹¹⁶</span> <span class='ocrx_word' id='word_1_101' title='bbox 1394 1437 1513 1476; x_wconf 84' lang='lat' dir='ltr'><strong>cum</strong></span> <span class='ocrx_word' id='word_1_102' title='bbox 1548 1422 1738 1475; x_wconf 81' lang='lat' dir='ltr'><strong>amicis</strong></span> 
     </span>
    </p>
   </div>
   <div class='ocr_carea' id='block_1_15' title="bbox 170 1512 1742 1583">
    <p class='ocr_par' dir='ltr' id='par_1_15' title="bbox 170 1512 1742 1583">
     <span class='ocr_line' id='line_1_15' title="bbox 170 1512 1742 1583; baseline 0.001 -16"><span class='ocrx_word' id='word_1_103' title='bbox 170 1514 346 1583; x_wconf 77' lang='lat' dir='ltr'><strong>fratris</strong></span> <span class='ocrx_word' id='word_1_104' title='bbox 373 1513 674 1566; x_wconf 84' lang='lat' dir='ltr'><strong>amicitiam</strong></span> <span class='ocrx_word' id='word_1_105' title='bbox 699 1512 957 1566; x_wconf 84' lang='lat' dir='ltr'><strong>retinebat</strong></span> <span class='ocrx_word' id='word_1_106' title='bbox 981 1553 996 1580; x_wconf 94' lang='lat'><strong>,</strong></span> <span class='ocrx_word' id='word_1_107' title='bbox 1039 1529 1130 1566; x_wconf 86' lang='lat' dir='ltr'><strong>nec</strong></span> <span class='ocrx_word' id='word_1_108' title='bbox 1158 1529 1275 1566; x_wconf 90' lang='lat' dir='ltr'><strong>cum</strong></span> <span class='ocrx_word' id='word_1_109' title='bbox 1305 1513 1537 1568; x_wconf 87' lang='lat' dir='ltr'><strong>inimicis</strong></span> <span class='ocrx_word' id='word_1_110' title='bbox 1557 1514 1742 1568; x_wconf 85' lang='lat' dir='ltr'><strong>inimi-</strong></span> 
     </span>
    </p>
   </div>
   <div class='ocr_carea' id='block_1_16' title="bbox 171 1607 1740 1676">
    <p class='ocr_par' dir='ltr' id='par_1_16' title="bbox 171 1607 1740 1676">
     <span class='ocr_line' id='line_1_16' title="bbox 171 1607 1740 1676; baseline -0.001 -15"><span class='ocrx_word' id='word_1_111' title='bbox 171 1609 341 1662; x_wconf 72' lang='lat' dir='ltr'><strong>citiam</strong></span> <span class='ocrx_word' id='word_1_112' title='bbox 373 1607 468 1639; x_wconf 84' lang='lat'><strong>“&quot;</strong></span> <span class='ocrx_word' id='word_1_113' title='bbox 489 1607 785 1673; x_wconf 78' lang='lat' dir='ltr'><strong>exercebat,</strong></span> <span class='ocrx_word' id='word_1_114' title='bbox 818 1622 993 1676; x_wconf 84' lang='lat' dir='ltr'><strong>ymmo</strong></span> <span class='ocrx_word' id='word_1_115' title='bbox 1021 1622 1114 1676; x_wconf 82' lang='lat' dir='ltr'><strong>per</strong></span> <span class='ocrx_word' id='word_1_116' title='bbox 1145 1607 1470 1660; x_wconf 87' lang='lat' dir='ltr'><strong>contrarium</strong></span> <span class='ocrx_word' id='word_1_117' title='bbox 1507 1607 1740 1660; x_wconf 88' lang='lat' dir='ltr'><strong>hostium</strong></span> 
     </span>
    </p>
   </div>
   <div class='ocr_carea' id='block_1_17' title="bbox 172 1699 1736 1770">
    <p class='ocr_par' dir='ltr' id='par_1_17' title="bbox 172 1699 1736 1770">
     <span class='ocr_line' id='line_1_17' title="bbox 172 1699 1736 1770; baseline -0.001 -17"><span class='ocrx_word' id='word_1_118' title='bbox 172 1700 343 1770; x_wconf 73' lang='lat' dir='ltr'><strong>fratris</strong></span> <span class='ocrx_word' id='word_1_119' title='bbox 399 1700 607 1753; x_wconf 87' lang='lat' dir='ltr'><strong>amicus</strong></span> <span class='ocrx_word' id='word_1_120' title='bbox 678 1707 729 1752; x_wconf 90' lang='lat' dir='ltr'><strong>et</strong></span> <span class='ocrx_word' id='word_1_121' title='bbox 787 1699 1079 1751; x_wconf 87' lang='lat' dir='ltr'><strong>amicorum</strong></span> <span class='ocrx_word' id='word_1_122' title='bbox 1150 1699 1399 1752; x_wconf 87' lang='lat' dir='ltr'><strong>inimicus</strong></span> <span class='ocrx_word' id='word_1_123' title='bbox 1459 1699 1736 1753; x_wconf 73' lang='lat' dir='ltr'><strong>existebat.</strong></span> 
     </span>
    </p>
   </div>
   <div class='ocr_carea' id='block_1_18' title="bbox 1838 503 3425 584">
    <p class='ocr_par' dir='ltr' id='par_1_18' title="bbox 1838 503 3425 584">
     <span class='ocr_line' id='line_1_18' title="bbox 1838 503 3425 584; baseline 0.007 -27"><span class='ocrx_word' id='word_1_124' title='bbox 1838 504 2049 574; x_wconf 79' lang='lat' dir='ltr'><strong>inquit,</strong></span> <span class='ocrx_word' id='word_1_125' title='bbox 2076 519 2195 556; x_wconf 86' lang='lat' dir='ltr'><strong>cum</strong></span> <span class='ocrx_word' id='word_1_126' title='bbox 2236 503 2308 556; x_wconf 89' lang='lat' dir='ltr'><strong>sis</strong></span> <span class='ocrx_word' id='word_1_127' title='bbox 2345 503 2520 573; x_wconf 85' lang='lat' dir='ltr'><strong>major</strong></span> <span class='ocrx_word' id='word_1_128' title='bbox 2554 514 2712 558; x_wconf 78' lang='lat' dir='ltr'><strong>(etate</strong></span> <span class='ocrx_word' id='word_1_129' title='bbox 2740 521 2935 577; x_wconf 86' lang='lat' dir='ltr'><strong>parque</strong></span> <span class='ocrx_word' id='word_1_130' title='bbox 2974 508 3223 580; x_wconf 82' lang='lat' dir='ltr'><strong>bene/icio</strong></span> <span class='ocrx_word' id='word_1_131' title='bbox 3250 514 3425 584; x_wconf 87' lang='lat' dir='ltr'><strong>regni-</strong></span> 
     </span>
    </p>
   </div>
   <div class='ocr_carea' id='block_1_19' title="bbox 1835 593 3421 666">
    <p class='ocr_par' dir='ltr' id='par_1_19' title="bbox 1835 593 3421 666">
     <span class='ocr_line' id='line_1_19' title="bbox 1835 593 3421 666; baseline 0.014 -26"><span class='ocrx_word' id='word_1_132' title='bbox 1835 611 1931 665; x_wconf 79' lang='lat' dir='ltr'><strong>que</strong></span> <span class='ocrx_word' id='word_1_133' title='bbox 1972 593 2063 628; x_wconf 62' lang='grc' dir='ltr'><strong>ἀι</strong></span> <span class='ocrx_word' id='word_1_134' title='bbox 2084 594 2362 661; x_wconf 88' lang='lat' dir='ltr'><strong>divisione,</strong></span> <span class='ocrx_word' id='word_1_135' title='bbox 2394 612 2473 648; x_wconf 90' lang='lat' dir='ltr'><strong>me</strong></span> <span class='ocrx_word' id='word_1_136' title='bbox 2492 594 2664 649; x_wconf 88' lang='lat' dir='ltr'><strong>solum</strong></span> <span class='ocrx_word' id='word_1_137' title='bbox 2689 596 2957 666; x_wconf 85' lang='lat' dir='ltr'><strong>juniorem</strong></span> <span class='ocrx_word' id='word_1_138' title='bbox 2991 600 3225 658; x_wconf 87' lang='lat' dir='ltr'><strong>laborem</strong></span> <span class='ocrx_word' id='word_1_139' title='bbox 3251 613 3421 661; x_wconf 89' lang='lat' dir='ltr'><strong>totum</strong></span> 
     </span>
    </p>
   </div>
   <div class='ocr_carea' id='block_1_20' title="bbox 1836 686 3424 763">
    <p class='ocr_par' dir='ltr' id='par_1_20' title="bbox 1836 686 3424 763">
     <span class='ocr_line' id='line_1_20' title="bbox 1836 686 3424 763; baseline 0.006 -22"><span class='ocrx_word' id='word_1_140' title='bbox 1836 686 2011 741; x_wconf 88' lang='lat' dir='ltr'><strong>subire</strong></span> <span class='ocrx_word' id='word_1_141' title='bbox 2035 687 2320 757; x_wconf 83' lang='lat' dir='ltr'><strong>permittis,</strong></span> <span class='ocrx_word' id='word_1_142' title='bbox 2358 704 2450 740; x_wconf 89' lang='lat' dir='ltr'><strong>nec</strong></span> <span class='ocrx_word' id='word_1_143' title='bbox 2478 698 2525 740; x_wconf 90' lang='lat' dir='ltr'><strong>te</strong></span> <span class='ocrx_word' id='word_1_144' title='bbox 2546 687 2609 741; x_wconf 91' lang='lat' dir='ltr'><strong>de</strong></span> <span class='ocrx_word' id='word_1_145' title='bbox 2636 688 2786 743; x_wconf 86' lang='lat' dir='ltr'><strong>bellis</strong></span> <span class='ocrx_word' id='word_1_146' title='bbox 2810 689 2889 744; x_wconf 88' lang='lat' dir='ltr'><strong>vel</strong></span> <span class='ocrx_word' id='word_1_147' title='bbox 2913 693 3321 763; x_wconf 85' lang='lat' dir='ltr'><strong>regni_consiliis</strong></span> <span class='ocrx_word' id='word_1_148' title='bbox 3346 697 3424 753; x_wconf 83' lang='lat' dir='ltr'><strong>in-</strong></span> 
     </span>
    </p>
   </div>
   <div class='ocr_carea' id='block_1_21' title="bbox 1838 778 3419 855">
    <p class='ocr_par' dir='ltr' id='par_1_21' title="bbox 1838 778 3419 855">
     <span class='ocr_line' id='line_1_21' title="bbox 1838 778 3419 855; baseline 0.008 -24"><span class='ocrx_word' id='word_1_149' title='bbox 1838 778 2113 844; x_wconf 86' lang='lat' dir='ltr'><strong>tromittis,</strong></span> <span class='ocrx_word' id='word_1_150' title='bbox 2128 787 2221 832; x_wconf 85' lang='lat' dir='ltr'><strong>aut</strong></span> <span class='ocrx_word' id='word_1_151' title='bbox 2249 787 2413 832; x_wconf 91' lang='lat' dir='ltr'><strong>totam</strong></span> <span class='ocrx_word' id='word_1_152' title='bbox 2432 781 2574 851; x_wconf 83' lang='lat' dir='ltr'><strong>regni</strong></span> <span class='ocrx_word' id='word_1_153' title='bbox 2596 798 2779 836; x_wconf 87' lang='lat' dir='ltr'><strong>curam</strong></span> <span class='ocrx_word' id='word_1_154' title='bbox 2804 800 2865 837; x_wconf 89' lang='lat' dir='ltr'><strong>ac</strong></span> <span class='ocrx_word' id='word_1_155' title='bbox 2885 780 3419 855; x_wconf 57' lang='lat' dir='ltr'><strong>““sollicitudinem,</strong></span> 
     </span>
    </p>
   </div>
   <div class='ocr_carea' id='block_1_22' title="bbox 1837 869 3436 948">
    <p class='ocr_par' dir='ltr' id='par_1_22' title="bbox 1837 869 3436 948">
     <span class='ocr_line' id='line_1_22' title="bbox 1837 869 3436 948; baseline 0.006 -26"><span class='ocrx_word' id='word_1_156' title='bbox 1837 870 1975 923; x_wconf 86' lang='lat' dir='ltr'><strong>sicut</strong></span> <span class='ocrx_word' id='word_1_157' title='bbox 2009 869 2101 901; x_wconf 68' lang='grc'>¹¹⁸⁸</span> <span class='ocrx_word' id='word_1_158' title='bbox 2137 870 2312 940; x_wconf 84' lang='lat' dir='ltr'><strong>major</strong></span> <span class='ocrx_word' id='word_1_159' title='bbox 2350 886 2460 924; x_wconf 86' lang='lat' dir='ltr'><strong>esse</strong></span> <span class='ocrx_word' id='word_1_160' title='bbox 2510 871 2607 938; x_wconf 80' lang='lat' dir='ltr'><strong>vis,</strong></span> <span class='ocrx_word' id='word_1_161' title='bbox 2654 871 2892 927; x_wconf 79' lang='lat' dir='ltr'><strong>obtinens</strong></span> <span class='ocrx_word' id='word_1_162' title='bbox 2916 874 3027 940; x_wconf 62' lang='grc' dir='ltr'><strong>ω’,</strong></span> <span class='ocrx_word' id='word_1_163' title='bbox 3064 887 3156 929; x_wconf 78' lang='lat' dir='ltr'><strong>aut</strong></span> <span class='ocrx_word' id='word_1_164' title='bbox 3180 875 3436 948; x_wconf 85' lang='lat' dir='ltr'><strong>legitimo.</strong></span> 
     </span>
    </p>
   </div>
   <div class='ocr_carea' id='block_1_23' title="bbox 1838 961 3425 1037">
    <p class='ocr_par' dir='ltr' id='par_1_23' title="bbox 1838 961 3425 1037">
     <span class='ocr_line' id='line_1_23' title="bbox 1838 961 3425 1037; baseline 0.004 -22"><span class='ocrx_word' id='word_1_165' title='bbox 1838 961 2030 1028; x_wconf 84' lang='lat' dir='ltr'><strong>michi,</strong></span> <span class='ocrx_word' id='word_1_166' title='bbox 2071 962 2192 1018; x_wconf 90' lang='lat' dir='ltr'><strong>licet</strong></span> <span class='ocrx_word' id='word_1_167' title='bbox 2228 976 2384 1021; x_wconf 75' lang='lat' dir='ltr'><strong>(etate</strong></span> <span class='ocrx_word' id='word_1_168' title='bbox 2428 966 2649 1031; x_wconf 85' lang='lat' dir='ltr'><strong>minori,</strong></span> <span class='ocrx_word' id='word_1_169' title='bbox 2694 982 2825 1019; x_wconf 84' lang='lat' dir='ltr'><strong>onus</strong></span> <span class='ocrx_word' id='word_1_170' title='bbox 2870 975 3024 1021; x_wconf 77' lang='lat' dir='ltr'><strong>terra:</strong></span> <span class='ocrx_word' id='word_1_171' title='bbox 3047 969 3318 1037; x_wconf 71' lang='lat' dir='ltr'><strong>stt/fcrenti</strong></span> <span class='ocrx_word' id='word_1_172' title='bbox 3344 979 3425 1022; x_wconf 90' lang='lat' dir='ltr'><strong>to-</strong></span> 
     </span>
    </p>
   </div>
   <div class='ocr_carea' id='block_1_24' title="bbox 1840 1053 3423 1130">
    <p class='ocr_par' dir='ltr' id='par_1_24' title="bbox 1840 1053 3423 1130">
     <span class='ocr_line' id='line_1_24' title="bbox 1840 1053 3423 1130; baseline 0.004 -24"><span class='ocrx_word' id='word_1_173' title='bbox 1840 1062 2052 1125; x_wconf 88' lang='lat' dir='ltr'><strong>tumque</strong></span> <span class='ocrx_word' id='word_1_174' title='bbox 2082 1054 2171 1086; x_wconf 50' lang='lat'><strong>“5&quot;</strong></span> <span class='ocrx_word' id='word_1_175' title='bbox 2196 1053 2431 1113; x_wconf 82' lang='lat' dir='ltr'><strong>laborem</strong></span> <span class='ocrx_word' id='word_1_176' title='bbox 2461 1058 2686 1128; x_wconf 83' lang='lat' dir='ltr'><strong>patienti</strong></span> <span class='ocrx_word' id='word_1_177' title='bbox 2724 1058 2837 1124; x_wconf 54' lang='lat'><strong>“*9,</strong></span> <span class='ocrx_word' id='word_1_178' title='bbox 2873 1056 2921 1112; x_wconf 87' lang='lat' dir='ltr'><strong>si</strong></span> <span class='ocrx_word' id='word_1_179' title='bbox 2964 1075 3066 1112; x_wconf 84' lang='lat' dir='ltr'><strong>non</strong></span> <span class='ocrx_word' id='word_1_180' title='bbox 3095 1061 3286 1130; x_wconf 82' lang='lat' dir='ltr'><strong>prosis,</strong></span> <span class='ocrx_word' id='word_1_181' title='bbox 3307 1059 3423 1113; x_wconf 84' lang='lat' dir='ltr'><strong>sal-</strong></span> 
     </span>
    </p>
   </div>
   <div class='ocr_carea' id='block_1_25' title="bbox 1840 1146 3427 1219">
    <p class='ocr_par' dir='ltr' id='par_1_25' title="bbox 1840 1146 3427 1219">
     <span class='ocr_line' id='line_1_25' title="bbox 1840 1146 3427 1219; baseline 0.004 -23"><span class='ocrx_word' id='word_1_182' title='bbox 1840 1152 1944 1198; x_wconf 88' lang='lat' dir='ltr'><strong>tem</strong></span> <span class='ocrx_word' id='word_1_183' title='bbox 1968 1156 2070 1197; x_wconf 88' lang='lat' dir='ltr'><strong>non</strong></span> <span class='ocrx_word' id='word_1_184' title='bbox 2097 1161 2306 1202; x_wconf 84' lang='lat' dir='ltr'><strong>noceas.</strong></span> <span class='ocrx_word' id='word_1_185' title='bbox 2339 1146 2545 1213; x_wconf 79' lang='lat' dir='ltr'><strong>Quodsi</strong></span> <span class='ocrx_word' id='word_1_186' title='bbox 2567 1165 2751 1201; x_wconf 86' lang='lat' dir='ltr'><strong>curam</strong></span> <span class='ocrx_word' id='word_1_187' title='bbox 2768 1147 2937 1202; x_wconf 82' lang='lat' dir='ltr'><strong>istam</strong></span> <span class='ocrx_word' id='word_1_188' title='bbox 2962 1149 3273 1219; x_wconf 84' lang='lat' dir='ltr'><strong>susceperis,</strong></span> <span class='ocrx_word' id='word_1_189' title='bbox 3298 1158 3349 1203; x_wconf 88' lang='lat' dir='ltr'><strong>et</strong></span> <span class='ocrx_word' id='word_1_190' title='bbox 3369 1149 3427 1203; x_wconf 84' lang='lat' dir='ltr'><strong>in</strong></span> 
     </span>
    </p>
   </div>
   <div class='ocr_carea' id='block_1_26' title="bbox 1838 1237 3424 1311">
    <p class='ocr_par' dir='ltr' id='par_1_26' title="bbox 1838 1237 3424 1311">
     <span class='ocr_line' id='line_1_26' title="bbox 1838 1237 3424 1311; baseline 0.003 -21"><span class='ocrx_word' id='word_1_191' title='bbox 1838 1253 1960 1291; x_wconf 84' lang='lat' dir='ltr'><strong>uera</strong></span> <span class='ocrx_word' id='word_1_192' title='bbox 1983 1238 2321 1308; x_wconf 79' lang='lat' dir='ltr'><strong>fraternitate</strong></span> <span class='ocrx_word' id='word_1_193' title='bbox 2356 1238 2444 1271; x_wconf 80' lang='grc'><strong>¹¹⁸⁰</strong></span> <span class='ocrx_word' id='word_1_194' title='bbox 2475 1237 2772 1310; x_wconf 83' lang='lat' dir='ltr'><strong>persisteris</strong></span> <span class='ocrx_word' id='word_1_195' title='bbox 2794 1282 2810 1306; x_wconf 91' lang='lat'><strong>,</strong></span> <span class='ocrx_word' id='word_1_196' title='bbox 2860 1256 3185 1311; x_wconf 83' lang='lat' dir='ltr'><strong>quocumque</strong></span> <span class='ocrx_word' id='word_1_197' title='bbox 3224 1257 3304 1294; x_wconf 88' lang='lat' dir='ltr'><strong>me</strong></span> <span class='ocrx_word' id='word_1_198' title='bbox 3328 1257 3424 1310; x_wconf 84' lang='lat' dir='ltr'><strong>pro</strong></span> 
     </span>
    </p>
   </div>
   <div class='ocr_carea' id='block_1_27' title="bbox 1804 1329 3427 1404">
    <p class='ocr_par' dir='ltr' id='par_1_27' title="bbox 1804 1329 3427 1404">
     <span class='ocr_line' id='line_1_27' title="bbox 1804 1329 3427 1404; baseline 0.004 -22"><span class='ocrx_word' id='word_1_199' title='bbox 1804 1386 1807 1391; x_wconf 89' lang='lat'><strong><em>_</em></strong></span> <span class='ocrx_word' id='word_1_200' title='bbox 1840 1332 2104 1386; x_wconf 86' lang='lat' dir='ltr'><strong>communi</strong></span> <span class='ocrx_word' id='word_1_201' title='bbox 2141 1333 2366 1387; x_wconf 87' lang='lat' dir='ltr'><strong>consilio</strong></span> <span class='ocrx_word' id='word_1_202' title='bbox 2404 1329 2484 1386; x_wconf 86' lang='lat' dir='ltr'><strong>vel</strong></span> <span class='ocrx_word' id='word_1_203' title='bbox 2518 1330 2759 1387; x_wconf 82' lang='lat' dir='ltr'><strong>utilitate</strong></span> <span class='ocrx_word' id='word_1_204' title='bbox 2806 1333 2950 1404; x_wconf 84' lang='lat' dir='ltr'><strong>regni</strong></span> <span class='ocrx_word' id='word_1_205' title='bbox 3002 1335 3298 1401; x_wconf 85' lang='lat' dir='ltr'><strong>vocaveris,</strong></span> <span class='ocrx_word' id='word_1_206' title='bbox 3345 1351 3427 1389; x_wconf 90' lang='lat' dir='ltr'><strong>me</strong></span> 
     </span>
    </p>
   </div>
   <div class='ocr_carea' id='block_1_28' title="bbox 1839 1427 3427 1499">
    <p class='ocr_par' dir='ltr' id='par_1_28' title="bbox 1839 1427 3427 1499">
     <span class='ocr_line' id='line_1_28' title="bbox 1839 1427 3427 1499; baseline 0.001 -18"><span class='ocrx_word' id='word_1_207' title='bbox 1839 1437 2106 1497; x_wconf 80' lang='lat' dir='ltr'><strong>promtum</strong></span> <span class='ocrx_word' id='word_1_208' title='bbox 2133 1429 2206 1481; x_wconf 86' lang='lat' dir='ltr'><strong>ibi</strong></span> <span class='ocrx_word' id='word_1_209' title='bbox 2237 1437 2628 1499; x_wconf 87' lang='lat' dir='ltr'><strong>cooperatorem</strong></span> <span class='ocrx_word' id='word_1_210' title='bbox 2664 1427 2912 1481; x_wconf 72' lang='lat' dir='ltr'><strong>habueris</strong></span> <span class='ocrx_word' id='word_1_211' title='bbox 2942 1428 3055 1485; x_wconf 67' lang='grc' dir='ltr'><strong>ηδ’.</strong></span> <span class='ocrx_word' id='word_1_212' title='bbox 3087 1429 3193 1482; x_wconf 80' lang='lat' dir='ltr'><strong>Aut</strong></span> <span class='ocrx_word' id='word_1_213' title='bbox 3220 1430 3268 1482; x_wconf 91' lang='lat' dir='ltr'><strong>si</strong></span> <span class='ocrx_word' id='word_1_214' title='bbox 3292 1430 3427 1499; x_wconf 84' lang='lat' dir='ltr'><strong>forte</strong></span> 
     </span>
    </p>
   </div>
   <div class='ocr_carea' id='block_1_29' title="bbox 1841 1519 3429 1590">
    <p class='ocr_par' dir='ltr' id='par_1_29' title="bbox 1841 1519 3429 1590">
     <span class='ocr_line' id='line_1_29' title="bbox 1841 1519 3429 1590; baseline 0.002 -17"><span class='ocrx_word' id='word_1_215' title='bbox 1841 1521 2012 1590; x_wconf 83' lang='lat' dir='ltr'><strong>quiete</strong></span> <span class='ocrx_word' id='word_1_216' title='bbox 2030 1521 2193 1575; x_wconf 82' lang='lat' dir='ltr'><strong>vivere</strong></span> <span class='ocrx_word' id='word_1_217' title='bbox 2214 1538 2374 1590; x_wconf 89' lang='lat' dir='ltr'><strong>quam</strong></span> <span class='ocrx_word' id='word_1_218' title='bbox 2410 1519 2643 1575; x_wconf 91' lang='lat' dir='ltr'><strong>laborem</strong></span> <span class='ocrx_word' id='word_1_219' title='bbox 2668 1528 2875 1575; x_wconf 87' lang='lat' dir='ltr'><strong>tantum</strong></span> <span class='ocrx_word' id='word_1_220' title='bbox 2904 1521 3079 1575; x_wconf 89' lang='lat' dir='ltr'><strong>subire</strong></span> <span class='ocrx_word' id='word_1_221' title='bbox 3109 1522 3200 1554; x_wconf 81' lang='grc'>¹¹⁸²</span> <span class='ocrx_word' id='word_1_222' title='bbox 3227 1522 3429 1576; x_wconf 88' lang='lat' dir='ltr'><strong>malue-</strong></span> 
     </span>
    </p>
   </div>
   <div class='ocr_carea' id='block_1_30' title="bbox 1842 1609 3426 1682">
    <p class='ocr_par' dir='ltr' id='par_1_30' title="bbox 1842 1609 3426 1682">
     <span class='ocr_line' id='line_1_30' title="bbox 1842 1609 3426 1682; baseline 0 -18"><span class='ocrx_word' id='word_1_223' title='bbox 1842 1611 1948 1677; x_wconf 84' lang='lat' dir='ltr'><strong>ris,</strong></span> <span class='ocrx_word' id='word_1_224' title='bbox 1993 1612 2123 1666; x_wconf 86' lang='lat' dir='ltr'><strong>mihi</strong></span> <span class='ocrx_word' id='word_1_225' title='bbox 2161 1621 2329 1666; x_wconf 87' lang='lat' dir='ltr'><strong>totum</strong></span> <span class='ocrx_word' id='word_1_226' title='bbox 2367 1612 2667 1677; x_wconf 86' lang='lat' dir='ltr'><strong>committe,</strong></span> <span class='ocrx_word' id='word_1_227' title='bbox 2708 1620 2756 1664; x_wconf 90' lang='lat' dir='ltr'><strong>et</strong></span> <span class='ocrx_word' id='word_1_228' title='bbox 2778 1609 2856 1665; x_wconf 88' lang='lat' dir='ltr'><strong>sic</strong></span> <span class='ocrx_word' id='word_1_229' title='bbox 2889 1610 2999 1666; x_wconf 88' lang='lat' dir='ltr'><strong>Deo</strong></span> <span class='ocrx_word' id='word_1_230' title='bbox 3018 1610 3248 1682; x_wconf 87' lang='lat' dir='ltr'><strong>propitio</strong></span> <span class='ocrx_word' id='word_1_231' title='bbox 3281 1621 3426 1665; x_wconf 85' lang='lat' dir='ltr'><strong>tutus</strong></span> 
     </span>
    </p>
   </div>
   <div class='ocr_carea' id='block_1_31' title="bbox 1842 1701 3426 1774">
    <p class='ocr_par' dir='ltr' id='par_1_31' title="bbox 1842 1701 3426 1774">
     <span class='ocr_line' id='line_1_31' title="bbox 1842 1701 3426 1774; baseline 0.001 -18"><span class='ocrx_word' id='word_1_232' title='bbox 1842 1701 1966 1758; x_wconf 80' lang='lat' dir='ltr'><strong>eris.</strong></span> <span class='ocrx_word' id='word_1_233' title='bbox 1994 1703 2078 1758; x_wconf 81' lang='lat' dir='ltr'><strong>Ad</strong></span> <span class='ocrx_word' id='word_1_234' title='bbox 2115 1704 2230 1759; x_wconf 65' lang='lat' dir='ltr'><strong>hare</strong></span> <span class='ocrx_word' id='word_1_235' title='bbox 2264 1702 2571 1774; x_wconf 81' lang='lat' dir='ltr'><strong>Zbignevus</strong></span> <span class='ocrx_word' id='word_1_236' title='bbox 2615 1704 3030 1758; x_wconf 74' lang='lat' dir='ltr'><strong>convenientem</strong></span> <span class='ocrx_word' id='word_1_237' title='bbox 3078 1720 3426 1773; x_wconf 83' lang='lat' dir='ltr'><strong>nequaquam</strong></span> 
     </span>
    </p>
   </div>
   <div class='ocr_carea' id='block_1_32' title="bbox 174 1766 3429 1865">
    <p class='ocr_par' dir='ltr' id='par_1_32' title="bbox 174 1766 3429 1865">
     <span class='ocr_line' id='line_1_32' title="bbox 174 1766 3429 1865; baseline 0.001 -20"><span class='ocrx_word' id='word_1_238' title='bbox 174 1790 274 1845; x_wconf 86' lang='lat' dir='ltr'><strong>Nec</strong></span> <span class='ocrx_word' id='word_1_239' title='bbox 309 1791 399 1823; x_wconf 81' lang='grc'>¹¹¹⁸</span> <span class='ocrx_word' id='word_1_240' title='bbox 425 1807 546 1844; x_wconf 89' lang='lat' dir='ltr'><strong>vero</strong></span> <span class='ocrx_word' id='word_1_241' title='bbox 575 1790 747 1844; x_wconf 89' lang='lat' dir='ltr'><strong>solum</strong></span> <span class='ocrx_word' id='word_1_242' title='bbox 769 1789 929 1859; x_wconf 81' lang='lat' dir='ltr'><strong>[idem</strong></span> <span class='ocrx_word' id='word_1_243' title='bbox 957 1790 1273 1860; x_wconf 61' lang='lat' dir='ltr'><strong>promissam</strong></span> <span class='ocrx_word' id='word_1_244' title='bbox 1303 1788 1523 1855; x_wconf 88' lang='lat' dir='ltr'><strong>violare,</strong></span> <span class='ocrx_word' id='word_1_245' title='bbox 1549 1788 1625 1842; x_wconf 84' lang='lat' dir='ltr'><strong>vel</strong></span> <span class='ocrx_word' id='word_1_246' title='bbox 1639 1789 1738 1857; x_wconf 86' lang='lat' dir='ltr'><strong>ju-</strong></span> <span class='ocrx_word' id='word_1_247' title='bbox 1775 1766 1815 1825; x_wconf 75' lang='grc' dir='ltr'><strong><em>Β</em></strong></span> <span class='ocrx_word' id='word_1_248' title='bbox 1842 1797 2253 1865; x_wconf 82' lang='lat' dir='ltr'><strong>responsionem</strong></span> <span class='ocrx_word' id='word_1_249' title='bbox 2275 1794 2615 1851; x_wconf 85' lang='lat' dir='ltr'><strong>remandavit</strong></span> <span class='ocrx_word' id='word_1_250' title='bbox 2633 1836 2647 1861; x_wconf 92' lang='lat'><strong>,</strong></span> <span class='ocrx_word' id='word_1_251' title='bbox 2675 1795 2768 1850; x_wconf 87' lang='lat' dir='ltr'><strong>sed</strong></span> <span class='ocrx_word' id='word_1_252' title='bbox 2796 1793 2886 1825; x_wconf 75' lang='grc'><strong>³³⁸³</strong></span> <span class='ocrx_word' id='word_1_253' title='bbox 2908 1795 3112 1865; x_wconf 78' lang='lat' dir='ltr'><strong>legatos</strong></span> <span class='ocrx_word' id='word_1_254' title='bbox 3135 1766 3293 1864; x_wconf 64' lang='lat' dir='ltr'><strong>paene</strong></span> <span class='ocrx_word' id='word_1_255' title='bbox 3308 1795 3429 1848; x_wconf 83' lang='lat' dir='ltr'><strong>vin-</strong></span> 
     </span>
    </p>
   </div>
   <div class='ocr_carea' id='block_1_33' title="bbox 172 1879 1740 1951">
    <p class='ocr_par' dir='ltr' id='par_1_33' title="bbox 172 1879 1740 1951">
     <span class='ocr_line' id='line_1_33' title="bbox 172 1879 1740 1951; baseline -0.003 -14"><span class='ocrx_word' id='word_1_256' title='bbox 172 1892 332 1937; x_wconf 86' lang='lat' dir='ltr'><strong>ratum</strong></span> <span class='ocrx_word' id='word_1_257' title='bbox 368 1881 641 1937; x_wconf 76' lang='lat' dir='ltr'><strong>auxilium</strong></span> <span class='ocrx_word' id='word_1_258' title='bbox 681 1897 785 1934; x_wconf 87' lang='lat' dir='ltr'><strong>non</strong></span> <span class='ocrx_word' id='word_1_259' title='bbox 816 1886 1093 1951; x_wconf 70' lang='lat' dir='ltr'><strong>praestare,</strong></span> <span class='ocrx_word' id='word_1_260' title='bbox 1123 1897 1299 1934; x_wconf 82' lang='lat' dir='ltr'><strong>verum</strong></span> <span class='ocrx_word' id='word_1_261' title='bbox 1335 1881 1520 1946; x_wconf 89' lang='lat' dir='ltr'><strong>etiam,</strong></span> <span class='ocrx_word' id='word_1_262' title='bbox 1555 1880 1601 1932; x_wconf 89' lang='lat' dir='ltr'><strong>si</strong></span> <span class='ocrx_word' id='word_1_263' title='bbox 1624 1879 1740 1949; x_wconf 82' lang='lat' dir='ltr'><strong>fra-</strong></span> 
     </span>
    </p>
   </div>
   <div class='ocr_carea' id='block_1_34' title="bbox 174 1968 1740 2043">
    <p class='ocr_par' dir='ltr' id='par_1_34' title="bbox 174 1968 1740 2043">
     <span class='ocr_line' id='line_1_34' title="bbox 174 1968 1740 2043; baseline -0.003 -15"><span class='ocrx_word' id='word_1_264' title='bbox 174 1984 290 2028; x_wconf 86' lang='lat' dir='ltr'><strong>trem</strong></span> <span class='ocrx_word' id='word_1_265' title='bbox 319 1974 394 2027; x_wconf 90' lang='lat' dir='ltr'><strong>ire</strong></span> <span class='ocrx_word' id='word_1_266' title='bbox 414 1990 578 2043; x_wconf 87' lang='lat' dir='ltr'><strong>super</strong></span> <span class='ocrx_word' id='word_1_267' title='bbox 607 1973 780 2028; x_wconf 80' lang='lat' dir='ltr'><strong>hostes</strong></span> <span class='ocrx_word' id='word_1_268' title='bbox 809 1971 1088 2039; x_wconf 84' lang='lat' dir='ltr'><strong>sentiebat,</strong></span> <span class='ocrx_word' id='word_1_269' title='bbox 1112 1989 1176 2026; x_wconf 83' lang='lat' dir='ltr'><strong>ea:</strong></span> <span class='ocrx_word' id='word_1_270' title='bbox 1203 1970 1373 2026; x_wconf 88' lang='lat' dir='ltr'><strong>altera</strong></span> <span class='ocrx_word' id='word_1_271' title='bbox 1401 1980 1551 2042; x_wconf 88' lang='lat' dir='ltr'><strong>parte</strong></span> <span class='ocrx_word' id='word_1_272' title='bbox 1576 1968 1740 2024; x_wconf 90' lang='lat' dir='ltr'><strong>Polo-</strong></span> 
     </span>
    </p>
   </div>
   <div class='ocr_carea' id='block_1_35' title="bbox 171 2063 1737 2132">
    <p class='ocr_par' dir='ltr' id='par_1_35' title="bbox 171 2063 1737 2132">
     <span class='ocr_line' id='line_1_35' title="bbox 171 2063 1737 2132; baseline -0.003 -11"><span class='ocrx_word' id='word_1_273' title='bbox 171 2069 303 2122; x_wconf 84' lang='lat' dir='ltr'><strong>niam</strong></span> <span class='ocrx_word' id='word_1_274' title='bbox 328 2068 533 2120; x_wconf 88' lang='lat' dir='ltr'><strong>intrare</strong></span> <span class='ocrx_word' id='word_1_275' title='bbox 566 2066 738 2120; x_wconf 85' lang='lat' dir='ltr'><strong>hostes</strong></span> <span class='ocrx_word' id='word_1_276' title='bbox 774 2066 907 2128; x_wconf 83' lang='lat' dir='ltr'><strong>alios</strong></span> <span class='ocrx_word' id='word_1_277' title='bbox 944 2065 1225 2132; x_wconf 86' lang='lat' dir='ltr'><strong>incitabat,</strong></span> <span class='ocrx_word' id='word_1_278' title='bbox 1259 2073 1308 2118; x_wconf 92' lang='lat' dir='ltr'><strong>et</strong></span> <span class='ocrx_word' id='word_1_279' title='bbox 1337 2064 1413 2118; x_wconf 85' lang='lat' dir='ltr'><strong>sic</strong></span> <span class='ocrx_word' id='word_1_280' title='bbox 1444 2081 1562 2118; x_wconf 90' lang='lat' dir='ltr'><strong>eum</strong></span> <span class='ocrx_word' id='word_1_281' title='bbox 1590 2081 1622 2117; x_wconf 89' lang='lat' dir='ltr'><strong>a</strong></span> <span class='ocrx_word' id='word_1_282' title='bbox 1646 2063 1737 2095; x_wconf 83' lang='grc'>¹¹²⁹</span> 
     </span>
    </p>
   </div>
   <div class='ocr_carea' id='block_1_36' title="bbox 168 2155 1741 2229">
    <p class='ocr_par' dir='ltr' id='par_1_36' title="bbox 168 2155 1741 2229">
     <span class='ocr_line' id='line_1_36' title="bbox 168 2155 1741 2229; baseline -0.002 -17"><span class='ocrx_word' id='word_1_283' title='bbox 168 2159 419 2229; x_wconf 81' lang='lat' dir='ltr'><strong>proposito</strong></span> <span class='ocrx_word' id='word_1_284' title='bbox 450 2157 752 2212; x_wconf 82' lang='lat' dir='ltr'><strong>revocabat.</strong></span> <span class='ocrx_word' id='word_1_285' title='bbox 788 2156 894 2224; x_wconf 89' lang='lat' dir='ltr'><strong>Qui</strong></span> <span class='ocrx_word' id='word_1_286' title='bbox 917 2158 1050 2213; x_wconf 90' lang='lat' dir='ltr'><strong>satis</strong></span> <span class='ocrx_word' id='word_1_287' title='bbox 1098 2157 1306 2226; x_wconf 86' lang='lat' dir='ltr'><strong>puerile</strong></span> <span class='ocrx_word' id='word_1_288' title='bbox 1348 2155 1638 2211; x_wconf 87' lang='lat' dir='ltr'><strong>consilium</strong></span> <span class='ocrx_word' id='word_1_289' title='bbox 1685 2163 1741 2211; x_wconf 86' lang='lat' dir='ltr'><strong>et</strong></span> 
     </span>
    </p>
   </div>
   <div class='ocr_carea' id='block_1_37' title="bbox 169 2250 1736 2321">
    <p class='ocr_par' dir='ltr' id='par_1_37' title="bbox 169 2250 1736 2321">
     <span class='ocr_line' id='line_1_37' title="bbox 169 2250 1736 2321; baseline -0.001 -16"><span class='ocrx_word' id='word_1_290' title='bbox 169 2252 466 2306; x_wconf 89' lang='lat' dir='ltr'><strong>nociturum</strong></span> <span class='ocrx_word' id='word_1_291' title='bbox 514 2250 811 2315; x_wconf 86' lang='lat' dir='ltr'><strong>audiebat,</strong></span> <span class='ocrx_word' id='word_1_292' title='bbox 857 2267 983 2306; x_wconf 92' lang='lat' dir='ltr'><strong>cum</strong></span> <span class='ocrx_word' id='word_1_293' title='bbox 1049 2259 1269 2321; x_wconf 84' lang='lat' dir='ltr'><strong>propter</strong></span> <span class='ocrx_word' id='word_1_294' title='bbox 1314 2250 1404 2281; x_wconf 67' lang='lat'><strong>“3°</strong></span> <span class='ocrx_word' id='word_1_295' title='bbox 1436 2265 1736 2320; x_wconf 83' lang='lat' dir='ltr'><strong>paucorum</strong></span> 
     </span>
    </p>
   </div>
   <div class='ocr_carea' id='block_1_38' title="bbox 168 2341 1737 2414">
    <p class='ocr_par' dir='ltr' id='par_1_38' title="bbox 168 2341 1737 2414">
     <span class='ocr_line' id='line_1_38' title="bbox 168 2341 1737 2414; baseline -0.002 -15"><span class='ocrx_word' id='word_1_296' title='bbox 168 2344 337 2400; x_wconf 87' lang='lat' dir='ltr'><strong>odium</strong></span> <span class='ocrx_word' id='word_1_297' title='bbox 360 2353 534 2399; x_wconf 80' lang='lat' dir='ltr'><strong>totam</strong></span> <span class='ocrx_word' id='word_1_298' title='bbox 559 2343 790 2414; x_wconf 88' lang='lat' dir='ltr'><strong>patriam</strong></span> <span class='ocrx_word' id='word_1_299' title='bbox 804 2344 1128 2412; x_wconf 72' lang='lat' dir='ltr'><strong>offendebat,</strong></span> <span class='ocrx_word' id='word_1_300' title='bbox 1151 2360 1215 2399; x_wconf 90' lang='lat' dir='ltr'><strong>ac</strong></span> <span class='ocrx_word' id='word_1_301' title='bbox 1234 2341 1320 2374; x_wconf 82' lang='grc'>¹¹³¹</span> <span class='ocrx_word' id='word_1_302' title='bbox 1334 2352 1619 2413; x_wconf 83' lang='lat' dir='ltr'><strong>paternam</strong></span> <span class='ocrx_word' id='word_1_303' title='bbox 1647 2342 1737 2375; x_wconf 66' lang='lat'><strong>“3’</strong></span> 
     </span>
    </p>
   </div>
   <div class='ocr_carea' id='block_1_39' title="bbox 167 2435 1734 2511">
    <p class='ocr_par' dir='ltr' id='par_1_39' title="bbox 167 2435 1734 2511">
     <span class='ocr_line' id='line_1_39' title="bbox 167 2435 1734 2511; baseline 0.001 -21"><span class='ocrx_word' id='word_1_304' title='bbox 167 2435 503 2492; x_wconf 80' lang='lat' dir='ltr'><strong>hereditatem</strong></span> <span class='ocrx_word' id='word_1_305' title='bbox 541 2437 970 2511; x_wconf 85' lang='lat' dir='ltr'><strong>eoneulcandam</strong></span> <span class='ocrx_word' id='word_1_306' title='bbox 1006 2437 1257 2491; x_wconf 85' lang='lat' dir='ltr'><strong>hostibus</strong></span> <span class='ocrx_word' id='word_1_307' title='bbox 1294 2436 1384 2467; x_wconf 83' lang='grc'>¹¹⁸³</span> <span class='ocrx_word' id='word_1_308' title='bbox 1411 2437 1734 2506; x_wconf 78' lang='lat' dir='ltr'><strong>exponebat.</strong></span> 
     </span>
    </p>
   </div>
   <div class='ocr_carea' id='block_1_40' title="bbox 169 2510 1739 2601">
    <p class='ocr_par' dir='ltr' id='par_1_40' title="bbox 169 2510 1739 2601">
     <span class='ocr_line' id='line_1_40' title="bbox 169 2510 1739 2601; baseline 0.002 -23"><span class='ocrx_word' id='word_1_309' title='bbox 169 2524 227 2578; x_wconf 84' lang='lat' dir='ltr'><strong>Et</strong></span> <span class='ocrx_word' id='word_1_310' title='bbox 273 2528 529 2601; x_wconf 80' lang='lat' dir='ltr'><strong>qupniam</strong></span> <span class='ocrx_word' id='word_1_311' title='bbox 592 2510 901 2599; x_wconf 82' lang='lat' dir='ltr'><strong>Zbignevus</strong></span> <span class='ocrx_word' id='word_1_312' title='bbox 957 2527 1103 2580; x_wconf 90' lang='lat' dir='ltr'><strong>malo</strong></span> <span class='ocrx_word' id='word_1_313' title='bbox 1144 2520 1739 2597; x_wconf 35' lang='lat' dir='ltr'><strong>consilio‘subgercnte</strong></span> 
     </span>
    </p>
   </div>
   <div class='ocr_carea' id='block_1_41' title="bbox 167 2608 1786 2690">
    <p class='ocr_par' dir='ltr' id='par_1_41' title="bbox 167 2608 1786 2690">
     <span class='ocr_line' id='line_1_41' title="bbox 167 2608 1786 2690; baseline -0.001 -18"><span class='ocrx_word' id='word_1_314' title='bbox 167 2634 327 2689; x_wconf 87' lang='lat' dir='ltr'><strong>neque</strong></span> <span class='ocrx_word' id='word_1_315' title='bbox 363 2619 530 2673; x_wconf 83' lang='lat' dir='ltr'><strong>ﬁdem</strong></span> <span class='ocrx_word' id='word_1_316' title='bbox 585 2617 741 2674; x_wconf 80' lang='lat' dir='ltr'><strong>fratri</strong></span> <span class='ocrx_word' id='word_1_317' title='bbox 780 2634 956 2690; x_wconf 90' lang='lat' dir='ltr'><strong>neque</strong></span> <span class='ocrx_word' id='word_1_318' title='bbox 976 2608 1366 2689; x_wconf 86' lang='lat' dir='ltr'><strong>jusjurandum</strong></span> <span class='ocrx_word' id='word_1_319' title='bbox 1391 2617 1735 2685; x_wconf 76' lang='lat' dir='ltr'><strong>observabat,</strong></span> <span class='ocrx_word' id='word_1_320' title='bbox 1784 2659 1786 2664; x_wconf 92' lang='lat'><strong>.</strong></span> 
     </span>
    </p>
   </div>
   <div class='ocr_carea' id='block_1_42' title="bbox 167 2710 1787 2784">
    <p class='ocr_par' dir='ltr' id='par_1_42' title="bbox 167 2710 1787 2784">
     <span class='ocr_line' id='line_1_42' title="bbox 167 2710 1787 2784; baseline 0.001 -19"><span class='ocrx_word' id='word_1_321' title='bbox 167 2726 257 2766; x_wconf 89' lang='lat' dir='ltr'><strong>nec</strong></span> <span class='ocrx_word' id='word_1_322' title='bbox 282 2713 550 2767; x_wconf 87' lang='lat' dir='ltr'><strong>honorem</strong></span> <span class='ocrx_word' id='word_1_323' title='bbox 599 2714 792 2784; x_wconf 87' lang='lat' dir='ltr'><strong>patriae</strong></span> <span class='ocrx_word' id='word_1_324' title='bbox 831 2728 929 2768; x_wconf 91' lang='lat' dir='ltr'><strong>nec</strong></span> <span class='ocrx_word' id='word_1_325' title='bbox 958 2716 1238 2784; x_wconf 82' lang='lat' dir='ltr'><strong>paternam</strong></span> <span class='ocrx_word' id='word_1_326' title='bbox 1268 2711 1620 2768; x_wconf 85' lang='lat' dir='ltr'><strong>hereditatem</strong></span> <span class='ocrx_word' id='word_1_327' title='bbox 1644 2710 1739 2767; x_wconf 86' lang='lat' dir='ltr'><strong>dc-</strong></span> <span class='ocrx_word' id='word_1_328' title='bbox 1780 2722 1787 2735; x_wconf 61' lang='grc' dir='ltr'><strong><em>ί</em></strong></span> 
     </span>
    </p>
   </div>
   <div class='ocr_carea' id='block_1_43' title="bbox 167 2796 1737 2877">
    <p class='ocr_par' dir='ltr' id='par_1_43' title="bbox 167 2796 1737 2877">
     <span class='ocr_line' id='line_1_43' title="bbox 167 2796 1737 2877; baseline 0.002 -21"><span class='ocrx_word' id='word_1_329' title='bbox 167 2801 419 2871; x_wconf 81' lang='lat' dir='ltr'><strong>fendebat,</strong></span> <span class='ocrx_word' id='word_1_330' title='bbox 452 2822 637 2876; x_wconf 88' lang='lat' dir='ltr'><strong>neque</strong></span> <span class='ocrx_word' id='word_1_331' title='bbox 661 2806 753 2838; x_wconf 66' lang='grc'><strong>’⁸³⁸</strong></span> <span class='ocrx_word' id='word_1_332' title='bbox 782 2805 1076 2877; x_wconf 89' lang='lat' dir='ltr'><strong>dampnum</strong></span> <span class='ocrx_word' id='word_1_333' title='bbox 1102 2805 1185 2859; x_wconf 91' lang='lat' dir='ltr'><strong>vel</strong></span> <span class='ocrx_word' id='word_1_334' title='bbox 1198 2796 1599 2861; x_wconf 66' lang='lat' dir='ltr'><strong>detrimentum</strong></span> <span class='ocrx_word' id='word_1_335' title='bbox 1628 2805 1737 2859; x_wconf 90' lang='lat' dir='ltr'><strong>im-</strong></span> 
     </span>
    </p>
   </div>
   <div class='ocr_carea' id='block_1_44' title="bbox 167 2895 1738 2969">
    <p class='ocr_par' dir='ltr' id='par_1_44' title="bbox 167 2895 1738 2969">
     <span class='ocr_line' id='line_1_44' title="bbox 167 2895 1738 2969; baseline 0.003 -21"><span class='ocrx_word' id='word_1_336' title='bbox 167 2897 362 2952; x_wconf 88' lang='lat' dir='ltr'><strong>minens</strong></span> <span class='ocrx_word' id='word_1_337' title='bbox 384 2898 760 2968; x_wconf 68' lang='lat' dir='ltr'><strong>pet-pendebat</strong></span> <span class='ocrx_word' id='word_1_338' title='bbox 779 2941 793 2966; x_wconf 93' lang='lat'><strong>,</strong></span> <span class='ocrx_word' id='word_1_339' title='bbox 819 2899 956 2953; x_wconf 89' lang='lat' dir='ltr'><strong>heu!</strong></span> <span class='ocrx_word' id='word_1_340' title='bbox 987 2898 1184 2954; x_wconf 87' lang='lat' dir='ltr'><strong>cecidit</strong></span> <span class='ocrx_word' id='word_1_341' title='bbox 1206 2895 1331 2953; x_wconf 80' lang='lat' dir='ltr'><strong>inde</strong></span> <span class='ocrx_word' id='word_1_342' title='bbox 1353 2898 1573 2969; x_wconf 82' lang='lat' dir='ltr'><strong>gravius</strong></span> <span class='ocrx_word' id='word_1_343' title='bbox 1596 2897 1738 2953; x_wconf 91' lang='lat' dir='ltr'><strong>unde</strong></span> 
     </span>
    </p>
   </div>
   <div class='ocr_carea' id='block_1_45' title="bbox 167 2986 1736 3061">
    <p class='ocr_par' dir='ltr' id='par_1_45' title="bbox 167 2986 1736 3061">
     <span class='ocr_line' id='line_1_45' title="bbox 167 2986 1736 3061; baseline 0.004 -23"><span class='ocrx_word' id='word_1_344' title='bbox 167 2986 321 3042; x_wconf 88' lang='lat' dir='ltr'><strong>voluit</strong></span> <span class='ocrx_word' id='word_1_345' title='bbox 347 2989 436 3020; x_wconf 73' lang='grc'>’³³⁵</span> <span class='ocrx_word' id='word_1_346' title='bbox 460 2990 719 3060; x_wconf 78' lang='lat' dir='ltr'><strong>exaltari,</strong></span> <span class='ocrx_word' id='word_1_347' title='bbox 748 2999 801 3046; x_wconf 90' lang='lat' dir='ltr'><strong>et</strong></span> <span class='ocrx_word' id='word_1_348' title='bbox 819 2991 962 3046; x_wconf 90' lang='lat' dir='ltr'><strong>unde</strong></span> <span class='ocrx_word' id='word_1_349' title='bbox 996 2990 1085 3023; x_wconf 78' lang='grc'>¹¹³⁶</span> <span class='ocrx_word' id='word_1_350' title='bbox 1099 3005 1207 3046; x_wconf 92' lang='lat' dir='ltr'><strong>non</strong></span> <span class='ocrx_word' id='word_1_351' title='bbox 1231 2991 1428 3061; x_wconf 89' lang='lat' dir='ltr'><strong>poterit</strong></span> <span class='ocrx_word' id='word_1_352' title='bbox 1442 2990 1679 3060; x_wconf 90' lang='lat' dir='ltr'><strong>amplius</strong></span> <span class='ocrx_word' id='word_1_353' title='bbox 1705 3004 1736 3044; x_wconf 89' lang='lat' dir='ltr'><strong>a</strong></span> 
     </span>
    </p>
   </div>
   <div class='ocr_carea' id='block_1_46' title="bbox 1841 1882 3428 1958">
    <p class='ocr_par' dir='ltr' id='par_1_46' title="bbox 1841 1882 3428 1958">
     <span class='ocr_line' id='line_1_46' title="bbox 1841 1882 3428 1958; baseline -0.001 -13"><span class='ocrx_word' id='word_1_354' title='bbox 1841 1889 1982 1945; x_wconf 92' lang='lat' dir='ltr'><strong>culis</strong></span> <span class='ocrx_word' id='word_1_355' title='bbox 2029 1897 2084 1943; x_wconf 87' lang='lat' dir='ltr'><strong>et</strong></span> <span class='ocrx_word' id='word_1_356' title='bbox 2130 1889 2337 1944; x_wconf 81' lang='lat' dir='ltr'><strong>carceri</strong></span> <span class='ocrx_word' id='word_1_357' title='bbox 2367 1889 2460 1921; x_wconf 65' lang='grc' dir='ltr'><strong>*ηδ</strong></span> <span class='ocrx_word' id='word_1_358' title='bbox 2489 1888 2841 1958; x_wconf 85' lang='lat' dir='ltr'><strong>mancipavit.</strong></span> <span class='ocrx_word' id='word_1_359' title='bbox 2894 1882 3014 1941; x_wconf 85' lang='lat' dir='ltr'><strong>Jam</strong></span> <span class='ocrx_word' id='word_1_360' title='bbox 3066 1888 3212 1942; x_wconf 87' lang='lat' dir='ltr'><strong>enim</strong></span> <span class='ocrx_word' id='word_1_361' title='bbox 3250 1894 3428 1947; x_wconf 87' lang='lat' dir='ltr'><strong>totum</strong></span> 
     </span>
    </p>
   </div>
   <div class='ocr_carea' id='block_1_47' title="bbox 1842 1978 3431 2052">
    <p class='ocr_par' dir='ltr' id='par_1_47' title="bbox 1842 1978 3431 2052">
     <span class='ocr_line' id='line_1_47' title="bbox 1842 1978 3431 2052; baseline -0.003 -14"><span class='ocrx_word' id='word_1_362' title='bbox 1842 1998 2002 2038; x_wconf 87' lang='lat' dir='ltr'><strong>suum</strong></span> <span class='ocrx_word' id='word_1_363' title='bbox 2026 1983 2325 2038; x_wconf 82' lang='lat' dir='ltr'><strong>exercitum</strong></span> <span class='ocrx_word' id='word_1_364' title='bbox 2349 1981 2570 2036; x_wconf 83' lang='lat' dir='ltr'><strong>fratrem</strong></span> <span class='ocrx_word' id='word_1_365' title='bbox 2597 1981 2890 2036; x_wconf 86' lang='lat' dir='ltr'><strong>invasurus</strong></span> <span class='ocrx_word' id='word_1_366' title='bbox 2910 1978 3222 2052; x_wconf 82' lang='lat' dir='ltr'><strong>collegerat,</strong></span> <span class='ocrx_word' id='word_1_367' title='bbox 3242 1981 3431 2041; x_wconf 85' lang='lat' dir='ltr'><strong>simul-</strong></span> 
     </span>
    </p>
   </div>
   <div class='ocr_carea' id='block_1_48' title="bbox 1790 2066 3430 2146">
    <p class='ocr_par' dir='ltr' id='par_1_48' title="bbox 1790 2066 3430 2146">
     <span class='ocr_line' id='line_1_48' title="bbox 1790 2066 3430 2146; baseline -0.002 -16"><span class='ocrx_word' id='word_1_368' title='bbox 1790 2066 1793 2071; x_wconf 59' lang='grc'><strong>”</strong></span> <span class='ocrx_word' id='word_1_369' title='bbox 1845 2091 1952 2146; x_wconf 90' lang='lat' dir='ltr'><strong>que</strong></span> <span class='ocrx_word' id='word_1_370' title='bbox 1972 2090 2306 2146; x_wconf 92' lang='lat' dir='ltr'><strong>pomoranos</strong></span> <span class='ocrx_word' id='word_1_371' title='bbox 2332 2090 2397 2131; x_wconf 91' lang='lat' dir='ltr'><strong>ac</strong></span> <span class='ocrx_word' id='word_1_372' title='bbox 2421 2074 2692 2129; x_wconf 86' lang='lat' dir='ltr'><strong>Bobemos</strong></span> <span class='ocrx_word' id='word_1_373' title='bbox 2713 2073 2781 2128; x_wconf 88' lang='lat' dir='ltr'><strong>ad</strong></span> <span class='ocrx_word' id='word_1_374' title='bbox 2801 2086 2925 2127; x_wconf 83' lang='lat' dir='ltr'><strong>eum</strong></span> <span class='ocrx_word' id='word_1_375' title='bbox 2953 2073 3019 2127; x_wconf 87' lang='lat' dir='ltr'><strong>de</strong></span> <span class='ocrx_word' id='word_1_376' title='bbox 3049 2071 3275 2129; x_wconf 80' lang='lat' dir='ltr'><strong>Polonia</strong></span> <span class='ocrx_word' id='word_1_377' title='bbox 3299 2088 3430 2142; x_wconf 90' lang='lat' dir='ltr'><strong>pro-</strong></span> 
     </span>
    </p>
   </div>
   <div class='ocr_carea' id='block_1_49' title="bbox 1838 2166 3429 2240">
    <p class='ocr_par' dir='ltr' id='par_1_49' title="bbox 1838 2166 3429 2240">
     <span class='ocr_line' id='line_1_49' title="bbox 1838 2166 3429 2240; baseline -0.001 -16"><span class='ocrx_word' id='word_1_378' title='bbox 1838 2169 2149 2240; x_wconf 86' lang='lat' dir='ltr'><strong>pellendum</strong></span> <span class='ocrx_word' id='word_1_379' title='bbox 2179 2166 2275 2202; x_wconf 76' lang='grc'>¹¹⁸⁸</span> <span class='ocrx_word' id='word_1_380' title='bbox 2300 2169 2611 2225; x_wconf 80' lang='lat' dir='ltr'><strong>adsciverat</strong></span> <span class='ocrx_word' id='word_1_381' title='bbox 2643 2169 2756 2223; x_wconf 82' lang='lat'><strong>“&quot;.</strong></span> <span class='ocrx_word' id='word_1_382' title='bbox 2784 2169 2853 2222; x_wconf 82' lang='lat' dir='ltr'><strong>At</strong></span> <span class='ocrx_word' id='word_1_383' title='bbox 2881 2168 3202 2223; x_wconf 85' lang='lat' dir='ltr'><strong>Bolezlavus</strong></span> <span class='ocrx_word' id='word_1_384' title='bbox 3245 2176 3429 2225; x_wconf 80' lang='lat' dir='ltr'><strong>castro</strong></span> 
     </span>
    </p>
   </div>
   <div class='ocr_carea' id='block_1_50' title="bbox 1839 2257 3429 2329">
    <p class='ocr_par' dir='ltr' id='par_1_50' title="bbox 1839 2257 3429 2329">
     <span class='ocr_line' id='line_1_50' title="bbox 1839 2257 3429 2329; baseline -0.001 -14"><span class='ocrx_word' id='word_1_385' title='bbox 1839 2258 2096 2329; x_wconf 89' lang='lat' dir='ltr'><strong>munito,</strong></span> <span class='ocrx_word' id='word_1_386' title='bbox 2157 2261 2356 2317; x_wconf 86' lang='lat' dir='ltr'><strong>borum</strong></span> <span class='ocrx_word' id='word_1_387' title='bbox 2424 2260 2633 2316; x_wconf 89' lang='lat' dir='ltr'><strong>inscius</strong></span> <span class='ocrx_word' id='word_1_388' title='bbox 2704 2260 2760 2314; x_wconf 90' lang='lat' dir='ltr'><strong>in</strong></span> <span class='ocrx_word' id='word_1_389' title='bbox 2809 2260 2934 2314; x_wconf 89' lang='lat' dir='ltr'><strong>loco</strong></span> <span class='ocrx_word' id='word_1_390' title='bbox 2986 2258 3256 2314; x_wconf 86' lang='lat' dir='ltr'><strong>vocabulo</strong></span> <span class='ocrx_word' id='word_1_391' title='bbox 3318 2257 3429 2320; x_wconf 89' lang='lat' dir='ltr'><strong>La—</strong></span> 
     </span>
    </p>
   </div>
   <div class='ocr_carea' id='block_1_51' title="bbox 1839 2346 3430 2423">
    <p class='ocr_par' dir='ltr' id='par_1_51' title="bbox 1839 2346 3430 2423">
     <span class='ocr_line' id='line_1_51' title="bbox 1839 2346 3430 2423; baseline -0.005 -16"><span class='ocrx_word' id='word_1_392' title='bbox 1839 2351 1964 2423; x_wconf 86' lang='lat' dir='ltr'><strong>pide</strong></span> <span class='ocrx_word' id='word_1_393' title='bbox 1989 2350 2080 2383; x_wconf 76' lang='grc'><strong>¹¹⁵⁷</strong></span> <span class='ocrx_word' id='word_1_394' title='bbox 2115 2351 2266 2423; x_wconf 76' lang='grc'><strong>(151)</strong></span> <span class='ocrx_word' id='word_1_395' title='bbox 2293 2350 2604 2416; x_wconf 82' lang='lat' dir='ltr'><strong>residebat,</strong></span> <span class='ocrx_word' id='word_1_396' title='bbox 2646 2349 2831 2419; x_wconf 85' lang='lat' dir='ltr'><strong>ibique</strong></span> <span class='ocrx_word' id='word_1_397' title='bbox 2862 2348 3054 2419; x_wconf 85' lang='lat' dir='ltr'><strong>jacens</strong></span> <span class='ocrx_word' id='word_1_398' title='bbox 3083 2363 3237 2403; x_wconf 86' lang='lat' dir='ltr'><strong>more</strong></span> <span class='ocrx_word' id='word_1_399' title='bbox 3265 2346 3430 2405; x_wconf 88' lang='lat' dir='ltr'><strong>solito</strong></span> 
     </span>
    </p>
   </div>
   <div class='ocr_carea' id='block_1_52' title="bbox 1840 2438 3429 2513">
    <p class='ocr_par' dir='ltr' id='par_1_52' title="bbox 1840 2438 3429 2513">
     <span class='ocr_line' id='line_1_52' title="bbox 1840 2438 3429 2513; baseline -0.004 -16"><span class='ocrx_word' id='word_1_400' title='bbox 1840 2442 2076 2499; x_wconf 87' lang='lat' dir='ltr'><strong>vicinius</strong></span> <span class='ocrx_word' id='word_1_401' title='bbox 2122 2452 2179 2499; x_wconf 85' lang='lat' dir='ltr'><strong>et</strong></span> <span class='ocrx_word' id='word_1_402' title='bbox 2219 2458 2472 2499; x_wconf 87' lang='lat' dir='ltr'><strong>rumores</strong></span> <span class='ocrx_word' id='word_1_403' title='bbox 2495 2450 2550 2497; x_wconf 90' lang='lat' dir='ltr'><strong>et</strong></span> <span class='ocrx_word' id='word_1_404' title='bbox 2576 2439 2875 2513; x_wconf 78' lang='lat' dir='ltr'><strong>legationes</strong></span> <span class='ocrx_word' id='word_1_405' title='bbox 2895 2440 3188 2506; x_wconf 83' lang='lat' dir='ltr'><strong>audiebat,</strong></span> <span class='ocrx_word' id='word_1_406' title='bbox 3240 2438 3429 2505; x_wconf 57' lang='lat' dir='ltr'><strong>ae?”ui</strong></span> 
     </span>
    </p>
   </div>
   <div class='ocr_carea' id='block_1_53' title="bbox 1836 2527 3429 2614">
    <p class='ocr_par' dir='ltr' id='par_1_53' title="bbox 1836 2527 3429 2614">
     <span class='ocr_line' id='line_1_53' title="bbox 1836 2527 3429 2614; baseline -0.006 -23"><span class='ocrx_word' id='word_1_407' title='bbox 1836 2536 2083 2614; x_wconf 79' lang='lat' dir='ltr'><strong>velocius</strong></span> <span class='ocrx_word' id='word_1_408' title='bbox 2114 2551 2182 2590; x_wconf 81' lang='lat' dir='ltr'><strong>ex</strong></span> <span class='ocrx_word' id='word_1_409' title='bbox 2202 2533 2506 2605; x_wconf 80' lang='lat' dir='ltr'><strong>improviso</strong></span> <span class='ocrx_word' id='word_1_410' title='bbox 2529 2533 2644 2588; x_wconf 88' lang='lat' dir='ltr'><strong>suis</strong></span> <span class='ocrx_word' id='word_1_411' title='bbox 2672 2532 2925 2587; x_wconf 85' lang='lat' dir='ltr'><strong>hostibus</strong></span> <span class='ocrx_word' id='word_1_412' title='bbox 2951 2530 3294 2587; x_wconf 84' lang='lat' dir='ltr'><strong>occurrebat.</strong></span> <span class='ocrx_word' id='word_1_413' title='bbox 3321 2527 3429 2583; x_wconf 89' lang='lat' dir='ltr'><strong>Le-</strong></span> 
     </span>
    </p>
   </div>
   <div class='ocr_carea' id='block_1_54' title="bbox 1839 2619 3430 2700">
    <p class='ocr_par' dir='ltr' id='par_1_54' title="bbox 1839 2619 3430 2700">
     <span class='ocr_line' id='line_1_54' title="bbox 1839 2619 3430 2700; baseline -0.005 -17"><span class='ocrx_word' id='word_1_414' title='bbox 1839 2629 1949 2700; x_wconf 78' lang='lat' dir='ltr'><strong>gati</strong></span> <span class='ocrx_word' id='word_1_415' title='bbox 1996 2627 2214 2684; x_wconf 88' lang='lat' dir='ltr'><strong>tandem</strong></span> <span class='ocrx_word' id='word_1_416' title='bbox 2266 2627 2359 2681; x_wconf 81' lang='lat' dir='ltr'><strong>vix</strong></span> <span class='ocrx_word' id='word_1_417' title='bbox 2407 2626 2710 2683; x_wconf 84' lang='lat' dir='ltr'><strong>amicorum</strong></span> <span class='ocrx_word' id='word_1_418' title='bbox 2761 2623 3015 2679; x_wconf 86' lang='lat' dir='ltr'><strong>subsidio</strong></span> <span class='ocrx_word' id='word_1_419' title='bbox 3065 2619 3319 2687; x_wconf 85' lang='lat' dir='ltr'><strong>liberati,</strong></span> <span class='ocrx_word' id='word_1_420' title='bbox 3360 2621 3430 2675; x_wconf 84' lang='lat' dir='ltr'><strong>ad</strong></span> 
     </span>
    </p>
   </div>
   <div class='ocr_carea' id='block_1_55' title="bbox 1838 2712 3431 2787">
    <p class='ocr_par' dir='ltr' id='par_1_55' title="bbox 1838 2712 3431 2787">
     <span class='ocr_line' id='line_1_55' title="bbox 1838 2712 3431 2787; baseline -0.006 -12"><span class='ocrx_word' id='word_1_421' title='bbox 1838 2721 2186 2777; x_wconf 83' lang='lat' dir='ltr'><strong>Bolezlavum</strong></span> <span class='ocrx_word' id='word_1_422' title='bbox 2228 2719 2548 2774; x_wconf 87' lang='lat' dir='ltr'><strong>nuntiantes</strong></span> <span class='ocrx_word' id='word_1_423' title='bbox 2590 2732 2716 2787; x_wconf 80' lang='lat' dir='ltr'><strong>quae</strong></span> <span class='ocrx_word' id='word_1_424' title='bbox 2753 2716 3008 2771; x_wconf 84' lang='lat' dir='ltr'><strong>viderunt</strong></span> <span class='ocrx_word' id='word_1_425' title='bbox 3044 2722 3099 2771; x_wconf 88' lang='lat' dir='ltr'><strong>et</strong></span> <span class='ocrx_word' id='word_1_426' title='bbox 3136 2712 3431 2769; x_wconf 86' lang='lat' dir='ltr'><strong>audierunt</strong></span> 
     </span>
    </p>
   </div>
   <div class='ocr_carea' id='block_1_56' title="bbox 1840 2802 3429 2881">
    <p class='ocr_par' dir='ltr' id='par_1_56' title="bbox 1840 2802 3429 2881">
     <span class='ocr_line' id='line_1_56' title="bbox 1840 2802 3429 2881; baseline -0.006 -12"><span class='ocrx_word' id='word_1_427' title='bbox 1840 2822 1969 2869; x_wconf 86' lang='lat' dir='ltr'><strong>sunt</strong></span> <span class='ocrx_word' id='word_1_428' title='bbox 1995 2813 2223 2881; x_wconf 75' lang='lat' dir='ltr'><strong>reversi.</strong></span> <span class='ocrx_word' id='word_1_429' title='bbox 2265 2810 2389 2879; x_wconf 84' lang='lat' dir='ltr'><strong>Quo</strong></span> <span class='ocrx_word' id='word_1_430' title='bbox 2411 2811 2620 2876; x_wconf 88' lang='lat' dir='ltr'><strong>audito,</strong></span> <span class='ocrx_word' id='word_1_431' title='bbox 2642 2802 2961 2863; x_wconf 81' lang='lat' dir='ltr'><strong>Bolezlavus</strong></span> <span class='ocrx_word' id='word_1_432' title='bbox 2993 2820 3063 2862; x_wconf 83' lang='lat' dir='ltr'><strong>an</strong></span> <span class='ocrx_word' id='word_1_433' title='bbox 3094 2806 3337 2873; x_wconf 82' lang='lat' dir='ltr'><strong>resistat,</strong></span> <span class='ocrx_word' id='word_1_434' title='bbox 3358 2821 3429 2860; x_wconf 83' lang='lat' dir='ltr'><strong>an</strong></span> 
     </span>
    </p>
   </div>
   <div class='ocr_carea' id='block_1_57' title="bbox 1806 2896 3430 2967">
    <p class='ocr_par' dir='ltr' id='par_1_57' title="bbox 1806 2896 3430 2967">
     <span class='ocr_line' id='line_1_57' title="bbox 1806 2896 3430 2967; baseline -0.007 -4"><span class='ocrx_word' id='word_1_435' title='bbox 1806 2900 2065 2964; x_wconf 66' lang='lat' dir='ltr'><strong>&#39;dcsistat</strong></span> <span class='ocrx_word' id='word_1_436' title='bbox 2084 2906 2184 2961; x_wconf 83' lang='lat' dir='ltr'><strong>diu</strong></span> <span class='ocrx_word' id='word_1_437' title='bbox 2223 2905 2483 2960; x_wconf 80' lang='lat' dir='ltr'><strong>dubitans</strong></span> <span class='ocrx_word' id='word_1_438' title='bbox 2514 2902 2605 2935; x_wconf 67' lang='lat'><strong>“’9</strong></span> <span class='ocrx_word' id='word_1_439' title='bbox 2636 2900 2931 2967; x_wconf 75' lang='lat' dir='ltr'><strong>luesitavit,</strong></span> <span class='ocrx_word' id='word_1_440' title='bbox 2954 2900 3051 2955; x_wconf 89' lang='lat' dir='ltr'><strong>sed</strong></span> <span class='ocrx_word' id='word_1_441' title='bbox 3083 2914 3336 2956; x_wconf 84' lang='lat' dir='ltr'><strong>reversus</strong></span> <span class='ocrx_word' id='word_1_442' title='bbox 3360 2896 3430 2951; x_wconf 87' lang='lat' dir='ltr'><strong>ad</strong></span> 
     </span>
    </p>
   </div>
   <div class='ocr_carea' id='block_1_58' title="bbox 1838 2988 3430 3065">
    <p class='ocr_par' dir='ltr' id='par_1_58' title="bbox 1838 2988 3430 3065">
     <span class='ocr_line' id='line_1_58' title="bbox 1838 2988 3430 3065; baseline -0.007 -13"><span class='ocrx_word' id='word_1_443' title='bbox 1838 3012 1935 3053; x_wconf 87' lang='lat' dir='ltr'><strong>eor</strong></span> <span class='ocrx_word' id='word_1_444' title='bbox 1959 3011 2148 3063; x_wconf 89' lang='lat' dir='ltr'><strong>suum,</strong></span> <span class='ocrx_word' id='word_1_445' title='bbox 2174 3003 2381 3065; x_wconf 87' lang='lat' dir='ltr'><strong>quanto</strong></span> <span class='ocrx_word' id='word_1_446' title='bbox 2404 2992 2567 3049; x_wconf 88' lang='lat' dir='ltr'><strong>citius</strong></span> <span class='ocrx_word' id='word_1_447' title='bbox 2591 2992 2684 3024; x_wconf 82' lang='grc'><strong>¹¹⁶⁰</strong></span> <span class='ocrx_word' id='word_1_448' title='bbox 2712 3006 2875 3046; x_wconf 89' lang='lat' dir='ltr'><strong>suum</strong></span> <span class='ocrx_word' id='word_1_449' title='bbox 2906 2988 3207 3052; x_wconf 77' lang='lat' dir='ltr'><strong>exercitum</strong></span> <span class='ocrx_word' id='word_1_450' title='bbox 3235 3003 3430 3060; x_wconf 81' lang='lat' dir='ltr'><strong>aggre—</strong></span> 
     </span>
    </p>
   </div>
   <div class='ocr_carea' id='block_1_59' title="bbox 168 3060 3430 3173">
    <p class='ocr_par' dir='ltr' id='par_1_59' title="bbox 168 3060 3430 3173">
     <span class='ocr_line' id='line_1_59' title="bbox 168 3060 3430 3173; baseline -0.003 -57"><span class='ocrx_word' id='word_1_451' title='bbox 168 3080 272 3136; x_wconf 67' lang='grc' dir='ltr'><strong>ευίε</strong></span> <span class='ocrx_word' id='word_1_452' title='bbox 298 3082 434 3139; x_wconf 70' lang='lat' dir='ltr'><strong>male</strong></span> <span class='ocrx_word' id='word_1_453' title='bbox 473 3069 890 3139; x_wconf 52' lang='lat' dir='ltr'><strong>consultoribus</strong></span> <span class='ocrx_word' id='word_1_454' title='bbox 929 3084 1018 3116; x_wconf 79' lang='lat' dir='ltr'><strong>us&quot;</strong></span> <span class='ocrx_word' id='word_1_455' title='bbox 1052 3060 1302 3139; x_wconf 73' lang='lat' dir='ltr'><strong>relevari.</strong></span> <span class='ocrx_word' id='word_1_456' title='bbox 1347 3081 1502 3138; x_wconf 86' lang='lat' dir='ltr'><strong>Unde</strong></span> <span class='ocrx_word' id='word_1_457' title='bbox 1530 3081 1735 3153; x_wconf 80' lang='lat' dir='ltr'><strong>posteri</strong></span> <span class='ocrx_word' id='word_1_458' title='bbox 1764 3108 1807 3173; x_wconf 67' lang='grc' dir='ltr'>ο</span> <span class='ocrx_word' id='word_1_459' title='bbox 1828 3060 2004 3159; x_wconf 64' lang='lat' dir='ltr'><strong>~gavit,</strong></span> <span class='ocrx_word' id='word_1_460' title='bbox 2034 3096 2086 3141; x_wconf 89' lang='lat' dir='ltr'><strong>et</strong></span> <span class='ocrx_word' id='word_1_461' title='bbox 2106 3060 2173 3140; x_wconf 85' lang='lat' dir='ltr'><strong>ad</strong></span> <span class='ocrx_word' id='word_1_462' title='bbox 2190 3060 2388 3156; x_wconf 65' lang='lat' dir='ltr'><strong>regem</strong></span> <span class='ocrx_word' id='word_1_463' title='bbox 2415 3083 2810 3154; x_wconf 81' lang='lat' dir='ltr'><strong>_Rutbenorum</strong></span> <span class='ocrx_word' id='word_1_464' title='bbox 2847 3078 3311 3153; x_wconf 72' lang='lat' dir='ltr'><strong>Ungarorumque</strong></span> <span class='ocrx_word' id='word_1_465' title='bbox 3339 3078 3430 3110; x_wconf 78' lang='grc' dir='ltr'><strong>ιισι</strong></span> 
     </span>
    </p>
   </div>
   <div class='ocr_carea' id='block_1_60' title="bbox 168 3173 1735 3248">
    <p class='ocr_par' dir='ltr' id='par_1_60' title="bbox 168 3173 1735 3248">
     <span class='ocr_line' id='line_1_60' title="bbox 168 3173 1735 3248; baseline 0.001 -21"><span class='ocrx_word' id='word_1_466' title='bbox 168 3173 260 3229; x_wconf 87' lang='lat' dir='ltr'><strong>sibi</strong></span> <span class='ocrx_word' id='word_1_467' title='bbox 291 3184 518 3232; x_wconf 88' lang='lat' dir='ltr'><strong>caveant</strong></span> <span class='ocrx_word' id='word_1_468' title='bbox 553 3177 637 3232; x_wconf 83' lang='lat' dir='ltr'><strong>vel</strong></span> <span class='ocrx_word' id='word_1_469' title='bbox 680 3186 1000 3248; x_wconf 59' lang='lat' dir='ltr'><strong>prasentes,</strong></span> <span class='ocrx_word' id='word_1_470' title='bbox 1030 3191 1098 3232; x_wconf 90' lang='lat' dir='ltr'><strong>ne</strong></span> <span class='ocrx_word' id='word_1_471' title='bbox 1132 3176 1243 3232; x_wconf 93' lang='lat' dir='ltr'><strong>sint</strong></span> <span class='ocrx_word' id='word_1_472' title='bbox 1281 3175 1337 3231; x_wconf 87' lang='lat' dir='ltr'><strong>in</strong></span> <span class='ocrx_word' id='word_1_473' title='bbox 1370 3190 1539 3248; x_wconf 81' lang='lat' dir='ltr'><strong>regno</strong></span> <span class='ocrx_word' id='word_1_474' title='bbox 1574 3191 1735 3246; x_wconf 87' lang='lat' dir='ltr'><strong>pares</strong></span> 
     </span>
    </p>
   </div>
   <div class='ocr_carea' id='block_1_61' title="bbox 166 3267 784 3325">
    <p class='ocr_par' dir='ltr' id='par_1_61' title="bbox 166 3267 784 3325">
     <span class='ocr_line' id='line_1_61' title="bbox 166 3267 784 3325; baseline 0 -2"><span class='ocrx_word' id='word_1_475' title='bbox 166 3267 288 3323; x_wconf 84' lang='lat' dir='ltr'><strong>socii</strong></span> <span class='ocrx_word' id='word_1_476' title='bbox 307 3268 643 3325; x_wconf 87' lang='lat' dir='ltr'><strong>dissidentes</strong></span> <span class='ocrx_word' id='word_1_477' title='bbox 672 3269 784 3323; x_wconf 65' lang='lat'><strong>“&#39;3.</strong></span> 
     </span>
    </p>
   </div>
   <div class='ocr_carea' id='block_1_62' title="bbox 357 3360 1518 3432">
    <p class='ocr_par' dir='ltr' id='par_1_62' title="bbox 357 3360 1518 3432">
     <span class='ocr_line' id='line_1_62' title="bbox 357 3360 1518 3432; baseline -0.001 -16"><span class='ocrx_word' id='word_1_478' title='bbox 357 3361 444 3416; x_wconf 85' lang='grc'><strong>56.</strong></span> <span class='ocrx_word' id='word_1_479' title='bbox 488 3360 573 3414; x_wconf 89' lang='lat' dir='ltr'><strong>De</strong></span> <span class='ocrx_word' id='word_1_480' title='bbox 602 3360 850 3432; x_wconf 81' lang='lat' dir='ltr'><strong>Zbignevi</strong></span> <span class='ocrx_word' id='word_1_481' title='bbox 879 3360 1173 3415; x_wconf 85' lang='lat' dir='ltr'><strong>hostilitate</strong></span> <span class='ocrx_word' id='word_1_482' title='bbox 1197 3370 1383 3430; x_wconf 82' lang='lat' dir='ltr'><strong>erupta</strong></span> <span class='ocrx_word' id='word_1_483' title='bbox 1409 3360 1518 3415; x_wconf 67' lang='lat'><strong>“’9.</strong></span> 
     </span>
    </p>
   </div>
   <div class='ocr_carea' id='block_1_63' title="bbox 227 3444 1725 3510">
    <p class='ocr_par' dir='ltr' id='par_1_63' title="bbox 227 3444 1725 3510">
     <span class='ocr_line' id='line_1_63' title="bbox 227 3444 1725 3510; baseline -0.001 -3"><span class='ocrx_word' id='word_1_484' title='bbox 227 3452 548 3509; x_wconf 80' lang='lat' dir='ltr'><strong>Bolezlavus</strong></span> <span class='ocrx_word' id='word_1_485' title='bbox 581 3464 763 3510; x_wconf 87' lang='lat' dir='ltr'><strong>autem</strong></span> <span class='ocrx_word' id='word_1_486' title='bbox 816 3455 934 3509; x_wconf 73' lang='lat' dir='ltr'><strong>btnc</strong></span> <span class='ocrx_word' id='word_1_487' title='bbox 975 3453 1160 3509; x_wconf 90' lang='lat' dir='ltr'><strong>omnia</strong></span> <span class='ocrx_word' id='word_1_488' title='bbox 1185 3454 1286 3508; x_wconf 91' lang='lat' dir='ltr'><strong>soli</strong></span> <span class='ocrx_word' id='word_1_489' title='bbox 1314 3444 1548 3507; x_wconf 84' lang='lat' dir='ltr'><strong>Domino</strong></span> <span class='ocrx_word' id='word_1_490' title='bbox 1578 3468 1725 3508; x_wconf 85' lang='lat' dir='ltr'><strong>eom-</strong></span> 
     </span>
    </p>
   </div>
   <div class='ocr_carea' id='block_1_64' title="bbox 167 3543 1735 3617">
    <p class='ocr_par' dir='ltr' id='par_1_64' title="bbox 167 3543 1735 3617">
     <span class='ocr_line' id='line_1_64' title="bbox 167 3543 1735 3617; baseline -0.003 -16"><span class='ocrx_word' id='word_1_491' title='bbox 167 3548 459 3615; x_wconf 83' lang='lat' dir='ltr'><strong>mendabat,</strong></span> <span class='ocrx_word' id='word_1_492' title='bbox 489 3547 865 3617; x_wconf 89' lang='lat' dir='ltr'><strong>injuriamquc</strong></span> <span class='ocrx_word' id='word_1_493' title='bbox 899 3545 1197 3601; x_wconf 79' lang='lat' dir='ltr'><strong>fraternam</strong></span> <span class='ocrx_word' id='word_1_494' title='bbox 1225 3544 1406 3600; x_wconf 86' lang='lat' dir='ltr'><strong>adhuc</strong></span> <span class='ocrx_word' id='word_1_495' title='bbox 1435 3543 1524 3575; x_wconf 70' lang='lat'><strong>“‘°</strong></span> <span class='ocrx_word' id='word_1_496' title='bbox 1548 3559 1735 3614; x_wconf 70' lang='lat' dir='ltr'><strong>mqua-</strong></span> 
     </span>
    </p>
   </div>
   <div class='ocr_carea' id='block_1_65' title="bbox 152 3635 1734 3709">
    <p class='ocr_par' dir='ltr' id='par_1_65' title="bbox 152 3635 1734 3709">
     <span class='ocr_line' id='line_1_65' title="bbox 152 3635 1734 3709; baseline -0.002 -16"><span class='ocrx_word' id='word_1_497' title='bbox 152 3639 367 3696; x_wconf 83' lang='lat' dir='ltr'><strong>.nimiter</strong></span> <span class='ocrx_word' id='word_1_498' title='bbox 391 3640 715 3707; x_wconf 89' lang='lat' dir='ltr'><strong>tollerabat,</strong></span> <span class='ocrx_word' id='word_1_499' title='bbox 746 3654 1072 3709; x_wconf 88' lang='lat' dir='ltr'><strong>semperque</strong></span> <span class='ocrx_word' id='word_1_500' title='bbox 1102 3637 1409 3693; x_wconf 88' lang='lat' dir='ltr'><strong>laboriosus</strong></span> <span class='ocrx_word' id='word_1_501' title='bbox 1427 3635 1734 3700; x_wconf 84' lang='lat' dir='ltr'><strong>Poloniam,</strong></span> 
     </span>
    </p>
   </div>
   <div class='ocr_carea' id='block_1_66' title="bbox 170 3726 1737 3805">
    <p class='ocr_par' dir='ltr' id='par_1_66' title="bbox 170 3726 1737 3805">
     <span class='ocr_line' id='line_1_66' title="bbox 170 3726 1737 3805; baseline -0.002 -19"><span class='ocrx_word' id='word_1_502' title='bbox 170 3731 298 3788; x_wconf 88' lang='lat' dir='ltr'><strong>sicut</strong></span> <span class='ocrx_word' id='word_1_503' title='bbox 319 3733 401 3788; x_wconf 88' lang='lat' dir='ltr'><strong>leo</strong></span> <span class='ocrx_word' id='word_1_504' title='bbox 438 3733 689 3805; x_wconf 84' lang='lat' dir='ltr'><strong>rugiens,</strong></span> <span class='ocrx_word' id='word_1_505' title='bbox 735 3730 1064 3787; x_wconf 87' lang='lat' dir='ltr'><strong>metuendus</strong></span> <span class='ocrx_word' id='word_1_506' title='bbox 1123 3729 1449 3785; x_wconf 83' lang='lat' dir='ltr'><strong>circumibat</strong></span> <span class='ocrx_word' id='word_1_507' title='bbox 1485 3728 1598 3784; x_wconf 73' lang='lat'><strong>“&quot;.</strong></span> <span class='ocrx_word' id='word_1_508' title='bbox 1635 3726 1737 3783; x_wconf 83' lang='lat' dir='ltr'><strong>Cui</strong></span> 
     </span>
    </p>
   </div>
   <div class='ocr_carea' id='block_1_67' title="bbox 166 3819 1737 3894">
    <p class='ocr_par' dir='ltr' id='par_1_67' title="bbox 166 3819 1737 3894">
     <span class='ocr_line' id='line_1_67' title="bbox 166 3819 1737 3894; baseline -0.001 -17"><span class='ocrx_word' id='word_1_509' title='bbox 166 3822 292 3881; x_wconf 87' lang='lat' dir='ltr'><strong>forte</strong></span> <span class='ocrx_word' id='word_1_510' title='bbox 331 3826 434 3882; x_wconf 88' lang='lat' dir='ltr'><strong>fuit</strong></span> <span class='ocrx_word' id='word_1_511' title='bbox 485 3825 707 3881; x_wconf 80' lang='lat' dir='ltr'><strong>interim</strong></span> <span class='ocrx_word' id='word_1_512' title='bbox 747 3824 1069 3879; x_wconf 87' lang='lat' dir='ltr'><strong>nunciatum</strong></span> <span class='ocrx_word' id='word_1_513' title='bbox 1107 3819 1270 3878; x_wconf 84' lang='lat' dir='ltr'><strong>Kosle</strong></span> <span class='ocrx_word' id='word_1_514' title='bbox 1303 3820 1451 3894; x_wconf 82' lang='grc'><strong>(150)</strong></span> <span class='ocrx_word' id='word_1_515' title='bbox 1494 3828 1737 3877; x_wconf 89' lang='lat' dir='ltr'><strong>castrum</strong></span> 
     </span>
    </p>
   </div>
   <div class='ocr_carea' id='block_1_68' title="bbox 167 3917 1739 3990">
    <p class='ocr_par' dir='ltr' id='par_1_68' title="bbox 167 3917 1739 3990">
     <span class='ocr_line' id='line_1_68' title="bbox 167 3917 1739 3990; baseline 0.001 -18"><span class='ocrx_word' id='word_1_516' title='bbox 167 3917 216 3974; x_wconf 92' lang='lat' dir='ltr'><strong>in</strong></span> <span class='ocrx_word' id='word_1_517' title='bbox 234 3923 464 3977; x_wconf 84' lang='lat' dir='ltr'><strong>conﬁnio</strong></span> <span class='ocrx_word' id='word_1_518' title='bbox 489 3921 860 3976; x_wconf 86' lang='lat' dir='ltr'><strong>Bobemorum</strong></span> <span class='ocrx_word' id='word_1_519' title='bbox 890 3935 923 3974; x_wconf 90' lang='lat' dir='ltr'><strong>a</strong></span> <span class='ocrx_word' id='word_1_520' title='bbox 937 3935 995 3976; x_wconf 92' lang='lat' dir='ltr'><strong>se</strong></span> <span class='ocrx_word' id='word_1_521' title='bbox 1016 3919 1156 3990; x_wconf 91' lang='lat' dir='ltr'><strong>ipso,</strong></span> <span class='ocrx_word' id='word_1_522' title='bbox 1182 3928 1365 3975; x_wconf 88' lang='lat' dir='ltr'><strong>tamen</strong></span> <span class='ocrx_word' id='word_1_523' title='bbox 1386 3935 1493 3974; x_wconf 91' lang='lat' dir='ltr'><strong>non</strong></span> <span class='ocrx_word' id='word_1_524' title='bbox 1514 3919 1584 3974; x_wconf 91' lang='lat' dir='ltr'><strong>ab</strong></span> <span class='ocrx_word' id='word_1_525' title='bbox 1607 3919 1739 3974; x_wconf 88' lang='lat' dir='ltr'><strong>hos-</strong></span> 
     </span>
    </p>
   </div>
   <div class='ocr_carea' id='block_1_69' title="bbox 148 4010 1739 4083">
    <p class='ocr_par' dir='ltr' id='par_1_69' title="bbox 148 4010 1739 4083">
     <span class='ocr_line' id='line_1_69' title="bbox 148 4010 1739 4083; baseline 0.001 -20"><span class='ocrx_word' id='word_1_526' title='bbox 148 4010 319 4080; x_wconf 75' lang='lat' dir='ltr'><strong>tibus,</strong></span> <span class='ocrx_word' id='word_1_527' title='bbox 351 4021 783 4070; x_wconf 79' lang='lat' dir='ltr'><strong>concrematam.</strong></span> <span class='ocrx_word' id='word_1_528' title='bbox 815 4010 921 4079; x_wconf 85' lang='lat' dir='ltr'><strong>Qui</strong></span> <span class='ocrx_word' id='word_1_529' title='bbox 951 4020 1213 4082; x_wconf 88' lang='lat' dir='ltr'><strong>reputans</strong></span> <span class='ocrx_word' id='word_1_530' title='bbox 1236 4010 1472 4083; x_wconf 90' lang='lat' dir='ltr'><strong>aliquem</strong></span> <span class='ocrx_word' id='word_1_531' title='bbox 1498 4027 1596 4082; x_wconf 89' lang='lat' dir='ltr'><strong>per</strong></span> <span class='ocrx_word' id='word_1_532' title='bbox 1629 4017 1739 4065; x_wconf 87' lang='lat' dir='ltr'><strong>tra-</strong></span> 
     </span>
    </p>
   </div>
   <div class='ocr_carea' id='block_1_70' title="bbox 149 4102 1738 4175">
    <p class='ocr_par' dir='ltr' id='par_1_70' title="bbox 149 4102 1738 4175">
     <span class='ocr_line' id='line_1_70' title="bbox 149 4102 1738 4175; baseline 0.002 -19"><span class='ocrx_word' id='word_1_533' title='bbox 149 4102 412 4161; x_wconf 79' lang='lat' dir='ltr'><strong>ditionem</strong></span> <span class='ocrx_word' id='word_1_534' title='bbox 438 4108 550 4162; x_wconf 88' lang='lat' dir='ltr'><strong>boc</strong></span> <span class='ocrx_word' id='word_1_535' title='bbox 574 4104 789 4171; x_wconf 84' lang='lat' dir='ltr'><strong>fecisse,</strong></span> <span class='ocrx_word' id='word_1_536' title='bbox 814 4104 1184 4175; x_wconf 88' lang='lat' dir='ltr'><strong>dubitansque</strong></span> <span class='ocrx_word' id='word_1_537' title='bbox 1213 4104 1486 4160; x_wconf 90' lang='lat' dir='ltr'><strong>Bobemos</strong></span> <span class='ocrx_word' id='word_1_538' title='bbox 1515 4104 1582 4159; x_wconf 90' lang='lat' dir='ltr'><strong>ad</strong></span> <span class='ocrx_word' id='word_1_539' title='bbox 1606 4103 1738 4159; x_wconf 80' lang='lat' dir='ltr'><strong>illud</strong></span> 
     </span>
    </p>
   </div>
   <div class='ocr_carea' id='block_1_71' title="bbox 166 4195 1739 4269">
    <p class='ocr_par' dir='ltr' id='par_1_71' title="bbox 166 4195 1739 4269">
     <span class='ocr_line' id='line_1_71' title="bbox 166 4195 1739 4269; baseline -0.001 -17"><span class='ocrx_word' id='word_1_540' title='bbox 166 4199 511 4255; x_wconf 86' lang='lat' dir='ltr'><strong>muniendum</strong></span> <span class='ocrx_word' id='word_1_541' title='bbox 542 4213 855 4269; x_wconf 89' lang='lat' dir='ltr'><strong>properare,</strong></span> <span class='ocrx_word' id='word_1_542' title='bbox 877 4197 1008 4252; x_wconf 90' lang='lat' dir='ltr'><strong>illuc</strong></span> <span class='ocrx_word' id='word_1_543' title='bbox 1035 4196 1221 4253; x_wconf 86' lang='lat' dir='ltr'><strong>statim</strong></span> <span class='ocrx_word' id='word_1_544' title='bbox 1242 4212 1367 4252; x_wconf 87' lang='lat' dir='ltr'><strong>cum</strong></span> <span class='ocrx_word' id='word_1_545' title='bbox 1391 4195 1739 4267; x_wconf 87' lang='lat' dir='ltr'><strong>paucissimis</strong></span> 
     </span>
    </p>
   </div>
   <div class='ocr_carea' id='block_1_72' title="bbox 168 4288 1740 4361">
    <p class='ocr_par' dir='ltr' id='par_1_72' title="bbox 168 4288 1740 4361">
     <span class='ocr_line' id='line_1_72' title="bbox 168 4288 1740 4361; baseline -0.001 -18"><span class='ocrx_word' id='word_1_546' title='bbox 168 4292 535 4357; x_wconf 86' lang='lat' dir='ltr'><strong>transvolavit,</strong></span> <span class='ocrx_word' id='word_1_547' title='bbox 586 4290 772 4361; x_wconf 88' lang='lat' dir='ltr'><strong>ibique</strong></span> <span class='ocrx_word' id='word_1_548' title='bbox 809 4290 1055 4346; x_wconf 88' lang='lat' dir='ltr'><strong>laborem</strong></span> <span class='ocrx_word' id='word_1_549' title='bbox 1090 4289 1331 4360; x_wconf 84' lang='lat' dir='ltr'><strong>propriis</strong></span> <span class='ocrx_word' id='word_1_550' title='bbox 1359 4288 1614 4344; x_wconf 88' lang='lat' dir='ltr'><strong>manibus</strong></span> <span class='ocrx_word' id='word_1_551' title='bbox 1656 4288 1740 4342; x_wconf 90' lang='lat' dir='ltr'><strong>in-</strong></span> 
     </span>
    </p>
   </div>
   <div class='ocr_carea' id='block_1_73' title="bbox 164 4380 1740 4454">
    <p class='ocr_par' dir='ltr' id='par_1_73' title="bbox 164 4380 1740 4454">
     <span class='ocr_line' id='line_1_73' title="bbox 164 4380 1740 4454; baseline -0.003 -15"><span class='ocrx_word' id='word_1_552' title='bbox 164 4384 387 4441; x_wconf 86' lang='lat' dir='ltr'><strong>choavit.</strong></span> <span class='ocrx_word' id='word_1_553' title='bbox 412 4384 537 4440; x_wconf 81' lang='lat' dir='ltr'><strong>Jam</strong></span> <span class='ocrx_word' id='word_1_554' title='bbox 561 4383 708 4438; x_wconf 90' lang='lat' dir='ltr'><strong>enim</strong></span> <span class='ocrx_word' id='word_1_555' title='bbox 733 4391 943 4438; x_wconf 89' lang='lat' dir='ltr'><strong>tantum</strong></span> <span class='ocrx_word' id='word_1_556' title='bbox 958 4392 1181 4454; x_wconf 91' lang='lat' dir='ltr'><strong>tamque</strong></span> <span class='ocrx_word' id='word_1_557' title='bbox 1206 4382 1297 4414; x_wconf 68' lang='grc'><strong>¹¹³⁹</strong></span> <span class='ocrx_word' id='word_1_558' title='bbox 1318 4382 1411 4437; x_wconf 92' lang='lat' dir='ltr'><strong>diu</strong></span> <span class='ocrx_word' id='word_1_559' title='bbox 1444 4384 1552 4437; x_wconf 84' lang='lat' dir='ltr'><strong>huc</strong></span> <span class='ocrx_word' id='word_1_560' title='bbox 1582 4380 1740 4435; x_wconf 80' lang='lat' dir='ltr'><strong>illuc-</strong></span> 
     </span>
    </p>
   </div>
   <div class='ocr_carea' id='block_1_74' title="bbox 1838 3172 3431 3248">
    <p class='ocr_par' dir='ltr' id='par_1_74' title="bbox 1838 3172 3431 3248">
     <span class='ocr_line' id='line_1_74' title="bbox 1838 3172 3431 3248; baseline -0.003 -17"><span class='ocrx_word' id='word_1_561' title='bbox 1838 3195 1939 3248; x_wconf 90' lang='lat' dir='ltr'><strong>pro</strong></span> <span class='ocrx_word' id='word_1_562' title='bbox 1964 3177 2171 3232; x_wconf 86' lang='lat' dir='ltr'><strong>auxilio</strong></span> <span class='ocrx_word' id='word_1_563' title='bbox 2192 3175 2478 3247; x_wconf 81' lang='lat' dir='ltr'><strong>delegavit.</strong></span> <span class='ocrx_word' id='word_1_564' title='bbox 2509 3173 2615 3230; x_wconf 88' lang='lat' dir='ltr'><strong>Sed</strong></span> <span class='ocrx_word' id='word_1_565' title='bbox 2638 3175 2682 3230; x_wconf 91' lang='lat' dir='ltr'><strong>si</strong></span> <span class='ocrx_word' id='word_1_566' title='bbox 2709 3189 2806 3244; x_wconf 89' lang='lat' dir='ltr'><strong>per</strong></span> <span class='ocrx_word' id='word_1_567' title='bbox 2827 3190 2886 3230; x_wconf 89' lang='lat' dir='ltr'><strong>se</strong></span> <span class='ocrx_word' id='word_1_568' title='bbox 2914 3173 3000 3228; x_wconf 88' lang='lat' dir='ltr'><strong>vel</strong></span> <span class='ocrx_word' id='word_1_569' title='bbox 3037 3173 3127 3204; x_wconf 82' lang='grc'>¹¹⁶¹</span> <span class='ocrx_word' id='word_1_570' title='bbox 3154 3189 3252 3243; x_wconf 89' lang='lat' dir='ltr'><strong>per</strong></span> <span class='ocrx_word' id='word_1_571' title='bbox 3278 3172 3431 3242; x_wconf 89' lang='lat' dir='ltr'><strong>ipsos</strong></span> 
     </span>
    </p>
   </div>
   <div class='ocr_carea' id='block_1_75' title="bbox 1837 3265 3431 3341">
    <p class='ocr_par' dir='ltr' id='par_1_75' title="bbox 1837 3265 3431 3341">
     <span class='ocr_line' id='line_1_75' title="bbox 1837 3265 3431 3341; baseline -0.004 -15"><span class='ocrx_word' id='word_1_572' title='bbox 1837 3269 2006 3326; x_wconf 87' lang='lat' dir='ltr'><strong>nichil</strong></span> <span class='ocrx_word' id='word_1_573' title='bbox 2029 3284 2190 3341; x_wconf 83' lang='lat' dir='ltr'><strong>agere</strong></span> <span class='ocrx_word' id='word_1_574' title='bbox 2219 3268 2519 3340; x_wconf 88' lang='lat' dir='ltr'><strong>potuisset,</strong></span> <span class='ocrx_word' id='word_1_575' title='bbox 2544 3268 2722 3336; x_wconf 88' lang='lat' dir='ltr'><strong>ipsum</strong></span> <span class='ocrx_word' id='word_1_576' title='bbox 2753 3281 2981 3338; x_wconf 82' lang='lat' dir='ltr'><strong>regnum</strong></span> <span class='ocrx_word' id='word_1_577' title='bbox 3014 3274 3070 3323; x_wconf 94' lang='lat' dir='ltr'><strong>et</strong></span> <span class='ocrx_word' id='word_1_578' title='bbox 3090 3281 3242 3337; x_wconf 86' lang='lat' dir='ltr'><strong>spem</strong></span> <span class='ocrx_word' id='word_1_579' title='bbox 3275 3265 3431 3336; x_wconf 81' lang='lat' dir='ltr'><strong>regni</strong></span> 
     </span>
    </p>
   </div>
   <div class='ocr_carea' id='block_1_76' title="bbox 1837 3360 2675 3433">
    <p class='ocr_par' dir='ltr' id='par_1_76' title="bbox 1837 3360 2675 3433">
     <span class='ocr_line' id='line_1_76' title="bbox 1837 3360 2675 3433; baseline -0.007 -14"><span class='ocrx_word' id='word_1_580' title='bbox 1837 3362 2173 3433; x_wconf 76' lang='lat' dir='ltr'><strong>expectando</strong></span> <span class='ocrx_word' id='word_1_581' title='bbox 2200 3361 2526 3432; x_wconf 85' lang='lat' dir='ltr'><strong>perdidisset</strong></span> <span class='ocrx_word' id='word_1_582' title='bbox 2552 3360 2675 3413; x_wconf 65' lang='grc' dir='ltr'><strong>ωδ.</strong></span> 
     </span>
    </p>
   </div>
   <div class='ocr_carea' id='block_1_77' title="bbox 2049 3469 3218 3540">
    <p class='ocr_par' dir='ltr' id='par_1_77' title="bbox 2049 3469 3218 3540">
     <span class='ocr_line' id='line_1_77' title="bbox 2049 3469 3218 3540; baseline -0.005 -12"><span class='ocrx_word' id='word_1_583' title='bbox 2049 3472 2139 3529; x_wconf 80' lang='grc'><strong>57.</strong></span> <span class='ocrx_word' id='word_1_584' title='bbox 2178 3469 2373 3526; x_wconf 67' lang='lat' dir='ltr'><strong>Foedus</strong></span> <span class='ocrx_word' id='word_1_585' title='bbox 2397 3488 2513 3525; x_wconf 87' lang='lat' dir='ltr'><strong>cum</strong></span> <span class='ocrx_word' id='word_1_586' title='bbox 2542 3469 2788 3524; x_wconf 86' lang='lat' dir='ltr'><strong>Bohemis</strong></span> <span class='ocrx_word' id='word_1_587' title='bbox 2826 3470 2989 3523; x_wconf 88' lang='lat' dir='ltr'><strong>ictum</strong></span> <span class='ocrx_word' id='word_1_588' title='bbox 3008 3477 3060 3523; x_wconf 87' lang='lat' dir='ltr'><strong>et</strong></span> <span class='ocrx_word' id='word_1_589' title='bbox 3090 3469 3218 3540; x_wconf 77' lang='lat' dir='ltr'><strong>fuga</strong></span> 
     </span>
    </p>
   </div>
   <div class='ocr_carea' id='block_1_78' title="bbox 2202 3539 2922 3611">
    <p class='ocr_par' dir='ltr' id='par_1_78' title="bbox 2202 3539 2922 3611">
     <span class='ocr_line' id='line_1_78' title="bbox 2202 3539 2922 3611; baseline 0 -17"><span class='ocrx_word' id='word_1_590' title='bbox 2202 3556 2207 3561; x_wconf 62' lang='grc' dir='ltr'><em>ο</em></span> <span class='ocrx_word' id='word_1_591' title='bbox 2434 3541 2684 3611; x_wconf 85' lang='lat' dir='ltr'><strong>Zbignevi</strong></span> <span class='ocrx_word' id='word_1_592' title='bbox 2714 3539 2825 3594; x_wconf 65' lang='grc' dir='ltr'><strong>ιιεδ.</strong></span> <span class='ocrx_word' id='word_1_593' title='bbox 2918 3570 2922 3575; x_wconf 80' lang='lat'><strong><em>-</em></strong></span> 
     </span>
    </p>
   </div>
   <div class='ocr_carea' id='block_1_79' title="bbox 1911 3632 3428 3711">
    <p class='ocr_par' dir='ltr' id='par_1_79' title="bbox 1911 3632 3428 3711">
     <span class='ocr_line' id='line_1_79' title="bbox 1911 3632 3428 3711; baseline -0.005 -19"><span class='ocrx_word' id='word_1_594' title='bbox 1911 3638 2087 3711; x_wconf 76' lang='lat' dir='ltr'><strong>igitur</strong></span> <span class='ocrx_word' id='word_1_595' title='bbox 2115 3637 2342 3707; x_wconf 83' lang='lat' dir='ltr'><strong>belliger</strong></span> <span class='ocrx_word' id='word_1_596' title='bbox 2394 3633 2713 3689; x_wconf 83' lang='lat' dir='ltr'><strong>Bolezlavus</strong></span> <span class='ocrx_word' id='word_1_597' title='bbox 2740 3632 2920 3687; x_wconf 84' lang='lat' dir='ltr'><strong>tribus</strong></span> <span class='ocrx_word' id='word_1_598' title='bbox 2952 3632 3285 3693; x_wconf 79' lang='lat' dir='ltr'><strong>exercitibus</strong></span> <span class='ocrx_word' id='word_1_599' title='bbox 3316 3632 3428 3699; x_wconf 88' lang='lat' dir='ltr'><strong>cir-</strong></span> 
     </span>
    </p>
   </div>
   <div class='ocr_carea' id='block_1_80' title="bbox 1838 3724 3426 3807">
    <p class='ocr_par' dir='ltr' id='par_1_80' title="bbox 1838 3724 3426 3807">
     <span class='ocr_line' id='line_1_80' title="bbox 1838 3724 3426 3807; baseline -0.006 -19"><span class='ocrx_word' id='word_1_600' title='bbox 1838 3731 2149 3797; x_wconf 88' lang='lat' dir='ltr'><strong>cumdatus,</strong></span> <span class='ocrx_word' id='word_1_601' title='bbox 2172 3744 2312 3800; x_wconf 90' lang='lat' dir='ltr'><strong>quos</strong></span> <span class='ocrx_word' id='word_1_602' title='bbox 2368 3726 2583 3807; x_wconf 85' lang='lat' dir='ltr'><strong>primus</strong></span> <span class='ocrx_word' id='word_1_603' title='bbox 2627 3734 2875 3796; x_wconf 76' lang='lat' dir='ltr'><strong>expectet</strong></span> <span class='ocrx_word' id='word_1_604' title='bbox 2904 3724 2988 3779; x_wconf 73' lang='lat' dir='ltr'><strong>vel</strong></span> <span class='ocrx_word' id='word_1_605' title='bbox 3030 3739 3177 3794; x_wconf 86' lang='lat' dir='ltr'><strong>quos</strong></span> <span class='ocrx_word' id='word_1_606' title='bbox 3229 3725 3426 3789; x_wconf 82' lang='lat' dir='ltr'><strong>irruat,</strong></span> 
     </span>
    </p>
   </div>
   <div class='ocr_carea' id='block_1_81' title="bbox 1839 3815 3428 3893">
    <p class='ocr_par' dir='ltr' id='par_1_81' title="bbox 1839 3815 3428 3893">
     <span class='ocr_line' id='line_1_81' title="bbox 1839 3815 3428 3893; baseline -0.008 -14"><span class='ocrx_word' id='word_1_607' title='bbox 1839 3823 2154 3887; x_wconf 88' lang='lat' dir='ltr'><strong>meditatur,</strong></span> <span class='ocrx_word' id='word_1_608' title='bbox 2192 3819 2333 3887; x_wconf 71' lang='lat' dir='ltr'><strong>sicut</strong></span> <span class='ocrx_word' id='word_1_609' title='bbox 2368 3820 2452 3873; x_wconf 90' lang='lat' dir='ltr'><strong>leo</strong></span> <span class='ocrx_word' id='word_1_610' title='bbox 2478 3817 2559 3871; x_wconf 87' lang='lat' dir='ltr'><strong>vel</strong></span> <span class='ocrx_word' id='word_1_611' title='bbox 2602 3832 2732 3887; x_wconf 84' lang='lat' dir='ltr'><strong>aper</strong></span> <span class='ocrx_word' id='word_1_612' title='bbox 2778 3815 3035 3893; x_wconf 83' lang='lat' dir='ltr'><strong>molossis</strong></span> <span class='ocrx_word' id='word_1_613' title='bbox 3062 3815 3291 3879; x_wconf 81' lang='lat' dir='ltr'><strong>canibus</strong></span> <span class='ocrx_word' id='word_1_614' title='bbox 3340 3815 3428 3868; x_wconf 89' lang='lat' dir='ltr'><strong>in-</strong></span> 
     </span>
    </p>
   </div>
   <div class='ocr_carea' id='block_1_82' title="bbox 1839 3908 3424 3990">
    <p class='ocr_par' dir='ltr' id='par_1_82' title="bbox 1839 3908 3424 3990">
     <span class='ocr_line' id='line_1_82' title="bbox 1839 3908 3424 3990; baseline -0.007 -17"><span class='ocrx_word' id='word_1_615' title='bbox 1839 3920 2089 3990; x_wconf 78' lang='lat' dir='ltr'><strong>dagatus,</strong></span> <span class='ocrx_word' id='word_1_616' title='bbox 2136 3913 2426 3970; x_wconf 86' lang='lat' dir='ltr'><strong>latratibus</strong></span> <span class='ocrx_word' id='word_1_617' title='bbox 2456 3926 2653 3968; x_wconf 87' lang='lat' dir='ltr'><strong>canum</strong></span> <span class='ocrx_word' id='word_1_618' title='bbox 2685 3910 2940 3980; x_wconf 85' lang='lat' dir='ltr'><strong>tubisque</strong></span> <span class='ocrx_word' id='word_1_619' title='bbox 2978 3917 3303 3964; x_wconf 87' lang='lat' dir='ltr'><strong>venatorum</strong></span> <span class='ocrx_word' id='word_1_620' title='bbox 3355 3908 3424 3962; x_wconf 89' lang='lat' dir='ltr'><strong>ad</strong></span> 
     </span>
    </p>
   </div>
   <div class='ocr_carea' id='block_1_83' title="bbox 1838 3999 3425 4079">
    <p class='ocr_par' dir='ltr' id='par_1_83' title="bbox 1838 3999 3425 4079">
     <span class='ocr_line' id='line_1_83' title="bbox 1838 3999 3425 4079; baseline -0.01 -11"><span class='ocrx_word' id='word_1_621' title='bbox 1838 4010 2179 4070; x_wconf 86' lang='lat' dir='ltr'><strong>iracundiam</strong></span> <span class='ocrx_word' id='word_1_622' title='bbox 2214 4015 2562 4079; x_wconf 84' lang='lat' dir='ltr'><strong>provocatur.</strong></span> <span class='ocrx_word' id='word_1_623' title='bbox 2600 4002 2706 4059; x_wconf 88' lang='lat' dir='ltr'><strong>Sed</strong></span> <span class='ocrx_word' id='word_1_624' title='bbox 2732 4018 2926 4058; x_wconf 87' lang='lat' dir='ltr'><strong>omnes</strong></span> <span class='ocrx_word' id='word_1_625' title='bbox 2952 4012 3132 4057; x_wconf 87' lang='lat' dir='ltr'><strong>tamen</strong></span> <span class='ocrx_word' id='word_1_626' title='bbox 3178 3999 3425 4055; x_wconf 83' lang='lat' dir='ltr'><strong>Bolezla-</strong></span> 
     </span>
    </p>
   </div>
   <div class='ocr_carea' id='block_1_84' title="bbox 1839 4090 3423 4168">
    <p class='ocr_par' dir='ltr' id='par_1_84' title="bbox 1839 4090 3423 4168">
     <span class='ocr_line' id='line_1_84' title="bbox 1839 4090 3423 4168; baseline -0.01 -10"><span class='ocrx_word' id='word_1_627' title='bbox 1839 4120 1967 4158; x_wconf 88' lang='lat' dir='ltr'><strong>vum</strong></span> <span class='ocrx_word' id='word_1_628' title='bbox 1995 4100 2332 4165; x_wconf 86' lang='lat' dir='ltr'><strong>metuebant,</strong></span> <span class='ocrx_word' id='word_1_629' title='bbox 2359 4096 2507 4168; x_wconf 85' lang='lat' dir='ltr'><strong>quod</strong></span> <span class='ocrx_word' id='word_1_630' title='bbox 2551 4110 2618 4150; x_wconf 91' lang='lat' dir='ltr'><strong>eo</strong></span> <span class='ocrx_word' id='word_1_631' title='bbox 2676 4102 2860 4149; x_wconf 85' lang='lat' dir='ltr'><strong>stante</strong></span> <span class='ocrx_word' id='word_1_632' title='bbox 2892 4090 3099 4157; x_wconf 86' lang='lat' dir='ltr'><strong>medio,</strong></span> <span class='ocrx_word' id='word_1_633' title='bbox 3132 4091 3199 4145; x_wconf 89' lang='lat' dir='ltr'><strong>ad</strong></span> <span class='ocrx_word' id='word_1_634' title='bbox 3243 4091 3423 4146; x_wconf 89' lang='lat' dir='ltr'><strong>locum</strong></span> 
     </span>
    </p>
   </div>
   <div class='ocr_carea' id='block_1_85' title="bbox 1839 4181 3425 4261">
    <p class='ocr_par' dir='ltr' id='par_1_85' title="bbox 1839 4181 3425 4261">
     <span class='ocr_line' id='line_1_85' title="bbox 1839 4181 3425 4261; baseline -0.01 -11"><span class='ocrx_word' id='word_1_635' title='bbox 1839 4194 2191 4251; x_wconf 88' lang='lat' dir='ltr'><strong>terminatum</strong></span> <span class='ocrx_word' id='word_1_636' title='bbox 2216 4190 2512 4247; x_wconf 87' lang='lat' dir='ltr'><strong>convenire</strong></span> <span class='ocrx_word' id='word_1_637' title='bbox 2537 4202 2644 4241; x_wconf 92' lang='lat' dir='ltr'><strong>non</strong></span> <span class='ocrx_word' id='word_1_638' title='bbox 2668 4185 2962 4261; x_wconf 78' lang='lat' dir='ltr'><strong>audebant.</strong></span> <span class='ocrx_word' id='word_1_639' title='bbox 2994 4181 3214 4239; x_wconf 87' lang='lat' dir='ltr'><strong>Interim</strong></span> <span class='ocrx_word' id='word_1_640' title='bbox 3243 4189 3425 4241; x_wconf 83' lang='lat' dir='ltr'><strong>autem</strong></span> 
     </span>
    </p>
   </div>
   <div class='ocr_carea' id='block_1_86' title="bbox 1841 4273 3426 4357">
    <p class='ocr_par' dir='ltr' id='par_1_86' title="bbox 1841 4273 3426 4357">
     <span class='ocr_line' id='line_1_86' title="bbox 1841 4273 3426 4357; baseline -0.009 -16"><span class='ocrx_word' id='word_1_641' title='bbox 1841 4284 2098 4357; x_wconf 80' lang='lat' dir='ltr'><strong>Zbignevi</strong></span> <span class='ocrx_word' id='word_1_642' title='bbox 2122 4284 2317 4338; x_wconf 72' lang='lat' dir='ltr'><strong>litterte</strong></span> <span class='ocrx_word' id='word_1_643' title='bbox 2347 4289 2518 4351; x_wconf 71' lang='lat' dir='ltr'><strong>capue</strong></span> <span class='ocrx_word' id='word_1_644' title='bbox 2538 4294 2665 4334; x_wconf 89' lang='lat' dir='ltr'><strong>cum</strong></span> <span class='ocrx_word' id='word_1_645' title='bbox 2709 4275 2919 4332; x_wconf 86' lang='lat' dir='ltr'><strong>nuntiis</strong></span> <span class='ocrx_word' id='word_1_646' title='bbox 2944 4274 3037 4306; x_wconf 81' lang='grc'><strong>¹¹⁶⁸</strong></span> <span class='ocrx_word' id='word_1_647' title='bbox 3068 4282 3198 4329; x_wconf 91' lang='lat' dir='ltr'><strong>sunt</strong></span> <span class='ocrx_word' id='word_1_648' title='bbox 3229 4273 3426 4341; x_wconf 66' lang='lat' dir='ltr'><strong>allatae,</strong></span> 
     </span>
    </p>
   </div>
   <div class='ocr_carea' id='block_1_87' title="bbox 1840 4367 3425 4453">
    <p class='ocr_par' dir='ltr' id='par_1_87' title="bbox 1840 4367 3425 4453">
     <span class='ocr_line' id='line_1_87' title="bbox 1840 4367 3425 4453; baseline -0.008 -20"><span class='ocrx_word' id='word_1_649' title='bbox 1840 4379 2041 4448; x_wconf 89' lang='lat' dir='ltr'><strong>quibus</strong></span> <span class='ocrx_word' id='word_1_650' title='bbox 2068 4376 2255 4430; x_wconf 79' lang='lat' dir='ltr'><strong>multa:</strong></span> <span class='ocrx_word' id='word_1_651' title='bbox 2291 4371 2610 4427; x_wconf 88' lang='lat' dir='ltr'><strong>traditiones</strong></span> <span class='ocrx_word' id='word_1_652' title='bbox 2634 4377 2708 4453; x_wconf 36' lang='grc' dir='ltr'><strong>,ει</strong></span> <span class='ocrx_word' id='word_1_653' title='bbox 2749 4368 2963 4423; x_wconf 73' lang='lat' dir='ltr'><strong>insidite</strong></span> <span class='ocrx_word' id='word_1_654' title='bbox 3004 4376 3132 4422; x_wconf 90' lang='lat' dir='ltr'><strong>sunt</strong></span> <span class='ocrx_word' id='word_1_655' title='bbox 3179 4367 3425 4436; x_wconf 65' lang='lat' dir='ltr'><strong>prolatae.</strong></span> 
     </span>
    </p>
   </div>
   <div class='ocr_carea' id='block_1_88' title="bbox 165 4460 3427 4548">
    <p class='ocr_par' dir='ltr' id='par_1_88' title="bbox 165 4460 3427 4548">
     <span class='ocr_line' id='line_1_88' title="bbox 165 4460 3427 4548; baseline -0.006 -15"><span class='ocrx_word' id='word_1_656' title='bbox 165 4477 618 4548; x_wconf 87' lang='lat' dir='ltr'><strong>que&#39;eursitando</strong></span> <span class='ocrx_word' id='word_1_657' title='bbox 659 4475 751 4508; x_wconf 61' lang='lat'><strong>“‘3</strong></span> <span class='ocrx_word' id='word_1_658' title='bbox 788 4491 942 4541; x_wconf 36' lang='lat' dir='ltr'><strong>suos.</strong></span> <span class='ocrx_word' id='word_1_659' title='bbox 975 4475 1049 4532; x_wconf 88' lang='lat' dir='ltr'><strong>ita</strong></span> <span class='ocrx_word' id='word_1_660' title='bbox 1091 4474 1348 4548; x_wconf 78' lang='lat' dir='ltr'><strong>fatigatos</strong></span> <span class='ocrx_word' id='word_1_661' title='bbox 1396 4474 1732 4538; x_wconf 85' lang='lat' dir='ltr'><strong>reddiderat,</strong></span> <span class='ocrx_word' id='word_1_662' title='bbox 1765 4469 1811 4530; x_wconf 88' lang='lat' dir='ltr'>D</span> <span class='ocrx_word' id='word_1_663' title='bbox 1840 4471 2051 4548; x_wconf 71' lang='lat' dir='ltr'><strong>Quibus</strong></span> <span class='ocrx_word' id='word_1_664' title='bbox 2103 4469 2286 4535; x_wconf 88' lang='lat' dir='ltr'><strong>lectis,</strong></span> <span class='ocrx_word' id='word_1_665' title='bbox 2321 4466 2631 4538; x_wconf 87' lang='lat' dir='ltr'><strong>quibusque</strong></span> <span class='ocrx_word' id='word_1_666' title='bbox 2676 4461 2767 4494; x_wconf 79' lang='lat'>&quot;“</span> <span class='ocrx_word' id='word_1_667' title='bbox 2802 4461 3049 4530; x_wconf 77' lang='lat' dir='ltr'><strong>,sapiens</strong></span> <span class='ocrx_word' id='word_1_668' title='bbox 3103 4460 3427 4525; x_wconf 88' lang='lat' dir='ltr'><strong>admiratur,</strong></span> 
     </span>
    </p>
   </div>
   <div class='ocr_carea' id='block_1_89' title="bbox 164 4569 1728 4640">
    <p class='ocr_par' dir='ltr' id='par_1_89' title="bbox 164 4569 1728 4640">
     <span class='ocr_line' id='line_1_89' title="bbox 164 4569 1728 4640; baseline -0.003 -14"><span class='ocrx_word' id='word_1_669' title='bbox 164 4572 300 4640; x_wconf 89' lang='lat' dir='ltr'><strong>quod</strong></span> <span class='ocrx_word' id='word_1_670' title='bbox 338 4581 450 4628; x_wconf 81' lang='lat' dir='ltr'><strong>tam</strong></span> <span class='ocrx_word' id='word_1_671' title='bbox 495 4570 679 4627; x_wconf 86' lang='lat' dir='ltr'><strong>subito</strong></span> <span class='ocrx_word' id='word_1_672' title='bbox 710 4582 971 4625; x_wconf 88' lang='lat' dir='ltr'><strong>revocare</strong></span> <span class='ocrx_word' id='word_1_673' title='bbox 1010 4570 1340 4640; x_wconf 75' lang='lat' dir='ltr'><strong>iniuriosum</strong></span> <span class='ocrx_word' id='word_1_674' title='bbox 1380 4569 1559 4623; x_wconf 86' lang='lat' dir='ltr'><strong>visum</strong></span> <span class='ocrx_word' id='word_1_675' title='bbox 1590 4574 1728 4622; x_wconf 84' lang='lat' dir='ltr'><strong>erat.</strong></span> 
     </span>
    </p>
   </div>
   <div class='ocr_carea' id='block_1_90' title="bbox 164 4659 1736 4728">
    <p class='ocr_par' dir='ltr' id='par_1_90' title="bbox 164 4659 1736 4728">
     <span class='ocr_line' id='line_1_90' title="bbox 164 4659 1736 4728; baseline -0.001 -11"><span class='ocrx_word' id='word_1_676' title='bbox 164 4659 357 4720; x_wconf 84' lang='lat' dir='ltr'><strong>Tamen</strong></span> <span class='ocrx_word' id='word_1_677' title='bbox 406 4675 462 4720; x_wconf 92' lang='lat' dir='ltr'><strong>et</strong></span> <span class='ocrx_word' id='word_1_678' title='bbox 500 4678 631 4719; x_wconf 88' lang='lat' dir='ltr'><strong>suos</strong></span> <span class='ocrx_word' id='word_1_679' title='bbox 676 4663 745 4719; x_wconf 88' lang='lat' dir='ltr'><strong>ad</strong></span> <span class='ocrx_word' id='word_1_680' title='bbox 771 4662 1035 4718; x_wconf 72' lang='lat' dir='ltr'><strong>auxilium</strong></span> <span class='ocrx_word' id='word_1_681' title='bbox 1059 4662 1384 4728; x_wconf 83' lang='lat' dir='ltr'><strong>advocavit,</strong></span> <span class='ocrx_word' id='word_1_682' title='bbox 1422 4669 1477 4716; x_wconf 86' lang='lat' dir='ltr'><strong>et</strong></span> <span class='ocrx_word' id='word_1_683' title='bbox 1511 4659 1736 4715; x_wconf 82' lang='lat' dir='ltr'><strong>fratrem</strong></span> 
     </span>
    </p>
   </div>
   <div class='ocr_carea' id='block_1_91' title="bbox 164 4751 1736 4827">
    <p class='ocr_par' dir='ltr' id='par_1_91' title="bbox 164 4751 1736 4827">
     <span class='ocr_line' id='line_1_91' title="bbox 164 4751 1736 4827; baseline -0.005 -15"><span class='ocrx_word' id='word_1_684' title='bbox 164 4768 254 4826; x_wconf 86' lang='lat' dir='ltr'><strong>per</strong></span> <span class='ocrx_word' id='word_1_685' title='bbox 296 4757 523 4812; x_wconf 86' lang='lat' dir='ltr'><strong>nuntios</strong></span> <span class='ocrx_word' id='word_1_686' title='bbox 566 4754 700 4811; x_wconf 89' lang='lat' dir='ltr'><strong>satis</strong></span> <span class='ocrx_word' id='word_1_687' title='bbox 738 4754 981 4827; x_wconf 73' lang='lat' dir='ltr'><strong>ytloneos</strong></span> <span class='ocrx_word' id='word_1_688' title='bbox 1031 4752 1309 4821; x_wconf 87' lang='lat' dir='ltr'><strong>invitavit,</strong></span> <span class='ocrx_word' id='word_1_689' title='bbox 1365 4752 1526 4824; x_wconf 89' lang='lat' dir='ltr'><strong>eique</strong></span> <span class='ocrx_word' id='word_1_690' title='bbox 1571 4751 1736 4805; x_wconf 86' lang='lat' dir='ltr'><strong>verba</strong></span> 
     </span>
    </p>
   </div>
   <div class='ocr_carea' id='block_1_92' title="bbox 1839 4548 3432 4632">
    <p class='ocr_par' dir='ltr' id='par_1_92' title="bbox 1839 4548 3432 4632">
     <span class='ocr_line' id='line_1_92' title="bbox 1839 4548 3432 4632; baseline -0.009 -13"><span class='ocrx_word' id='word_1_691' title='bbox 1839 4572 2099 4632; x_wconf 89' lang='lat' dir='ltr'><strong>totusque</strong></span> <span class='ocrx_word' id='word_1_692' title='bbox 2125 4559 2358 4630; x_wconf 89' lang='lat' dir='ltr'><strong>populus</strong></span> <span class='ocrx_word' id='word_1_693' title='bbox 2380 4570 2481 4627; x_wconf 90' lang='lat' dir='ltr'><strong>pro</strong></span> <span class='ocrx_word' id='word_1_694' title='bbox 2497 4551 2740 4624; x_wconf 85' lang='lat' dir='ltr'><strong>periculo</strong></span> <span class='ocrx_word' id='word_1_695' title='bbox 2757 4548 3111 4605; x_wconf 85' lang='lat' dir='ltr'><strong>lamentatur.</strong></span> <span class='ocrx_word' id='word_1_696' title='bbox 3142 4549 3225 4605; x_wconf 85' lang='lat' dir='ltr'><strong>Ad</strong></span> <span class='ocrx_word' id='word_1_697' title='bbox 3250 4559 3432 4605; x_wconf 76' lang='lat' dir='ltr'><strong>extre-</strong></span> 
     </span>
    </p>
   </div>
   <div class='ocr_carea' id='block_1_93' title="bbox 1839 4640 3431 4714">
    <p class='ocr_par' dir='ltr' id='par_1_93' title="bbox 1839 4640 3431 4714">
     <span class='ocr_line' id='line_1_93' title="bbox 1839 4640 3431 4714; baseline -0.009 -3"><span class='ocrx_word' id='word_1_698' title='bbox 1839 4671 1989 4711; x_wconf 90' lang='lat' dir='ltr'><strong>mum</strong></span> <span class='ocrx_word' id='word_1_699' title='bbox 2020 4667 2152 4708; x_wconf 88' lang='lat' dir='ltr'><strong>vero</strong></span> <span class='ocrx_word' id='word_1_700' title='bbox 2180 4642 2499 4705; x_wconf 81' lang='lat' dir='ltr'><strong>Bolezlavits</strong></span> <span class='ocrx_word' id='word_1_701' title='bbox 2528 4644 2804 4714; x_wconf 85' lang='lat' dir='ltr'><strong>sapienter</strong></span> <span class='ocrx_word' id='word_1_702' title='bbox 2839 4642 2973 4698; x_wconf 86' lang='lat' dir='ltr'><strong>satis</strong></span> <span class='ocrx_word' id='word_1_703' title='bbox 2998 4656 3062 4697; x_wconf 91' lang='lat' dir='ltr'><strong>ac</strong></span> <span class='ocrx_word' id='word_1_704' title='bbox 3108 4640 3197 4672; x_wconf 71' lang='lat'><strong>“‘7</strong></span> <span class='ocrx_word' id='word_1_705' title='bbox 3228 4657 3431 4697; x_wconf 89' lang='lat' dir='ltr'><strong>convc-</strong></span> 
     </span>
    </p>
   </div>
   <div class='ocr_carea' id='block_1_94' title="bbox 1838 4732 3429 4824">
    <p class='ocr_par' dir='ltr' id='par_1_94' title="bbox 1838 4732 3429 4824">
     <span class='ocr_line' id='line_1_94' title="bbox 1838 4732 3429 4824; baseline -0.011 -20"><span class='ocrx_word' id='word_1_706' title='bbox 1838 4750 2066 4824; x_wconf 40' lang='lat' dir='ltr'><strong>menter.</strong></span> <span class='ocrx_word' id='word_1_707' title='bbox 2082 4760 2182 4817; x_wconf 87' lang='lat' dir='ltr'><strong>pro</strong></span> <span class='ocrx_word' id='word_1_708' title='bbox 2220 4753 2465 4813; x_wconf 85' lang='lat' dir='ltr'><strong>tempore</strong></span> <span class='ocrx_word' id='word_1_709' title='bbox 2487 4753 2620 4809; x_wconf 89' lang='lat' dir='ltr'><strong>pace</strong></span> <span class='ocrx_word' id='word_1_710' title='bbox 2673 4751 2799 4791; x_wconf 92' lang='lat' dir='ltr'><strong>cum</strong></span> <span class='ocrx_word' id='word_1_711' title='bbox 2828 4733 3085 4791; x_wconf 88' lang='lat' dir='ltr'><strong>Bobemis</strong></span> <span class='ocrx_word' id='word_1_712' title='bbox 3118 4732 3429 4800; x_wconf 75' lang='lat' dir='ltr'><strong>itederavit,</strong></span> 
     </span>
    </p>
   </div>
   <div class='ocr_carea' id='block_1_95' title="bbox 1463 4879 2147 4947">
    <p class='ocr_par' dir='ltr' id='par_1_95' title="bbox 1463 4879 2147 4947">
     <span class='ocr_line' id='line_1_95' title="bbox 1463 4879 2147 4947; baseline -0.004 -2"><span class='ocrx_word' id='word_1_713' title='bbox 1463 4891 1554 4946; x_wconf 81' lang='lat' dir='ltr'><strong>VA</strong></span> <span class='ocrx_word' id='word_1_714' title='bbox 1563 4886 1701 4947; x_wconf 72' lang='grc' dir='ltr'><strong>[ὶΙᾹΞ</strong></span> <span class='ocrx_word' id='word_1_715' title='bbox 1742 4879 2147 4947; x_wconf 71' lang='lat' dir='ltr'><strong>LECTIONES.</strong></span> 
     </span>
    </p>
   </div>
   <div class='ocr_carea' id='block_1_96' title="bbox 232 5009 1231 5068">
    <p class='ocr_par' dir='ltr' id='par_1_96' title="bbox 232 5009 1231 5068">
     <span class='ocr_line' id='line_1_96' title="bbox 232 5009 1231 5068; baseline -0.001 -3"><span class='ocrx_word' id='word_1_716' title='bbox 232 5009 317 5043; x_wconf 83' lang='grc'><strong>¹¹²⁰</strong></span> <span class='ocrx_word' id='word_1_717' title='bbox 356 5011 439 5066; x_wconf 89' lang='lat' dir='ltr'><strong>vel</strong></span> <span class='ocrx_word' id='word_1_718' title='bbox 475 5011 529 5065; x_wconf 84' lang='lat'><strong>5.</strong></span> <span class='ocrx_word' id='word_1_719' title='bbox 608 5011 698 5042; x_wconf 80' lang='grc'>¹¹²¹</span> <span class='ocrx_word' id='word_1_720' title='bbox 728 5020 781 5065; x_wconf 89' lang='lat' dir='ltr'><strong>et</strong></span> <span class='ocrx_word' id='word_1_721' title='bbox 807 5012 861 5066; x_wconf 93' lang='lat'><strong>5.</strong></span> <span class='ocrx_word' id='word_1_722' title='bbox 940 5011 1033 5044; x_wconf 79' lang='grc'>¹¹¹²</span> <span class='ocrx_word' id='word_1_723' title='bbox 1070 5011 1152 5068; x_wconf 87' lang='lat' dir='ltr'><strong>sic</strong></span> <span class='ocrx_word' id='word_1_724' title='bbox 1179 5012 1231 5065; x_wconf 93' lang='lat'><strong>5.</strong></span> 
     </span>
    </p>
   </div>
   <div class='ocr_carea' id='block_1_97' title="bbox 165 5079 1467 5138">
    <p class='ocr_par' dir='ltr' id='par_1_97' title="bbox 165 5079 1467 5138">
     <span class='ocr_line' id='line_1_97' title="bbox 165 5079 1467 5138; baseline 0.002 -5"><span class='ocrx_word' id='word_1_725' title='bbox 165 5079 270 5135; x_wconf 85' lang='lat' dir='ltr'><strong>cias</strong></span> <span class='ocrx_word' id='word_1_726' title='bbox 292 5081 347 5135; x_wconf 89' lang='lat'><strong>5.</strong></span> <span class='ocrx_word' id='word_1_727' title='bbox 430 5082 522 5114; x_wconf 77' lang='grc'><strong>¹¹²⁸</strong></span> <span class='ocrx_word' id='word_1_728' title='bbox 571 5091 626 5137; x_wconf 87' lang='lat' dir='ltr'><strong>et</strong></span> <span class='ocrx_word' id='word_1_729' title='bbox 652 5082 703 5136; x_wconf 95' lang='grc'><strong>1.</strong></span> <span class='ocrx_word' id='word_1_730' title='bbox 733 5082 787 5136; x_wconf 94' lang='lat'><strong>2.</strong></span> <span class='ocrx_word' id='word_1_731' title='bbox 834 5082 956 5137; x_wconf 93' lang='lat' dir='ltr'><strong>ideo</strong></span> <span class='ocrx_word' id='word_1_732' title='bbox 991 5082 1043 5138; x_wconf 88' lang='lat'><strong>5.</strong></span> <span class='ocrx_word' id='word_1_733' title='bbox 1124 5081 1215 5114; x_wconf 81' lang='lat'><strong>“”</strong></span> <span class='ocrx_word' id='word_1_734' title='bbox 1243 5082 1389 5136; x_wconf 88' lang='lat' dir='ltr'><strong>deest</strong></span> <span class='ocrx_word' id='word_1_735' title='bbox 1414 5080 1467 5135; x_wconf 92' lang='lat'><strong>5.</strong></span> 
     </span>
    </p>
   </div>
   <div class='ocr_carea' id='block_1_98' title="bbox 163 5148 1605 5208">
    <p class='ocr_par' dir='ltr' id='par_1_98' title="bbox 163 5148 1605 5208">
     <span class='ocr_line' id='line_1_98' title="bbox 163 5148 1605 5208; baseline 0.001 -6"><span class='ocrx_word' id='word_1_736' title='bbox 163 5148 213 5202; x_wconf 87' lang='lat'><strong>2.</strong></span> <span class='ocrx_word' id='word_1_737' title='bbox 288 5151 380 5184; x_wconf 73' lang='grc'>⁸⁸³⁸</span> <span class='ocrx_word' id='word_1_738' title='bbox 407 5167 511 5207; x_wconf 89' lang='lat' dir='ltr'><strong>nec</strong></span> <span class='ocrx_word' id='word_1_739' title='bbox 529 5152 585 5207; x_wconf 86' lang='lat'><strong>2.</strong></span> <span class='ocrx_word' id='word_1_740' title='bbox 664 5152 755 5184; x_wconf 81' lang='grc'>¹¹⁸⁸</span> <span class='ocrx_word' id='word_1_741' title='bbox 781 5152 957 5208; x_wconf 89' lang='lat' dir='ltr'><strong>noluit</strong></span> <span class='ocrx_word' id='word_1_742' title='bbox 977 5154 1131 5208; x_wconf 88' lang='lat' dir='ltr'><strong>codd.</strong></span> <span class='ocrx_word' id='word_1_743' title='bbox 1211 5153 1303 5185; x_wconf 73' lang='grc'><strong>⁸⁸³⁸</strong></span> <span class='ocrx_word' id='word_1_744' title='bbox 1333 5166 1524 5207; x_wconf 82' lang='lat' dir='ltr'><strong>verum</strong></span> <span class='ocrx_word' id='word_1_745' title='bbox 1551 5150 1605 5204; x_wconf 88' lang='lat'><strong>2.</strong></span> 
     </span>
    </p>
   </div>
   <div class='ocr_carea' id='block_1_99' title="bbox 174 5217 1535 5294">
    <p class='ocr_par' dir='ltr' id='par_1_99' title="bbox 174 5217 1535 5294">
     <span class='ocr_line' id='line_1_99' title="bbox 174 5217 1535 5294; baseline 0.007 -22"><span class='ocrx_word' id='word_1_746' title='bbox 174 5217 320 5294; x_wconf 78' lang='lat' dir='ltr'><strong>Vars.</strong></span> <span class='ocrx_word' id='word_1_747' title='bbox 358 5240 412 5294; x_wconf 80' lang='grc' dir='ltr'><strong>ρ.</strong></span> <span class='ocrx_word' id='word_1_748' title='bbox 461 5223 585 5277; x_wconf 87' lang='lat'><strong>206.</strong></span> <span class='ocrx_word' id='word_1_749' title='bbox 616 5223 761 5277; x_wconf 89' lang='lat' dir='ltr'><strong>deest</strong></span> <span class='ocrx_word' id='word_1_750' title='bbox 801 5224 851 5278; x_wconf 85' lang='grc'><strong>1.</strong></span> <span class='ocrx_word' id='word_1_751' title='bbox 883 5224 1033 5287; x_wconf 60' lang='lat'><strong>2.35.</strong></span> <span class='ocrx_word' id='word_1_752' title='bbox 1114 5225 1204 5257; x_wconf 70' lang='grc'>¹¹⁸⁰</span> <span class='ocrx_word' id='word_1_753' title='bbox 1229 5224 1297 5279; x_wconf 89' lang='lat' dir='ltr'><strong>ad</strong></span> <span class='ocrx_word' id='word_1_754' title='bbox 1329 5223 1535 5294; x_wconf 14' lang='lat'><strong>1100475.</strong></span> 
     </span>
    </p>
   </div>
   <div class='ocr_carea' id='block_1_100' title="bbox 165 5293 1342 5359">
    <p class='ocr_par' dir='ltr' id='par_1_100' title="bbox 165 5293 1342 5359">
     <span class='ocr_line' id='line_1_100' title="bbox 165 5293 1342 5359; baseline 0.004 -16"><span class='ocrx_word' id='word_1_755' title='bbox 165 5293 308 5359; x_wconf 76' lang='lat' dir='ltr'><strong>regni</strong></span> <span class='ocrx_word' id='word_1_756' title='bbox 343 5293 397 5348; x_wconf 90' lang='lat'><strong>5.</strong></span> <span class='ocrx_word' id='word_1_757' title='bbox 496 5294 584 5328; x_wconf 64' lang='grc' dir='ltr'><strong>ωδ</strong></span> <span class='ocrx_word' id='word_1_758' title='bbox 629 5302 723 5348; x_wconf 89' lang='lat' dir='ltr'><strong>aut</strong></span> <span class='ocrx_word' id='word_1_759' title='bbox 775 5295 829 5349; x_wconf 90' lang='lat'><strong>2.</strong></span> <span class='ocrx_word' id='word_1_760' title='bbox 883 5297 936 5351; x_wconf 88' lang='lat'><strong>5.</strong></span> <span class='ocrx_word' id='word_1_761' title='bbox 1035 5295 1127 5329; x_wconf 69' lang='grc'><strong>³⁸⁸³</strong></span> <span class='ocrx_word' id='word_1_762' title='bbox 1174 5297 1252 5351; x_wconf 91' lang='lat' dir='ltr'><strong>sic</strong></span> <span class='ocrx_word' id='word_1_763' title='bbox 1288 5295 1342 5348; x_wconf 90' lang='lat'><strong>5.</strong></span> 
     </span>
    </p>
   </div>
   <div class='ocr_carea' id='block_1_101' title="bbox 170 5360 1201 5437">
    <p class='ocr_par' dir='ltr' id='par_1_101' title="bbox 170 5360 1201 5437">
     <span class='ocr_line' id='line_1_101' title="bbox 170 5360 1201 5437; baseline 0.003 -19"><span class='ocrx_word' id='word_1_764' title='bbox 170 5360 255 5437; x_wconf 64' lang='grc' dir='ltr'><strong>ξξξξ</strong></span> <span class='ocrx_word' id='word_1_765' title='bbox 284 5364 553 5437; x_wconf 82' lang='lat' dir='ltr'><strong>obtinebis</strong></span> <span class='ocrx_word' id='word_1_766' title='bbox 576 5365 804 5437; x_wconf 10' lang='lat'><strong>5.77,)?“</strong></span> <span class='ocrx_word' id='word_1_767' title='bbox 839 5368 1119 5437; x_wconf 90' lang='lat' dir='ltr'><strong>suscipere</strong></span> <span class='ocrx_word' id='word_1_768' title='bbox 1148 5367 1201 5422; x_wconf 92' lang='lat'><strong>5.</strong></span> 
     </span>
    </p>
   </div>
   <div class='ocr_carea' id='block_1_102' title="bbox 150 5430 1536 5504">
    <p class='ocr_par' dir='ltr' id='par_1_102' title="bbox 150 5430 1536 5504">
     <span class='ocr_line' id='line_1_102' title="bbox 150 5430 1536 5504; baseline -0.001 -15"><span class='ocrx_word' id='word_1_769' title='bbox 150 5430 255 5504; x_wconf 46' lang='grc' dir='ltr'><strong>,ξξξῗ</strong></span> <span class='ocrx_word' id='word_1_770' title='bbox 295 5434 436 5504; x_wconf 87' lang='lat' dir='ltr'><strong>lapis</strong></span> <span class='ocrx_word' id='word_1_771' title='bbox 490 5436 542 5490; x_wconf 90' lang='lat'><strong>5.</strong></span> <span class='ocrx_word' id='word_1_772' title='bbox 621 5435 714 5466; x_wconf 83' lang='grc'>¹¹⁸⁸</span> <span class='ocrx_word' id='word_1_773' title='bbox 739 5430 799 5492; x_wconf 84' lang='lat' dir='ltr'><strong>et</strong></span> <span class='ocrx_word' id='word_1_774' title='bbox 834 5440 887 5493; x_wconf 92' lang='lat'><strong>5.</strong></span> <span class='ocrx_word' id='word_1_775' title='bbox 966 5430 1058 5471; x_wconf 79' lang='grc' dir='ltr'><strong>¹ί⁵⁹</strong></span> <span class='ocrx_word' id='word_1_776' title='bbox 1107 5435 1454 5504; x_wconf 78' lang='lat' dir='ltr'><strong>dubiceionis</strong></span> <span class='ocrx_word' id='word_1_777' title='bbox 1483 5434 1536 5489; x_wconf 87' lang='lat'><strong>5.</strong></span> 
     </span>
    </p>
   </div>
   <div class='ocr_carea' id='block_1_103' title="bbox 1547 5076 1642 5110">
    <p class='ocr_par' dir='ltr' id='par_1_103' title="bbox 1547 5076 1642 5110">
     <span class='ocr_line' id='line_1_103' title="bbox 1547 5076 1642 5110; baseline -0.032 0"><span class='ocrx_word' id='word_1_778' title='bbox 1547 5076 1642 5110; x_wconf 72' lang='grc'><strong>1130</strong></span> 
     </span>
    </p>
   </div>
   <div class='ocr_carea' id='block_1_104' title="bbox 1616 5434 1709 5466">
    <p class='ocr_par' dir='ltr' id='par_1_104' title="bbox 1616 5434 1709 5466">
     <span class='ocr_line' id='line_1_104' title="bbox 1616 5434 1709 5466; baseline 0.011 -1"><span class='ocrx_word' id='word_1_779' title='bbox 1616 5434 1709 5466; x_wconf 74' lang='grc' dir='ltr'><strong>ιιεο</strong></span> 
     </span>
    </p>
   </div>
   <div class='ocr_carea' id='block_1_105' title="bbox 1314 5003 2110 5062">
    <p class='ocr_par' dir='ltr' id='par_1_105' title="bbox 1314 5003 2110 5062">
     <span class='ocr_line' id='line_1_105' title="bbox 1314 5003 2110 5062; baseline -0.008 0"><span class='ocrx_word' id='word_1_780' title='bbox 1314 5008 1537 5062; x_wconf 78' lang='lat' dir='ltr'><strong>“&quot;ltac</strong></span> <span class='ocrx_word' id='word_1_781' title='bbox 1570 5007 1622 5062; x_wconf 90' lang='lat'><strong>5.</strong></span> <span class='ocrx_word' id='word_1_782' title='bbox 1701 5006 2002 5059; x_wconf 71' lang='lat' dir='ltr'><strong>“&quot;verum</strong></span> <span class='ocrx_word' id='word_1_783' title='bbox 2055 5003 2110 5057; x_wconf 87' lang='lat'><strong>2.</strong></span> 
     </span>
    </p>
   </div>
   <div class='ocr_carea' id='block_1_106' title="bbox 1672 5065 2649 5147">
    <p class='ocr_par' dir='ltr' id='par_1_106' title="bbox 1672 5065 2649 5147">
     <span class='ocr_line' id='line_1_106' title="bbox 1672 5065 2649 5147; baseline -0.01 -16"><span class='ocrx_word' id='word_1_784' title='bbox 1672 5092 1767 5147; x_wconf 82' lang='lat' dir='ltr'><strong>per</strong></span> <span class='ocrx_word' id='word_1_785' title='bbox 1794 5076 1848 5131; x_wconf 91' lang='lat'><strong>5.</strong></span> <span class='ocrx_word' id='word_1_786' title='bbox 1927 5074 2017 5106; x_wconf 78' lang='grc'>¹¹⁸¹</span> <span class='ocrx_word' id='word_1_787' title='bbox 2049 5073 2153 5147; x_wconf 68' lang='lat' dir='ltr'><strong>hac</strong></span> <span class='ocrx_word' id='word_1_788' title='bbox 2186 5074 2245 5147; x_wconf 58' lang='lat'><strong>1.</strong></span> <span class='ocrx_word' id='word_1_789' title='bbox 2259 5072 2432 5147; x_wconf 42' lang='lat' dir='ltr'><strong>bona</strong></span> <span class='ocrx_word' id='word_1_790' title='bbox 2425 5069 2477 5147; x_wconf 38' lang='lat'><strong>5..</strong></span> <span class='ocrx_word' id='word_1_791' title='bbox 2557 5065 2649 5098; x_wconf 78' lang='grc'>¹¹³¹</span> 
     </span>
    </p>
   </div>
   <div class='ocr_carea' id='block_1_107' title="bbox 1687 5139 2712 5203">
    <p class='ocr_par' dir='ltr' id='par_1_107' title="bbox 1687 5139 2712 5203">
     <span class='ocr_line' id='line_1_107' title="bbox 1687 5139 2712 5203; baseline -0.009 -3"><span class='ocrx_word' id='word_1_792' title='bbox 1687 5148 1777 5181; x_wconf 79' lang='grc'><strong>¹¹³⁷</strong></span> <span class='ocrx_word' id='word_1_793' title='bbox 1802 5146 2053 5203; x_wconf 87' lang='lat' dir='ltr'><strong>uloribus</strong></span> <span class='ocrx_word' id='word_1_794' title='bbox 2074 5146 2129 5200; x_wconf 84' lang='lat'><strong>5.</strong></span> <span class='ocrx_word' id='word_1_795' title='bbox 2176 5166 2181 5169; x_wconf 57' lang='grc' dir='ltr'><em>ι</em></span> <span class='ocrx_word' id='word_1_796' title='bbox 2211 5143 2301 5175; x_wconf 76' lang='grc'><strong><em>³³³⁸</em></strong></span> <span class='ocrx_word' id='word_1_797' title='bbox 2324 5139 2632 5197; x_wconf 77' lang='lat' dir='ltr'><strong>difﬁdentes</strong></span> <span class='ocrx_word' id='word_1_798' title='bbox 2658 5139 2712 5192; x_wconf 88' lang='lat'><strong>5.</strong></span> 
     </span>
    </p>
   </div>
   <div class='ocr_carea' id='block_1_108' title="bbox 1617 5199 3255 5276">
    <p class='ocr_par' dir='ltr' id='par_1_108' title="bbox 1617 5199 3255 5276">
     <span class='ocr_line' id='line_1_108' title="bbox 1617 5199 3255 5276; baseline -0.014 1"><span class='ocrx_word' id='word_1_799' title='bbox 1617 5220 1705 5252; x_wconf 69' lang='grc' dir='ltr'><strong>λιιι</strong></span> <span class='ocrx_word' id='word_1_800' title='bbox 1731 5199 2002 5276; x_wconf 71' lang='lat' dir='ltr'><strong>circuibat</strong></span> <span class='ocrx_word' id='word_1_801' title='bbox 2021 5199 2078 5272; x_wconf 55' lang='grc' dir='ltr'><strong>ἑ.</strong></span> <span class='ocrx_word' id='word_1_802' title='bbox 2103 5199 2157 5271; x_wconf 74' lang='lat'><strong>3.</strong></span> <span class='ocrx_word' id='word_1_803' title='bbox 2235 5213 2325 5246; x_wconf 72' lang='grc' dir='ltr'><strong>ω’</strong></span> <span class='ocrx_word' id='word_1_804' title='bbox 2371 5211 2592 5267; x_wconf 83' lang='lat' dir='ltr'><strong>tandem</strong></span> <span class='ocrx_word' id='word_1_805' title='bbox 2620 5209 2673 5263; x_wconf 66' lang='grc' dir='ltr'><strong>δ’.</strong></span> <span class='ocrx_word' id='word_1_806' title='bbox 2751 5206 2844 5241; x_wconf 64' lang='lat' dir='ltr'><strong>ma</strong></span> <span class='ocrx_word' id='word_1_807' title='bbox 2874 5199 3152 5276; x_wconf 70' lang='lat' dir='ltr'><strong>cursitans</strong></span> <span class='ocrx_word' id='word_1_808' title='bbox 3190 5199 3255 5276; x_wconf 63' lang='grc' dir='ltr'><strong>β.</strong></span> 
     </span>
    </p>
   </div>
   <div class='ocr_carea' id='block_1_109' title="bbox 1450 5292 1814 5346">
    <p class='ocr_par' dir='ltr' id='par_1_109' title="bbox 1450 5292 1814 5346">
     <span class='ocr_line' id='line_1_109' title="bbox 1450 5292 1814 5346; baseline 0 0"><span class='ocrx_word' id='word_1_809' title='bbox 1450 5292 1538 5325; x_wconf 64' lang='grc'>²¹³⁷</span> <span class='ocrx_word' id='word_1_810' title='bbox 1570 5293 1712 5346; x_wconf 87' lang='lat' dir='ltr'><strong>deest</strong></span> <span class='ocrx_word' id='word_1_811' title='bbox 1760 5292 1814 5346; x_wconf 86' lang='lat'><strong>5.</strong></span> 
     </span>
    </p>
   </div>
   <div class='ocr_carea' id='block_1_110' title="bbox 1281 5360 2142 5419">
    <p class='ocr_par' dir='ltr' id='par_1_110' title="bbox 1281 5360 2142 5419">
     <span class='ocr_line' id='line_1_110' title="bbox 1281 5360 2142 5419; baseline -0.007 0"><span class='ocrx_word' id='word_1_812' title='bbox 1281 5364 1372 5396; x_wconf 84' lang='grc'>¹¹⁸³</span> <span class='ocrx_word' id='word_1_813' title='bbox 1426 5365 1568 5419; x_wconf 85' lang='lat' dir='ltr'><strong>deest</strong></span> <span class='ocrx_word' id='word_1_814' title='bbox 1598 5363 1654 5418; x_wconf 94' lang='lat'><strong>2.</strong></span> <span class='ocrx_word' id='word_1_815' title='bbox 1723 5362 1815 5395; x_wconf 76' lang='lat'><strong>““</strong></span> <span class='ocrx_word' id='word_1_816' title='bbox 1838 5376 2060 5417; x_wconf 87' lang='lat' dir='ltr'><strong>carcere</strong></span> <span class='ocrx_word' id='word_1_817' title='bbox 2087 5360 2142 5414; x_wconf 88' lang='lat'><strong>2.</strong></span> 
     </span>
    </p>
   </div>
   <div class='ocr_carea' id='block_1_111' title="bbox 1756 5426 2451 5505">
    <p class='ocr_par' dir='ltr' id='par_1_111' title="bbox 1756 5426 2451 5505">
     <span class='ocr_line' id='line_1_111' title="bbox 1756 5426 2451 5505; baseline -0.016 -16"><span class='ocrx_word' id='word_1_818' title='bbox 1756 5432 2088 5505; x_wconf 79' lang='lat' dir='ltr'><strong>quantocius</strong></span> <span class='ocrx_word' id='word_1_819' title='bbox 2114 5445 2210 5505; x_wconf 89' lang='lat' dir='ltr'><strong>p_ro</strong></span> <span class='ocrx_word' id='word_1_820' title='bbox 2241 5441 2370 5505; x_wconf 83' lang='lat' dir='ltr'><strong>q._</strong></span> <span class='ocrx_word' id='word_1_821' title='bbox 2398 5426 2451 5505; x_wconf 86' lang='grc'><strong>5.</strong></span> 
     </span>
    </p>
   </div>
   <div class='ocr_carea' id='block_1_112' title="bbox 2596 4974 3429 5049">
    <p class='ocr_par' dir='ltr' id='par_1_112' title="bbox 2596 4974 3429 5049">
     <span class='ocr_line' id='line_1_112' title="bbox 2596 4974 3429 5049; baseline -0.008 -1"><span class='ocrx_word' id='word_1_822' title='bbox 2596 4994 2688 5026; x_wconf 78' lang='grc'>¹¹²⁶</span> <span class='ocrx_word' id='word_1_823' title='bbox 2711 5001 2766 5048; x_wconf 89' lang='lat' dir='ltr'><strong>et</strong></span> <span class='ocrx_word' id='word_1_824' title='bbox 2803 4976 2884 5049; x_wconf 64' lang='grc' dir='ltr'>διὸ</span> <span class='ocrx_word' id='word_1_825' title='bbox 2911 4990 2971 5047; x_wconf 83' lang='lat'><strong>5.</strong></span> <span class='ocrx_word' id='word_1_826' title='bbox 3049 4992 3140 5023; x_wconf 82' lang='lat'><strong>“&quot;’</strong></span> <span class='ocrx_word' id='word_1_827' title='bbox 3189 4974 3429 5043; x_wconf 77' lang='lat' dir='ltr'><strong>inimici-</strong></span> 
     </span>
    </p>
   </div>
   <div class='ocr_carea' id='block_1_113' title="bbox 2672 5059 3429 5136">
    <p class='ocr_par' dir='ltr' id='par_1_113' title="bbox 2672 5059 3429 5136">
     <span class='ocr_line' id='line_1_113' title="bbox 2672 5059 3429 5136; baseline -0.013 -16"><span class='ocrx_word' id='word_1_828' title='bbox 2672 5072 2925 5136; x_wconf 85' lang='lat' dir='ltr'><strong>parterna</strong></span> <span class='ocrx_word' id='word_1_829' title='bbox 2948 5062 3000 5117; x_wconf 91' lang='grc'><strong>1.</strong></span> <span class='ocrx_word' id='word_1_830' title='bbox 3080 5061 3170 5120; x_wconf 52' lang='grc'><strong>³³³³</strong></span> <span class='ocrx_word' id='word_1_831' title='bbox 3190 5059 3429 5136; x_wconf 70' lang='lat' dir='ltr'><strong>hostium</strong></span> 
     </span>
    </p>
   </div>
   <div class='ocr_carea' id='block_1_114' title="bbox 2792 5131 3432 5232">
    <p class='ocr_par' dir='ltr' id='par_1_114' title="bbox 2792 5131 3432 5232">
     <span class='ocr_line' id='line_1_114' title="bbox 2792 5131 3427 5204; baseline -0.008 -17"><span class='ocrx_word' id='word_1_832' title='bbox 2792 5136 2882 5168; x_wconf 80' lang='grc'><strong>¹¹³⁹</strong></span> <span class='ocrx_word' id='word_1_833' title='bbox 2903 5139 3270 5204; x_wconf 83' lang='lat' dir='ltr'><strong>argumentum</strong></span> <span class='ocrx_word' id='word_1_834' title='bbox 3294 5131 3427 5183; x_wconf 85' lang='lat' dir='ltr'><strong>edit.</strong></span> 
     </span>
     <span class='ocr_line' id='line_1_115' title="bbox 2799 5199 3432 5232; baseline 0 0"><span class='ocrx_word' id='word_1_835' title='bbox 2799 5206 2844 5232; x_wconf 61' lang='lat' dir='ltr'><strong>tta</strong></span> <span class='ocrx_word' id='word_1_836' title='bbox 2877 5205 3150 5232; x_wconf 61' lang='grc' dir='ltr'><strong>...ηηηςιιηηη</strong></span> <span class='ocrx_word' id='word_1_837' title='bbox 3202 5199 3234 5232; x_wconf 71' lang='grc' dir='ltr'><strong>ιι</strong></span> <span class='ocrx_word' id='word_1_838' title='bbox 3337 5199 3432 5232; x_wconf 55' lang='lat' dir='ltr'><strong>tt“</strong></span> 
     </span>
    </p>
   </div>
   <div class='ocr_carea' id='block_1_115' title="bbox 2193 4997 2515 5053">
    <p class='ocr_par' dir='ltr' id='par_1_115' title="bbox 2193 4997 2515 5053">
     <span class='ocr_line' id='line_1_116' title="bbox 2193 4997 2515 5053; baseline -0.016 0"><span class='ocrx_word' id='word_1_839' title='bbox 2193 5000 2284 5033; x_wconf 77' lang='grc'>¹¹¹⁸</span> <span class='ocrx_word' id='word_1_840' title='bbox 2334 4998 2417 5053; x_wconf 90' lang='lat' dir='ltr'><strong>vel</strong></span> <span class='ocrx_word' id='word_1_841' title='bbox 2462 4997 2515 5049; x_wconf 78' lang='lat'><strong>5.</strong></span> 
     </span>
    </p>
   </div>
   <div class='ocr_carea' id='block_1_116' title="bbox 2967 5272 3427 5328">
    <p class='ocr_par' dir='ltr' id='par_1_116' title="bbox 2967 5272 3427 5328">
     <span class='ocr_line' id='line_1_117' title="bbox 2967 5272 3427 5328; baseline -0.004 0"><span class='ocrx_word' id='word_1_842' title='bbox 2967 5274 3056 5306; x_wconf 83' lang='grc'><strong>¹¹⁵⁰</strong></span> <span class='ocrx_word' id='word_1_843' title='bbox 3099 5272 3324 5328; x_wconf 87' lang='lat' dir='ltr'><strong>caritate</strong></span> <span class='ocrx_word' id='word_1_844' title='bbox 3372 5272 3427 5326; x_wconf 80' lang='lat'><strong>5.</strong></span> 
     </span>
    </p>
   </div>
   <div class='ocr_carea' id='block_1_117' title="bbox 2940 5342 3429 5465">
    <p class='ocr_par' dir='ltr' id='par_1_117' title="bbox 2940 5342 3429 5465">
     <span class='ocr_line' id='line_1_118' title="bbox 2940 5342 3429 5398; baseline -0.006 0"><span class='ocrx_word' id='word_1_845' title='bbox 2940 5346 3033 5378; x_wconf 74' lang='grc'><strong>³³⁸⁸</strong></span> <span class='ocrx_word' id='word_1_846' title='bbox 3072 5344 3339 5398; x_wconf 83' lang='lat' dir='ltr'><strong>acciverat</strong></span> <span class='ocrx_word' id='word_1_847' title='bbox 3372 5342 3429 5396; x_wconf 83' lang='lat'><strong>5.</strong></span> 
     </span>
     <span class='ocr_line' id='line_1_119' title="bbox 2944 5413 3425 5465; baseline 0 0"><span class='ocrx_word' id='word_1_848' title='bbox 2944 5431 2995 5465; x_wconf 96' lang='lat' dir='ltr'><strong>m</strong></span> <span class='ocrx_word' id='word_1_849' title='bbox 3028 5416 3080 5465; x_wconf 83' lang='lat'><strong>5.</strong></span> <span class='ocrx_word' id='word_1_850' title='bbox 3162 5413 3254 5444; x_wconf 82' lang='grc' dir='ltr'>¹¹ε²</span> <span class='ocrx_word' id='word_1_851' title='bbox 3285 5413 3336 5465; x_wconf 91' lang='lat' dir='ltr'><strong>vi</strong></span> <span class='ocrx_word' id='word_1_852' title='bbox 3368 5415 3425 5465; x_wconf 71' lang='lat' dir='ltr'><strong>.i.</strong></span> 
     </span>
    </p>
   </div>
   <div class='ocr_carea' id='block_1_118' title="bbox 1920 5278 2884 5343">
    <p class='ocr_par' dir='ltr' id='par_1_118' title="bbox 1920 5278 2884 5343">
     <span class='ocr_line' id='line_1_120' title="bbox 1920 5278 2884 5343; baseline -0.012 0"><span class='ocrx_word' id='word_1_853' title='bbox 1920 5290 2011 5322; x_wconf 72' lang='grc'>¹¹⁸⁸</span> <span class='ocrx_word' id='word_1_854' title='bbox 2065 5278 2240 5343; x_wconf 76' lang='lat' dir='ltr'><strong>totum</strong></span> <span class='ocrx_word' id='word_1_855' title='bbox 2284 5286 2337 5339; x_wconf 89' lang='grc'><strong>5.</strong></span> <span class='ocrx_word' id='word_1_856' title='bbox 2435 5281 2527 5314; x_wconf 68' lang='grc'>⁸⁸⁸⁸</span> <span class='ocrx_word' id='word_1_857' title='bbox 2558 5280 2805 5336; x_wconf 84' lang='lat' dir='ltr'><strong>obtinere</strong></span> <span class='ocrx_word' id='word_1_858' title='bbox 2832 5279 2884 5331; x_wconf 85' lang='lat'><strong>5.</strong></span> 
     </span>
    </p>
   </div>
   <div class='ocr_carea' id='block_1_119' title="bbox 2528 5348 2858 5407">
    <p class='ocr_par' dir='ltr' id='par_1_119' title="bbox 2528 5348 2858 5407">
     <span class='ocr_line' id='line_1_121' title="bbox 2528 5348 2858 5407; baseline -0.015 -1"><span class='ocrx_word' id='word_1_859' title='bbox 2528 5352 2772 5407; x_wconf 91' lang='lat' dir='ltr'><strong>llandum</strong></span> <span class='ocrx_word' id='word_1_860' title='bbox 2804 5348 2858 5402; x_wconf 88' lang='lat'><strong>2.</strong></span> 
     </span>
    </p>
   </div>
   <div class='ocr_carea' id='block_1_120' title="bbox 2222 5357 2527 5425">
    <p class='ocr_par' dir='ltr' id='par_1_120' title="bbox 2222 5357 2527 5425">
     <span class='ocr_line' id='line_1_122' title="bbox 2222 5357 2527 5425; baseline -0.003 -16"><span class='ocrx_word' id='word_1_861' title='bbox 2222 5357 2314 5389; x_wconf 79' lang='grc'>¹¹³⁸</span> <span class='ocrx_word' id='word_1_862' title='bbox 2357 5368 2527 5425; x_wconf 89' lang='lat' dir='ltr'><strong>prope</strong></span> 
     </span>
    </p>
   </div>
   <div class='ocr_carea' id='block_1_121' title="bbox 2532 5416 3080 5488">
    <p class='ocr_par' dir='ltr' id='par_1_121' title="bbox 2532 5416 3080 5488">
     <span class='ocr_line' id='line_1_123' title="bbox 2532 5416 3080 5488; baseline -0.011 -13"><span class='ocrx_word' id='word_1_863' title='bbox 2532 5422 2623 5456; x_wconf 80' lang='grc'>¹¹⁶¹</span> <span class='ocrx_word' id='word_1_864' title='bbox 2652 5420 2995 5488; x_wconf 68' lang='lat' dir='ltr'><strong>Ungarorum</strong></span> <span class='ocrx_word' id='word_1_865' title='bbox 3028 5416 3080 5469; x_wconf 81' lang='lat'><strong>5.</strong></span> 
     </span>
    </p>
   </div>
   <div class='ocr_carea' id='block_1_122' title="bbox 172 5482 3431 5582">
    <p class='ocr_par' dir='ltr' id='par_1_122' title="bbox 172 5482 3431 5582">
     <span class='ocr_line' id='line_1_124' title="bbox 172 5482 3431 5582; baseline -0.009 -17"><span class='ocrx_word' id='word_1_866' title='bbox 172 5499 256 5534; x_wconf 74' lang='grc'><strong>’⁸⁸³</strong></span> <span class='ocrx_word' id='word_1_867' title='bbox 567 5507 646 5582; x_wconf 47' lang='grc'><strong>5.-</strong></span> <span class='ocrx_word' id='word_1_868' title='bbox 698 5482 799 5541; x_wconf 58' lang='grc' dir='ltr'><strong>¹¹ῖῖ</strong></span> <span class='ocrx_word' id='word_1_869' title='bbox 818 5482 1535 5582; x_wconf 46' lang='grc' dir='ltr'><strong>ὦῖρωηεηιᾶἧιυέᾶἶξῖ-Ϋᾶνξ.</strong></span> <span class='ocrx_word' id='word_1_870' title='bbox 1567 5522 1620 5577; x_wconf 88' lang='lat' dir='ltr'><strong>p.</strong></span> <span class='ocrx_word' id='word_1_871' title='bbox 1648 5482 1957 5560; x_wconf 57' lang='lat'><strong>210271233?</strong></span> <span class='ocrx_word' id='word_1_872' title='bbox 1973 5482 2098 5558; x_wconf 53' lang='grc' dir='ltr'><strong>[ἶ.</strong></span> <span class='ocrx_word' id='word_1_873' title='bbox 2114 5482 2186 5556; x_wconf 78' lang='grc'><strong>’5.</strong></span> <span class='ocrx_word' id='word_1_874' title='bbox 2262 5482 2358 5530; x_wconf 45' lang='lat'><strong>5‘“</strong></span> <span class='ocrx_word' id='word_1_875' title='bbox 2387 5495 2549 5551; x_wconf 88' lang='lat' dir='ltr'><strong>micis</strong></span> <span class='ocrx_word' id='word_1_876' title='bbox 2583 5492 2638 5546; x_wconf 89' lang='lat'><strong>2.</strong></span> <span class='ocrx_word' id='word_1_877' title='bbox 2718 5482 2807 5521; x_wconf 62' lang='grc' dir='ltr'>²ῖ⁶⁶</span> <span class='ocrx_word' id='word_1_878' title='bbox 2830 5488 3059 5559; x_wconf 87' lang='lat' dir='ltr'><strong>quilibet</strong></span> <span class='ocrx_word' id='word_1_879' title='bbox 3080 5482 3174 5556; x_wconf 89' lang='lat' dir='ltr'><strong>qui</strong></span> <span class='ocrx_word' id='word_1_880' title='bbox 3199 5483 3252 5537; x_wconf 83' lang='lat'><strong>2.</strong></span> <span class='ocrx_word' id='word_1_881' title='bbox 3277 5483 3431 5553; x_wconf 83' lang='lat' dir='ltr'><strong>quis-</strong></span> 
     </span>
    </p>
   </div>
   <div class='ocr_carea' id='block_1_123' title="bbox 1692 5635 1925 5692">
    <p class='ocr_par' dir='ltr' id='par_1_123' title="bbox 1692 5635 1925 5692">
     <span class='ocr_line' id='line_1_125' title="bbox 1692 5635 1925 5692; baseline 0.004 -2"><span class='ocrx_word' id='word_1_882' title='bbox 1692 5635 1925 5692; x_wconf 68' lang='lat' dir='ltr'><strong>NOTAE.</strong></span> 
     </span>
    </p>
   </div>
   <div class='ocr_carea' id='block_1_124' title="bbox 171 5573 668 5643">
    <p class='ocr_par' dir='ltr' id='par_1_124' title="bbox 171 5573 668 5643">
     <span class='ocr_line' id='line_1_126' title="bbox 171 5573 668 5643; baseline 0.01 -16"><span class='ocrx_word' id='word_1_883' title='bbox 171 5586 271 5643; x_wconf 90' lang='lat' dir='ltr'><strong>que</strong></span> <span class='ocrx_word' id='word_1_884' title='bbox 294 5573 346 5629; x_wconf 87' lang='lat'><strong>5.</strong></span> <span class='ocrx_word' id='word_1_885' title='bbox 425 5575 510 5607; x_wconf 82' lang='grc'><strong>¹¹⁶⁷</strong></span> <span class='ocrx_word' id='word_1_886' title='bbox 533 5586 586 5632; x_wconf 89' lang='lat' dir='ltr'><strong>et</strong></span> <span class='ocrx_word' id='word_1_887' title='bbox 616 5578 668 5631; x_wconf 85' lang='lat'><strong>5.</strong></span> 
     </span>
    </p>
   </div>
   <div class='ocr_carea' id='block_1_125' title="bbox 240 5705 1732 5781">
    <p class='ocr_par' dir='ltr' id='par_1_125' title="bbox 240 5705 1732 5781">
     <span class='ocr_line' id='line_1_127' title="bbox 240 5705 1732 5781; baseline 0.001 -19"><span class='ocrx_word' id='word_1_888' title='bbox 240 5709 384 5781; x_wconf 65' lang='grc'><strong>(159)</strong></span> <span class='ocrx_word' id='word_1_889' title='bbox 419 5709 587 5781; x_wconf 86' lang='lat' dir='ltr'><strong>Cosel,</strong></span> <span class='ocrx_word' id='word_1_890' title='bbox 622 5713 735 5769; x_wconf 85' lang='lat' dir='ltr'><strong>Koz</strong></span> <span class='ocrx_word' id='word_1_891' title='bbox 758 5713 837 5781; x_wconf 75' lang='lat' dir='ltr'><strong>ly,</strong></span> <span class='ocrx_word' id='word_1_892' title='bbox 866 5712 934 5768; x_wconf 88' lang='lat' dir='ltr'><strong>ad</strong></span> <span class='ocrx_word' id='word_1_893' title='bbox 958 5709 1242 5768; x_wconf 82' lang='lat' dir='ltr'><strong>Viadrum.</strong></span> <span class='ocrx_word' id='word_1_894' title='bbox 1266 5708 1352 5765; x_wconf 80' lang='lat' dir='ltr'><strong>Cf.</strong></span> <span class='ocrx_word' id='word_1_895' title='bbox 1382 5709 1600 5767; x_wconf 86' lang='lat' dir='ltr'><strong>Stcnzel</strong></span> <span class='ocrx_word' id='word_1_896' title='bbox 1630 5705 1732 5764; x_wconf 85' lang='lat' dir='ltr'><strong>SS.</strong></span> 
     </span>
    </p>
   </div>
   <div class='ocr_carea' id='block_1_126' title="bbox 174 5776 826 5854">
    <p class='ocr_par' dir='ltr' id='par_1_126' title="bbox 174 5776 826 5854">
     <span class='ocr_line' id='line_1_128' title="bbox 174 5776 826 5854; baseline 0.014 -22"><span class='ocrx_word' id='word_1_897' title='bbox 174 5790 276 5834; x_wconf 87' lang='lat' dir='ltr'><strong>rer.</strong></span> <span class='ocrx_word' id='word_1_898' title='bbox 316 5776 473 5838; x_wconf 83' lang='lat' dir='ltr'><strong>Siles.</strong></span> <span class='ocrx_word' id='word_1_899' title='bbox 504 5800 544 5853; x_wconf 79' lang='grc' dir='ltr'><strong>ι,</strong></span> <span class='ocrx_word' id='word_1_900' title='bbox 568 5776 655 5854; x_wconf 72' lang='grc'><strong>74,</strong></span> <span class='ocrx_word' id='word_1_901' title='bbox 684 5803 738 5841; x_wconf 91' lang='lat' dir='ltr'><strong>n.</strong></span> <span class='ocrx_word' id='word_1_902' title='bbox 773 5776 826 5840; x_wconf 67' lang='grc' dir='ltr'><strong>τι.</strong></span> 
     </span>
    </p>
   </div>
   <div class='ocr_carea' id='block_1_127' title="bbox 1920 5683 3406 5777">
    <p class='ocr_par' dir='ltr' id='par_1_127' title="bbox 1920 5683 3406 5777">
     <span class='ocr_line' id='line_1_129' title="bbox 1920 5683 3406 5777; baseline -0.012 -18"><span class='ocrx_word' id='word_1_903' title='bbox 1920 5683 2067 5777; x_wconf 66' lang='grc'><strong>(151)</strong></span> <span class='ocrx_word' id='word_1_904' title='bbox 2097 5700 2318 5777; x_wconf 65' lang='lat' dir='ltr'><strong>Kamin,</strong></span> <span class='ocrx_word' id='word_1_905' title='bbox 2343 5696 2629 5762; x_wconf 86' lang='lat' dir='ltr'><strong>Cammim,</strong></span> <span class='ocrx_word' id='word_1_906' title='bbox 2671 5693 2726 5767; x_wconf 83' lang='lat' dir='ltr'><strong>in</strong></span> <span class='ocrx_word' id='word_1_907' title='bbox 2761 5691 2979 5747; x_wconf 77' lang='lat' dir='ltr'><strong>Prussia</strong></span> <span class='ocrx_word' id='word_1_908' title='bbox 3012 5686 3335 5745; x_wconf 81' lang='lat' dir='ltr'><strong>occidentali</strong></span> <span class='ocrx_word' id='word_1_909' title='bbox 3367 5683 3406 5742; x_wconf 87' lang='lat' dir='ltr'><strong>S</strong></span> 
     </span>
    </p>
   </div>
   <div class='ocr_carea' id='block_1_128' title="bbox 1847 5769 2379 5851">
    <p class='ocr_par' dir='ltr' id='par_1_128' title="bbox 1847 5769 2379 5851">
     <span class='ocr_line' id='line_1_130' title="bbox 1847 5769 2379 5851; baseline -0.017 -20"><span class='ocrx_word' id='word_1_910' title='bbox 1847 5769 2233 5831; x_wconf 53' lang='lat' dir='ltr'><strong>An&#39;Kat&#39;nenz?</strong></span> <span class='ocrx_word' id='word_1_911' title='bbox 2261 5769 2325 5823; x_wconf 83' lang='lat' dir='ltr'><strong>K.</strong></span> <span class='ocrx_word' id='word_1_912' title='bbox 2373 5842 2379 5851; x_wconf 27' lang='grc' dir='ltr'><strong>ν</strong></span> 
     </span>
    </p>
   </div>
  </div>
