3952 6324
199 316 292 380 905

1384 302 1389 311 “
1460 298 1678 357 LIBER
1715 290 2101 356 SECUNDUS.

3316 290 3427 347 mo
3494 246 3503 253 .

195 442 395 505 tumque
410 440 628 502 regnum
654 418 898 481 Poloniae
918 418 1022 479 sub
1041 415 1311 479 Bolezlavi
1333 414 1577 474 dominio
1598 430 1737 472 cou-
1768 420 1813 479 Α
1844 412 2291 505 temporali-jam
2317 406 2611 505 desperare
2635 404 3004 505 suntet-iacti,
3208 403 3425 505 consilii

194 531 363 586 citum.
430 523 494 579 Et
558 536 686 577 cum
730 520 837 576 ista
892 515 1128 573 brumali
1178 522 1421 583 tempore
1466 510 1743 581 peregisse

191 620 357 679 multis
382 614 645 674 sufficeret
670 612 738 668 ad
758 612 1025 675 laborem,
1051 607 1375 662 Bolezlavus
1397 613 1576 659 tamen
1604 600 1741 656 nihil

188 726 332 784 grave
360 715 590 779 reputat,
613 706 705 762 ubi
735 703 889 776 regni
910 701 1217 774 proﬁcuum
1252 694 1594 769 augmentari
1639 684 1741 786 ao.

186 804 308 862 verit
330 801 413 857 vel
437 800 719 855 honorem.

245 894 326 950 l2.
353 890 583 948 Saxones
616 887 824 958 navigio
858 891 1108 941 venerunt
1148 883 1204 936 in
1245 881 1527 936 Prussiam
1552 881 1666 936 "'°.
1714 904 1717 909 ν

245 983 401 1055 Igitur
428 983 485 1036 in
513 980 789 1045 Prusiam,
819 987 1019 1033 terram
1047 973 1182 1031 satis
1200 973 1512 1040 barbaram,
1539 982 1624 1029 est
1652 974 1739 1028 in-

184 1090 407 1150 gressus,
462 1072 608 1129 unde
647 1086 773 1129 cum
822 1069 1005 1141 praeda
1054 1066 1248 1132 multa,
1275 1064 1435 1121 factis
1471 1062 1738 1121 incendiis

182 1169 516 1241 pluribusque
542 1164 634 1197 ¹²³⁸
656 1162 908 1234 captivis,
936 1174 1187 1232 querens
1213 1157 1416 1213 bellum
1440 1171 1543 1213 nec
1583 1154 1739 1212 iuves

180 1263 321 1318 niens
347 1262 429 1316 est
457 1266 732 1314 retersus.
759 1250 869 1311 Sed
887 1268 1013 1311 cum
1037 1253 1128 1285 ω’
1155 1251 1295 1307 forte
1315 1249 1627 1323 contigerit.
1648 1264 1737 1305 re-

179 1355 374 1426 gionem
395 1351 553 1407 istam
584 1348 641 1404 in
672 1347 1007 1404 mentionem
1041 1345 1133 1379 ¹¹¹³
1170 1343 1451 1411 incidisse,
1498 1357 1608 1399 non
1655 1350 1741 1399 est

180 1440 545 1497 inconveniens
593 1438 801 1509 aliquid
837 1453 905 1493 ex
962 1436 1225 1493 relatione
1259 1432 1529 1505 majorum
1587 1433 1738 1490 addi-

177 1532 308 1587 disse
327 1532 437 1586 ¹¹²⁵.
474 1529 745 1602 Tempore
772 1545 1010 1601 namque
1062 1528 1250 1584 Karoli
1300 1527 1512 1601 Magni,
1564 1527 1737 1582 Fran-

177 1638 348 1680 corum
388 1622 553 1695 regis,
580 1627 737 1678 'eum
760 1621 996 1678 Saxonia
1049 1620 1152 1678 sibi
1192 1620 1413 1678 rebellis
1461 1621 1737 1687 existeret,

178 1731 266 1771 nec
284 1715 673 1771 dominationis
692 1715 887 1785 jugum
908 1724 1011 1769 nec
1044 1713 1168 1769 fidei
1198 1713 1518 1769 christianae
1560 1712 1739 1767 susei-

1843 511 2102 574 caperent
2130 500 2247 567 “",
2277 500 2363 555 vel
2392 496 2529 569 quid
2571 503 2797 567 agerent
2822 493 2935 561 ω’,
2961 495 3049 550 vel
3079 494 3172 529 ¹¹δ⁹
3201 510 3312 564 quo
3340 493 3431 549 fu-

1842 600 2030 666 gerent
2058 590 2173 645 ¹³⁵⁶.
2202 592 2370 645 Arma
2420 586 2589 653 nulla,
2630 585 2859 642 clientes
2903 584 3088 655 pauci,
3140 580 3327 641 hostes
3371 583 3431 643 in

1837 684 2046 755 januis,
2076 682 2307 753 etquod
2334 678 2697 752 periculosius
2742 677 3048 744 videbatur,
3088 677 3323 734 ecclesia
3362 676 3433 732 li.

1841 791 1977 849 gnea
2029 776 2098 832 ad
2148 772 2605 831 eomhurrendum
2656 786 2753 827 eos
2804 769 3049 841 paratior
3101 769 3426 826 habebatur.

1841 868 2083 924 Tandem
2112 868 2536 924 archidiaconus
2561 879 2659 935 per
2685 863 2929 919 hostium
2954 861 3164 929 exiens,
3212 878 3313 933 per
3333 878 3430 920 son»

1838 960 2037 1015 larium
2069 966 2384 1030 coopertum
2408 957 2487 1012 ‘ad
2530 970 2704 1026 equos
2732 953 2815 1009 ire
2839 953 3058 1009 volebat
3106 960 3163 1007 et
3190 952 3270 1009 sic
3303 967 3434 1008 eva-

1838 1054 1968 1110 dere
2003 1067 2063 1108 se
2089 1051 2333 1123 putabat.
2370 1048 2477 1105 Sed
2512 1048 2743 1104 salutem
2791 1047 3051 1102 deserens
3096 1054 3150 1102 et
3196 1045 3431 1102 salutem

1814 1158 2109 1216 .quterens,
2131 1158 2162 1198 a
2185 1144 2359 1199 salute
2385 1141 2646 1207 deviavit,
2671 1140 2802 1211 quia
2830 1138 2922 1173 ¹²⁵¹
2951 1137 3177 1194 Pomor:
3190 1138 3280 1193 nis
3303 1137 3434 1193 illuc

1838 1237 2175 1294 irruentibus
2221 1236 2481 1292 obviavit.
2523 1233 2648 1303 Quo
2702 1240 2882 1305 capto,
2929 1232 3127 1305 pagani
3174 1241 3435 1303 putantes

1838 1329 2313 1401 archiepiscopum
2368 1343 2521 1394 esse,
2587 1326 2760 1398 gavisi
2818 1332 2948 1380 sunt
3032 1325 3387 1381 vehementer
3414 1362 3433 1389 ,

1838 1436 2003 1493 quem
2036 1422 2277 1492 positum
2317 1421 2373 1475 in
2398 1419 2652 1477 vehiculo
2683 1433 2791 1474 non
2840 1417 3034 1489 ligant,
3084 1432 3198 1499 non
3231 1417 3434 1473 verbe-

1837 1524 1962 1570 rant
2002 1514 2115 1583 ¹²⁸³,
2158 1514 2255 1570 sed
2302 1514 2644 1579 custodiunt,
2689 1522 3022 1568 venerantur
3054 1512 3168 1566 ¹¹⁵³.
3206 1510 3432 1566 Interim

1838 1612 2023 1659 autem
2050 1604 2497 1674 archiepiscopus
2526 1601 2639 1658 Deo
2665 1616 2725 1659 se
2745 1602 2890 1657 votis
2917 1610 2973 1657 et
2994 1602 3251 1672 precibus
3278 1615 3438 1657 com-

1840 1697 2135 1764 meudavit,
2173 1711 2342 1767 seque
2370 1695 2551 1752 crucis
2600 1709 2761 1751 sacro
2806 1695 3089 1767 signaculo
3140 1693 3438 1765 consigna-

177 1816 327 1877 peret,
352 1807 586 1878 populus
621 1782 722 1862 iste
759 1782 885 1861 eum
931 1805 1160 1860 navibus
1199 1805 1267 1860 de
1292 1802 1530 1859 Saxonia
1554 1812 1727 1861 trans-

1844 1789 1918 1843 vit
1950 1788 2062 1856 ωδ,
2089 1804 2209 1856 nec,
2237 1788 2332 1842 ubi
2366 1788 2458 1820 "“
2500 1786 2718 1857 juvenis
2748 1786 3042 1853 dubitaret,
3094 1786 3225 1841 illuc
3270 1799 3438 1841 scan-

184 1899 384 1965 meavit,
422 1906 477 1953 et
530 1898 810 1969 regionem
845 1897 1005 1951 istam
1034 1905 1089 1951 et
1132 1896 1372 1969 regionis
1410 1896 1507 1930 ²¹²⁸
1537 1910 1737 1951 nomen

176 1992 460 2062 occupavit.
505 1990 705 2046 Adhuc
755 1990 830 2046 ita
880 1976 1000 2046 sine
1041 2005 1188 2062 rege,
1232 1991 1354 2045 sine
1402 1991 1523 2064 lege
1562 1991 1739 2063 persi-

174 2093 326 2150 stunt,
359 2100 457 2141 nec
479 2098 513 2138 a
543 2084 723 2155 prima
750 2083 975 2154 perfidia
1012 2084 1098 2139 vel
1130 2083 1221 2117 ¹¹³⁸
1273 2082 1554 2140 ferocitate
1594 2084 1738 2140 desi-

177 2183 331 2231 stunt.
365 2176 531 2232 Terra
590 2176 737 2231 enim
776 2175 867 2231 illa
910 2175 1140 2232 lacubus
1189 2176 1283 2209 ¹³¹⁷
1328 2184 1384 2232 et
1430 2176 1741 2247 palludibus

179 2277 253 2324 est
310 2268 443 2326 adeo
490 2271 837 2326 communita
864 2269 981 2339 "“,
1041 2270 1189 2342 quod
1263 2285 1375 2326 non
1449 2280 1596 2327 esset
1656 2268 1759 2326 vel

175 2360 392 2416 castellis
413 2361 497 2417 vel
522 2361 843 2419 civitatibus
869 2362 949 2419 sic
1004 2360 1100 2395 ¹²¹⁹
1147 2363 1380 2430 munita,
1432 2363 1579 2419 unde
1626 2377 1735 2418 non

173 2452 326 2523 potuit
344 2454 521 2511 adhuc
549 2455 650 2488 ¹¹³⁶
680 2456 751 2511 ab
780 2456 967 2527 aliquo
1012 2446 1316 2527 subjugari,
1377 2456 1507 2527 quia
1555 2456 1741 2512 nullus

176 2546 329 2600 valuit
358 2547 446 2579 ω’
470 2562 605 2603 eum
634 2548 876 2604 exercitu
907 2557 989 2605 tot
1038 2549 1268 2605 lacubus
1296 2549 1390 2581 m’
1412 2557 1467 2605 et
1509 2548 1743 2620 paludi-

174 2634 263 2693 bus
285 2639 665 2709 trausportari.
1676 2640 1691 2667 '-

416 2732 507 2788 45.
545 2730 873 2786 Μεταειιιωη
904 2732 968 2788 de
999 2732 1317 2788 Pomoram’s
1346 2733 1459 2790 ¹¹³⁸.
1698 2800 1701 2807 ,

232 2816 377 2879 Nune
403 2832 594 2881 autem
636 2818 845 2881 Pruzos
892 2824 986 2858 l'“
1037 2841 1163 2883 cum
1200 2826 1381 2883 brutis
1409 2809 1744 2883 animalibus

174 2911 545 2984 relinquamus,
578 2924 633 2971 et
662 2916 754 2950 ¹²³⁸
782 2918 1058 2988 quandam
1101 2919 1424 2975 relationem
1461 2919 1745 2975 relationis

174 3008 441 3077 capacibus
493 3008 613 3075 ⁸⁸³⁸,
669 3024 856 3081 ymmo
904 3009 999 3067 Dei
1044 3012 1372 3067 miraculum
1419 3010 1741 3067 referamus.

175 3096 390 3172 Contigit
420 3099 566 3158 forte
597 3101 686 3134 ⁸⁸³⁷
716 3101 1054 3160 Pomoranos
1087 3104 1153 3160 de
1192 3103 1517 3160 Pomorania
1564 3104 1742 3176 prosi—
1772 3128 1815 3188 ς

176 3187 306 3259 lisse,
341 3206 545 3265 eosque.
576 3207 729 3249 more
761 3193 854 3227 ’³³⁸
879 3192 1039 3250 solito
1073 3196 1311 3267 praedam
1358 3203 1617 3267 capturos
1650 3194 1742 3228 ¹¹³⁹

177 3299 260 3353 per
297 3285 582 3345 Poloniam
626 3288 976 3346 discurrisse.
1005 3287 1217 3356 Quibus
1251 3288 1515 3361 dispersis
1542 3295 1595 3343 et
1633 3286 1747 3343 dis~

176 3379 497 3437 canentibus
561 3395 660 3451 per
709 3382 945 3448 diversa,
975 3381 1296 3451 cunctisque
1325 3380 1469 3434 mala
1498 3374 1747 3435 facienti-

176 3462 266 3523 bus
289 3476 340 3524 et
368 3486 651 3540 perversa,
701 3470 923 3544 quidam
967 3472 1058 3504 ηδ’
1094 3479 1277 3527 tamen
1307 3486 1499 3527 eorum
1530 3470 1598 3526 ad
1631 3486 1747 3525 ma-

176 3549 277 3627 iora
299 3563 497 3619 scelera
521 3573 912 3636 proruperunt,
932 3565 1031 3636 qui
1058 3562 1537 3637 metropolitanum
1566 3563 1746 3637 ipsum

176 3659 481 3710 etsanctam
538 3655 825 3712 ecclesiam
872 3657 1211 3712 invaserunt.
1264 3655 1435 3728 Igitur
1479 3652 1748 3710 Martinus

177 3734 603 3818 archiepiscopus
660 3746 1023 3813 Gneznensis,
1079 3763 1245 3803 senex
1295 3744 1500 3814 ﬁdelis,
1567 3745 1747 3817 Spiei-

175 3832 267 3887 mir
284 3835 371 3870 ""
399 3836 454 3891 in
489 3836 724 3893 ecclesia
751 3840 851 3894 Sua
880 3837 1280 3894 confessionem
1307 3854 1431 3895 eum
1448 3838 1747 3895 "sacerdote

176 3925 374 3984 missam
417 3930 719 3989 auditurus
767 3929 1021 3999 faciebat,
1059 3947 1324 4002 suamque
1348 3932 1496 3988 viam
1529 3931 1750 3987 insella-

171 4018 233 4075 tis
277 4022 363 4054 ηδ’
404 4023 531 4094 jam
562 4024 734 4093 equis
781 4023 918 4080 alias
949 4023 1128 4079 iturus
1175 4023 1513 4094 disponebat.
1549 4021 1751 4093 Sicque

172 4112 342 4179 procul
366 4113 544 4169 dubio
578 4114 742 4170 simul
791 4113 983 4171 omnes
1020 4114 1219 4171 ibidem
1251 4123 1345 4170 aut
1393 4110 1485 4146 ¹²⁸³
1516 4112 1752 4170 fuissent

171 4197 402 4272 jugulati,
432 4212 538 4259 aut
585 4206 788 4275 pariter
820 4207 1079 4263 dominus
1123 4207 1268 4263 sicut
1298 4221 1493 4262 servus
1523 4206 1751 4277 captivi-

174 4293 288 4349 tatis
318 4295 407 4330 ι²⁸δ
439 4296 681 4354 vinculis
710 4301 1027 4371 mancipati,
1060 4300 1166 4357 nisi
1197 4298 1424 4371 quidam
1455 4300 1522 4355 de
1580 4298 1746 4355 mini-

174 4384 288 4438 stris
317 4387 448 4446 foris
501 4390 829 4459 astantibus,
878 4393 1049 4449 armis
1096 4410 1287 4449 eorum
1340 4392 1634 4464 recognitis
1681 4391 1749 4447 ad

1838 1880 1968 1937 dere
2001 1878 2169 1937 senex
2225 1879 2492 1934 tremulus
2534 1877 2807 1933 dubitavit
2836 1876 2948 1931 ¹²⁸⁶.
2980 1876 3228 1932 Mirabile
3260 1874 3434 1941 dictu,

1839 1973 2006 2040 vires,
2050 1987 2191 2043 quas
2231 1978 2367 2027 tetas
2413 1970 2607 2027 senilis
2659 1968 3089 2042 m"Idenegavit,
3123 1956 3435 2039 perieulum

1840 2062 2032 2118 mortis
2078 2062 2350 2132 timorque
2391 2061 2716 2117 subitaneus
2760 2060 3115 2116 ministravit.
3152 2058 3439 2116 Presblter

1840 2170 1969 2211 vero
1999 2155 2095 2189 ⁸³⁸⁸
2119 2154 2263 2210 sicut
2288 2162 2409 2210 erat
2441 2162 2687 2226 paratus,
2725 2169 2785 2210 se
2830 2163 2956 2225 post
2982 2154 3239 2209 altarium
3277 2153 3440 2209 recli‘

1841 2248 2011 2315 navit,
2034 2256 2090 2303 et
2118 2247 2199 2304 sic
2224 2256 2461 2319 uterque
2485 2247 2687 2318 praesul
2716 2256 2771 2303 et
2792 2245 3053 2302 sacerdos
3081 2244 3192 2301 Deo
3211 2245 3440 2316 juvante

1842 2353 2040 2395 manus
2067 2339 2309 2395 hostium
2334 2339 2582 2393 evitavit.
2609 2335 2747 2393 Nam
2773 2353 3018 2411 paganos
3045 2337 3100 2392 in
3139 2336 3433 2393 ecclesiam

1843 2430 2207 2502 irrumpentes
2250 2433 2325 2487 ita
2374 2431 2636 2503 majestas
2697 2430 2881 2486 divina
2928 2430 3227 2498 exeecavit,
3290 2428 3439 2501 quod

1843 2523 2039 2579 nullus
2055 2539 2248 2582 eorum
2271 2527 2359 2581 vel
2388 2538 2584 2581 sursus
2614 2524 2910 2580 ascendere
2951 2522 3039 2579 vel
3085 2526 3212 2594 post
3261 2523 3436 2578 altare

1843 2616 2135 2686 respicere
2161 2617 2231 2673 ad
2278 2616 2602 2674 memoriam
2644 2615 2942 2671 revocavit.
2989 2613 3093 2682 Qui
3134 2623 3319 2671 tamen
3358 2630 3444 2669 ar-

1845 2709 2179 2781 chiepiscopi
2210 2710 2405 2765 altaria
2432 2708 2634 2763 viatica
2667 2709 2758 2742 ⁸⁸⁸⁸
2786 2708 3143 2779 ecclesiaeque
3179 2708 3444 2779 reliquias

1846 2800 2212 2870 abstulerunt,
2261 2803 2558 2875 statimque
2603 2816 2730 2859 cum
2771 2801 2854 2857 eis
2894 2810 2949 2857 et
2989 2814 3117 2857 cum
3168 2801 3443 2857 archidia-

1846 2907 1990 2949 couo
2023 2906 2187 2965 quem
2217 2907 2481 2966 ceperunt
2511 2897 2767 2952 abierunt
2796 2894 2911 2950 ω’.
2947 2891 3055 2949 Sed
3084 2892 3229 2948 Deus
3258 2892 3443 2949 omni-

1846 2990 2041 3054 potens
2070 2985 2214 3040 sicut
2240 2987 2328 3018 ¹²⁶¹
2360 2989 2671 3057 praesulem,
2703 2985 3043 3043 sacerdotem
3072 2993 3127 3039 et
3149 2982 3444 3040 ecclesiam

1846 3073 2117 3141 liberavit,
2149 3077 2229 3131 sie
2252 3077 2515 3148 reliquias
2532 3085 2725 3149 postea
2752 3087 3040 3149 totumque
3066 3077 3443 3133 sanetuarium

1850 3166 2340 3251 incontaminatum
2399 3176 2456 3224 et
2495 3169 2815 3225 inviolatbm
2884 3167 3296 3238 archiepiscopo
3350 3181 3446 3223 re-

1849 3259 2131 3314 stauravit.
2163 3259 2505 3332 Quicumque
2536 3261 2682 3317 enim
2706 3274 3047 3332 paganorum
3067 3257 3329 3331 reliquias
3356 3254 3443 3315 vel

1850 3364 2038 3407 sacras
2069 3351 2160 3387 ω’
2181 3358 2363 3409 vestes
2386 3353 2472 3409 vel
2503 3368 2636 3409 vasa
2663 3352 2962 3409 sanctuarii
2991 3348 3444 3423 possidebat,’vel

1848 3442 2089 3499 caducus
2111 3458 2237 3499 eum
2266 3447 2496 3502 morbus
2518 3446 2605 3502 vel
2630 3446 2845 3501 insania
2868 3442 3130 3501 terribilis
3164 3443 3441 3516 agitabat:

1850 3536 1995 3592 unde
2023 3533 2119 3592 Dei
2148 3538 2547 3609 magniﬁcentia
2605 3538 2931 3607 tremefacti,
2985 3538 3203 3610 captivo
3258 3536 3444 3592 archi-

1849 3628 2082 3684 diacono
2110 3629 2203 3662 ¹¹⁶³
2227 3639 2423 3686 cuneta
2452 3630 2680 3688 reddere
2701 3640 2829 3687 sunt
2852 3630 3045 3688 coacti.
3072 3629 3191 3701 Ipse
3219 3643 3444 3703 quoque

1851 3733 2020 3773 sanus
2068 3727 2123 3774 et
2172 3720 2464 3777 incolumis
2516 3722 2935 3778 archidiaconus
2988 3718 3055 3777 de
3107 3719 3442 3777 Pomorania

1851 3813 2133 3880 remeavit,
2183 3813 2373 3885 sicque
2422 3814 2538 3870 suis
2569 3815 2826 3875 omnibus
2853 3816 3177 3871 restauratis
3207 3813 3320 3880 “",
3354 3828 3443 3868 ar—

1850 3904 2235 3976 chiepiscopus
2268 3904 2441 3962 Deum
2471 3905 2776 3962 mirabilem
2808 3906 2861 3961 in
2896 3906 3002 3962 hiis
3039 3904 3132 3942 ι²⁸⁸
3183 3905 3444 3977 operibus

1850 3995 2199 4053 collaudavit.
2232 3996 2312 4054 Ex
2350 4013 2414 4054 ea
2443 3997 2531 4054 die
2556 3996 2851 4053 Pomoranl
2880 4000 3144 4071 paulatim
3175 3998 3444 4069 incipiunt

1852 4091 2127 4146 annullari
2159 4091 2252 4126 "”
2280 4108 2382 4149 nec
2408 4093 2482 4148 ita
2516 4092 2644 4148 sunt
2670 4091 2789 4148 ausi
2821 4102 3009 4164 postea
3036 4107 3133 4163 per
3156 4090 3444 4148 Poloniam

1852 4182 2069 4252 evagari
2099 4183 2209 4237 ιη’.
2428 4204 2434 4209 ·
3400 4186 3407 4191 ’

2074 4295 2163 4351 Η.
2196 4297 2288 4330 ¹²⁶⁸
2312 4296 2737 4355 Pomoranorum
2771 4300 3061 4373 baptisatio
3092 4300 3202 4356 m’.
3470 4360 3473 4367 ,

1924 4384 2047 4455 (An.
2088 4385 2270 4458 1108.)
2301 4386 2471 4462 Igitur
2494 4389 2725 4463 impiger
2746 4390 3065 4448 Bolezlavus
3094 4391 3293 4446 iterum
3333 4388 3446 4444 Po-

174 4477 401 4554 ecclesiae
460 4481 687 4553 januam
758 4493 1116 4555 properaret,
1169 4484 1393 4555 jamQue
1448 4490 1747 4554 prtesentes
1779 4473 1825 4535 ι)
1854 4478 2155 4532 moraniam
2207 4488 2291 4534 est
2338 4481 2640 4555 ingressus,
2711 4491 2766 4537 et
2800 4484 3082 4539 castellum
3114 4482 3445 4538 obsessurus

176 4566 353 4626 adesse
392 4570 732 4629 Pomoranos
778 4575 1110 4631 exclamaret
1161 4575 1273 4628 ωδ.
1325 4572 1464 4628 Tum
1493 4572 1586 4605 "‘6
1620 4589 1749 4629 vero

178 4664 383 4731 praesul,
429 4667 707 4735 sacerdos,
739 4669 1159 4727 archidiaconus
1191 4666 1514 4736 tremefacti,
1546 4666 1615 4723 de
1637 4666 1749 4722 vita

1802 4642 1809 4647 ι
1855 4567 2109 4626 Carnkou
2149 4572 2296 4645 (158)
2328 4573 2540 4647 magnis
2587 4574 2799 4631 viribus
2847 4583 2931 4631 est
2979 4591 3272 4648 agressus;
3319 4590 3439 4630 ma-

1856 4665 2036 4721 chinis
2066 4665 2266 4723 diversi
2316 4670 2530 4741 generis
2578 4670 2919 4741 praeparatis,
2958 4669 3313 4740 turribusque
3353 4669 3443 4708 “7‘

1455 4777 1695 4835 VARUE
1733 4777 2141 4839 LECTIONES.

247 4870 335 4903 ¹”⁶
387 4876 758 4950 argumentum
810 4867 926 4950 cod.
952 4868 1005 4923 5.
1044 4868 1268 4950 ἔδαε-1.
1299 4870 1361 4950 2._
1383 4872 1525 4950 __"“

1657 4873 1810 4945 ribus
1842 4873 1895 4945 5.
1974 4874 2066 4906 ¹²⁹¹
2101 4884 2281 4929 tamen
2323 4874 2376 4928 5.
2416 4944 2429 4945 γ
2457 4871 2921 4945 ¹²²ἴηιθῃοίοηβπι
2956 4871 3257 4945 νβςίρηθηιί
3275 4876 3443 4945 istam

247 4872 335 4903 ¹¹¹⁶
387 4876 758 4941 argumentum
810 4872 926 4922 cod.
952 4872 1005 4923 5.
1044 4872 1188 4924 deest
1216 4872 1268 4924 1.
1299 4872 1353 4926 2.
1433 4872 1525 4904 ¹²¹¹
1596 4872 1810 4928 luribus
1842 4873 1895 4928 5.
1974 4874 2066 4906 “"
2101 4884 2281 4929 tamen
2323 4874 2376 4928 5.
2457 4873 2549 4904 ¹²²³
2580 4872 2921 4927 mencionem
2956 4872 3253 4945 regionem
3285 4876 3425 4929 istan

181 4939 231 5013 in
269 4941 589 5013 memoriam
602 4955 708 5013 pro
730 4954 797 5013 r._.
812 4938 849 4995 i.
877 4939 1018 5013 iam.
1044 4938 1097 5013 5.
1178 4940 1270 5013 'j“
1294 4888 1595 5001 addisse5r:
1671 4944 1762 4979 ¹²³⁶
1786 4944 2013 5013 regione
2032 4945 2087 4999 2.
2167 4945 2258 4976 ¹¹²⁶
2280 4956 2383 5000 nec
2405 4944 2461 4998 2.
2539 4944 2629 4977 ¹²²⁷
2662 4943 2799 4998 lacis
2821 4943 2879 4996 1.’
2900 4943 3037 4999 satis
3065 4943 3122 4998 2.
3200 4943 3292 4977 ¹¹⁸⁸
3321 4959 3427 4999 cou

181 5012 285 5067 uita
321 5013 377 5067 2.
456 5011 548 5043 ¹¹¹⁹
576 5006 718 5065 deest
766 5007 817 5063 5.
898 5006 991 5041 ¹²³⁰
1021 5010 1161 5065 deest
1192 5011 1246 5065 5.
1326 5013 1411 5049 ¹²³¹

1448 5012 1627 5083 potuit
1660 5014 1714 5068 5.
1794 5012 1886 5047 ¹²³¹
1924 5015 2059 5071 lacis
2096 5017 2148 5070 1.
2178 5015 2233 5070 2.
2314 5014 2407 5047 ¹²³³
2444 5029 2575 5085 argu

2581 5025 2812 5068 mentum
2849 5012 2963 5067 cod.
3009 5014 3045 5067 5
3091 5014 3235 5068 deest
3287 5014 3337 5067 1.
3384 5015 3439 5069 2.
3481 5010 3489 5019 ’

184 5076 269 5114 ³⁸³⁸
299 5088 497 5154 prusOs
526 5081 579 5136 5.
659 5078 750 5111 ¹¹⁸⁸
777 5078 918 5135 deest
956 5080 1012 5135 5.
1092 5081 1182 5114 ¹¹⁸⁶
1207 5076 1468 5152 capacem
1497 5085 1550 5138 5.
1633 5085 1723 5115 ’⁸³⁷
1762 5099 2002 5189 namque
2027 5088 2081 5142 5.
2161 5088 2256 5121 ’⁸³³
2289 5087 2433 5142 deest
2463 5076 2529 5141 5:
2597 5085 2964 5155 "3’,captivos
2990 5083 3045 5137 2.
3125 5085 3216 5118 ⁸³⁸⁸
3241 5084 3443 5155 quibus

184 5151 203 5189 Ι
271 5152 304 5189 θ
363 5153 398 5189 ει
526 5150 615 5183 ιίδί
663 5148 953 5189 Knin‘rimir
990 5150 1024 5189 θ
1086 5151 1121 5189 Χ
1239 5154 1330 5187 ηδε
1368 5154 1632 5189 multum
1678 5154 1711 5189 0
1834 5156 1902 5189 ιιι
1968 5158 2170 5189 ειη-ἶσα-
2198 5158 2230 5189 κ
2354 5156 2445 5189 ηιξ
2479 5156 2707 5189 (mh-enni
2741 5154 2893 5189 ηΑΑεο
2920 5155 2955 5189 Χ
3081 5155 3171 5188 II“
3208 5156 3351 5189 ΑΔοιΙ
3389 5156 3426 5189 κ

181 5151 228 5206 1.
271 5148 322 5207 Ξῖ
363 5153 419 5207 5.
526 5150 615 5183 ““
663 5148 953 5220 Spiczimir
990 5150 1044 5206 2.
1086 5151 1139 5207 5.

184 5220 268 5293 f’f‘
301 5222 544 5293 Tunc5.
628 5220 717 5293 'j"
754 5236 816 5293 ea

185 5290 270 5325 ¹¹⁸¹
305 5290 590 5353 cui-ceram
629 5290 682 5347 5.

1239 5154 1330 5187 ηδ’
1368 5154 1636 5211 insallatis
1678 5154 1737 5210 2.

892 5229 1081 5279 rentur
1115 5222 1166 5278 l.
1210 5223 1263 5279 2.
1343 5226 1434 5259 ηδε
1472 5240 1502 5278 a

1834 5156 1902 5193 ιιι

2354 5156 2445 5191 ἰιι
2479 5156 2710 5213 fuissent
2739 5154 2893 5210 addit
2919 5155 2974 5209 5.
3081 5155 3171 5188 ηδ’
3207 5154 3351 5213 deest
3389 5156 3426 5210 5

1968 5158 2170 5227 pariter
2196 5158 2250 5215 5.

787 5229 1081 5322 operentur
1115 5225 1166 5278 1.
1210 5225 1263 5279 2.
1343 5226 1434 5259 ηδε
1472 5234 1764 5326 agerentur
1801 5226 1853 5282 1.
1892 5227 1947 5282 2.
1970 5225 1982 5227 ⁷
2026 5228 2123 5261 ηδ’
2143 5239 2238 5286 aut
2270 5229 2327 5284 5.
2404 5229 2497 5263 ¹¹⁸⁰
2534 5226 2853 5299 ﬁngerentur
2891 5225 2943 5279 1.
2983 5225 3039 5280 2.
3118 5225 3207 5259 ⁸⁸⁸⁸
3256 5227 3350 5282 sed
3387 5226 3440 5281 '5.

786 5291 827 5322 ts
857 5290 878 5323 ι
921 5307 950 5326 η
1016 5310 1047 5326 υ
1111 5293 1299 5326 AM...”
1360 5295 1392 5326 εἰ
1490 5296 1507 5326 ι
1536 5296 1584 5326 ωδ
1618 5296 1883 5326 ηοςιυη-..ει
1913 5299 1944 5326 σι
2072 5300 2165 5326 sua
2195 5300 2378 5326 -..ι-..ι
2440 5300 2475 5326 ο
2525 5300 2598 5326 :L:
2625 5299 2656 5326 α
2788 5296 2883 5326 ms
2917 5295 3245 5326 Ληιηςοιηωηει
3304 5294 3326 5326 ι
3385 5297 3421 5326 ο

921 5307 971 5347 c.
1016 5310 1079 5367 v._
1102 5293 1299 5367 desunt
1359 5295 1412 5351 5.
1490 5293 1584 5328 “5"
1616 5296 1887 5367 asignavit
1910 5299 1966 5354 5.

2072 5300 2165 5334 ms
2192 5300 2407 5356 enim}.
2440 5300 2495 5355 2,
2525 5294 2677 5354 ibi},
2788 5296 2883 5330 ¹¹⁸⁶
2916 5295 3248 5352 dubitaverit
3304 5294 3354 5353 1.
3385 5297 3440 5352 2.

184 5361 271 5395 ¹’⁸⁷
298 5363 464 5440 semel
492 5364 551 5423 5.
622 5362 715 5396 ’³⁸⁸
736 5371 1029 5463 postquam
1066 5364 1245 5437 id'pro
1272 5364 1337 5423 P.
1366 5383 1417 5421 v.
1451 5367 1504 5422 5.
1583 5367 1675 5401 “‘9
1704 5361 1872 5424 vitica
1911 5370 1965 5424 5.
2044 5370 2135 5403 ⁸⁸⁸⁸
2166 5371 2421 5426 adierunt
2444 5370 2498 5425 5.
2575 5370 2666 5403 ll“
2702 5370 2780 5422 ita
2803 5367 2985 5437 corigo
3004 5366 3079 5421 -P.~
3109 5367 3191 5424 sic
3220 5368 3272 5422 1.
3302 5366 3360 5426 2.
3388 5367 3429 5423 5

185 5431 270 5463 uss
308 5434 446 5463 ,ιπηδ
504 5434 537 5463 'z
665 5430 732 5463 ns
796 5448 887 5463 αι...
931 5434 1203 5463 "manu"...
1232 5437 1261 5463 ιι
1385 5437 1477 5463 uss
1506 5437 1768 5463 _..-.:....:..
1802 5440 1831 5463 ιι
1950 5434 2041 5463 {an
2072 5441 2183 5463 ___:_
2213 5443 2243 5463 η
2358 5442 2450 5463 una
2482 5439 2736 5463 ,λμεημέ
2771 5438 2802 5463 1
2915 5437 3003 5463 nn
3044 5446 3126 5463 Α...
3192 5438 3338 5463 -.ιλιι
3390 5438 3422 5463 ι

185 5431 270 5464 ἠ’
305 5434 461 5488 deest
504 5434 557 5487 δ.
665 5430 756 5465 ηοξ
796 5430 887 5487 are

183 5574 345 5629 ribus‘
364 5575 419 5629 2.

246 5746 393 5840 (iss)
423 5767 722 5824 Clat'nkbw
741 5767 808 5822 ad
833 5765 886 5821 η.
919 5767 1107 5839 Notec,
1135 5770 1314 5829 Netze.
1348 5772 1404 5829 s.

492 5860 769 5925 ΡΑτιιοι.
802 5860 984 5926 CLX.

931 5434 1206 5493 iepiscono
1230 5437 1283 5491 5.
1385 5437 1477 5469 "“
1506 5437 1771 5493 restitutis
1800 5440 1853 5493 5.

186 5450 270 5464 ····
305 5450 446 5488 aeest
504 5450 557 5487 ο.
665 5450 756 5465 ηπ
796 5450 978 5488 arente
1018 5451 1132 5489 ISCO
1230 5450 1283 5491 5.
1386 5450 1477 5469 ""
1506 5450 1771 5493 restitutis
1800 5450 1853 5493 5.
1950 5450 2041 5473 ""
2069 5450 2186 5497 suis
2212 5450 2266 5497 5.
2358 5450 2450 5473 "‘5"
2480 5450 2739 5497 admirari
2771 5450 2823 5493 5.
2916 5450 3001 5468 “"
3040 5450 3146 5493 etc.
3185 5450 3357 5493 addit.
3389 5450 3426 5494 δ

185 5502 271 5581 ¹ξξ⁸
301 5505 461 5581 capit.
477 5501 611 5559 XLI
625 5502 841 5575 Vusque
863 5503 933 5558 ad
957 5450 1054 5575 ἱι
1073 5451 1214 5560 Vm
1265 5508 1453 5563 desunt
1503 5508 1556 5573 5,
1638 5508 1729 5540 “"
1779 5512 2148 5581 argumentum
2188 5512 2319 5568 edit.
2371 5510 2525 5566 Vars.
2554 5528 2607 5581 ρ.
2659 5507 2785 5564 226.
2818 5508 2961 5562 deest
2990 5507 3040 5561 1.
3072 5507 3127 5563 2.
3207 5509 3301 5541 ¹¹⁷⁶
3331 5518 3420 5564 tur
3435 5524 3469 5579 ~_

1950 5434 2041 5473 ¹²⁶⁸
2069 5441 2186 5497 suis
2212 5443 2266 5497 5.
2358 5442 2450 5473 ¹²⁶⁶
2480 5439 2739 5497 admirari
2771 5438 2823 5493 5.
2915 5434 3003 5468 m’
3040 5446 3146 5493 etc.
3185 5438 3357 5493 addit.
3389 5438 3426 5494 5

1669 5668 1900 5745 Nam.

3014 5865 3094 5927 29
