3952 6324
140 348 231 408 909

1448 325 1649 379 LIBER
1691 323 2013 379 'I‘IiIl'I‘IL'

3263 325 3373 382 9|0

141 471 241 517 κερ,
285 452 366 486 ιη’
411 462 504 521 pro
531 446 778 518 pignore,
837 416 1190 498 reddiderunt
1223 440 1314 474 “"
1339 440 1464 511 (An.
1502 439 1680 505 “08).
1715 451 1759 506 Λ
1791 438 1864 491 ibi
1897 437 2020 506 plus
2046 448 2210 504 quam
2242 432 2347 486 600
2391 407 2546 488 aiunt
2588 434 2858 501 interisse,
2909 437 3255 508 paulumque
3288 450 3374 494 tc-

138 543 390 606 AtPoloni
433 547 509 594 tot
557 537 772 594 labores
805 535 917 602 "’7,
951 542 1031 589 tot
1059 541 1268 587 mortes
1323 540 1403 586 tot
1449 546 1676 602 asperas

140 643 346 703 hiemes,
389 641 467 690 tot
513 611 835 686 traditiones
889 636 944 683 et
995 625 1224 682 insidias
1279 631 1680 688 memorantes,

136 745 300 794 omnes
322 725 589 790 occidunt,
639 722 777 779 nulli
819 727 1126 791 parcentes,
1159 733 1258 772 nec
1305 717 1486 786 ipsum
1516 715 1682 770 etiam

138 820 442 878 Bolezlavum
466 816 570 871 hoc
597 814 970 885 prohibentem
991 811 1292 868 audientes.
1325 807 1525 878 Sicque
1548 823 1684 878 pau-

135 911 262 965 latim
285 904 504 961 rebelles
527 912 582 958 et
611 911 964 958 contumaces
993 894 1289 956 Pomorani
1316 913 1412 968 per
1441 889 1685 972 Bolezlaf

133 1016 242 1055 vum
287 997 652 1059 destruuntur,
719 990 860 1049 sicut
921 989 1046 1063 jure
1092 991 1281 1063 perﬁdi
1328 989 1536 1045 destrui
1583 989 1681 1044 de-

132 1093 241 1147 bent
265 1087 366 1140 ηπ.
400 1083 694 1140 Castellum
740 1098 870 1138 vero
906 1082 1228 1138 Bolezlavus
1267 1081 1462 1137 melius
1498 1081 1566 1135 ad
1595 1096 1683 1135 re-.

132 1179 380 1236 tinendum
409 1175 694 1231 afﬁrmavit
721 1174 834 1240 "9’,
864 1189 1040 1244 eoque
1065 1174 1158 1205 ¹³⁰⁰
1189 1174 1400 1228 munito
1429 1187 1683 1229 necessa-

131 1275 229 1340 riis,
257 1286 380 1328 suos
411 1270 483 1324 ibi
513 1268 712 1324 milites
740 1267 1044 1322 collocavit.
1367 1259 1378 1266 ’

132 1409 205 1463 l9.
233 1405 464 1462 Sescenti
487 1403 779 1458 Pomorani
802 1403 857 1456 in
881 1401 1126 1456 Mazovta
1145 1408 1268 1454 sunt
1289 1400 1541 1470 perempti
1565 1400 1678 1454 ¹³⁰¹-.

186 1539 296 1612 (An.
337 1536 518 1604 H09.)
573 1535 838 1607 Sequenti
884 1543 1069 1591 tamen
1126 1543 1316 1590 aestate
1368 1533 1681 1606 congregati

125 1632 432 1688 transierunt
463 1630 518 1683 in
555 1627 856 1683 Mazoviam
883 1629 973 1660 ¹³⁰¹
1004 1628 1240 1699 prmdam
1263 1642 1456 1697 capere
1485 1617 1682 1681 PomoL

125 1726 242 1780 rani.
273 1723 373 1780 Sed
395 1724 539 1780 sicut
561 1723 663 1778 sibi
690 1720 1063 1778 ll-Iazovienses
1090 1721 1324 1792 prazdam
1349 1719 1528 1775 facere
1554 1728 1683 1775 sunt

1788 537 1896 582 tam
1949 526 2056 581 illis
2095 533 2150 581 et
2181 525 2428 596 captivos
2472 524 2844 583 Mazovienses
2885 528 3200 595 abstulisse,
3242 529 3378 587 resi-

1783 621 1922 676 duos
1959 634 2179 690 quoque
2211 618 2296 673 vel
2325 618 2446 688 capi
2489 633 2598 672 non
2634 626 2719 674 est
2750 619 2979 676 dubium
3016 621 3102 676 vel
3137 620 3371 692 fugisse.

1784 709 1994 782 Quippe
2024 709 2249 781 Symon,
2276 710 2422 765 illius
2448 704 2690 780 regionis
2721 711 2810 742 ‘3“
2839 713 3061 781 praesul,
3078 729 3207 769 oves
3239 729 3374 770 suas

1783 804 1988 875 lupinis
2035 803 2310 858 morsibus
2361 803 2628 858 laceratas
2678 803 2946 860 luctuosis
2985 806 3211 861 vocibus
3246 822 3374 861 cum

1784 901 1901 957 suis
1926 899 2160 965 clericis,
2191 898 2381 954 infulis
2413 897 2640 974 indutus
2673 898 3102 970 sacerdotalibus
3129 899 3243 965 ‘3”,
3279 915 3371 954 se-

1784 993 2055 1063 quebatur
2075 1000 2130 1046 et
2155 992 2304 1062 quod
2348 991 2518 1046 armis
2544 989 2648 1045 sibi
2679 990 3053 1045 materialibus
3087 1006 3196 1045 non
3238 991 3374 1046 lice-

1784 1087 1897 1153 bat,
1942 1086 2049 1139 boc
2085 1086 2256 1140 armis
2300 1083 2562 1154 perﬁcere
2595 1083 2976 1154 spiritualibus
3017 1093 3071 1139 et
3101 1085 3372 1141 orationi-

1785 1179 1889 1234 bus
1938 1177 2213 1231 nitebatur
2242 1177 2352 1230 ¹³¹³.
2405 1175 2472 1230 Ει
2519 1176 2661 1232 sicut
2705 1176 3006 1248 antiquitus
3054 1177 3151 1232 ﬁlii
3207 1176 3378 1234 Israel

1787 1269 2155 1325 Amalechitas
2190 1267 2532 1323 orationibus
2566 1268 2768 1340 Moysis
2792 1269 2885 1301 ¹³¹δ
2913 1269 3264 1336 devicerunt,
3297 1269 3376 1326 ita

1787 1377 1914 1417 vero
1940 1362 2030 1393 ³³³⁵
2079 1360 2450 1417 lllazovienses
2483 1363 2550 1418 de
2592 1360 2918 1417 Pomoranis
2958 1362 3246 1417 victoriam
3285 1363 3377 1418 sui

1781 1454 2056 1524 pontiﬁcis
2080 1454 2170 1486 ¹³¹⁶
2203 1453 2375 1524 adjuti
2429 1454 2685 1524 precibus
2731 1455 3056 1510 habuerunt.
3113 1455 3379 1526 Sequenti

1783 1547 1947 1602 etiam
1982 1548 2069 1603 die
2111 1548 2233 1604 dum
2275 1548 2533 1604 mulieres
2578 1547 2729 1620 fraga
2776 1565 2872 1619 per
2909 1549 3065 1605 devia
3108 1549 3380 1621 legentes.

1759 1641 1895 1694 'uno
1925 1640 2096 1695 milite
2127 1639 2564 1694 Pomoranorum
2600 1641 2818 1695 invento
2849 1656 3047 1706 novam
3081 1641 3380 1706 victoriam,

1784 1730 2109 1795 retulerunt,
2142 1745 2304 1800 quem
2340 1730 2510 1786 armis
2536 1739 2757 1786 exutum
2777 1773 2790 1795 ,
2817 1732 3058 1803 religatis
3100 1740 3225 1802 post
3255 1741 3370 1787 ter-

126 1818 299 1884 conati,
337 1813 415 1872 sic
461 1817 534 1872 ab
565 1817 667 1849 ¹³⁸³’
693 1815 826 1887 ipsis
851 1815 1289 1869 Mazoviensibus
1338 1813 1519 1883 praeda
1564 1811 1681 1868 ﬁeri
1717 1799 1756 1856 ⁸
1785 1837 1914 1892 gum
1943 1799 2200 1877 manibus
2236 1823 2605 1892 inpraesentia
2640 1823 2857 1878 comitis
2880 1799 2946 1878 et
2969 1799 3242 1893 pontiﬁcis
3268 1823 3380 1890 a:l-,

126 1919 233 1964 sunt
260 1909 446 1964 coacti.
477 1907 590 1980 Ipsi
616 1901 810 1978 nempe
842 1906 934 1938 *3“
955 1922 1052 1977 per
1081 1905 1380 1960 Mazoviam
1405 1905 1682 1961 cursitan-

126 2010 219 2068 tes,
251 2001 483 2072 praedam
516 2010 572 2056 et
619 2001 862 2071 captivos
907 2008 1301 2072 congregantes
1349 2007 1404 2053 et
1453 1999 1684 2058 mdiﬁcia

125 2104 507 2150 concremantes
541 2095 654 2162 ³³⁸⁸,
691 2094 809 2165 jam
862 2092 1043 2148 securi
1083 2107 1206 2147 cum
1251 2092 1432 2162 praeda
1467 2092 1685 2147 stabant

94 2168 207 2242 ἠενρ
236 2187 296 2242 de
339 2188 476 2246 bello
529 2171 870 2244 dubitabant.
924 2183 993 2239 Et
1025 2199 1180 2252 ecce,
1225 2200 1410 2240 comes
1462 2185 1685 2241 nomine

125 2277 339 2348 Magnus,
373 2279 465 2350 qui
490 2286 625 2336 tunc
648 2278 949 2334 Mazoviam
976 2276 1197 2349 regebat
1219 2275 1332 2344 ’3“,
1359 2293 1485 2332 cum
1507 2276 1688 2332 Μετο-

124 2370 392 2438 viensibus,
410 2372 608 2444 paucis
632 2371 850 2445 quidem
877 2386 1129 2438 numero,
1154 2366 1424 2441 probitate
1446 2371 1684 2426 verem”

126 2465 401 2522 numerosis
431 2467 549 2533 '3“,
577 2475 768 2522 contra
807 2465 995 2536 plures
1026 2473 1080 2520 et
1114 2464 1542 2520 innumerabiles
1583 2481 1684 2536 pa-

125 2569 268 2621 ganos
294 2557 555 2615 horribile
576 2560 830 2630 proelium
856 2557 1080 2613 intravit
1104 2558 1214 2624 ‘8”,
1236 2557 1327 2612 ubi
1351 2556 1495 2612 Deus
1526 2574 1680 2614 suam

123 2647 547 2718 omnipotentiam
585 2651 877 2718 rcvclavit;
926 2666 1164 2721 namque
1204 2650 1297 2682 ²³¹⁰
1352 2649 1420 2705 de
1453 2652 1682 2722 paganis

1785 1912 2080 1969 duxerunt.

1954 2069 1956 2071 _
1986 2007 2075 2062 50.
2115 2007 2467 2062 Baltemorum
2496 2017 2543 2062 et
2574 2006 2821 2079 Zbignevi
2849 2006 3026 2061 clades
3057 2007 3166 2060 ’3”.

1857 2097 2116 2169 Zbignevi
2146 2113 2368 2168 quoque
2404 2097 2605 2152 milites
2628 2112 2754 2151 cum
2786 2095 3040 2151 Bohemis
3064 2111 3163 2164 per
3191 2094 3372 2166 regio—

1785 2208 1910 2250 nem
1936 2192 2029 2225 ²³¹⁸
2056 2192 2409 2248 Zleznensem
2441 2193 2529 2223 ¹³¹⁹
2552 2191 2927 2261 deprmdantes
2946 2199 3000 2244 et
3022 2203 3378 2244 concreman-

1794 2297 1896 2353 tes,
1927 2285 2092 2341 simili
2125 2284 2426 2341 infortunio
2451 2285 2520 2339 ab
2551 2284 2685 2353 ipsis
2711 2283 2963 2337 afﬁnibus
2989 2282 3078 2312 ¹³¹⁰
3109 2280 3376 2351 superati,

1793 2379 2017 2450 quidam
2040 2394 2172 2434 vero
2197 2379 2363 2449 capti,
2393 2377 2617 2448 quidam
2647 2376 2826 2448 gladio
2851 2375 3085 2445 jugulati
3105 2373 3216 2428 ¹³²⁸.
3257 2371 3378 2426 Hiis

1792 2480 1974 2526 autem
2014 2470 2322 2524 minoribus
2355 2467 2670 2540 praetaxatis
2699 2465 3092 2536 aliquantisper
3126 2465 3380 2535 quiesca-

1791 2580 1947 2630 mus,
1999 2573 2059 2618 ut
2097 2571 2409 2618 contextum
2457 2561 2525 2616 de
2570 2560 2870 2630 majoribus
2908 2559 3104 2613 librum
3154 2556 3389 2622 tertium

1790 2655 2051 2709 adeamus
2064 2695 2078 2708 .

769 2785 1090 2841 EXPLICIT
1131 2784 1331 2839 LIBER
1373 2784 1758 2854 SECUNDUS,
1797 2784 2048 2841 INCIPIT
2089 2786 2292 2841 LIBER
2339 2785 2659 2841 TERTIUS.

1268 3001 1566 3080 LIBER
1627 3003 2079 3082 TERTIUS
2137 2992 2254 3082 '3".

434 3158 640 3233 Incipit
673 3161 898 3232 epistola
927 3160 1072 3214 tertii
1094 3158 1220 3213 libri
1249 3159 1359 3214 ‘3”.

187 3252 469 3326 Capellanis
510 3249 790 3313 ducalibus
819 3253 1124 3307 venerandis
1157 3251 1380 3321 aliisque
1407 3251 1498 3282 ‘3"
1543 3251 1690 3306 bonis

123 3344 304 3401 clericis
330 3365 420 3418 per
465 3347 758 3402 Poloniam
792 3343 1149 3398 memorandis
1183 3343 1457 3412 praesentis
1506 3352 1692 3396 auctor

123 3436 355 3503 opusculi,
381 3440 458 3492 sic
485 3438 628 3490 bona
649 3434 966 3505 temporalia
1004 3434 1297 3504 praeterire,
1323 3442 1380 3486 ut
1410 3432 1566 3488 liceat
1594 3449 1689 3486 ex-

124 3527 270 3592 pedite
291 3530 352 3583 de
382 3529 608 3584 caducis
635 3528 704 3581 ad
725 3528 1090 3597 permanentia
1119 3525 1412 3580 transilire.
1444 3525 1692 3580 Primum

123 3623 330 3676 omnium
352 3639 438 3678 vos
457 3623 600 3677 scire
625 3620 758 3686 volo,
789 3621 984 3690 fratres
1011 3600 1307 3685 carissimi,
1333 3620 1459 3691 quia
1484 3627 1692 3672 tantum

123 3727 231 3780 opus
256 3730 353 3768 non
377 3716 498 3770 ideo
527 3715 682 3783 coepi,
711 3723 770 3766 ut
801 3729 890 3783 per
919 3712 1015 3765 hoc
1040 3712 1281 3782 ﬁmbrias
1310 3728 1438 3767 metu
1461 3710 1690 3783 pusilla-

123 3805 357 3861 nimitatis
401 3808 730 3871 dilatarem,‘
806 3821 897 3860 nec
939 3813 997 3859 ut
1057 3805 1293 3876 patriam
1334 3803 1414 3858 vel
1449 3813 1690 3875 parentes

123 3912 241 3951 meos
270 3900 356 3932 ³³³⁸
383 3900 513 3955 exul
551 3899 692 3969 apud
722 3915 809 3953 vos
837 3906 887 3953 et
916 3899 1220 3968 peregrinus
1253 3897 1344 3929 ¹³¹⁶
1374 3897 1687 3963 exultarent,

120 3988 197 4041 sed
226 3998 280 4044 ut
311 3991 398 4024 ¹³²⁷
448 3992 690 4062 aliquem
735 3991 970 4060 fructum
1012 3991 1113 4044 mei
1161 3989 1360 4043 laboris
1397 3990 1466 4043 ad
1516 3989 1690 4043 locant

122 4094 231 4134 mea:
255 4084 604 4154 professionis
644 4093 986 4153 reportarem.
1020 4080 1158 4137 Item
1187 4081 1338 4136 aliud
1369 4091 1554 4137 vestra:
1578 4083 1690 4135 dis-

119 4174 316 4229 cretioni
369 4177 694 4246 mnifesto,
727 4177 855 4246 quia
904 4175 994 4206 ¹³²⁶
1035 4191 1138 4228 non
1170 4183 1229 4228 ut
1267 4191 1349 4228 me
1374 4175 1527 4245 quasi
1550 4183 1689 4228 cete-

119 4265 181 4317 ris
208 4267 292 4299 “”
321 4269 656 4346 praeferendo
681 4268 758 4322 vel
792 4269 950 4339 quasi
979 4267 1343 4338 facundiorem
1375 4267 1433 4321 in
1456 4284 1691 4322 sermone

119 4358 366 4428 referendo
379 4363 523 4417 hunc
543 4361 778 4416 laborem
792 4361 1018 4430 suscepi,
1040 4360 1130 4414 sed
1152 4368 1209 4414 ut
1229 4361 1396 4413 otium
1415 4361 1687 4424 evitarem,

115 4458 158 4500 et
186 4451 420 4509 dictandi
449 4454 885 4510 consuetudinem
908 4469 1292 4519 conservarem,
1316 4461 1367 4506 et
1403 4469 1464 4506 ne
1486 4452 1689 4521 frustra

114 4556 285 4607 panem
338 4546 655 4602 Polonicum
702 4545 1094 4600 manducarem.
1135 4543 1359 4614 Insuper
1400 4545 1563 4598 etiam
1596 4560 1678 4596 co-

1719 3173 1763 3235 c
1796 3177 1910 3216 mea
1941 3163 2032 3217 sed
2069 3171 2240 3216 vestra
2266 3161 2355 3194 m’
2379 3162 2650 3232 percipite,
2678 3178 2779 3217 non
2821 3163 3032 3232 fabrum
3076 3162 3169 3216 sed
3190 3180 3384 3220 aurum

1792 3255 2110 3326 perpendite,
2149 3271 2252 3308 nou
2282 3271 2408 3309 vasa
2436 3255 2526 3309 sed
2563 3256 2738 3308 vinum
2767 3255 2977 3311 ebibite.
3019 3256 3087 3311 Et
3121 3260 3170 3313 si
3193 3259 3381 3331 forsan

1791 3351 1846 3402 in
1882 3349 1978 3402 hoc
2023 3365 2174 3418 opere
2202 3347 2476 3402 verborum
2525 3347 2821 3401 nuditatem
2841 3343 3147 3420 accusatis,
3175 3369 3240 3407 ex
3277 3351 3383 3407 hiis

1791 3441 1973 3494 saltim
1991 3441 2082 3472 ¹³³⁴³
2100 3441 2381 3494 materiam
2405 3439 2672 3494 tractandi
2696 3439 3010 3510 profundius
3033 3443 3124 3476 m‘
3145 3454 3195 3498 et
3219 3461 3382 3516 erga--

1792 3532 2078 3586 mentosius
2107 3531 2366 3585 habeatis.
2421 3529 2623 3596 Quodsi
2665 3547 2805 3600 reges
2837 3530 3068 3587 Polonos
3104 3533 3183 3588 vel
3224 3534 3384 3588 duce:

1793 3626 1949 3695 fastis
1975 3608 2219 3697 indignos
2246 3624 2567 3679 annualibus
2596 3624 2687 3657 ¹³³⁵
2708 3624 2991 3693 judicatis,
3023 3643 3237 3697 regnum
3269 3626 3384 3680 Po-

1791 3716 1950 3771 lonia.’
1977 3715 2161 3787 procul
2194 3717 2353 3769 dubio
2394 3713 2710 3785 quibuslibet
2762 3713 2979 3768 incultis
3034 3715 3385 3769 barbarorum

1794 3807 2098 3863 nationibus
2126 3793 2415 3861 addicatis.
2445 3805 2512 3860 Et
2542 3807 2590 3859 si
2612 3790 2746 3876 forte
2789 3807 3194 3878 proponitis'me
3224 3807 3384 3861 talem

1795 3900 2020 3971 talisque
2050 3901 2172 3954 vitm
2213 3900 2490 3971 indignum
2537 3897 2671 3952 talia
2710 3900 3134 3970 prtesumpsisse,
3168 3915 3384 3971 respon-

1792 3993 1942 4059 debo,
1983 3992 2120 4046 bella
2150 4009 2327 4064 regum
2360 4001 2518 4064 atque
2545 3977 2770 4059 ducum,
2801 4009 2903 4046 non
2945 3992 3270 4064 evangelium
3301 4009 3383 4046 me

1792 4087 2083 4156 scripsisse.
2126 4084 2431 4157 Numquam
2456 4085 2597 4140 enim
2620 4086 2767 4156 fama
2812 4085 2906 4117 ’³³⁸
2929 4085 3008 4140 vel
3042 4084 3239 4140 militia
3270 4084 3400 4140 Ro-v

1794 4195 2072 4232 manorum
2104 4179 2181 4233 vel
2206 4177 2484 4233 Gallorum
2510 4179 2587 4234 sic
2615 4178 2706 4211 m’
2738 4177 3076 4233 celeberrima
3106 4195 3199 4251 per
3222 4194 3404 4232 mun-'

1793 4269 1920 4322 dum
1941 4269 2236 4334 haberetur,
2269 4272 2373 4324 nisi
2403 4273 2722 4342 scriptorum
2754 4273 3069 4327 testimoniis
3114 4270 3383 4326 memoria!

1791 4369 2117 4432 posterorum
2139 4361 2291 4414 clm”
2315 4363 2606 4416 imitationi
2636 4369 2951 4418 servaretur.
2989 4363 3230 4417 Maxima
3252 4379 3383 4434 quo-

1792 4469 1892 4523 que
1926 4451 2086 4520 Troja
2118 4453 2208 4488 ηδ’
2238 4456 2476 4524 quamvis
2504 4454 2778 4508 destructa
2811 4455 3025 4524 jacebat
3053 4463 3106 4508 et
3148 4455 3401 4519 deserta,

1793 4553 2005 4597 ceterum
2033 4552 2208 4602 tamen
2246 4544 2511 4597 mensarios
2536 4551 2809 4612 poetarum
2841 4542 3028 4612 tytulis
3055 4551 3132 4596 est
3157 4542 3381 4596 inserta.

114 4634 247 4698 piosa
275 4635 537 4693 bellorum
563 4638 790 4692 materia
830 4637 900 4704 ad
925 4607 1346 4707 prmsumcndum
1389 4652 1519 4690 onus
1555 4607 1768 4691 viri-D
1798 4634 1942 4690 Muri
1965 4636 2221 4706 cocequati
2247 4635 2358 4700 "‘9,
2391 4607 2559 4688 turres
2581 4607 3084 4704 destructte'jacent,
3108 4632 3226 4687 loca
3257 4649 3384 4704 spa-

115 4723 197 4779 bus
221 4727 482 4802 ian'uale
519 4747 689 4785 nteant
723 4730 1082 4801 ignorantiam
1120 4729 1392 4794 excitavit,
1424 4728 1688 4798 ipsiusque

114 4816 367 4878 Bolezlavi
403 4823 642 4895 belligeri
673 4823 763 4855 ¹³³⁰
793 4823 945 4876 ducis
979 4820 1215 4892 probitas
1239 4838 1301 4876 ac
1331 4821 1688 4892 magnanimi-

115 4920 188 4965 tas
221 4919 451 4973 audendi
481 4920 568 4952 ⁸³³¹
603 4918 858 4989 ﬁduciam
891 4916 1232 4970 ministravit.
1283 4914 1548 4981 Quocirca
1584 4931 1688 4969 non

1794 4729 1939 4783 ciosa
1965 4737 2015 4782 et
2037 4739 2241 4782 amoma
2264 4726 2558 4781 habitatore
2585 4734 2788 4793 carent,
2810 4727 2868 4780 in
2894 4725 3112 4797 palatiis
3137 4742 3316 4797 regum
3333 4734 3385 4779 et

1794 4822 2093 4892 principum
2130 4819 2300 4874 lustra
2335 4820 2568 4889 ferarum
2611 4827 2662 4873 et
2689 4817 2888 4873 cubilia
2935 4827 3136 4874 secreta
3177 4817 3379 4881 latent,

1800 4915 1973 4985 Troja?
2003 4913 2091 4946 ‘3“
2134 4923 2305 4966 tamen
2328 4911 2592 4981 Pergama
2623 4910 2713 4943 ‘3“
2738 4911 2928 4982 ubique
2949 4921 3212 4966 terrarum
3246 4909 3384 4964 scri-

883 5099 886 5102 ,
1419 5026 1656 5082 vitam
1694 5011 2118 5084 LECTIONES.‘
2186 5017 2193 5024 '

176 5122 262 5154 ¹’⁹⁸
290 5127 584 5186 evrotbeca
612 5127 665 5180 5.
740 5125 832 5157 "“
865 5123 1206 5179 tradiderunt
1235 5122 1287 5175 5.
1369 5119 1458 5152 “’7
1495 5129 1533 5174 t.
1567 5121 1606 5174 ι.
1639 5121 1827 5174 desunt
1857 5122 1910 5176 5.
1991 5120 2084 5152 ¹⁹⁹⁸
2110 5121 2288 5176 solent
2304 5119 2359 5174 2.
2435 5117 2527 5150 "’9
2554 5116 2793 5173 ﬁrmavit
2814 5119 2867 5173 5.
2942 5117 3033 5150 ¹³⁰⁰
3063 5131 3130 5172 eo
3159 5130 3384 5186 quoque

228 5185 723 5268 “Wargumentum
757 5196 893 5268 cod.
911 5195 964 5250 5.
1002 5195 1144 5268 deest
1175 5194 1224 5246 l.
1266 5191 1321 5268 2.
1401 5191 1493 5268 ”°_’
1538 5190 1684 5268 Maio

1790 5191 1898 5268 is!!!
1946 5192 2002 5268 ετ

2089 5191 2184 5224 ³³⁸³³
2229 5190 2298 5246 de
2325 5206 2422 5261 pro
2459 5189 2647 5261 siegab
2681 5190 2735 5243 5.
2797 5189 2916 5230 ιυοδ
2942 5184 3194 5261 namque
3212 5184 3268 5261 2.
3293 5184 3378 5261 Ίξ.

114 5262 196 5295 ³³³⁸
221 5256 636 5323 (ξοηοιιεῖηθηιθδ
675 5268 728 5321 5.
805 5266 897 5298 ¹³⁰⁶
965 5265 1023 5319 ui
1065 5293 1136 5303 —
1181 5264 1401 5332 regebat
1441 5262 1629 5316 desunt
1661 5263 1684 5316 Ξ

115 5331 199 5366 ’³⁸³
231 5336 478 5391 introivit
504 5340 556 5391 5.
636 5337 728 5370 "‘°
771 5282 976 5391 nam
1050 5333 1139 5366 ¹⁸¹¹
1173 5333 1452 5391 religionis
1489 5334 1538 5387 l.
1563 5334 1618 5388 2.

1790 5262 1880 5294 ¹³⁰⁷
1918 5263 2114 5350 atrium
2138 5256 2352 5318 viribus
2392 5261 2446 5314 5.
2524 5259 2618 5292 ¹³⁰⁸
2657 5274 2988 5315 numerosos
3027 5257 3162 5312 male
3212 5257 3265 5337 .I.
3321 5256 3408 5310 2.‘

1819 5334 2225 5391 pontificalibus
2247 5334 2300 5386 5.
2377 5331 2468 5374 ¹³¹³
2497 5331 2779 5391 satagebat
2803 5330 2856 5384 5.
2935 5327 3028 5391 ωδ
3059 5326 3226 5391 Moysr
3250 5326 3302 5380 l.
3321 5325 3381 5379 2.

115 5331 199 5366 ”°’
231 5336 478 5393 introivit
504 5340 556 5394 5.
636 5337 728 5370 ¹⁸¹⁰
771 5353 899 5392 nam

1050 5333 1139 5366 ¹⁸¹¹
1173 5333 1452 5404 religionis
1489 5334 1538 5387 l.
1563 5334 1618 5388 2.
1695 5333 1787 5404 ¹³¹ν¹
1819 5333 2225 5404 pontificalibus
2247 5334 2300 5386 5.

2377 5296 2468 5374 ιτίρ
2497 5296 3302 5401 ..ιεεέἰ;;;·ξ·.“ἢσῖῖῳῖῖ;,ςνεε·λ.
3321 5296 3381 5379 ΞΣ

111 5403 158 5456 5.
233 5389 326 5440 ii"
348 5389 581 5465 nuncii.
657 5409 746 5441 ¹³¹⁶
772 5389 1035 5464 antistitis
1061 5405 1112 5459 5.
1171 5389 1677 5474 7"”9a’rgumentum
1703 5403 1786 5458 ed.
1819 5389 2007 5467 Cedat:
2044 5413 2094 5458 et
2155 5404 2310 5458 Vars.
2340 5403 2483 5458 deest
2514 5402 2568 5474 Ι.
2592 5389 2649 5474 2ξ
2681 5401 2740 5474 5.
2773 5439 2775 5442 -
2812 5389 3245 5474 ’ξξξιὲβιίεἰρηῖξξη
3279 5412 3386 5474 non

111 5485 240 5530 recte
255 5478 310 5533 5.
391 5480 485 5512 ¹³¹⁹
515 5479 844 5536 Zlesiensem
877 5480 930 5533 5.

112 5616 160 5668 5.
228 5616 320 5652 ¹³¹¹⁵
362 5621 488 5676 aliis
516 5622 568 5677 5.
645 5621 738 5655 ¹³²⁸
785 5621 928 5675 deest
965 5618 1020 5672 2.
1103 5616 1210 5652 “"7
1237 5616 1555 5701 peregrinos
1582 5616 1636 5670 2.

115 5684 202 5717 18⁸.
247 5689 389 5717 Α---ι
438 5691 469 5717 ει
545 5692 666 5717 -un
713 5690 984 5717 -__:.I-_.l:
1020 5688 1056 5717 ο
1135 5687 1385 5717 anulus-ul.
1433 5687 1465 5717 π
1578 5687 1636 5717 ul

179 5686 202 5718 ⁸
243 5689 390 5758 deest
438 5691 490 5746 5.
545 5692 669 5726 "3“
712 5688 1074 5758 arridendig2.
1134 5686 1386 5758 audiendi
1432 5687 1485 5742 5.

113 5755 300 5830 sistunt
331 5763 386 5816 2.
412 5762 466 5817 5.
541 5765 631 5796 ’³³⁸
660 5762 803 5819 fame
827 5761 878 5817 5.
959 5757 1046 5791 ηδ’
1087 5758 1130 5814 si
1165 5759 1213 5812 Ι.
1241 5758 1293 5811 2.
1324 5757 1465 5812 deest
1491 5759 1543 5813 5.
1626 5757 1684 5790 ³³³

1790 5766 1881 5812 rest
1905 5758 1960 5813 5.
2036 5759 2126 5793 “’9
2155 5767 2308 5830 troya
2331 5759 2385 5811 5.
2461 5757 2551 5788 'm
2579 5753 2876 5824 quoequati
2909 5754 2957 5807 Ι.

105 5828 204 5896 ,ηδ’
234 5847 491 5904 pargama
519 5836 571 5891 2.

117 5540 266 5628 ἴση.
290 5567 345 5618 p.
377 5549 486 5605 257
505 5551 648 5607 deest
678 5552 726 5606 i.
757 5551 811 5605 2.
845 5551 898 5604 5.
975 5546 1067 5579 ⁸³²³
1109 5555 1164 5602 et
1191 5546 1370 5619 primo
1404 5546 1663 5627 prologus
1691 5561 1786 5616 pro
1817 5540 1860 5628 Ῐ.
1893 5540 1954 5599 Ε.
1987 5545 2060 5629 Τ..
2084 5545 2144 5600 1..
2163 5540 2318 5628 ponit
2333 5540 2508 5630 conju:

131 5637 143 5648 .
228 5618 320 5648 “Is
362 5621 485 5648 -13..
517 5622 547 5648 ’Ξ
645 5621 738 5648 IIII
788 5621 928 5648 λιν-,ο
965 5618 1000 5648 ο
1103 5616 1198 5648 8⁸16
1237 5631 1552 5648 nan-annonae:
1582 5616 1616 5648 Ο
1726 5617 1814 5648 nrt
1851 5633 1902 5648 ιη
1939 5618 2090 5648 uulua
2142 5617 2291 5648 κοιλ..
2339 5635 2366 5648 ρ.
2468 5615 2508 5646 ιι

1582 5617 1636 5670 2.

1578 5687 1670 5721 ιοιι

1790 5618 1814 5648 ‘7
1848 5617 1903 5671 in
1939 5618 2094 5673 vobis
2139 5617 2291 5673 addit
2333 5617 2386 5671 5.
2468 5617 2560 5646 ⁸³⁷⁸
2605 5617 2752 5681 quod
2800 5617 2852 5665 5.
2929 5617 3020 5643 ’δι’
3069 5618 3282 5664 ceteros
3327 5617 3386 5664 5.

1790 5697 1935 5743 .tram
1975 5689 2027 5742 1.
2101 5688 2192 5720 ³³³³
2221 5689 2415 5744 saltem
2452 5685 2506 5740 2.
2584 5681 2678 5714 ⁸³³⁵
2713 5682 2857 5736 deest
2885 5683 2937 5739 5.
3017 5680 3108 5713 ⁸⁸³⁸
3150 5678 3386 5734 aii'ilibus

1005 5476 1097 5507 “'°
1123 5473 1183 5530 af
1199 5467 1542 5529 solum'habet
1584 5476 1636 5528 5.
1710 5475 1798 5506 ²⁸¹¹
1836 5475 1847 5487 ’
1929 5475 2140 5531 ulantes
2161 5474 2340 5546 gladio
2356 5489 2452 5544 pro
2475 5489 2526 5542 κ.
2557 5473 2595 5527 i.
2623 5471 2672 5524 l.
2712 5470 2767 5524 2.
2841 5469 2933 5502 "“
2956 5467 3234 5538 inscriptio
3250 5467 3382 5527 edit.

1005 5546 1067 5579 '”
1109 5555 1164 5599 et
1191 5546 1370 5599 primo
1404 5546 1663 5599 nroloaus
1691 5561 1786 5599 oro
1987 5545 2053 5599 T.
2084 5545 2144 5599 L.
2171 5547 2318 5599 ponit
2343 5540 2707 5599 coniunaendo
2737 5556 2858 5594 cum
2887 5539 3203 5599 prwcedenti
3245 5538 3382 5591 libro

1987 5545 2053 5602 Τ.
2084 5538 2318 5614 Lponit
2343 5538 2707 5646 conjungendo
2737 5556 2858 5594 cum
2885 5539 3203 5609 prmcedenti
3245 5538 3385 5591 libro

1987 5618 2090 5646 λιιι..
2143 5617 2291 5646 mu:-
2333 5616 2366 5646 π
2468 5615 2532 5646 tu
2605 5611 2750 5646 num!
2801 5611 2833 5646 κ
2929 5611 3020 5643 uss
3069 5618 3281 5646 nam...“
3327 5610 3363 5646 3

2515 5610 2560 5646 ’⁸
2605 5611 2752 5681 quod
2800 5611 2852 5665 5.
2929 5611 3020 5643 ³³⁸⁸
3069 5618 3294 5681 ceteros
3327 5610 3412 5664 5..

3037 5751 3125 5784 "“
3157 5759 3309 5822 troye
3329 5747 3384 5806 5.
