3952 6324
227 264 375 325 ωδ

1628 267 1831 327 LIBER
1867 268 2190 328 't'EIlTIUS.

2056 199 2093 211 κ.
2588 197 2727 213 ,γα-οι,

3435 266 3549 334 92'

231 381 466 440 Frater
530 397 662 439 vero
738 378 971 455 Borivoy
1046 382 1332 456 minimus,
1398 399 1564 457 quem
1616 388 1863 457 praedixi,
1894 391 1942 449 Α
1972 388 2166 442 bellum
2187 387 2299 442 illis
2322 403 2564 442 omnibus
2595 387 2922 460 congregatis
2950 397 3001 444 et
3032 390 3375 460 pratentibus
3398 392 3547 448 inve-

232 474 485 547 pmdas
530 474 674 545 capi,
732 474 983 533 incendia
1037 476 1177 545 fieri,
1221 487 1422 533 terram
1466 479 1678 535 destrui
1711 479 1867 536 Bole-

235 568 430 626 zlavo
451 569 767 640 supplicans
801 569 1146 641 prohibebat,
1167 571 1298 641 quia
1328 586 1556 642 regnum
1583 571 1867 643 acquirere

237 660 393 743 sine
425 658 568 716 bello
595 659 792 730 puerili
814 660 1162 731 simplicitate
1191 661 1374 718 verbis
1399 662 1724 718 traditorum
1748 664 1868 719 sine

236 751 521 808 victoriis
548 767 610 808 se
639 750 915 808 credebat.
964 750 1214 824 Cumque
1234 754 1349 825 jam
1381 752 1472 810 die
1520 762 1719 825 quarto
1772 754 1865 787 ¹⁶⁰²
1898 750 1899 753 “

237 844 477 900 bellum
530 853 862 915 exspectans
910 843 1230 902 Bolezlavus
1293 846 1364 902 ad
1416 862 1656 919 pugnam
1715 857 1866 905 recto

240 938 493 994 tramite
529 945 873 1009 properaret,
910 936 1187 1009 ﬂuvioque
1223 938 1465 1006 cuidam,
1509 954 1618 994 non
1665 956 1866 1012 magno

241 1036 493 1107 quidem
522 1038 617 1094 sed
651 1037 855 1093 diﬂicili
885 1038 1145 1105 transitu,
1172 1029 1585 1110 propinquaret,
1605 1055 1668 1095 ex
1694 1040 1865 1096 altera

240 1135 426 1199 parte
462 1126 706 1185 ﬂuminis
733 1129 977 1185 exercitu
1007 1140 1336 1203 congregato
1360 1131 1470 1186 dux
1496 1129 1865 1188 Bobemorum

242 1220 567 1289 residebat,
629 1222 727 1292 qui
793 1220 1139 1278 Bolezlavum
1186 1222 1284 1289 ibi,
1324 1238 1434 1278 non
1492 1239 1662 1279 ausus
1713 1225 1862 1292 alibi,

243 1307 587 1370 diﬁcultate
645 1313 752 1369 loci
821 1312 1084 1381 conﬁsus,
1142 1314 1433 1369 transitum
1485 1313 1866 1384 prohibiturus

245 1402 643 1476 cxspeCtabat.
692 1403 765 1460 At
800 1404 1120 1462 Bolezlavus
1168 1405 1400 1476 repertis
1425 1396 1677 1461 hostibus
1723 1422 1866 1477 quos

246 1496 568 1567 quaerebat,
610 1497 770 1568 quasi
826 1496 912 1552 leo
953 1496 1074 1552 visa
1131 1496 1314 1568 praeda
1372 1498 1541 1568 septis
1600 1498 1865 1554 conclusa

249 1588 739 1656 stomachabatur,
770 1588 897 1660 quia
927 1589 1205 1663 pugnandi
1234 1587 1448 1660 copiam
1475 1605 1586 1644 non
1610 1589 1862 1645 habebat.

250 1688 408 1745 Nam
451 1692 594 1747 sicut
645 1689 838 1765 Poloni
892 1689 1058 1746 modo
1102 1686 1328 1746 sursum
1380 1690 1547 1745 modo
1586 1690 1860 1746 deorsum

250 1784 505 1840 transire
536 1770 862 1854 reputabant
887 1798 956 1838 ex
977 1783 1148 1838 altera
1182 1790 1335 1854 parte
1363 1781 1627 1847 ﬂuminis,
1654 1782 1728 1837 ita
1759 1781 1866 1837 Bo-

254 1875 419 1931 hemi
472 1883 662 1931 contra
710 1875 949 1931 stabant.
1002 1874 1134 1931 Erat
1160 1875 1306 1931 enim
1348 1872 1568 1942 ﬂuvius,
1606 1874 1864 1930 Bohemis

252 1970 364 2042 qui
397 1983 520 2025 cum
547 1983 615 2025 eo
640 1977 797 2025 erant
823 1967 1212 2025 mentientibus
1244 1968 1359 2035 m’,
1390 1967 1710 2039 paludosus,
1743 1975 1865 2022 tan-

256 2073 337 2120 tm
366 2062 700 2119 multitudini
728 2062 880 2119 nullo
927 2063 1220 2119 resistente
1250 2062 1616 2133 periculosus.
1660 2059 1864 2141 Videas

259 2166 453 2213 autem
482 2142 823 2222 Bolezlavus,
848 2155 998 2227 quod
1050 2155 1131 2211 sic
1183 2171 1351 2226 agens
1395 2163 1615 2226 tempus
1660 2153 1718 2209 in
1769 2169 1865 2208 va-

248 2258 437 2305 enum
461 2250 818 2320 expendebat,
841 2249 1064 2321 etquod
1088 2247 1207 2305 dies
1234 2248 1351 2304 sole
1374 2248 1430 2305 in
1452 2262 1715 2303 occasum
1740 2261 1865 2302 ver-

248 2351 433 2413 ‘gente
452 2341 782 2409 declinabat,
807 2328 1131 2398 electionem
1169 2341 1414 2397 audacia:
1433 2339 1696 2396 militaris
1736 2339 1864 2395 duci

264 2437 569 2493 Bohemico
599 2420 893 2513 proponit,
938 2432 1335 2507 videlicet,‘aut
1394 2437 1716 2494 Bolezlavus
1757 2435 1863 2493 sibi

266 2529 453 2584 locant
486 2528 637 2584 dabit
673 2538 739 2586 ut
788 2538 1050 2600 transeat,
1083 2531 1169 2587 vel
1203 2531 1334 2588 illuc
1358 2531 1617 2588 transibit
1671 2531 1718 2587 si
1748 2530 1861 2586 dux

266 2620 599 2678 Bohemicus
622 2622 769 2697 loco.
802 2625 979 2690 cedat,
1012 2638 1269 2681 asserens
1315 2623 1504 2691 etiam,
1555 2620 1863 2694 occupandi

266 2731 439 2773 causa
464 2717 647 2773 sedem
698 2708 771 2773 se
802 2715 1153 2772 Bohemicam
1184 2732 1295 2773 non
1319 2716 1556 2783 venisse,
1589 2716 1685 2773 sed
1711 2730 1863 2772 more

267 2808 436 2866 solito
464 2807 735 2881 justitiam
762 2806 1119 2880 fugitivorum
1148 2824 1483 2880 causamque
1506 2807 1861 2874 miserorum,

267 2899 699 2971 sicutquondam
728 2898 834 2955 sibi
857 2898 1495 2967 fecerat,defendendam
1527 2900 1858 2971 suscepisse.

268 2990 618 3061 Quapropter
658 2999 755 3045 aut
791 3006 953 3047 suum
987 2991 1211 3047 fratrem
1244 2992 1298 3047 in
1346 2998 1496 3047 sorte
1543 2990 1863 3048 hereditatis

268 3091 515 3154 paterna:
565 3083 791 3153 pacifice
826 3092 1137 3152 revocaret,
1180 3093 1276 3140 aut
1316 3083 1503 3155 justus
1547 3083 1718 3155 judex
1744 3099 1864 3139 om-

271 3175 428 3229 nium
460 3174 601 3229 inter
649 3190 745 3232 eos
774 3176 870 3208 ⁸⁸⁸⁸
898 3177 1093 3247 prmlio
1141 3176 1433 3248 campestri
1464 3172 1663 3231 'vcram
1706 3175 1868 3247 justi-

257 3267 409 3323 tiam
434 3267 755 3325 declararet.
798 3269 880 3325 Ad
913 3272 1028 3327 lucc
1058 3270 1169 3349 dus
1192 3269 1523 3326 Bobemicus
1549 3269 1863 3341 respondit:

260 3359 529 3415 Fratrem
551 3362 764 3433 quidem
786 3378 955 3417 meum
978 3362 1145 3418 libens
1175 3364 1422 3434 recipere,
1452 3363 1500 3417 si
1544 3371 1694 3417 tuum
1727 3378 1867 3417 rece-

271 3453 441 3524 peris,
472 3469 589 3508 sum
620 3461 865 3525 paratus,
888 3454 981 3509 sed
1009 3471 1128 3509 cum
1150 3471 1210 3510 eo
1226 3470 1443 3526 regnum
1472 3453 1723 3522 dividere,
1760 3455 1866 3508 nisi

272 3545 499 3600 consilio
522 3547 761 3614 caesaris,
795 3563 899 3602 non
927 3564 1044 3602 sum
1073 3564 1254 3604 ausus.
1289 3548 1351 3605 Si
1391 3544 1866 3606 vero'roluntatem

273 3636 359 3693 vel
386 3637 697 3708 facultatem
750 3638 1052 3694 habuissem
1088 3639 1355 3695 vobiscum
1403 3642 1640 3696 cominus
1676 3639 1865 3709 conﬂi-

274 3730 456 3803 gendi,
483 3747 586 3785 non
621 3739 848 3786 uestram
889 3731 1163 3786 licentiam
1193 3742 1572 3804 exspectarem,
1603 3748 1722 3787 cum
1748 3731 1865 3785 lon-

274 3838 401 3893 gam
427 3821 540 3890 πη,
569 3822 847 3896 habuerim
867 3822 1015 3893 prius
1038 3822 1310 3878 licentiam
1334 3824 1666 3879 transeundi.

268 3914 368 3968 22.
407 3914 499 3993 f‘"
523 3914 601 3970 De
636 3916 932 3971 vastatione
967 3924 1122 3972 terra:
1156 3915 1456 3973 Bohemica:
1480 3934 1574 3988 per
1606 3916 1858 3972 Polonos.

190 3992 195 3995 ’
351 4002 552 4062 Videas
579 4015 764 4063 autem
787 4006 1131 4074 Bolezlavus,
1159 4008 1287 4080 quia
1318 4009 1430 4064 dux
1446 4006 1781 4065 Bobemicus
1804 4009 1862 4064 in

274 4098 365 4153 his
397 4099 851 4179 responsionibus
875 4100 1040 4171 Tquas
1061 4094 1370 4171 {mandaret
1398 4101 1606 4155 nullam
1655 4109 1862 4155 certam

275 4191 543 4247 rationem
576 4191 684 4247 nisi
710 4190 875 4247 verba
911 4191 1258 4249 solummodo
1280 4192 1427 4248 nuda
1465 4190 1620 4247 daret
1661 4207 1859 4262 crepu-

275 4284 435 4340 sculo
481 4283 613 4350 dici,
642 4293 889 4355 tempore
907 4284 1132 4356 {requiei
1162 4292 1403 4341 castrum
1435 4284 1637 4352 movit,
1664 4298 1765 4339 nec
1793 4281 1863 4339 ab

276 4377 427 4433 illius
450 4375 569 4448 ripa
604 4375 847 4456 numinis
869 4376 937 4433 ad
967 4376 1115 4433 Labe
1153 4376 1357 4433 ﬂumen
1388 4376 1773 4433 descendendo
1803 4390 1862 4431 se

277 4472 529 4529 removit.
561 4469 641 4526 Ibi
668 4466 809 4527 vero
829 4472 987 4543 juxta
1016 4470 1163 4527 Labe
1197 4471 1423 4527 ﬂuvium
1468 4472 1621 4528 illum
1668 4470 1865 4526 ﬂuvio-

277 4560 566 4639 lum(l72)
591 4561 713 4618 sine
738 4561 1021 4618 obstaculo
1063 4561 1436 4633 pertransivit,
1488 4569 1544 4617 et
1593 4560 1863 4616 festinans

277 4654 358 4712 ibi
384 4654 583 4710 bellum
604 4654 701 4709 ubi
728 4655 1011 4711 dimiserat
1030 4655 1336 4727 requisivit.
1361 4653 1501 4709 Cum
1559 4663 1742 4710 autem
1795 4654 1866 4709 ad

278 4750 650 4807 Bohemorum
679 4751 944 4807 stationes
964 4751 1294 4822 perveniret,
1333 4765 1434 4807 nec
1456 4740 1606 4806 aliud
1631 4750 1699 4806 de
1729 4749 1865 4821 ipsis

280 4859 444 4914 quam
468 4845 700 4917 vestigia
721 4843 986 4915 reperiret
1018 4844 1130 4911 ⁸³⁸⁷,
1176 4843 1495 4917 convocatis
1546 4842 1864 4899 senioribus

280 4936 572 4994 consilium
621 4916 799 5004 inivit,
832 4937 925 4992 ubi
973 4937 1108 4992 satis
1136 4936 1268 5007 quid
1288 4916 1568 4991 salubrius
1590 4944 1645 4991 et
1688 4934 1867 4991 hone-

281 5029 421 5086 stius
470 5044 595 5087 esse
620 5022 908 5086 videbatur
933 5045 1058 5085 cum
1083 5028 1296 5084 ratione
1324 5026 1593 5082 diﬂinivit.
1624 5024 1862 5092 Quidam

280 5122 425 5178 enim
448 5121 516 5178 de
540 5122 850 5179 senioribus
872 5121 1090 5177 aiebant
1117 5141 1128 5175 :
1162 5119 1350 5175 Tribus
1378 5119 1560 5174 diebus
1582 5119 1719 5173 satis
1744 5126 1864 5190 su]-

282 5214 394 5295 [icit
435 5231 529 5285 per
554 5215 803 5270 virtutem
828 5214 885 5268 in
907 5223 1050 5268 terra
1079 5213 1311 5268 hostium
1344 5229 1439 5267 nos
1488 5213 1715 5275 stetisse,
1770 5230 1863 5267 nec

1969 480 2126 533 uisse.
2156 477 2357 534 lterum
2378 478 2472 533 alii
2495 478 2777 534 dicebant:
2807 476 3027 535 Iudicia
3058 480 3158 536 Dei
3184 499 3305 537 cera
3340 492 3465 538 sunt
3491 492 3544 539 et

1968 569 2268 626 hominibus
2294 558 2525 625 occulta.
2543 569 2681 625 Bene
2707 574 3054 641 processimus
3078 590 3240 645 usque
3257 575 3435 641 modo,
3454 574 3546 631 sed

1966 661 2015 713 si
2050 661 2255 715 diutius
2298 661 2650 715 immorantur
2681 661 2776 694 ¹⁶⁰⁸
2823 662 2878 714 in
2926 661 3087 715 dubio
3131 662 3338 733 pendet,
3361 678 3467 733 quo
3490 679 3547 718 se

1967 751 2217 804 verterint
2266 751 2373 804 ista
2416 751 2555 821 fata.
2587 748 2823 805 Econtra
2871 749 3186 807 Bolezlavus
3218 760 3285 817 et.
3316 751 3548 822 juvenes

1968 843 2249 899 seniorum
2280 842 2511 899 consilia
2560 842 2993 914 postponebant,
3036 851 3092 898 et
3119 843 3200 899 ire
3223 842 3456 915 Pragam
3488 852 3551 899 ut

1968 933 2024 989 in
2073 943 2234 991 antea
2292 934 2694 990 collaudabant.
2752 933 2819 990 Et
2884 950 3013 990 vere
3078 934 3299 990 vicisset
3361 935 3547 991 senio-

1967 1043 2089 1082 rum
2161 1027 2390 1083 consilia
2464 1027 2755 1084 consilium
2833 1027 3075 1098 juvenile
3104 1067 3121 1093 ,
3202 1027 3313 1084 nisi
3392 1029 3550 1099 panis

1966 1117 2292 1187 defecisset,
2330 1120 2427 1190 qui
2455 1105 2580 1191 plus
2607 1129 2788 1190 potest
2832 1135 3000 1191 quam
3044 1119 3218 1190 possit
3242 1119 3423 1176 facere
3456 1121 3550 1191 jus

1966 1209 2146 1265 civile.
2191 1210 2514 1267 Collaudato
2563 1211 2655 1266 vix
2702 1211 2888 1281 itaque
2936 1210 3171 1267 consilio
3227 1210 3550 1269 Bolezlavus

1967 1299 2255 1368 redeundi,
2288 1300 2571 1370 redeundo
2618 1301 2976 1357 comburendi
3001 1300 3149 1359 dedit
3178 1301 3455 1359 licentiam
3496 1311 3552 1358 et

1968 1393 2269 1464 praedandi.
2318 1392 2437 1465 Ipse
2468 1410 2600 1450 vero
2649 1409 2866 1465 semper
2928 1393 3197 1450 ordinatis
3232 1394 3552 1451 cboortibus

1967 1487 2274 1554 incedebat,
2307 1488 2631 1559 plerumque
2672 1503 2799 1543 eum
2825 1487 3086 1561 extremis
3108 1487 3422 1559 agminibus
3451 1503 3552 1558 pro

1968 1579 2218 1635 subsidio
2267 1578 2624 1635 subsistebat.
2675 1577 2920 1635 Habebat
2945 1579 3109 1634 etiam
3142 1578 3286 1635 acies
3314 1578 3549 1634 militum

1967 1672 2270 1739 ordinatas,
2293 1672 2388 1757 qui
2410 1671 2857 1727 combustoribus
2907 1680 2962 1726 et
3004 1671 3402 1741 pmdatoribus
3448 1685 3550 1725 an-

1874 1734 2165 1820 n-teirent
2187 1806 2203 1830 ,
2243 1734 2377 1819 (ξι-ἐι
2417 1761 2675 1818 Bobemis
2721 1734 3234 1832 supervenientibus
3290 1760 3555 1831 praevide-

1966 1864 2110 1913 rent.
2165 1854 2415 1926 Cumque
2458 1863 2590 1911 eam
2649 1854 2949 1926 prudenter
3006 1861 3226 1923 tamque
3284 1851 3555 1923 sagaciter

1948 1947 2268 2004 exercitum
2297 1946 2551 2020 duxisset
2592 1961 2657 2001 ac
2704 1945 3051 2012 reduxisset,
3085 1954 3141 2000 et
3167 1943 3237 1999 ad
3289 1943 3553 2000 silvarum

1950 2041 2251 2099 introitum
2298 2047 2451 2097 sexta
2498 2038 2635 2094 feria
2654 2038 2768 2110 jam
2805 2037 3098 2109 stationem
3138 2034 3442 2106 posuisset,
3470 2033 3554 2086 vi.

1954 2135 2127 2208 gilias
2153 2133 2463 2189 crebriores
2500 2131 2617 2207 lieri
2640 2172 2656 2198 ,
2687 2130 2991 2201 paratiores
3019 2143 3161 2194 esse,
3185 2139 3553 2199 unamquam-

1966 2241 2074 2298 que
2117 2224 2386 2297 legionem
2416 2266 2432 2292 ,
2491 2223 2538 2280 si
2600 2222 2869 2281 tumultus
2917 2220 3058 2276 forte
3108 2220 3301 2285 fieret,
3339 2218 3395 2272 in
3452 2232 3553 2272 sua
3650 2266 3663 2275 ,

1965 2318 2203 2375 statione
2234 2315 2527 2393 persistere
2548 2314 2827 2391 praecepit.
2841 2312 3045 2371 Eadem
3073 2319 3232 2386 nocte
3266 2308 3553 2377 Bolezlavo

1964 2420 2092 2484 post
2118 2409 2420 2467 matutinas
2445 2408 2790 2491 orationibus
2819 2408 3168 2478 persistente,
3223 2405 3364 2461 forte
3417 2403 3544 2474 qui-

1965 2502 2093 2559 dam
2135 2503 2334 2559 horror
2378 2500 2469 2533 ²⁶⁰⁹
2519 2498 2835 2557 universam
2876 2495 3168 2578 stationem
3225 2493 3553 2564 occupavit,

1965 2606 2020 2654 et
2043 2598 2340 2654 clamorem
2377 2595 2727 2657 subitaneum
2750 2607 2846 2663 per
2868 2599 3043 2647 totum
3070 2589 3371 2646 exercitum
3400 2588 3553 2644 exci-

1966 2690 2119 2744 tavit.
2176 2688 2316 2744 Tum
2360 2701 2593 2759 quasque
2651 2686 2769 2735 ¹⁶¹⁰ν
2800 2684 3081 2755 provincia
3127 2697 3295 2754 quam
3345 2682 3549 2737 cboors

1965 2791 2198 2850 armata,
2252 2781 2398 2837 sicut
2448 2779 2806 2845 constitutum
2836 2776 3051 2843 fuerat,
3082 2776 3139 2832 in
3180 2790 3281 2831 sua
3314 2774 3405 2851 ¹ξ¹¹
3433 2780 3551 2828 sta-

1965 2875 2114 2931 tione
2140 2873 2404 2946 perstitit,
2443 2887 2605 2928 suum
2636 2871 2821 2928 locum
2856 2868 3193 2936 defensura;
3234 2867 3382 2945 acies
3414 2881 3553 2922 vero

1964 2967 2189 3024 curialis
2244 2965 2527 3022 curialiter
2578 2964 2670 2996 ⁸⁸⁸⁸
2726 2971 2938 3019 armata
2999 2962 3146 3018 circa
3206 2959 3553 3019 Bolezlavum

1891 3079 1936 3142 ο
1969 3060 2163 3127 astitit,
2197 3059 2273 3115 ibi
2295 3059 2512 3115 victura
2541 3057 2627 3113 vel
2649 3056 2851 3112 ibidem
2878 3055 3168 3111 moritura.
3214 3051 3284 3106 At
3307 3050 3555 3106 Bolezla—

1966 3169 2088 3220 vus,
2119 3151 2308 3208 audito
2338 3151 2577 3207 clamore
2607 3149 2819 3219 populi,
2848 3147 3033 3204 statim
3060 3146 3327 3217 juvenum
3367 3142 3554 3198 multi-

1966 3244 2159 3301 tudine
2181 3242 2662 3311 eircumstantiUm
2699 3248 3028 3305 coronatus,
3078 3236 3327 3296 ascendit
3374 3235 3430 3289 in
3479 3235 3556 3289 lo—

1967 3352 2095 3393 cum
2129 3336 2422 3392 Iocuturus
2463 3331 2865 3404 aliquantulum
2911 3330 3203 3405 altiorem,
3240 3326 3427 3397 ibique
3450 3341 3552 3381 sua

1965 3428 2245 3485 locutione
2270 3427 2461 3499 probis
2493 3426 2649 3482 anxit
2676 3424 2990 3490 audaciam,
3021 3420 3234 3478 timidis
3266 3419 3551 3475 horrorem

1942 3520 2170 3577 ademit
2196 3520 2403 3591 pariter
2425 3528 2480 3575 et
2505 3518 2760 3574 timorem
2779 3516 2862 3572 sic
2888 3527 3124 3571 exorsus
3150 3526 3189 3575 ες
3246 3550 3251 3567 ς

1963 3612 2055 3668 23.
2097 3611 2193 3644 ¹⁶⁸³
2238 3610 2317 3666 De
2363 3609 2596 3667 audacia
2636 3607 2923 3698 Bolezlary
2968 3614 3019 3662 et
3061 3603 3394 3677 providentia
3433 3602 3548 3656 "".

1969 3726 1979 3750 ί
2036 3746 2159 3820 (An.
2198 3745 2381 3818 IIIO.)
2424 3745 2469 3803 0
2499 3746 2751 3816 juventus
2786 3741 2878 3775 "“
2901 3740 3088 3797 inclita
3115 3737 3351 3793 moribus
3370 3721 3421 3790 et
3452 3752 3553 3790 na-

1966 3849 2108 3907 tura,
2140 3855 2341 3893 mecum
2367 3854 2570 3909 semper
2615 3835 2828 3890 erudita
2873 3831 3028 3900 bello,
3087 3844 3289 3884 mecum
3342 3835 3555 3881 assueta

1964 3932 2169 3999 labore,
2217 3931 2389 3987 securi
2417 3931 2695 3996 sustinete,
2730 3928 2936 4000 pariter
2952 3931 3248 3995 exspectate
3275 3920 3387 3975 lati
3413 3918 3555 3973 diem

1944 4014 2277 4076 hodiernum
2303 4064 2318 4088 ,
2373 4022 2465 4092 qui
2501 4037 2594 4075 nos
2653 4016 2967 4089 triumphali
3015 4008 3288 4071 coronabit
3337 4010 3552 4065 honore.

1944 4110 2238 4169 'Hactenus
2286 4113 2509 4168 Bohemi
2556 4114 2696 4167 sicut
2739 4119 2976 4166 monstra
3017 4108 3228 4163 marina
3258 4103 3338 4160 vel
3385 4101 3554 4158 silva-

1948 4205 2078 4258 'tica
2105 4204 2169 4258 de
2191 4203 2435 4275 gregibus
2473 4204 2671 4258 nostris
2703 4202 2908 4274 aliquid
2950 4200 3195 4271 rapuisse
3221 4205 3272 4252 et
3296 4196 3301 4203 ’
3322 4209 3443 4250 cum
3490 4210 3552 4248 eo

1963 4312 2056 4379 per
2085 4295 2249 4362 sileas
2282 4284 2555 4366 aufugisse
2589 4293 2811 4348 Polonis
2840 4284 3174 4347 insultabant
3204 4295 3254 4341 et
3278 4301 3376 4357 pro
3403 4282 3553 4338 mili-

1918 4436 1933 4448 .
1968 4373 2045 4441 tia
2070 4378 2403 4457 reputabant.
2446 4385 2546 4440 Vos
2571 4401 2689 4440 vero
2715 4384 2840 4454 jam
2869 4384 2954 4437 die
2995 4382 3217 4452 septimo
3245 4387 3439 4433 terram
3467 4391 3555 4430 eo-

1972 4495 2089 4532 rum
2121 4478 2416 4544 circuistis,
2444 4460 2685 4531 villaset
2726 4473 2983 4529 suburbia
3006 4469 3377 4551 ‘combus’sistis
3404 4510 3419 4534 ,
3467 4483 3556 4521 eo-

1950 4560 2087 4625 rum
2130 4571 2315 4625 ducem
2359 4579 2411 4624 et
2453 4570 2744 4625 exercitum
2790 4571 3162 4637 congregatum
3185 4561 3417 4625 vidistis,
3446 4557 3558 4613 bel-

1969 4664 2079 4719 lum
2107 4665 2375 4735 qumsistis
2421 4679 2513 4717 nec
2550 4661 2781 4715 invenire
2825 4656 3094 4729 potuistis.
3128 4653 3330 4724 Quippe
3380 4662 3556 4705 autem

1950 4755 2143 4823 hodie,
2198 4754 2419 4810 Bolaemi
2471 4755 2520 4808 si
2552 4752 2747 4808 bellum
2795 4767 2899 4805 non
2951 4742 3344 4811 commiserint,
3380 4750 3475 4796 aut
3509 4742 3558 4795 si

1969 4846 2347 4913 commiserint,
2375 4845 2531 4900 hodie
2556 4844 2649 4877 ““
2677 4843 2788 4898 Deo
2803 4842 3024 4914 juvantc
3049 4838 3244 4894 Poloni
3261 4852 3384 4892 suas
3406 4835 3552 4902 inju-

1950 4938 2081 4991 rias
2115 4935 2479 4993 vindicabunt.
2506 4935 2576 4991 Et
2605 4953 2725 4991 cum
2748 4934 2993 5007 praelium
3022 4931 3272 5015 inieritis,
3302 4940 3554 4981 memores

1950 5030 1953 5033 ’
1970 5037 2134 5083 estote
2161 5030 2488 5101 prwdarum,
2504 5022 2868 5101 captivorum,
2885 5024 3271 5090 incendiorum,
3304 5034 3554 5074 memon”

1956 5125 2138 5178 'estote
2182 5123 2484 5195 puellarum
2531 5108 2809 5196 raptarum
2835 5165 2851 5189 ,
2914 5134 3141 5175 uxorum
3188 5124 3239 5170 et
3284 5120 3558 5167 matrona-

1952 5206 2126 5285 rum,
2170 5234 2424 5274 memores
2475 5227 2639 5273 estote
2685 5218 2923 5289 quotiens
2952 5228 3041 5268 ros
3070 5209 3160 5243 “"
3180 5207 3555 5274 irritaverant,

1060 5340 1065 5343 ‹
1133 5320 1139 5327 ’
1582 5297 1820 5360 VARI/li
1859 5305 2265 5365 LECTIONES.
2551 5311 2557 5317 ’
3042 5326 3047 5333 ‘
3286 5333 3293 5342 ν

357 5377 445 5411 ¹⁶⁰²
466 5376 618 5434 1111ιο
644 5377 701 5434 2.
782 5377 875 5410 “°'
903 5377 1157 5437 meientes
1189 5375 1434 5433 exhibent
1462 5377 1511 5430 1.
1540 5376 1596 5448 2.
1667 5375 1760 5408 ¹⁶⁰’
1785 5378 1865 5431 ita
1892 5380 2121 5435 correxi.
2150 5379 2221 5436 P.
2258 5381 2525 5439 interesse
2548 5382 2664 5438 cod.
2744 5379 2837 5411 ¹⁶⁰⁵
2863 5379 3024 5448 longa
3060 5376 3110 5429 I.
3133 5373 3190 5448 _2.
3214 5442 3239 5448 _
3268 5365 3550 5448 "fumi".

282 5447 422 5520 deest
465 5450 518 5504 1.
569 5450 625 5504 2.
725 5449 816 5482 ¹⁶⁰⁷
846 5449 1105 5520 reperivit
1150 5448 1304 5520 I._2_.

292 5517 338 5572 I.
366 5519 419 5574 2.
529 5520 621 5553 ““
643 5520 880 5577 curiales
907 5517 965 5574 ’1.
989 5519 1044 5574 2.
1146 5518 1240 5552 m‘
1267 5517 1459 5574 XXIII.
1483 5518 1624 5573 deest
1658 5518 1707 5573 I.
1738 5518 1792 5573 2.

280 5588 339 5669 1.
362 5589 414 5643 2.
496 5590 587 5627 “"
617 5591 782 5647 hodie
816 5591 1003 5659 repetit
1025 5590 1081 5646 2.
1160 5590 1252 5624 “‘7
1289 5590 1431 5645 deest
1454 5589 1509 5644 2.

1407 5448 1500 5481 ¹⁶⁰⁸
1528 5446 1871 5505 minoramus
1917 5450 1968 5504 l.

2050 5451 2143 5483 “°’
2193 5451 2247 5507 in
2300 5437 2667 5508 adauntvl.2.
2746 5450 2838 5482 “'°
2876 5437 3096 5519 qudque
3128 5445 3176 5519 I_.
3319 5440 3404 5471 ¹⁶¹¹
3433 5437 3554 5519 visa

1878 5520 1968 5552 “”
2006 5521 2307 5592 prudencia
2336 5525 2390 5580 2.
2469 5525 2561 5558 ’m
2589 5524 2848 5595 juventus
2874 5511 3083 5575 ᾱάάξὶιξι
3104 5515 3185 5571 ed.
3226 5511 3377 5567 Vars.
3410 5512 3557 5563 deest

1786 5677 2012 5737 N'JTJE.

354 5751 400 5823 (1
415 5750 504 5821 72)
546 5750 849 5827 Cydlinam.
878 5748 941 5805 Κ.
