3960 6316
519 296 633 356 ω

1695 295 2076 355 οιιιὶοΝιειΕ
2116 292 2568 352 ΡοωΝοιωΜ.

2715 210 2770 253 κά

3656 305 3741 365 9!!

530 418 786 469 inemores
807 419 969 465 estote
995 410 1234 481 quotiens
1256 409 1359 480 ipsi
1388 409 1649 480 fugientes
1670 426 1759 464 eos
1795 412 2121 480 insequentes
2145 416 2198 473 Α
2227 408 2390 478 ﬁnis!
2424 406 2542 463 Hoc
2560 406 2729 474 dicto,
2758 407 2943 464 statim
2978 408 3250 465 venabulo
3296 410 3523 479 primum
3561 414 3609 469 in
3644 423 3741 474 acie

528 509 911 578 fatigaverunt.
971 502 1114 573 Ergo
1164 503 1419 556 sustinete
1474 502 1739 556 modicum
1766 543 1781 568 ,
1825 502 2019 571 fratres
2067 509 2117 555 et

526 598 729 653 milites
753 595 994 667 gloriosi,
1020 602 1185 648 estote
1209 593 1369 663 fortes
1391 593 1446 645 in
1471 592 1628 657 bello,
1657 592 1871 661 juvenes
1900 591 1999 645 mei
2028 589 2124 645 lte-

524 686 780 743 tabundi.
828 683 1103 738 Hodierna
1154 683 1265 737 dies
1314 682 1457 736 vobis
1484 682 1715 751 conferet
1754 680 1893 752 quod
1922 696 2125 750 seraper

524 778 790 851 optastis,
835 776 1092 829 hodierna
1137 774 1249 828 dies
1292 772 1527 828 dolorem
1562 772 1754 828 delebit
1788 788 1940 843 quem
1974 781 2122 826 tanto

520 879 763 943 tempore
810 868 1200 939 comportastis.
1232 865 1359 920 Jam
1398 882 1599 920 auram
1641 875 1828 936 paret,
1874 866 1980 922 cito
2007 864 2121 919 dies

519 964 631 1019 illa
657 963 898 1035 gloriosa
941 960 1214 1015 exardebit
1244 959 1356 1025 ιω,
1382 975 1502 1029 quin
1530 959 1875 1012 traditionem
1910 967 1964 1011 'et
1995 956 2124 1027 inﬁ-

508 1056 808 1112 nlelitatent
830 1053 1184 1108 Bohemorum
1215 1050 1484 1118 reuelabit,
1507 1060 1557 1105 et
1583 1052 2048 1121 prcesumptionem
2066 1057 2121 1103 et

520 1147 833 1220 superbiam
862 1161 1046 1200 eorum
1091 1143 1443 1210 conculcab‘it,
1471 1152 1520 1197 et
1548 1158 1666 1214 quae
1698 1151 1909 1197 nostras
1946 1150 1995 1195 et
2022 1157 2120 1211 pa-

524 1249 743 1295 rentum
795 1239 1025 1309 injurias
1054 1237 1381 1301 vindicabit;
1411 1236 1523 1290 dies
1553 1237 1792 1306 inquam,
1841 1235 1955 1289 dies
1999 1233 2119 1301 illa,

524 1336 643 1388 dies
680 1347 885 1402 semper
934 1331 995 1385 in
1046 1330 1280 1384 Polonia
1334 1328 1634 1397 recolenda,
1688 1328 1800 1382 dies
1842 1328 1967 1395 illa,
2010 1327 2121 1381 dies

520 1438 726 1497 magna
754 1432 806 1479 et
855 1440 1040 1478 amara
1091 1437 1296 1493 semper
1327 1421 1577 1477 Bohemis
1611 1429 1661 1475 et
1688 1420 1972 1488 horrenda,
2009 1420 2120 1474 dies

520 1517 662 1584 illa,
703 1515 817 1571 dies
866 1515 1091 1570 Polonis
1134 1515 1399 1586 gloriosa,
1441 1514 1554 1569 dies
1582 1513 1706 1581 illa,
1734 1513 1849 1568 dies
1870 1512 2120 1568 Bohemis

522 1608 752 1671 odiosa;
811 1606 924 1660 dies
980 1608 1198 1676 inquam
1238 1605 1475 1658 omnium
1512 1604 1747 1674 tripudio
1788 1601 2117 1670 lcetabunda,

520 1714 635 1771 qua
660 1700 860 1769 frontes
892 1697 1249 1752 Boliemorum
1289 1696 1447 1751 humo
1482 1707 1630 1751 tenus
1682 1695 1773 1728 ⁸⁸³⁸
1814 1695 2117 1762 inclinabit,

526 1793 586 1845 in
621 1791 714 1825 “'°
744 1807 852 1862 qua
891 1789 1035 1845 Deus
1077 1791 1406 1861 omnipotens
1452 1805 1618 1843 cornu
1653 1788 1974 1843 humilitatis
2027 1805 2121 1842 no-

527 1893 663 1939 sme'
682 1884 906 1957 dextera
939 1899 1052 1938 sua:
1080 1884 1171 1916 ¹⁶²⁸
1197 1881 1585 1954 magnitudinis
1610 1880 1892 1936 exaltabit.
1911 1880 2124 1937 Hac‘m

529 1975 786 2031 oratione
832 1976 1101 2046 completa
1125 2017 1141 2043 ,
1188 1975 1359 2031 missa
1420 1974 1692 2046 generalis
1749 1991 1848 2046 per
1905 1989 2125 2031 omnem

531 2068 827 2123 stationem
850 2067 1187 2136 celebratur,
1227 2074 1409 2123 sermo
1437 2066 1658 2123 divinus
1679 2067 1797 2123 suis
1833 2067 2125 2137 parochia-

533 2162 623 2218 nis
652 2161 723 2217 ab
754 2161 1030 2233 episcopis
1071 2162 1418 2233 praedicatur,
1448 2161 1686 2232 populus
1714 2162 2005 2217 universus
2033 2176 2124 2216 sa-

522 2263 825 2310 crosancta
848 2255 1239 2311 communione
1258 2254 1616 2310 confirmmur
1644 2252 1792 2324 (Oct.
1814 2252 1892 2325 8).
1916 2252 2126 2320 Quibus

532 2348 639 2402 rite
674 2347 934 2418 peractis,
965 2362 1093 2403 eum
1119 2347 1387 2403 ordinatis
1425 2347 1736 2418 agminibus
1765 2360 1916 2401 more
1963 2345 2127 2401 solito

537 2439 606 2494 de
643 2439 976 2495 stationibus
1002 2439 1296 2507 exierunt,
1329 2446 1384 2495 et
1417 2439 1501 2494 sic
1528 2437 1793 2509 paulatim
1839 2437 1909 2492 ad
1954 2438 2125 2492 silva-

518 2546 661 2586 rum
692 2531 980 2588 introitum
1011 2539 1402 2603 pervenerunt.
1434 2529 1575 2586 Cum
1627 2539 1810 2586 autem
1861 2529 1929 2585 ad
1959 2530 2126 2585 silvas

536 2630 690 2677 tanta
729 2622 1030 2678 multitudo
1076 2622 1450 2693 pervenisset,
1505 2635 1683 2691 neque
1719 2619 1825 2675 loci
1870 2619 2125 2674 notitiam

530 2729 714 2785 neque
746 2716 849 2770 vias
878 2715 1169 2785 vestigium
1216 2714 1501 2769 habuisset
1524 2754 1540 2780 ,
1596 2712 1980 2782 unusquisque
2020 2710 2126 2767 sibi

536 2807 678 2861 viain
718 2822 815 2877 per
847 2807 1007 2862 devia
1041 2806 1205 2862 faciei
1221 2815 1299 2873 at,
1330 2814 1385 2861 et
1415 2805 1497 2862 sic
1539 2805 1695 2876 signa
1747 2804 1832 2859 vel
1878 2804 2125 2860 ordinem

520 2900 774 2954 retinere
818 2900 935 2970 iam
966 2899 1060 2931 ¹⁶²³
1090 2898 1406 2969 nequiebat.
1451 2898 1774 2954 0bstrusam
1807 2897 1955 2952 enim
1981 2897 2124 2952 viam

534 3004 644 3060 qua
668 2998 933 3044 venerant
958 2998 1012 3044 et
1039 3003 1234 3043 omnes
1257 2989 1397 3043 alias
1439 2987 1753 3054 audiebant,
1780 2995 1838 3043 ct
1870 2986 1993 3042 ideo
2031 3002 2128 3057 per

533 3085 681 3138 viam
711 3083 896 3150 aliam,
928 3097 1040 3138 non
1069 3096 1325 3152 capacem
1349 3089 1514 3137 tantae
1534 3079 1919 3147 multitudinis,
1949 3080 2123 3135 redie-
2149 3108 2195 3171 ο

534 3177 687 3233 ba'nt.
736 3174 855 3231 Dux
882 3190 1014 3231 vero
1060 3174 1381 3231 Bolezlavus
1408 3182 1557 3230 retro
1606 3173 1674 3229 de
1728 3174 1896 3228 latere
1930 3172 2123 3228 dextro

533 3285 662 3326 cum
686 3270 811 3326 acie
832 3269 1029 3325 curiali
1056 3268 1417 3335 subsistebat,
1459 3264 1745 3337 totumque
1770 3281 1932 3322 suum
1965 3280 2125 3321 exer-

531 3364 706 3419 citum
765 3361 910 3419 sicut
956 3369 1148 3433 pastor
1183 3361 1434 3433 egregius
1486 3359 1871 3430 praeminebat.
1924 3357 2126 3414 Comes

519 3456 769 3528 iquoque‘
791 3452 1166 3510 Scarbimirus
1207 3468 1275 3509 ex
1305 3454 1481 3508 altero
1507 3453 1675 3508 latere
1709 3452 1765 3507 in
1796 3451 1930 3508 silva
1960 3452 2126 3507 tenui

533 3548 824 3604 Bolezlavo
874 3547 1145 3614 latitabat,
1195 3546 1383 3617 ibique
1414 3544 1687 3601 Bobemos
1712 3585 1728 3613 ,
1770 3545 1818 3600 si
1856 3544 1998 3600 forte
2038 3559 2127 3599 se—

522 3650 878 3714 querentur,
940 3641 997 3695 in
1068 3639 1286 3696 insidiis
1335 3636 1706 3710 exspectabat.
1785 3637 2125 3693 Gneznensis

534 3734 685 3791 enim
710 3734 858 3793 acies
883 3741 1117 3805 patrono
1144 3731 1387 3788 Poloniae
1433 3730 1703 3798 dedicata,
1736 3745 1861 3786 cum
1897 3729 2097 3800 quibus

528 3828 661 3883 dum
693 3826 952 3898 palatinis
981 3826 1213 3896 aliisque
1243 3824 1511 3891 militibus
1536 3822 1800 3877 animosis
1822 3821 1877 3875 in
1901 3821 2125 3892 planitie

514 3919 777 3992 .quadam
800 3933 967 3989 parva
992 3918 1276 3974 dominum
1300 3915 1689 3971 subsistentem
1719 3913 1807 3945 ³⁸³⁸
1837 3923 2123 3983 exspecta-

535 4013 651 4081 bat,
679 4027 804 4085 qua:
834 4009 1087 4081 planities
1110 4010 1277 4064 silvas
1304 4008 1540 4078 maiores
1560 4023 1588 4061 a
1613 4005 1812 4061 minori
1837 4006 1969 4062 silva
1986 3998 2124 4076 prai-

537 4113 722 4162 stante
759 4103 1057 4159 dividebat.
1111 4101 1361 4170 Cumque
1413 4100 1730 4155 Bolezlavus
1782 4114 1851 4155 ex
1901 4100 2123 4171 obliquo

535 4211 703 4255 suum
758 4194 1063 4251 exercitum
1119 4208 1217 4262 per
1270 4192 1464 4247 silvam
1520 4200 1739 4247 tenuem
1779 4202 2118 4262 sequeretur,

535 4288 730 4344 videns
759 4301 892 4344 suos
920 4295 973 4342 et
996 4302 1028 4340 a
1052 4286 1169 4341 suis
1210 4285 1386 4351 visus,
1423 4284 1612 4340 hostes
1656 4285 1928 4354 reputavit
1966 4300 2119 4352 suos,

535 4398 567 4437 a
604 4380 722 4437 suis
749 4379 918 4436 etiam
940 4379 1116 4435 hostis
1139 4378 1391 4435 similiter
1412 4377 1714 4434 aestimatus
1731 4418 1748 4445 ,
1770 4376 1863 4431 sed
1895 4376 2121 4447 prepius

536 4472 774 4531 invicem
822 4471 1144 4531 accedentes
1172 4481 1227 4528 et
1254 4486 1407 4527 arma
1438 4468 1695 4525 subtilius
1745 4468 2121 4539 contemplan-

535 4576 639 4636 tes,
670 4568 825 4640 signa
874 4565 1134 4622 Polonica
1169 4571 1565 4637 cognoverunt,
1635 4572 1688 4617 et
1732 4563 1812 4618 sic
1872 4578 1906 4617 a
1966 4575 2119 4632 paene

518 4670 716 4731 empto
741 4659 947 4716 scelere
975 4657 1274 4714 desierunt.
1305 4656 1527 4711 Interim
1567 4654 1790 4710 Bohemi
1816 4653 1975 4724 quasi
2003 4652 2119 4723 iam

532 4751 672 4810 certi
698 4751 769 4807 de
794 4751 1046 4818 victoria,
1076 4766 1186 4806 non
1210 4750 1448 4805 ordinati
1491 4756 1553 4804 ut
1584 4747 1676 4780 ¹⁶¹⁸
1719 4747 1873 4818 prius
1902 4747 2121 4802 cather-

532 4844 742 4913 vatim,
803 4842 901 4900 sed
954 4858 1100 4898 unus
1145 4850 1271 4897 ante
1305 4841 1496 4907 alium,
1545 4839 1933 4912 properabant,
1989 4837 2120 4909 quia

531 4936 773 5007 Polonos
812 4935 868 4991 in
895 4935 1033 4991 silva
1060 4934 1173 5005 iam
1216 4942 1485 5005 receptos,
1516 4931 1586 4988 ad
1612 4931 1869 5003 proelium
1911 4930 2120 4987 irrevo-

531 5031 759 5100 cabiles,
808 5026 1174 5095 inordinatos,
1219 5027 1499 5083 latitantes
1548 5024 1675 5093 “5",
1726 5024 2027 5096 dispersos,
2056 5038 2119 5079 se

528 5138 728 5195 capere
770 5121 917 5179 sicut
958 5121 1171 5192 lepores
1208 5119 1555 5191 reputabant.
1597 5116 1665 5174 At
1692 5118 1918 5190 belliger
1952 5114 2117 5172 Bole-

511 5219 743 5293 1illavus,
786 5215 921 5284 visis
976 5215 1227 5270 hostibus
1281 5213 1395 5285 iam
1437 5211 1675 5278 vicinis,
1728 5208 2056 5266 exclamavit
2102 5226 2115 5263 :

532 5311 780 5382 Jttvenes,
804 5309 1028 5382 feriendi
1064 5319 1301 5363 nostrum
1328 5308 1397 5362 sit
1423 5308 1668 5372 initium,
1697 5313 1872 5358 noster
1912 5319 2115 5374 quoque

2223 500 2293 556 de
2344 500 2623 558 dextrarlo
2669 500 3006 570 suppinavit,
3032 510 3089 558 et
3120 517 3247 558 cum
3279 518 3345 559 eo
3396 504 3552 561 simul
3591 506 3743 570 υεω

2225 593 2487 662 pincerna
2561 602 2750 663 potum
2828 595 2986 650 alteri
3061 594 3402 653 mortiferum
3468 602 3740 669 proni-vit.

2227 683 2367 740 Tum
2402 685 2493 717 “’7
2518 700 2652 741 vero
2687 685 2949 755 juventus
2996 684 3255 742 Polonica
3287 688 3528 743 certatim
3554 689 3744 760 irruat,

2225 776 2429 833 lanceis
2452 778 2606 847 prius
2635 777 2839 832 bellum
2864 777 3128 845 inferunt,
3153 779 3354 850 quibus
3376 781 3594 851 expletis
3618 798 3749 840 cases

2222 874 2485 933 exerunt,
2515 866 2676 936 clipei
2716 876 2928 937 paucos
2967 866 3037 924 de
3080 866 3339 924 Bchemis
3382 871 3749 930 accede-milii

2224 958 2466 1028 clepunt,
2494 958 2680 1015 loricas
2708 960 2928 1029 pondus
2948 975 3060 1016 non
3082 960 3393 1017 subsidium
3419 962 3525 1018 illis
3544 964 3749 1032 reddant,

2214 1050 2392 1121 galeae
2445 1051 2715 1117 honorem
2745 1052 2826 1109 ibi
2864 1052 3153 1123 capitibus
3193 1067 3303 1111 non
3347 1055 3571 1111 salutent
3604 1059 3751 1127 acqui-

2224 1150 2375 1199 runt.
2414 1141 2495 1198 lbi
2540 1144 2693 1199 ferro
2736 1143 2948 1201 ferrum
2996 1145 3249 1211 acuitur,
3296 1146 3374 1203 ibi
3425 1147 3575 1203 miles
3613 1151 3751 1205 audax

2225 1234 2576 1305 cognoscitur
2603 1277 2619 1303 ,
2684 1236 2763 1292 ibi
2822 1237 3019 1293 virtus.
3064 1238 3267 1295 virtute
3335 1240 3583 1299 vincitur.
3646 1241 3752 1297 Cor-

2224 1341 2358 1397 pora
2657 1360 2661 1365 -

2294 1414 2479 1475 Strata
2500 1418 2705 1489 iacent,
2727 1420 2930 1477 sudore
2960 1421 3143 1478 vultus
3162 1431 3219 1479 et
3244 1431 3469 1493 pectora
3496 1424 3704 1490 madent,

2224 1511 2495 1582 sanguine
2527 1511 2631 1567 rivi
2680 1522 2930 1580 manant,
2980 1514 3216 1584 iuvenes
3268 1515 3464 1572 Poloni
3522 1519 3755 1573 clauum:

2226 1601 2320 1659 Sic
2347 1613 2426 1658 est
2448 1605 2616 1659 virtus
2643 1606 2990 1676 approbando
3015 1609 3144 1663 viris
3170 1648 3186 1674 ,
3222 1610 3301 1662 sic
3342 1610 3495 1679 fama
3540 1610 3761 1679 «eum,

2225 1710 2327 1748 non
2350 1695 2587 1766 praedam
2609 1696 2797 1766 furtim
2824 1699 3078 1768 rapiendo
3104 1699 3401 1772 silvamque
3422 1702 3626 1771 petendo
3649 1704 3754 1772 rspi-

2156 1761 2198 1817 Β
2226 1761 2415 1841 dorum
2450 1804 2594 1843 more
2609 1761 2898 1860 luporum;
2922 1790 2999 1846 lbi
3032 1791 3249 1864 fulgens
3279 1761 3623 1848 loricatorum

2226 1880 2598 1939 Bobemorum
2644 1893 2699 1939 et
2730 1882 3234 1953 Theutonicorum,
3283 1903 3413 1957 qua:
3456 1886 3617 1956 prima
3648 1885 3754 1954 fuit,

2226 1971 2404 2043 prima
2429 1974 2670 2041 corruit,
2701 1985 2919 2046 gravata
2947 1976 3210 2047 pondere,
3237 1993 3352 2033 non
3377 1978 3576 2048 adiuta.
3606 1977 3757 2034 Adhuc

2228 2072 2411 2120 tamen
2437 2065 2553 2120 dux
2577 2064 2945 2131 Bobemorum
2974 2067 3094 2123 vice
3130 2069 3379 2125 secunda
3402 2111 3421 2136 ,
3452 2070 3600 2126 tertia
3621 2111 3635 2135 ,
3669 2071 3755 2141 ian

2227 2155 2361 2213 tl'ore
2388 2158 2600 2214 militias
2626 2167 2903 2231 prostrata
2921 2160 3163 2231 iacente,
3190 2177 3360 2217 suum
3382 2163 3661 2234 dampnata
3685 2178 3754 2218 ca—

2229 2258 2408 2308 tervas
2435 2260 2767 2323 retorquens
2806 2253 3089 2310 vindicare
3139 2256 3445 2323 nitebatur,
3491 2271 3757 2328 semperque

2228 2359 2455 2401 suorum
2487 2346 2771 2418 congeries
2802 2347 3181 2405 corruentium
3216 2349 3541 2419 augebatur.
3586 2348 3758 2404 Scsrlii-

2228 2438 2406 2495 mirus
2444 2453 2666 2510 quoque
2687 2455 2819 2495 cum
2847 2440 2964 2496 acie
2993 2441 3266 2511 palatina,
3321 2442 3463 2498 silva
3513 2441 3761 2507 dividente.

2227 2545 2352 2584 eum
2407 2530 2531 2587 aliis
2577 2529 2947 2587 Bohemorum
2993 2531 3303 2605 agminibus
3343 2533 3661 2599 dimicabat,
3702 2533 3755 2587 ita

2226 2619 2375 2690 quod
2402 2619 2724 2678 Bolezlavus
2746 2622 2813 2676 de
2844 2619 3183 2678 Scarbimiro
3208 2623 3291 2679 vel
3332 2622 3676 2680 Scarbimirus
3707 2623 3756 2678 de

2226 2709 2515 2767 Bolezlavo
2553 2713 2774 2783 penitus
2809 2714 2900 2769 ubi
2946 2723 3117 2770 staret
3154 2716 3240 2771 vel
3264 2715 3311 2770 si
3343 2716 3593 2787 prmlium
3618 2723 3757 2786 ageret

2228 2800 2535 2873 ignorabat.
2574 2802 2700 2874 (An.
2730 2803 2916 2875 1110.)
2945 2802 3025 2859 Ex
3062 2814 3186 2861 utra
3217 2815 3375 2876 parte
3398 2805 3541 2862 Mars
3575 2822 3683 2861 suas
3699 2806 3758 2859 vi.

2227 2909 2316 2949 res
2343 2902 2583 2962 exercet,
2610 2895 2833 2951 fortuna
2869 2896 3027 2963 ludit,
3071 2908 3191 2953 rota
3240 2897 3599 2954 Bobemorum
3642 2914 3758 2952 evir-

2230 2994 2403 3050 satur,
2436 3001 2468 3041 a
2500 2984 2691 3043 Parcis
2716 2987 2807 3043 illa
2849 2987 3219 3044 Bohemorum
3248 3003 3508 3046 secantur
3548 2989 3760 3057 “",Cce

2230 3078 2393 3134 berus
2426 3094 2525 3135 ora
2552 3082 2799 3145 vorantia
2841 3082 3010 3150 laxat,
3044 3085 3277 3155 portitor
3308 3085 3601 3142 Acheronti
3639 3083 3761 3138 navi-

2229 3172 2409 3243 gando
2471 3173 2717 3242 laborat,
2792 3174 3122 3247 Proserpina
3165 3178 3329 3246 ridet,
3387 3177 3563 3235 Furias
3605 3175 3760 3250 viperic

2229 3280 2331 3319 nas
2381 3264 2473 3297 ¹⁶¹⁹
2508 3266 2618 3323 illis
2649 3276 2829 3324 vestes
2876 3270 3190 3339 explicant,
3246 3270 3579 3327 Eumenides
3608 3269 3759 3325 balnea

2230 3354 2473 3431 sulfurea
2499 3367 2733 3429 parant,
2762 3358 2922 3416 Pluto
2951 3360 3103 3433 iubet
3126 3361 3384 3434 Ciclopes
3413 3363 3596 3434 dignas
3624 3360 3756 3416 {alui-

2229 3462 2355 3502 eare
2400 3463 2635 3507 coronas
2656 3452 2923 3510 militibus
2957 3454 3152 3510 merito
3175 3457 3529 3525 venerandis,
3553 3455 3759 3511 dentibus

2227 3543 2489 3609 anguinis
2529 3544 2734 3617 linguis
2762 3564 2865 3603 nec
2891 3564 3002 3604 non
3048 3549 3393 3607 draconinis.
3443 3550 3577 3617 Quid
3613 3546 3757 3603 multis

2227 3640 2547 3698 moramur?
2589 3638 2849 3695 V'identes
2891 3639 3117 3696 Bohemi
3148 3656 3308 3697 suam
3357 3658 3577 3698 causam
3613 3640 3755 3697 divino

2219 3734 2431 3805 iudicio
2460 3748 2571 3787 non
2599 3732 2845 3802 placere,
2883 3740 2938 3788 et
2976 3731 3307 3789 Polonorum
3350 3734 3625 3790 audaciam
3662 3745 3757 3786 cum

2221 3826 2436 3896 iustitia
2469 3825 2765 3896 prmvalere
2786 3866 2802 3893 ,
2840 3840 3071 3881 suorum
3101 3825 3177 3880 ibi
3209 3826 3502 3882 meliorum
3529 3825 3631 3881 acie
3653 3838 3753 3895 pro-

2227 3926 2400 3976 strata
2430 3918 2772 3984 catervatim,
2802 3918 2965 3974 divisi
2996 3916 3185 3990 fugam
3232 3918 3535 3989 arrlpiunt,
3574 3930 3661 3972 nec
3682 3926 3754 3969 eos

2226 4007 2414 4079 fugere
2459 4007 2651 4065 Poloni
2704 4010 2893 4065 statim
2942 4010 3252 4080 percipiunt
3282 4011 3377 4043 ¹⁶⁸⁰
3403 4052 3420 4080 ,
3474 4010 3565 4067 sed
3610 4006 3752 4077 fugam

2225 4101 2488 4156 simulare
2512 4102 2760 4157 credunt.
2789 4100 3067 4157 Convallis
3086 4101 3233 4157 enim
3274 4102 3459 4157 media
3483 4100 3698 4172 qundam
3714 4104 3755 4150 ει

2225 4192 2361 4248 silva
2389 4191 2663 4248 Bohemos
2708 4182 3020 4265 adiuvabat,
3073 4208 3197 4263 qua:
3246 4191 3435 4264 fugam
3488 4207 3655 4248 eorum
3691 4188 3752 4244 vel

2223 4282 2453 4338 insidias
2479 4284 2805 4349 occultabat.
2841 4284 2966 4339 Ideo
2986 4285 3097 4340 dux
3127 4285 3462 4341 Polonorum
3488 4283 3751 4340 Bolezlavus

2223 4374 2427 4429 milites
2469 4375 2807 4446 impetuosos
2845 4384 3286 4447 praesumptuose
3328 4376 3577 4449 persequi
3606 4372 3751 4445 prdu-

2153 4462 2197 4525 D
2222 4469 2403 4536 bebat,
2430 4471 2559 4541 quia
2590 4470 2867 4527 cautelam
2899 4469 3271 4527 Bobemowm
3308 4479 3365 4527 et
3397 4470 3612 4529 insidias
3630 4465 3751 4524 dubi-

2222 4561 2391 4637 tabat.
2433 4558 2727 4631 Comperta
2754 4560 2973 4616 tandem
3006 4559 3199 4617 Poloni
3224 4577 3355 4619 vera
3375 4561 3504 4634 fuga
3532 4559 3749 4615 Bobemo-

2222 4668 2383 4720 rum,
2431 4651 2784 4722 insequentes
2808 4652 3024 4719 statim,
3050 4653 3239 4709 laxant
3285 4670 3512 4711 suorum
3557 4652 3748 4709 habenas

2221 4759 2513 4816 equorum.
2546 4744 2691 4815 Ergo
2720 4745 2879 4816 potiti
2915 4744 3106 4801 Peloni
3156 4746 3390 4802 victoria
3443 4740 3745 4815 triumphali.

2224 4838 2489 4895 redeundi
2546 4838 2833 4895 Poloniam
2885 4840 2988 4895 iter
3037 4840 3315 4910 inceptum
3363 4841 3745 4904 dinei-unusne:

2224 4932 2502 4988 sauciatos
2536 4931 2595 4986 in
2633 4930 2893 4987 Bobemia
2923 4931 3218 4988 redeuntes
3255 4948 3441 4989 secum
3474 4931 3653 4993 ferunt,
3679 4938 3743 4987 se.-

2221 5034 2369 5095 ptem
2393 5025 2571 5081 tribus
2606 5024 2696 5056 “"
2734 5024 2963 5094 adiectis
2984 5024 3272 5091 denarium
3314 5021 3644 5096 profectionis
3675 5014 3742 5046 “"

2223 5133 2516 5173 numerum
2547 5117 2931 5188 impleverunt.
2982 5116 3065 5172 Ad
3094 5117 3200 5172 hoc
3229 5117 3376 5172 enim
3408 5115 3737 5171 detrimentum

2221 5218 2276 5266 et
2322 5208 2560 5265 dedecus
2602 5210 2798 5266 bellica
2857 5225 2992 5281 gens
3048 5209 3422 5288 Bohemorum‘
3468 5206 3737 5263 traditarum

2224 5302 2558 5360 factionibus
2583 5311 2668 5358 est
2697 5304 2938 5369 redacta,
2977 5301 3125 5373 quod
3181 5318 3332 5373 ptrue
3360 5299 3608 5356 militibus
3635 5308 3737 5363 ρω-

1840 5438 2078 5496 VARI-AI
2119 5438 2523 5496 LECTIONES.

513 5567 524 5585 ’
609 5587 698 5622 ⁸⁸η
720 5584 965 5643 exarcbit
993 5583 1037 5637 l.
1069 5584 1125 5637 9..
1200 5583 1290 5615 ¹⁶¹⁹
1314 5584 1481 5636 humo
1509 5596 1673 5635 remis
1701 5597 1795 5651 pro
1825 5579 2156 5635 lmmotenus
2183 5574 2541 5651 errones
2614 5568 2709 5651 δ”)
2734 5576 2985 5651 ηερμες-ελ
3032 5572 3346 5651 "’tsuag;
3398 5566 3482 5603 ¹⁶”
3571 5569 3733 5651 ακεειζξο

532 5665 609 5711 ml
647 5627 1008 5712 εξῂῆίῖλῖἶᾷἶῆ
1161 5653 1252 5684 ’⁸³³³
1825 5627 2468 5710 T53"&é£§f26déifin?
2492 5627 2632 5699 deest
2670 5627 2782 5699 ἓξ
2808 5627 3083 5699 ¹⁶²⁷ῨΟιηιι
3223 5627 3226 5628 ν
3256 5644 3346 5677 ⁸⁸⁸⁸
3373 5650 3608 5703 occantur
3630 5631 3667 5685 l.
3686 5627 3728 5680 ἳο

535 5728 623 5774 ἓ⁰²³
649 5727 940 5798 'cnperinas
968 5725 1020 5779 2.
1103 5725 1191 5756 ¹⁶³⁰
1222 5724 1527 5795 pst-cipiunt
1555 5723 1607 5776 '2.

1692 5722 1776 5754 ³⁸³³
1814 5721 2190 5791 superioribus
2228 5720 2271 5774 Ι.
2302 5719 2355 5772 2.
2436 5718 2525 5748 ¹⁶³²
2550 5715 2900 5787 perfectionis
2946 5715 2993 5768 i.
3032 5716 3085 5770 2.
