3960 6316
107 349 121 358 ’
190 346 306 408 929

1470 354 1480 369 ’
1519 358 1731 416 LIBER.
1761 359 2079 419 TERTIUS.

3353 371 3479 431 ἔξω

185 467 285 523 bis
309 477 365 524 et
388 469 758 525 nobilioribus
783 469 896 537 “"3,
938 470 1273 527 Pol'onorum
1312 474 1631 531 conculcata
1673 479 1777 534 sub
1805 490 1853 547 Α
1880 464 2241 545 introductis,
2279 477 2615 549 ignoscendo
2666 474 2828 536 suum
2875 481 3119 540 animum
3154 487 3467 560 mitigat-iu,

182 561 452 632 pedibus,
477 571 561 617 est
584 570 795 618 exacta.
827 561 905 617 Ibi
935 579 1154 634 quoque
1192 578 1319 621 cum
1360 563 1620 623 Bohemis
1645 568 1797 671 Zbi~4

182 667 373 723 gneus
412 653 662 710 interfuit
766 654 855 710 cui
895 654 1103 728 fugisse
1161 657 1415 713 similiter
1470 662 1637 730 quam
1699 653 1793 723 ibi?

180 745 417 801 stetisse
465 746 589 815 plus
621 741 839 818 profuit.
872 747 1063 803 Poloni
1091 765 1223 804 vero
1259 751 1326 805 de
1352 750 1611 806 Bubemia
1646 770 1774 809 cum

174 834 400 906 ingenti
432 838 669 907 tripudio
692 838 1031 907 remeantes,
1058 841 1419 911 omnipotenti
1452 841 1563 896 Deo
1594 853 1787 914 grates

168 922 494 998 impendunt
512 931 815 998 aeternales,
828 942 881 987 et
902 931 1186 989 Bolezlavo
1207 934 1565 1005 triumphanti
1584 936 1773 993 laudes

172 1015 439 1073 referunt
462 1020 848 1090 triumphales.

253 1107 454 1162 24)”
486 1108 567 1164 De
591 1112 891 1166 uastatione
914 1121 1068 1168 terrae
1096 1111 1309 1169 Prusia
1327 1131 1421 1186 per
1447 1114 1698 1172 Polonos.
1740 1126 1743 1127 '

249 1197 390 1255 Item
411 1200 641 1272 impiger
660 1201 979 1261 Bolezlavus
1000 1206 1462 1278 yemalitempore
1481 1223 1589 1263 non
1611 1208 1771 1280 quasi

166 1290 491 1347 desidiosus
520 1293 579 1347 in
610 1294 723 1349 otio
754 1298 1026 1367 requievit
1055 1340 1070 1366 ,
1095 1299 1193 1354 sed
1237 1298 1519 1355 Prussiam
1563 1308 1767 1356 terram

164 1384 427 1453 aquiloni
487 1386 798 1458 contiguam
825 1430 841 1456 ,
892 1389 1013 1460 gelu
1075 1392 1428 1448 eonstrictam
1480 1393 1766 1462 introivit,

163 1490 305 1530 cum
337 1476 502 1531 etiam
527 1477 759 1534 Romani
786 1481 1063 1553 principes
1086 1483 1140 1537 in
1167 1484 1420 1540 barbaris
1449 1487 1767 1542 nationibus

161 1566 516 1626 debellantes
543 1614 557 1639 ,
603 1571 657 1626 in
687 1575 1007 1644 praeparatis
1031 1576 1430 1633 munitionibus
1451 1588 1730 1649 ycmarent
1747 1621 1762 1647 ,

159 1672 357 1729 neque
396 1667 511 1716 tota
560 1670 717 1734 yeme
751 1665 1068 1721 militarent.
1114 1665 1249 1723 illuc
1280 1668 1426 1723 enim
1456 1671 1721 1726 introieris
1746 1713 1761 1739 ,

162 1748 349 1818 glacie
371 1750 591 1806 lacuum
613 1763 665 1808 et
690 1754 951 1824 paludum
989 1773 1091 1828 pro
1124 1767 1288 1830 ponte
1316 1761 1591 1830 utebatur,
1632 1763 1761 1833 quia

1880 580 1934 626 et
1966 570 2298 643 Zbignevum
2329 586 2455 625 cum
2484 571 2667 627 verbis
2705 572 3085 643 hujuscemodi
3132 580 3479 641 conditionis
3578 590 3595 605 ’

1878 663 1934 718 in
1968 661 2252 720 Poloniam
2274 664 2552 719 revocavit
2575 706 2590 731 ,
2613 664 2884 733 videlicet,
2933 668 2979 724 si
3011 670 3192 731 verbis
3225 688 3339 729 sua:
3380 675 3459 732 ιο-

1876 755 2113 827 gationis
2147 770 2306 811 mens
2351 756 2575 812 humilis
2624 758 2984 816 concordaret
3010 800 3026 826 ,
3072 770 3127 819 et
3166 764 3213 819 si
3260 780 3320 821 se
3357 781 3463 836 pro

1874 849 2046 904 milite
2073 864 2183 903 non
2211 863 2311 920 pro
2334 848 2561 904 domino
2595 858 2912 919 reputaret,
2941 838 3044 908 nec
3067 854 3237 911 ullam
3267 872 3460 928 super-

1872 941 2020 996 biam
2073 942 2330 1012 deinceps
2382 956 2485 996 nec
2522 941 2695 996 ullum
2749 941 3059 999 dominium
3113 955 3456 1017 ostentaret,

1780 1042 1787 1051 ‘
1872 1031 2112 1088 fraterna
2142 1032 2370 1095 caritate
2402 1034 2495 1066 ¹⁶⁸⁵
2523 1033 2772 1105 quaedam
2796 1036 3019 1093 castella
3054 1036 3156 1093 sibi
3187 1039 3377 1106 daret,
3404 1051 3475 1098 ct-

1871 1124 1918 1179 si
1952 1140 2161 1179 veram
2210 1125 2575 1181 humilitatem
2621 1126 2679 1181 in
2723 1141 2791 1182 eo
2842 1143 3138 1199 veramque
3172 1132 3458 1189 caritatem

1869 1218 2246 1288 prospiceret,
2274 1234 2495 1289 semper
2517 1234 2645 1276 eum
2671 1218 2728 1275 in
2753 1221 2951 1277 melius
2977 1223 3307 1281 cottidie“Mi
3341 1240 3461 1296 pro-

1869 1318 2114 1365 moveret
2152 1310 2265 1377 (an.
2302 1311 2501 1382 illi);
2546 1312 2637 1367 sin
2685 1329 2819 1371 vero
2856 1316 3259 1372 contumaciam
3306 1318 3471 1373 illam‘

1868 1401 2152 1470 antiquam
2176 1442 2192 1469 ,
2230 1401 2287 1455 in
2315 1402 2479 1458 corde
2507 1402 2842 1459 discordiam
2879 1406 3218 1474 occultaret,
3260 1408 3469 1467 melius

1868 1500 2011 1552 esset
2039 1534 2056 1560 ,
2088 1500 2334 1563 apertam
2363 1494 2804 1551 discordiam‘W
2831 1512 3001 1567 quam
3035 1498 3232 1557 iterum
3255 1515 3471 1559 novam‘

1869 1584 2191 1640 seditionem
2241 1585 2296 1639 in
2340 1584 2629 1642 Poloniam
2662 1595 2989 1658 reportaret.
3040 1589 3112 1645 At
3141 1589 3464 1662 Zhigncuus

1867 1686 2160 1741 stultorum
2201 1684 2449 1743 consiliis
2488 1686 2890 1756 acquiesccns,
2936 1690 3223 1758 promissae
3268 1692 3467 1761 subje—

1865 1777 2064 1831 ctionis
2076 1784 2132 1831 et
2158 1776 2483 1835 humilitatis
2508 1776 2736 1833 minime
2761 1779 3099 1847 recordatus,
3123 1780 3191 1835 ad
3210 1780 3455 1843 Bolezla—

160 1841 478 1913 nullusmﬂ
495 1843 677 1901 aditus
707 1846 848 1903 alius
863 1844 1038 1904 ""in
1067 1842 1214 1905 illam
1263 1853 1496 1923 patriam
1519 1853 1613 1887 ⁸⁸³⁷
1645 1856 1754 1911 nisi
1794 1852 1847 1911 Β
1865 1882 1996 1923 eum
2026 1881 2136 1920 non
2167 1866 2447 1921 humiliter
2477 1867 2572 1921 sed
2627 1877 2949 1939 arroganter
2995 1841 3095 1926 est.
3122 1841 3410 1942 ingressus
3432 1914 3463 1939 ,.

163 1930 408 1990 lacubus
440 1932 535 1967 *⁸⁸³
580 1943 636 1989 et
679 1937 973 2006 paludibus
1013 1939 1459 2011 invenitur.,Qui
1503 1956 1629 2001 cum
1673 1947 1758 2001 la-

160 2038 270 2080 cus
300 2032 357 2080 et
380 2026 604 2095 paludes
632 2030 1023 2099 pertransisset
1068 2041 1121 2090 et
1164 2035 1221 2090 in
1255 2043 1459 2091 terram
1488 2039 1761 2095 habitabi-

158 2114 277 2170 lem
321 2117 663 2186 pervenisset
686 2161 701 2187 ,
726 2134 837 2176 non
862 2122 917 2177 in
947 2138 1060 2179 uno
1096 2126 1219 2182 loco
1247 2129 1474 2200 resedit,
1514 2144 1624 2186 non
1666 2148 1759 2188 ea-

161 2207 329 2263 stelia
353 2250 370 2276 ,
400 2223 512 2264 non
542 2210 790 2267 civitates
815 2256 830 2281 ,
862 2216 992 2285 quia
1027 2217 1103 2272 ibi
1147 2220 1317 2287 nulla,
1364 2221 1469 2278 sibi
1500 2223 1751 2293 obsedit,

158 2299 370 2371 quippe
420 2301 529 2358 situ
570 2303 779 2359 loci‘et
828 2308 1104 2365 naturalis
1140 2313 1340 2382 positio
1382 2316 1621 2386 regionis
1658 2332 1757 2388 per

157 2390 751 2450 insulas‘lacubusm'
776 2406 829 2452 et
849 2399 1145 2468 paludibus
1166 2410 1251 2457 est
1274 2405 1483 2460 munita
1507 2448 1523 2474 ,
1571 2418 1625 2462 et
1658 2410 1771 2477 per

157 2491 346 2540 sortes
371 2484 730 2544 hereditarias
752 2490 1006 2547 ruricolis
1032 2501 1088 2547 et
1114 2493 1515 2554 habitatoribus
1536 2498 1753 2569 dispar-

154 2577 285 2632 tita.
317 2576 488 2649 Igitur
515 2579 748 2652 belliger
776 2581 1099 2640 Bolezlavus
1137 2600 1235 2657 per
1266 2586 1416 2644 illam
1456 2590 1748 2647 barbaram

154 2669 443 2726 nationem
473 2672 679 2743 passim
702 2672 1037 2744 discurrens,
1053 2679 1291 2747 praedam
1315 2680 1640 2739 immensam
1656 2683 1763 2717 “5"

153 2755 329 2826 cepit,
362 2756 514 2812 viros
535 2764 593 2812 et
615 2758 875 2815 mulieres
896 2801 910 2826 ,
948 2776 1151 2832 pueros
1191 2772 1246 2820 et
1288 2766 1520 2837 puellas,
1552 2783 1747 2827 servos

152 2855 216 2903 et
242 2849 472 2904 ancillas
520 2840 951 2909 innumerabiles
993 2857 1289 2925 captivavit
1313 2901 1328 2926 ,
1374 2860 1601 2917 aedilicia
1640 2863 1749 2918 vil-

148 2942 354 3013 lasque
385 2942 591 2997 multas
614 2945 1030 3014 concremavit,
1072 2962 1200 3003 eum
1237 2950 1442 3020 quibus
1484 2953 1744 3009 omnibus

146 3034 215 3090 in
240 3032 531 3091 Poloniam
559 3035 681 3095 sine
703 3037 899 3107 prmlio
938 3040 1240 3109 remeavit,
1293 3043 1440 3112 quod
1485 3045 1740 3113 proelium

144 3137 274 3183 tum
300 3127 389 3159 ““
412 3127 662 3182 invenire
692 3129 817 3198 plus
838 3130 925 3185 his
953 3132 1212 3189 omnibus
1235 3137 1530 3205 exoptavit.

1864 1973 1969 2013 nec
2013 1958 2160 2013 sicut
2193 1957 2359 2012 homo
2396 1958 2567 2028 longo.
2603 1966 2718 2012 tam
2764 1958 2929 2017 exilio
2961 1962 3262 2033 castigatus
3284 2003 3299 2029 ,
3330 1973 3465 2031 ιλιι-υ

1860 2050 2047 2125 lisque
2060 2054 2345 2109 laboribus
2361 2060 2419 2108 et
2432 2053 2672 2109 miseriis
2691 2051 2969 2123 fatigatus,
2984 2067 3171 2124 ymmo
3194 2054 3337 2110 sicut
3350 2053 3466 2109 dom

1858 2145 2044 2200 minus
2065 2158 2191 2199 cum
2219 2159 2355 2200 ense
2378 2142 2750 2214 praecedente,
2781 2157 2908 2198 cum
2937 2143 3253 2214 simphmiia
3275 2144 3463 2199 mosi»

1858 2251 2047 2293 eorum
2072 2236 2348 2308 tympanis
2372 2247 2428 2291 et
2445 2236 2653 2308 cytaris
2669 2235 3075 2291 modulantium
3093 2237 3461 2306 prmium;

1856 2343 1965 2384 non
1994 2329 2325 2385 serviturum
2353 2326 2451 2383 sed
2477 2334 2836 2399 regnaturum
2865 2326 3223 2398 designabat,
3250 2342 3366 2382 non
3388 2342 3451 2383 se

1857 2421 1961 2477 sub
1988 2420 2159 2475 fratre
2180 2419 2543 2474 militaturum
2570 2416 2668 2473 sed
2696 2414 3123 2488 superfratrem
3144 2417 3455 2489 imperatus

1852 2529 1978 2569 rum
2005 2511 2393 2584 praetendebat.
2410 2509 2575 2578 Quod
2604 2510 2831 2581 quidam
2858 2508 3137 2579 sapientes
3155 2509 3210 2564 in
3233 2518 3457 2580 partem

1853 2608 2017 2663 aliam
2048 2622 2215 2678 quam
2246 2605 2519 2678 Zbigneus
2549 2602 2740 2659 forsan
2765 2603 3103 2674 cogitaverat
3124 2611 3453 2671 noverunt,

1848 2710 1902 2758 et
1930 2700 2222 2757 consilium
2263 2697 2552 2777 B_olczlavo
2588 2696 2696 2752 tale
2725 2702 3117 2767 suggesserunt
3144 2737 3160 2763 ,
3192 2695 3341 2767 quod
3384 2710 3449 2750 se

1848 2794 2035 2850 statim
2086 2789 2387 2848 credidisse
2428 2787 2689 2859 paenituit
2710 2828 2728 2855 ,
2758 2801 3085 2858 semperque
3132 2801 3196 2842 se
3234 2785 3451 2853 fecisse

1847 2885 2134 2956 paenitebit
2187 2884 2366 2952 (ιη),
2426 2882 2630 2936 talibus
2668 2880 2925 2936 videlicet
2973 2878 3161 2935 verbis
3202 2888 3450 2936 mentem

1846 2980 2143 3035 humanam
2173 2976 2533 3033 accendentes
2566 2993 2579 3028 :
2608 2972 2719 3028 Illic
2750 2973 2911 3028 homo
2956 2973 3124 3027 tantis
3154 2972 3447 3027 calamitas.

1849 3069 1991 3123 tibus
2014 3069 2278 3126 contritus
2304 3108 2318 3133 ,
2350 3076 2464 3121 tam
2495 3066 2655 3137 longo
2676 3066 2840 3120 exilio
2863 3066 3131 3133 detrusus,
3154 3065 3305 3119 aditu
3332 3066 3451 3135 pri-1

1847 3179 1935 3216 me
1983 3179 2102 3216 cum
2152 3169 2302 3215 tanta
2352 3161 2501 3232 fastu
2547 3160 2843 3231 superbic,
2889 3161 2957 3215 de
3002 3161 3230 3232 singulis
3269 3161 3451 3215 adhuc

181 3236 382 3294 25)”
409 3238 489 3293 De
512 3240 795 3294 concordia
826 3240 1059 3314 Zbigney
1089 3243 1231 3317 falsa
1258 3228 1375 3300 cum
1401 3246 1703 3305 Bolezlavo.
1769 3221 1813 3282 Ο
1847 3255 2076 3308 incertus
2104 3221 2421 3324 ingreditur,
2445 3253 2576 3324 quid
2605 3221 2769 3322 j‘aciet
2869 3252 3052 3323 [tauro
3078 3221 3175 3320 ,νεὶ
3199 3253 3305 3309 sibi
3342 3268 3449 3322 per.

222 3325 492 3386 Hostibus
516 3331 702 3402 itaque
725 3330 1045 3391 Bolezlavus
1067 3378 1081 3403 ,
1108 3336 1251 3392 sicut
1271 3338 1477 3394 dictum
1504 3349 1587 3396 est
1612 3385 1628 3409 ,
1656 3359 1742 3399 re-

143 3410 417 3490 frenatis,
447 3423 644 3479 ducem
690 3423 1044 3483 Bohemicum
1077 3430 1254 3501 coegit
1294 3429 1520 3487 fratrem
1576 3434 1741 3489 mini-

145 3518 341 3584 mum,
366 3532 528 3587 quem
555 3533 721 3589 supra
741 3519 984 3576 diximus
1011 3563 1026 3588 ,
1072 3521 1127 3576 in
1170 3523 1491 3581 hereditatis
1535 3530 1738 3584 sortem

143 3609 417 3680 recipere,
449 3610 779 3681 quibusdam
811 3612 1125 3669 civitatibus
1152 3614 1302 3686 (175)
1327 3616 1430 3673 sibi
1453 3619 1595 3675 datis
1622 3619 1734 3692 (an.
1758 3620 1761 3625 ’

146 3699 338 3770 illi).
378 3698 498 3766 Quo
522 3699 667 3756 facto
691 3700 967 3775 Zbigneus
997 3705 1282 3764 Bolezlavo
1311 3725 1413 3765 suo
1460 3709 1615 3767 fratri
1660 3712 1737 3768 le-

145 3792 426 3863 gationem
460 3793 654 3861 misit,
688 3793 1119 3855 misericorditer
1161 3802 1551 3872 supplicando,
1595 3821 1735 3876 qua-

144 3884 303 3939 tinus
338 3885 578 3957 aliquam
605 3880 945 3957 particulam
965 3890 1282 3950 hereditatis
1308 3904 1567 3966 paternae,
1595 3900 1738 3956 sicut

142 3976 656 4034 dux'Bohemorum
690 3995 791 4035 suo
821 3980 1013 4053 fratri,
1047 3985 1149 4039 sibi
1170 4002 1387 4059 quoque
1416 3992 1737 4049 concederet

144 4070 598 4140 ea‘conditione,
626 4073 773 4144 quod
799 4075 1219 4132 nullatenusim
1250 4079 1304 4154 iu
1328 4081 1610 4152 "aliquibus
1656 4086 1735 4140 illi

145 4170 463 4235 coaequaret
487 4207 501 4231 ,
544 4165 645 4223 sed
671 4160 823 4223 sicut
859 4168 1018 4225 miles
1067 4169 1290 4235 domino
1322 4189 1540 4245 semper
1580 4186 1634 4231 et
1678 4178 1737 4235 in

1845 3354 2008 3399 testas
2056 3344 2240 3415 aliqua
2287 3344 2354 3398 de
2402 3360 2560 3415 regno
2608 3342 2852 3398 Polom'w
2892 3342 3443 3398 concedatur?Aliud

1843 3451 2061 3508 quoque
2109 3435 2287 3506 majus
2357 3444 2415 3492 et
2464 3436 2830 3507 periculosius
2881 3443 3194 3491 asserentes
3225 3476 3241 3501 ,
3286 3435 3449 3507 (μιοώ

1841 3529 1959 3599 ipse
1989 3528 2238 3587 videlicet
2268 3527 2545 3599 Zbigneus
2567 3527 2868 3597 quemlibet
2897 3526 3167 3598 cujusque
3195 3528 3447 3598 generis;

1839 3620 2063 3678 divitem
2090 3621 2206 3677 sive
2235 3635 2531 3691 pauperem
2560 3661 2575 3687 ,
2609 3620 2727 3690 jam
2756 3628 3039 3689 repertum
3080 3628 3136 3676 et
3163 3620 3443 3675 constiuh

1840 3724 1955 3770 tute.
1980 3713 2221 3779 haberet,
2250 3713 2346 3784 qui
2372 3711 2719 3768 Bolezlavum
2743 3721 3016 3784 oportuno
3031 3711 3143 3768 sibi
3160 3712 3282 3768 loco
3308 3726 3443 3767 con-4

1839 3808 2079 3864 siderato
2126 3807 2212 3862 vel
2256 3806 2478 3862 cultello
2528 3806 2610 3865 vel
2645 3806 2756 3865 alio
2806 3806 3054 3877 quolibet
3098 3805 3445 3862 ferramento-

1839 3897 2159 3955 oonfoderet
2181 3940 2195 3967 ,
2231 3914 2396 3969 quem
2427 3899 2761 3955 homicidam
2787 3899 2905 3969 ipse
2929 3940 2944 3967 ,
2987 3900 3036 3954 si
3056 3907 3193 3962 tunc
3238 3902 3443 3957 mortis

1835 3993 2144 4064 periculum
2190 3993 2457 4060 evitaret,
2510 3992 2739 4047 honoris
2770 3992 2961 4065 magni
3002 3992 3244 4048 culmine
3290 3995 3443 4050 sicut

1836 4102 2009 4141 unum
2035 4087 2102 4141 de
2123 4086 2465 4157 principibus
2491 4085 2774 4141 exultaret.
2809 4085 2917 4142 Sed
2939 4102 3043 4143 nos
3056 4089 3232 4159 magis
3251 4089 3424 4144 credi-

1836 4191 1963 4231 mus
1990 4177 2061 4231 ab
2098 4177 2230 4247 ipsis
2277 4177 2439 4231 malis
2486 4176 2936 4232 consiliatoribus
2977 4174 3085 4233 hoc
3113 4176 3287 4233 fuisse
3315 4192 3443 4233 πιθα-ι

145 4254 410 4328 omnibus
445 4257 711 4315 obediret.
759 4257 897 4315 Nam
928 4263 1165 4318 cumum
1193 4280 1295 4322 nec
1337 4283 1435 4337 per
1473 4285 1733 4329 etesarem
1836 4270 2118 4324 chinatum
2145 4309 2160 4336 ,
2219 4285 2395 4339 quam,
2434 4284 2679 4340 unquam
2724 4271 2794 4326 ab
2834 4270 2956 4340 ipso
3007 4269 3250 4343 Zbigueo
3298 4272 3439 4328 satis

144 4342 249 4403 nec
272 4340 375 4419 per
405 4345 675 4403 Bohemos
704 4354 805 4404 nec
826 4366 923 4422 per
948 4348 1290 4413 Pomoranos
1325 4374 1384 4414 se
1413 4374 1576 4429 posse
1610 4363 1733 4419 vin-
1837 4365 2033 4420 humili
2088 4367 2337 4435 satisque
2389 4366 2627 4437 simplici
2681 4368 2790 4427 tale
2830 4367 3075 4427 facinus,
3109 4340 3428 4442 cogitatum.

142 4448 271 4498 cere
303 4439 607 4495 confidebat
631 4483 646 4509 ,
675 4442 766 4497 sed
794 4444 939 4513 quod
968 4445 1175 4503 viribus
1208 4457 1263 4504 et
1291 4452 1460 4509 armis
1489 4454 1736 4512 obtinere
1833 4455 2070 4529 Ideoque
2110 4458 2295 4514 minus
2326 4460 2641 4514 mirandum
2667 4501 2682 4527 ,
2732 4460 2991 4530 juvenem
3028 4439 3202 4521 aetate
3226 4462 3435 4519 floren-

143 4539 261 4586 non
291 4532 536 4599 poterat,
565 4531 872 4624 humilitate
902 4535 1082 4590 saltim
1129 4546 1185 4594 et
1222 4538 1463 4598 fraterna
1498 4538 1734 4602 karitate
1764 4609 1804 4624 ﬁ
1837 4559 1947 4608 tem
1966 4593 1981 4620 ,
2007 4552 2062 4605 in
2094 4552 2327 4623 imperio
2344 4553 2761 4621 consistentem,
2781 4554 3067 4610 iracundia
3089 4555 3431 4624 stimulante,

142 4621 533 4717 praesumebat.
571 4616 747 4717 γει-λιιι
777 4624 995 4717 quidem
1040 4628 1173 4684 satis
1216 4629 1359 4686 bona
1404 4640 1459 4688 ct
1504 4636 1731 4704 paciﬁca
1763 4609 1808 4663 Β
1834 4609 2142 4715 sapientum
2172 4609 2416 4715 lquoque
2461 4644 2694 4699 consilio
2744 4609 3071 4716 suggerente
3097 4686 3114 4711 ,
3161 4609 3432 4717 quotliha;

140 4710 495 4808 videbantur,
528 4712 621 4808 sed
651 4713 798 4771 aliud
832 4722 1110 4786 promtum
1135 4719 1191 4774 in
1214 4720 1400 4793 lingua
1430 4722 1617 4781 forsan
1637 4769 1652 4795 ,
1676 4738 1731 4785 et
1833 4710 2051 4795 facinus
2080 4710 2397 4807 perpeWa-re
2420 4779 2439 4805 ,
2479 4752 2594 4808 quo
2620 4710 3435 4808 mortis'periculum-evitaret

141 4805 295 4887 aliud
313 4804 560 4862 cfausum
585 4806 638 4861 in
662 4817 881 4878 pectore
904 4811 1206 4869 tenebatur.
1236 4812 1342 4872 Sed
1362 4819 1478 4875 haec
1500 4819 1732 4878 dicenda
1834 4838 1893 4886 et
1920 4804 2151 4895 securus
2180 4804 2211 4884 a
2256 4804 2474 4887 cunctis
2495 4804 2723 4887 insidiis
2750 4804 3067 4901 imperaret.
3102 4830 3297 4895 Nullus
3341 4841 3436 4893 ta:-

142 4916 250 4957 suo
272 4899 395 4955 loco
422 4899 741 4957 differamus
768 4945 783 4970 ,
814 4912 867 4959 et
893 4903 1163 4987 Bolezlavi
1192 4912 1607 4981 responsionem
1635 4932 1734 4973 au-
1834 4939 1962 4981 men
1990 4923 2176 4979 credat
2206 4922 2339 4977 illud
2369 4931 2653 4993 peccatum
2688 4923 2742 4978 in
2767 4899 3072 4994 spiritu‘m
3093 4925 3266 4982 fuisse
3295 4942 3423 4996 per-

140 4994 383 5075 diamus.
414 4994 613 5049 Audita
638 4994 787 5053 fama
819 4996 1005 5079 fratris
1032 5010 1143 5055 tam
1177 5002 1482 5063 humillima
1528 5012 1734 5081 suppli-

140 5088 360 5145 catione
384 5128 399 5154 ,
426 5084 745 5147 Bolezlavus
777 5106 806 5145 a
849 5092 1107 5164 perjuriis
1149 5103 1225 5150 tot
1275 5102 1601 5169 transactis,
1656 5106 1726 5161 ab

141 5181 363 5253 injuriis
396 5189 477 5237 tot
503 5179 668 5238 illatis
697 5182 771 5238 ab
801 5184 999 5243 alienis
1038 5186 1290 5259 gentibus
1339 5191 1397 5246 in
1439 5192 1725 5253 Poloniam

180 5310 183 5311 ί
218 5344 317 5419 ξξξι
338 5306 712 5419 assiliens.
746 5301 864 5419 ,ιλιι
887 5346 1065 5419 xm
1087 5352 1231 5408 deest
1256 5354 1311 5409 ις
1336 5356 1388 5412 2.

1836 5026 2111 5090 petratum
2134 5018 2229 5074 sed
2252 5032 2317 5073 ex
2346 5021 2796 5088 prmsumptione,
2812 5032 2924 5075 non
2944 5033 3015 5077 ea
3034 5019 3427 5077 deliberatione

1836 5114 1935 5169 sed
1953 5128 2021 5168 ex
2046 5112 2339 5169 occasione
2370 5122 2731 5183 propagatura
2752 5110 2861 5165 ‘“’.
2880 5110 2951 5166 Si
2980 5112 3127 5167 enim
3152 5112 3433 5183 Zbigncus

1835 5203 2116 5259 humiliter
2140 5214 2195 5260 et
2224 5205 2501 5276 sapienter
2529 5203 2813 5273 adveniret
2833 5245 2849 5274 ,
2885 5205 3029 5259 sicut
3062 5202 3228 5263 homo
3257 5198 3433 5287 misc-l

1466 5285 1700 5346 VARUE
1742 5292 2148 5355 LECTIONES.

1467 5360 1560 5392 ¹⁶³⁶
1584 5362 1770 5421 nullus
1809 5367 1859 5422 l.
1891 5368 1946 5423 2.

2023 5370 2113 5401 ¹⁶³⁶
2142 5354 2295 5443 illius
2325 5371 2378 5427 2.
2459 5371 2551 5403 ³⁵³⁷
2579 5375 2786 5430 nullam
2816 5364 3016 5442 pat‘am
3062 5388 3162 5442 pro
3205 5372 3247 5428 i.
3289 5390 3326 5427 ι.

2023 5457 2067 5495 m
2096 5442 2308 5496 incuria
2333 5440 2522 5496 scriba:
2542 5439 2595 5497 εἰ
2675 5444 2764 5479 ¹⁶⁵¹
2809 5459 2936 5497 cum
2980 5443 3034 5496 2.
3118 5442 3211 5481 ¹⁵⁴⁸
3246 5442 3341 5497 XX
3400 5486 3416 5497 .

141 5412 879 5497 09"‘i'trta&_,_“".!scis
908 5414 1065 5497 ira."
1114 5425 1203 5465 um
1231 5426 1415 5483 lacisl
1474 5431 1529 5485 2.
1584 5412 1790 5493 ’ῖάίῖίῖι
1811 5412 2067 5495 ὶέιᾶἱεοιη
2096 5412 2308 5496 ίιιὲἑὶἑέῖι
2327 5412 2522 5496 ’ἐὲνίιιεε
2542 5412 2786 5497 23""1‘3'5'
2809 5412 3034 5497 ἕῦιῖἴὲ.
3062 5412 3341 5497 "Maii

140 5486 479 5585 estates
528 5488 1246 5585 ‘fﬁi99}!1a_efl'.i'3€"‘.';,9-
1442 5503 1597 5585 enim.
1619 5506 1667 5559 ι.
1703 5486 1790 5563 2'."
1818 5486 2699 5585 Terentianae:eam»
2728 5486 3068 5585 ίιιίῖῑςῑῑιαῖα
3104 5514 3213 5585 ne
3240 5486 3420 5577 est;

141 5566 259 5641 pust
283 5556 479 5641 deleuit
499 5600 513 5624 ,
538 5560 629 5614 sed
648 5560 831 5630 forsan
858 5563 1065 5641 salitus;
1076 5566 1251 5641 delere
1276 5585 1375 5627 nec
1402 5556 1558 5641 super

1559 5576 1917 5651 ﬂuunt,quod
1957 5576 2162 5638 addunt
2204 5584 2358 5637 codd.
2438 5582 2531 5614 ““
2553 5586 2641 5641 die
2665 5576 2887 5641 cottidie
2917 5576 3036 5640 cod.

3143 5582 3210 5617 “7
3234 5596 3420 5657 aperte

143 5626 435 5733 (13302ξάζῇ
439 5626 819 5733 ἔςρωιιεὸηωιι
850 5636 1181 5693 discordiam
1216 5641 1266 5694 l'.
1296 5641 1350 5695 5.
1430 5626 1629 5700 ’έδέξέὶᾶ
1643 5626 1913 5723 “rigidi?
2386 5626 3047 5733 anim;
3103 5671 3198 5728 spe
3234 5626 3415 5717 “gaudi

171 5697 667 5769 mperagatum'z.
739 5752 746 5758 .

174 5810 195 5823 Η
218 5816 367 5911 (173)
408 5837 566 5896 Satec
592 5841 892 5913 provincia.
918 5845 1148 5902 Cosmus
1170 5890 1185 5917 ,
1225 5864 1284 5905 ιιι
1311 5891 1326 5918 ,
1354 5850 1441 5907 37.
1474 5851 1538 5908 li.

1639 5784 1868 5844 NOTA'].

1895 5862 2041 5936 (tu)
2080 5860 2154 5918 ib.
2187 5875 2246 5919 ιιι
2273 5864 2403 5933 ,sr.
2435 5865 2502 5923 Κ.
2592 5820 2597 5827 ’
