3960 6316
529 340 644 417 ἐει

1721 334 2091 393 (ΖΠΙΚΟΧΙΕΑΞ
2132 329 2507 388 ΡοιοΝοιιυ
2517 327 2562 384 Μ
2574 372 2585 382 .

542 469 834 527 ricordiam
854 466 945 500 ‘“°
973 461 1244 534 petiturus
1268 503 1282 527 ,
1315 475 1424 515 non
1452 459 1594 514 sicut
1631 455 1922 516 dominus,
1963 450 2122 522 quasi
2155 455 2202 512 Α
2230 457 2347 502 tum
2378 447 2627 517 Egidium
2658 443 2804 511 (177)
2837 449 3200 508 sanctumque
3247 451 3427 509 regem
3477 435 3756 506 Stephani

541 560 800 618 vanitatis
827 558 1068 614 fascibus
1099 563 1444 626 regnaturus,
1473 567 1572 605 nec
1601 549 1716 618 ipse
1752 547 1804 600 in
1829 547 2127 615 dampnum

543 651 967 722 irreeuperabile
1011 648 1349 711 corruisset,
1396 660 1497 699 nec
1542 643 1679 698 alios
1722 642 1775 695 in
1806 639 2009 696 crimen
2045 639 2142 694 la-.

543 745 838 800 mentabile
876 743 1170 814 posuisset.
1209 739 1350 806 Quid
1397 737 1569 808 ergo?
1611 736 1954 790 Accusamus
2004 730 2145 794 Zbi-_

545 851 747 906 gneum
773 843 828 889 et
853 847 1184 888 excusamus
1208 829 1546 885 Bolczlavum
1571 827 1594 880 ?
1621 825 1996 894 Nequaquam.
2025 821 2131 878 Sed

546 929 731 982 minus
753 935 836 981 est
861 933 1144 996 peccatum
1178 922 1256 976 ira
1280 919 1731 991 praecipitationis
1752 934 1818 972 ex
1841 916 2133 971 occasione

545 1018 675 1073 data
699 1027 1046 1088 perpetrare.
1087 1030 1251 1085 quam
1287 1013 1421 1067 illud
1450 1011 1757 1066 faciendum
1785 1010 1900 1079 ipsa
1930 1008 2134 1062 delibe-

546 1110 761 1164 ratione
782 1109 869 1143 ¹⁶⁵¹
903 1115 1254 1178 pertractare.
1293 1103 1406 1160 Nos
1436 1120 1567 1159 vero
1598 1119 1698 1157 nec
1727 1109 1949 1171 peccato
1993 1099 2098 1153 deli
2117 1128 2148 1154 -.

547 1199 848 1256 iterationis
871 1197 1247 1270 paenitentiam
1290 1198 1664 1267 denegamus,
1709 1194 1803 1249 sed
1858 1193 1910 1246 in
1959 1191 2147 1263 poenis

548 1292 716 1347 tentia
747 1301 927 1346 tamen
959 1305 1249 1361 personam
1279 1332 1293 1356 ,
1339 1298 1551 1344 a3tatem
1578 1329 1592 1353 ,
1626 1286 2090 1356 opportunitatem
2117 1325 2130 1348 ,

549 1380 1125 1454 perpendamus-Non
1156 1382 1302 1436 enim
1331 1381 1585 1437 convenit
1612 1388 1735 1450 post
1763 1379 1967 1444 malum
1999 1377 2151 1432 inrc‘.

548 1475 953 1546 cuperabiliter,
1008 1480 1380 1544 perpetratum
1434 1474 1636 1527 malum
1683 1472 1839 1542 pejus
1876 1468 2133 1535 evenire,

555 1569 651 1624 sed
675 1569 752 1622 illi
779 1569 873 1638 qui
900 1569 1084 1623 sanari
1111 1575 1290 1637 potest
1314 1567 1468 1622 decet
1491 1566 1761 1621 medicum
1790 1563 2138 1619 discretionis

549 1661 911 1716 medicamine
933 1659 1610 1730 subvenire.Quapropter,
1631 1658 1759 1728 quia
1774 1656 1917 1726 quod
1931 1654 2136 1710 factum

549 1765 669 1824 est,
707 1756 762 1811 in
791 1757 962 1812 altera
991 1765 1145 1826 parte
1173 1772 1282 1811 non
1314 1763 1492 1825 potest
1520 1755 1574 1808 in
1606 1763 1807 1808 statum
1840 1751 2135 1823 pristinum

551 1849 853 1904 restaurari
887 1890 903 1915 ,
935 1856 1150 1918 oportet
1170 1856 1380 1917 partem
1402 1845 1494 1878 ¹⁶⁵²
1527 1845 1830 1909 inﬁrmam,
1856 1841 2140 1897 medicinae

551 1954 831 2008 capacem,
858 1939 914 1992 in
938 1947 1084 1993 statu
1108 1937 1390 2008 dignitatis
1413 1936 1660 2008 vigilanti
1681 1935 1772 1967 ³⁸⁵³
1803 1936 1987 1992 studio
2020 1934 2139 1989 dis-

551 2027 812 2083 cretionis
864 2028 1198 2083 conservari.
1226 2025 1382 2082 Unde
1409 2037 1623 2082 constat
1649 2026 1868 2081 inﬁrmo
1917 2026 2138 2095 corpori

554 2116 714 2171 aliter
761 2117 1031 2186 corporali
1073 2115 1322 2172 subsidio
1371 2116 1715 2182 ministrari,
1763 2123 1817 2169 et
1863 2115 2141 2169 infirmum

555 2210 786 2280 spiritali
812 2211 1171 2267 medicamine
1201 2211 1535 2282 sustentari.
1561 2210 1668 2266 Sed
1707 2210 2054 2266 Bolezlavum
2085 2211 2143 2265 in

558 2301 665 2356 hoc
690 2342 705 2366 ,
744 2301 893 2372 quod
924 2303 1032 2357 tale
1053 2302 1184 2372 quid
1215 2303 1422 2374 egerit,
1449 2318 1775 2358 accusamus
1799 2344 1814 2369 ,
1847 2301 1900 2356 in
1927 2302 2034 2357 hoc
2059 2311 2156 2362 ta-,

558 2408 684 2448 men
715 2435 729 2458 ,
763 2395 909 2464 quod
940 2395 1104 2466 digne
1132 2395 1450 2464 paenituerit
1470 2403 1524 2449 et
1555 2395 1690 2450 satis
1733 2394 2106 2450 humiliaverit
2128 2433 2142 2457 ,

557 2487 956 2542 collaudamus.
990 2486 1241 2550 Vidimus
1277 2488 1424 2542 enim
1450 2487 1613 2542 talem
1659 2487 1841 2542 virum
1871 2528 1887 2554 ,
1933 2496 2146 2542 tantum

558 2579 860 2651 principem
883 2622 898 2646 ,
925 2590 1037 2635 tam
1073 2581 1397 2636 deliciosum
1437 2581 1693 2654 juvenem
1733 2580 1966 2650 primam
2000 2578 2164 2636 kari--

561 2686 689 2725 nam
737 2670 886 2740 (175)
937 2669 1275 2740 jejunantem
1309 2713 1323 2736 ,
1351 2670 1596 2726 assidue
1644 2669 1828 2726 cinere
1873 2678 1926 2722 et
1969 2668 2149 2724 cicilio

560 2763 714 2817 humi
737 2763 1082 2832 provolutum
1099 2763 1208 2828 ““,
1233 2763 1542 2818 lacrimosis
1565 2762 1818 2832 suspiriis
1841 2760 2147 2831 irrigatum,

565 2853 638 2908 ab
663 2854 905 2908 humano
934 2853 1213 2908 consortio
1241 2862 1296 2907 et
1335 2853 1610 2923 colloquio
1659 2861 1968 2923 separatum
1995 2893 2011 2918 ,
2044 2851 2149 2905 bu—

566 2963 718 3002 mum
754 2962 853 3017 pro
879 2963 1069 3002 mensa
1096 2990 1109 3013 ,
1140 2948 1362 3001 herbam
1398 2963 1496 3017 p:o
1521 2947 1734 3003 mantili
1757 2946 1927 3019 (176),
1955 2962 2148 3016 panem

562 3055 746 3096 acrem
768 3040 859 3072 ⁸⁸³⁸
889 3055 988 3110 pro
1011 3040 1224 3096 deliciis
1252 3082 1267 3108 ,
1301 3056 1502 3111 aquam
1530 3055 1629 3110 pro
1657 3047 1876 3094 nectare
1901 3047 2152 3109 reputan-

561 3141 696 3188 tem.
724 3131 991 3188 Praeterea
1023 3133 1308 3204 pontifices
1332 3176 1347 3199 ,
1391 3133 1616 3187 abhatcs
1635 3174 1650 3198 ,
1680 3129 1967 3202 prcsbitcri
2017 3130 2150 3184 mis-

563 3225 642 3281 sis
669 3235 723 3280 et
749 3225 1391 3296 jejuniiseumlquisque
1419 3241 1519 3295 pro
1565 3224 1680 3279 suis
1730 3222 1939 3277 viribus
1988 3220 2164 3291 adjux

565 3320 770 3374 vabant
801 3361 817 3386 ,
847 3328 902 3375 et
930 3320 986 3373 in
1011 3319 1160 3374 omni
1213 3319 1596 3388 solempnitate
1645 3315 1915 3387 praecipua
1961 3315 2043 3370 vel
2089 3316 2146 3369 in

561 3411 919 3468 ecclesiarum
960 3411 1467 3468 consecrationibus
1513 3409 1720 3480 aliquid
1745 3409 1849 3464 sibi
1875 3408 1942 3463 de
1963 3407 2144 3479 poeni-

565 3504 732 3559 tentia
759 3504 1376 3570 canonica'auctoritate
1406 3503 1744 3559 relaxabant.
1774 3499 2003 3572 Insuper
2031 3502 2149 3572 ipse

567 3595 766 3651 missas
815 3596 1036 3651 cottidie
1082 3611 1182 3666 pro
1216 3595 1454 3665 peccatis
1489 3637 1503 3661 ,
1551 3609 1651 3666 pro
1693 3593 1968 3651 defunctis
2006 3594 2147 3651 cele-

567 3687 757 3754 brari,
786 3688 1258 3759 psalteriaquemfu
1285 3688 1496 3743 cantari
1536 3687 1810 3755 faciebat,
1851 3697 1906 3744 et
1947 3688 2004 3743 in
2053 3703 2149 3757 pa-

568 3779 784 3835 scendis
815 3789 870 3835 et
889 3779 1186 3836 vestiendis
1201 3781 1292 3812 ¹⁶⁵⁷
1314 3780 1646 3850 pauperibus
1672 3795 1882 3850 magna:
1903 3779 2149 3835 caritatis

568 3871 824 3928 solatium
851 3872 1216 3942 impendebat.
1248 3871 1316 3926 Et
1351 3871 1500 3942 quod
1529 3871 1710 3941 majus
1755 3871 1861 3925 hiis
1893 3871 2150 3926 omnibus

566 3974 619 4020 et
647 3966 982 4036 przecipuum
1009 3965 1064 4019 in
1089 3965 1412 4036 paenitentia
1442 3973 1728 4035 reputatur
1749 3963 1864 4031 ⁸⁸⁵⁸,
1900 3965 2148 4020 auctori-

567 4044 680 4115 tate
706 4059 982 4114 dominica
1008 4056 1163 4113 fratri
1191 4072 1293 4112 suo
1321 4055 1686 4122 satisfaciens,
1700 4071 1969 4132 concessa
1991 4057 2150 4111 venia

569 4151 952 4206 concordatur.
983 4147 1163 4204 Unum
1191 4164 1409 4218 quoque
1431 4148 1748 4204 Bolezlavus
1781 4147 2014 4203 fructum
2038 4163 2152 4218 pm-

569 4243 814 4297 nitentiae
838 4242 974 4298 satis
995 4242 1410 4313 dignum...‘“°,
1441 4242 1585 4312 quod
1614 4249 1792 4311 potest
1823 4241 2060 4311 reputari
2086 4240 2152 4294 de

570 4343 726 4390 tanto
751 4335 998 4406 principe
1032 4336 1244 4396 cunctis
1288 4335 1676 4406 pmnitentibus
1720 4337 1879 4406 quasi
1911 4337 2176 4408 signum.-

569 4425 730 4496 Nam,
762 4443 889 4484 cum
915 4428 1032 4499 ipse
1075 4444 1183 4484 non
1213 4428 1471 4492 ducatum
1498 4429 1592 4484 sed
1627 4444 1854 4499 regnum
1903 4430 2154 4501 magniﬁ-

571 4536 696 4578 cum
744 4521 1111 4592 gubernaret,
1161 4538 1227 4578 ac
1260 4522 1327 4576 dc
1372 4521 1604 4576 diversis
1643 4531 1698 4577 et
1725 4523 2151 4579 christianorum

572 4621 627 4669 et
651 4629 990 4688 paganorum
1018 4615 1336 4671 nationibus
1365 4613 1608 4670 hostium
1631 4615 1906 4692 dubitaret
1933 4659 1948 4682 ,
1979 4627 2153 4674 semet

574 4715 754 4787 ipsum
778 4718 1116 4794 regnumque
1151 4741 1312 4780 suum
1349 4729 1678 4784 servandum
1723 4725 1922 4782 divina:
1964 4724 2169 4795 poten-'

571 4817 664 4875 tia:
696 4821 1133 4891 commendavit,
1181 4836 1231 4882 et
1281 4827 1382 4884 iter
1429 4827 1884 4901 peregrinationis
1930 4828 1995 4881 ad
2028 4823 2156 4882 san-

2233 539 2525 595 occasione
2573 535 2851 605 colloquii,
2894 531 3242 603 paucissimis
3284 529 3391 584 hoc
3438 529 3760 596 rcscic-ntibus,

2235 644 2451 693 summa
2499 625 2789 682 devotione
2841 620 3262 679 consummavit.
3320 616 3576 673 Omnibus
3609 621 3764 689 quippe

2233 722 2426 786 diebus
2450 720 2594 774 illius
2623 717 3056 788 quadragesima:
3089 714 3180 745 ¹⁶⁶⁰
3203 713 3318 768 sola
3353 719 3623 766 contentus
3646 713 3763 781 panis

2233 823 2288 876 et
2316 828 2474 883 aqure
2501 809 2796 865 refectione
2817 807 3116 877 jejunaret,
3162 804 3265 859 nisi
3303 803 3438 857 tanti
3476 801 3659 856 laboris
3695 818 3764 858 oc-

2234 906 2455 970 casione
2503 903 2762 967 discretio
2798 900 3093 971 praesulum
3144 907 3196 952 et
3249 897 3503 951 abbatum
3545 895 3700 952 missis
3729 908 3767 951 et

2235 997 2580 1053 orationibus
2611 995 2742 1049 illud
2787 992 3059 1063 jejunium
3087 989 3334 1046 caritatis
3361 989 3612 1058 obsequio
3640 989 3766 1044 viola-

2235 1100 2336 1148 ret.
2379 1088 2620 1159 Singulis
2642 1100 2862 1157 quoque
2891 1083 3084 1138 diebus
3127 1082 3196 1136 ab
3224 1080 3466 1150 hospitio
3501 1079 3682 1134 tamdiu
3701 1095 3766 1151 pe-

2235 1181 2397 1236 dibus
2430 1179 2764 1250 quandoque
2806 1175 2970 1230 nudis
2998 1189 3123 1228 cum
3151 1172 3425 1242 episcopis
3457 1180 3508 1226 et
3534 1171 3769 1240 capellauis

2237 1272 2552 1336 incedebat,
2585 1253 2780 1331 donec
2820 1269 2987 1323 horas
3024 1274 3298 1337 perpetuae
3344 1264 3568 1333 virginis
3605 1263 3769 1332 dicich

2239 1363 2535 1420 canonicas
2556 1371 2875 1432 septemque
2897 1359 3142 1430 psalmos
3183 1372 3310 1412 cum
3339 1355 3534 1411 letania
3565 1355 3770 1424 paeniten-

2239 1456 2398 1510 tiales
2446 1453 2798 1523 adimplebat,
2836 1459 2891 1505 et
2953 1451 3275 1520 plerumque
3321 1462 3542 1503 cursum
3586 1446 3772 1516 psalterii

2239 1552 2364 1615 post
2410 1542 2796 1599 defunctorum
2840 1540 3054 1611 vigilias
3099 1537 3454 1608 adjungebat.
3503 1534 3558 1590 ιιι
3597 1535 3772 1605 pedibus

2239 1636 2405 1704 etiam
2446 1631 2705 1704 pauperis
2737 1631 3045 1694 abluendis,
3099 1629 3153 1682 in
3200 1626 3519 1682 elemosinis
3569 1625 3774 1680 faciendis

2246 1727 2320 1780 ita
2357 1727 2589 1781 devotus
2619 1731 2674 1777 ct
2711 1722 2994 1778 studiosus
3039 1737 3136 1791 per
3184 1728 3358 1774 totam
3391 1718 3535 1774 viam
3564 1717 3686 1772 illius
3709 1732 3767 1786 pe

2173 1817 2212 1874 Β
2242 1805 2630 1889 rcgrinationis
2671 1815 2958 1881 existebat,
2985 1814 3134 1884 quod
3173 1812 3364 1867 nullus
3398 1810 3631 1896 indigens
3659 1810 3775 1863 abeo

2243 1909 2678 1965 miscricordiam
2727 1922 2983 1977 quaerens
3042 1906 3162 1962 sine
3206 1902 3586 1959 misericordia
3616 1903 3774 1957 recede

2243 2003 2353 2059 bat.
2388 2003 2469 2056 Ad
2512 2016 2917 2072 quemcumque
2953 2000 3134 2054 locum
3171 1997 3536 2068 episcopalem
3565 1995 3636 2050 vel
3659 1995 3777 2049 abla-

2247 2096 2375 2150 tiam
2405 2095 2490 2149 vel
2517 2093 2934 2164 praeposituram
2963 2093 3073 2147 dux
3105 2089 3549 2160 septentrionalis
3569 2087 3775 2148 veniebat.

2245 2167 2755 2258 episcopusxipsius
2785 2185 2892 2239 loci
2947 2184 3032 2238 vel
3088 2184 3260 2237 abbas
3305 2181 3395 2236 vel
3427 2181 3713 2251 prmpositus
3739 2187 3777 2230 it

2247 2280 2363 2351 ipse
2388 2296 2485 2335 rex
2513 2276 2863 2349 Ungarorum
2903 2269 3343 2332 Colummannus
3383 2274 3688 2350 aliquotiens.
3711 2271 3778 2326 ol-

2245 2373 2407 2439 viam
2436 2371 2736 2436 Bolezlavo
2761 2386 2884 2425 cum
2919 2369 3170 2424 ordinata
3211 2368 3565 2438 proccssionc
3589 2365 3779 2437 procede-

2248 2464 2360 2520 bat.
2390 2462 2510 2534 lpse
2544 2472 2727 2518 autem
2772 2461 3094 2517 Bolezlavus
3132 2461 3342 2530 ubique
3392 2475 3597 2530 semper
3631 2455 3778 2527 aliquid

2247 2571 2345 2626 per
2369 2555 2635 2612 ecclesias
2670 2553 2950 2620 offerebat,
2983 2554 3080 2608 sed
3125 2554 3178 2607 in
3231 2554 3343 2608 illis
3377 2553 3511 2607 locis
3534 2549 3780 2621 principali-

2224 2645 2355 2704 .bus
2377 2643 2602 2698 nonnisi
2637 2659 2833 2698 aurum
2864 2652 2919 2699 et
2959 2643 3121 2713 pallia
3153 2642 3488 2714 proferebat.
3519 2640 3579 2696 Et
3604 2641 3670 2697 sic
3691 2638 3780 2694 reli-

2251 2735 2401 2806 giose
2430 2749 2526 2804 per
2549 2741 2719 2788 totam
2742 2731 3041 2805 Ungariam
3071 2733 3140 2788 ab
3167 2731 3449 2802 episcopis
3473 2739 3527 2786 et
3558 2729 3781 2785 abbatibus
3884 2735 3885 2740 ‘

2251 2835 2308 2881 et
2333 2825 2642 2896 praepositis
2679 2825 2770 2892 3°“
2793 2825 3181 2895 recipiebatur,
3207 2825 3283 2879 ita
3316 2824 3571 2880 muniﬁce
3591 2822 3676 2878 sibi
3695 2837 3781 2880 eor-

2252 2916 2440 2986 porale
2465 2915 2750 2971 servitium
2775 2915 2846 2970 ab
2874 2915 3009 2985 ipsis
3039 2931 3164 2970 cum
3191 2930 3416 2970 summa
3444 2913 3688 2986 diligentia
3713 2927 3780 2983 pa-

2253 3009 2500 3074 rabatur,
2525 3016 2580 3062 et
2610 2995 2760 3078 ipsos
2790 3007 2907 3077 ipse
2945 3008 3204 3074 donabat,
3232 3015 3290 3062 et
3333 3007 3452 3078 ipse
3493 3008 3557 3063 ab
3586 3007 3696 3078 ipsis
3709 3005 3780 3064 do-

2255 3099 2508 3167 nabatur.
2539 3097 2754 3170 Ubique
2786 3108 2902 3154 tum
2959 3116 3083 3156 eum
3129 3099 3375 3156 ministri
3428 3102 3566 3169 regis
3591 3109 3636 3154 et
3659 3097 3782 3153 servi-

2177 3177 2221 3238 C
2253 3191 2390 3244 tium
2430 3191 2784 3261 sequebatur,
2812 3199 2867 3246 et
2916 3192 3008 3246 ubi
3054 3190 3381 3247 Bolezlavus
3429 3190 3705 3264 diligentius
3721 3186 3779 3240 vel

2249 3277 2613 3354 ne'gligentius
2665 3283 3025 3353 reciperetur,
3082 3283 3480 3339 notiticandum
3524 3283 3673 3354 regia
3700 3278 3780 3334 suis

2249 3373 2611 3430 familiaribus
2659 3377 2970 3432 notabatur.
3038 3375 3107 3430 Et
3158 3377 3481 3447 quicunque
3536 3372 3780 3446 diligentius

2247 3481 2373 3521 eum
2408 3478 2463 3521 et
2495 3455 2783 3523 honestius
2830 3468 3073 3538 recipere
3117 3468 3430 3534 videbatur,
3481 3467 3666 3522 amicus
3695 3477 3778 3519 esse

2249 3557 2392 3628 regis
2418 3558 2501 3611 vel
2544 3559 2774 3629 gratiam
2825 3559 2950 3614 inde
2991 3561 3272 3630 consequi.
3301 3561 3424 3614 sine
3451 3559 3607 3614 dubio
3624 3555 3778 3613 diccba-

2249 3650 2358 3701 tur.
2401 3647 2540 3702 Cum
2567 3649 2661 3702 tali
2691 3649 2982 3704 devotione
3010 3650 3242 3725 spiritali
3272 3651 3479 3722 talique
3501 3651 3584 3682 ¹⁶⁶⁸
3609 3661 3776 3704 venera-

2251 3738 2398 3793 tione
2419 3739 2706 3809 temporali
2733 3739 3056 3796 Bolezlavus
3085 3740 3152 3795 de
3175 3757 3276 3796 sua
3305 3741 3705 3812 peregrinatione
3723 3750 3778 3790 re

2253 3831 2472 3897 meavit,
2504 3848 2678 3902 neque
2706 3843 2888 3888 tamen
2927 3833 2984 3887 in
3035 3849 3266 3904 regnum
3315 3851 3480 3890 suum
3518 3833 3700 3889 rediens
3718 3828 3775 3882 vi-

2251 3929 2362 3976 tam
2396 3922 2713 3993 paenitentis
2744 3925 3101 3996 habitumque
3125 3925 3578 3996 peregrinationis
3600 3925 3776 3990 abnega-

2251 4014 2348 4080 vit,
2379 4015 2475 4069 sed
2499 4016 2565 4070 ad
2615 4017 2926 4086 sepulcrum
2966 4032 3142 4087 usque
3197 4017 3345 4072 beati
3396 4016 3624 4073 martiris
3655 4010 3772 4066 Adal-

2251 4106 2422 4172 berti,
2469 4108 2674 4177 pascha
2721 4108 2814 4142 ¹⁶⁶³
2859 4108 3075 4163 Domini
3103 4109 3484 4164 celebratur-us
3522 4106 3620 4177 (an.
3661 4102 3772 4162 1115,

2253 4195 2384 4266 Apr.
2418 4195 2530 4267 15),
2573 4212 2698 4252 cum
2731 4199 2923 4255 eodem
2955 4199 3418 4272 peregrinationis
3450 4196 3695 4270 proposito
3713 4191 3774 4228 "“

2255 4288 2588 4358 perduravit.
2628 4287 2696 4343 Et
2720 4291 2863 4345 sicut
2888 4291 3109 4346 cottidie
3132 4291 3390 4362 proprius
3419 4292 3484 4347 ad
3507 4293 3664 4346 locum
3693 4299 3775 4340 san-

2257 4379 2328 4433 cti
2356 4378 2600 4434 martiris
2628 4381 2941 4447 accedebat,
2977 4391 3129 4436 tanto
3157 4383 3411 4439 devotius
3440 4399 3559 4439 cum
3595 4375 3773 4435 lacrimis

2257 4479 2309 4525 ct
2331 4472 2674 4528 orationibus
2709 4473 2872 4528 nudis
2907 4474 3136 4544 pedibus
3161 4474 3469 4532 incedebat.
3495 4475 3619 4530 Cum
3644 4479 3771 4524 auum

2254 4561 2322 4615 ad
2345 4561 2536 4618 urbem
2565 4572 2617 4618 et
2637 4564 2988 4634 sepulchrum
3017 4567 3192 4620 sancti
3221 4567 3464 4623 martiris
3488 4562 3771 4637 pervenisset.

2255 4663 2491 4722 quantas
2516 4653 2847 4711 elemosinas
2875 4657 2929 4711 in
2964 4659 3296 4728 pauperibus
3327 4659 3589 4731 erogavit!
3625 4661 3771 4724 quin"

2254 4759 2352 4812 per
2399 4745 2685 4801 ecclesiam
2729 4756 2783 4803 et
2831 4748 2887 4802 in
2933 4749 3198 4807 altaribus
3223 4751 3315 4787 ¹⁶⁶⁸
3348 4756 3644 4807 ornamenta
3674 4760 3770 4816 prm-

2258 4837 2518 4891 scntavit!
2550 4835 2699 4909 Opus
2729 4856 2958 4896 aureum
2984 4843 3170 4898 existit
3199 4845 3532 4916 Operationis
3561 4843 3769 4907 Μαι-ςπ-

2187 4524 2228 4577 D

1883 4919 2119 4976 VARle
2161 4922 2567 4982 LECTIONES.

647 5004 1142 5087 “"hmisericordia
1170 5011 1221 5087 1Ῐ
1253 5011 1308 5065 2.
1337 5082 1351 5087 _
1389 5013 1480 5087 “'1
1517 5013 1602 5087 ipe
1629 5013 2046 5087 deliberacionis
2076 5032 2172 5085 pro
2202 5000 2334 5087 ipsa,
2358 5013 2758 5078 deliberacionc
2788 5023 2837 5077 ιΙ.
2890 5025 2944 5080 2.
3026 5028 3116 5059 ¹⁶⁵¹
3157 5037 3330 5084 artem
3360 5031 3412 5084 2.
3491 5029 3573 5060 ¹⁶⁵³
3599 5028 3663 5080 ita
3686 5037 3766 5074 ror-

571 5075 787 5201 z:a"-
807 5078 909 5181 sit

573 5216 702 5270 cidit
757 5216 1013 5286 verbum,
1054 5239 1100 5277 υ.
1148 5239 1194 5276 c.
1241 5216 1497 5280 ostendit.
1573 5225 1667 5256 ¹⁶⁶⁰
1703 5226 1859 5280 lectio
1903 5216 2098 5282 Cli'ron.

571 5289 990 5362 quadragesime
1045 5294 1095 5347 1.
1149 5293 1204 5348 2.

915 5079 1483 5170 ίξεὶίέἐὶ-ἒίέυεαέθράί
1521 5079 1582 5170 9-.
1628 5085 1742 5170 3°“
1776 5079 2237 5170 P°."V°'"‘"tlt?-'
2285 5089 2379 5170 3°"
2407 5107 2596 5170 alterum
2623 5094 2676 5170 9.-
2756 5095 2848 5170 ‘_“‘
2876 5079 3336 5170 ρέαιιετίθίιῖἱέἷ
3363 5079 3506 5132 ”“¹⁶”
3555 5090 3767 5170 vescendi

927 5150 1220 5221 deputatur
1243 5150 1357 5206 erat
1387 5155 1424 5227 2
1440 5197 1453 5227 ,
1490 5156 1585 5227 sed
1607 5153 1680 5227 de
1700 5150 1942 5227 notatum
1975 5160 2185 5227 punctis
2212 5159 2305 5213 sub

2309 5163 2498 5252 pugili;
2523 5204 2546 5245 ,.
2579 5173 2627 5216 et
2655 5163 2963 5252 .desupe'r
3008 5163 3266 5252 scriptum
3314 5179 3545 5241 apparet.
3611 5165 3766 5252 “‘15::

1315 5231 2322 5328 Radit“?3.;E.f§°.£fff’t:£[‘2“s
2353 5231 2628 5328 M92:in
2652 5234 2762 5291 “"5
2789 5231 3210 5328 quidese?!“
3243 5231 3358 5328 θεοιί
3376 5231 3511 5324 θεεῆε
3543 5255 3624 5310 Pw
3662 5234 3765 5328 ίὲἔίὲί

1445 5297 1816 5366 prcpositihus
1855 5314 2030 5352 errore
2065 5297 2254 5355 scribae
2288 5301 2341 5356 2.

2413 5305 2548 5383 [ξδ’
2587 5300 2902 5383 deerroitee
2930 5300 3141 5383 addidit
3188 5313 3280 5365 sed
3307 5314 3512 5383 punctis
3543 5300 3704 5364 notarit

574 5359 670 5403 ι⁶⁶³
705 5359 877 5429 pacha
907 5379 1118 5418 crronee
1154 5365 1208 5419 2.
1283 5362 1374 5396 ⁸⁸⁵⁸
1411 5359 1691 5437 proposito
1717 5368 1773 5423 2.
1855 5369 1946 5400 ³⁸⁸⁸
1981 5369 2242 5426 alteribus
2267 5371 2321 5426 2.
2387 5376 2487 5443 _'“°
2525 5375 2705 5431 extitit
2739 5359 3170 5449 coniperacionis
3190 5359 3691 5454 ὸ.
3725 5370 3761 5422 9-

832 5519 1312 5598 Quadragesimale
1341 5527 1636 5598 jejunium.
1670 5527 1734 5583 Κ.

636 5593 661 5657 -(
833 5590 1105 5665 Stragula.
1139 5595 1204 5650 K.

575 5731 587 5743 .
645 5661 794 5748 (.177)
832 5661 1062 5748 Abbatia
1177 5665 1378 5748 {Egidii
1412 5670 1473 5748 in
1497 5670 1760 5748 comitatu
1792 5670 2154 5730 Scmichiensi

575 5731 627 5785 in
656 5730 928 5806 Hnn'garia
953 5752 981 5789 a
1015 5730 1279 5791 Laalislao'
1301 5757 1422 5806 rege
1449 5740 1672 5796 fluvidam
1701 5784 1714 5806 ,
1738 5752 1971 5798 exeunte
2019 5761 2144 5800 szec.

576 5758 627 5785 ιη
656 5758 928 5803 uuugarta
953 5758 981 5789 κ
1016 5758 1266 5791 natumut)
1301 5758 1356 5794 re
1393 5758 1422 5795 e
1449 5758 1672 5796 ttlttaata
1701 5784 1714 5806 ,
1738 5758 1971 5798 exeunte
2019 5761 2144 5800 δωο.

576 5818 672 5870 ιι,
724 5805 931 5859 inunita
984 5808 1112 5862 oliui
1164 5819 1298 5866 erat.
1359 5758 1449 5866 Ecl
1502 5811 1691 5893 Camp.
1739 5814 1916 5886 ﬂung.
1963 5831 2146 5888 gmgr.

2070 5460 2301 5518 NOTAE.

2258 5533 2463 5610 Ppson.
2483 5537 2656 5610 1777,
2689 5555 2743 5610 p.
2780 5541 2901 5597 178.
2927 5541 3011 5597 Cf.
3042 5541 3317 5600 Mabillon.
3342 5544 3481 5598 Ann.
3510 5535 3760 5610 Benedaﬁi

2260 5606 2365 5685 1:28
2393 5650 2407 5675 ,
2439 5609 2532 5685 ubi
2563 5603 2763 5685 citat-ur
2789 5613 3031 5685 diploma
3059 5631 3214 5685 papae
3234 5657 3252 5683 ,
3279 5615 3594 5685 conﬁrmans
3617 5603 3760 5685 fanti?-

2533 5671 2667 5804 ti‘us
2683 5671 3041 5766 monasterii,
3059 5671 3224 5767 'qdod
3239 5671 3373 5742 'erat
3405 5683 3668 5761 subjectum
3691 5671 3759 5750 ψ’

2581 5753 2782 5804 ‘tndn-
2832 5753 2888 5804 S.
2947 5753 3109 5804 Gallos
3166 5773 3217 5804 in
3274 5755 3407 5804 valle
3461 5752 3674 5804 Flaviana
3715 5755 3754 5795 ιιι

2581 5752 2736 5823 Sgidii
2767 5797 2782 5824 ,
2832 5753 2888 5809 S.
2947 5752 3110 5810 Gillos
3165 5757 3218 5810 in
3274 5755 3407 5810 valle
3461 5752 3674 5808 Flaviana
3715 5755 3754 5795 ιιι

2258 5677 2463 5734 tionem
2492 5679 2524 5733 h

2256 5747 2369 5801 bati
2423 5748 2479 5803 S.

2256 5813 2479 5886 Caliga,
