3960 6316
113 324 250 382 93'!

1067 315 1157 372 DE
1193 313 1426 372 LAUDE
1450 314 1549 371 ‘ET
1586 314 1723 371 INV'.
1768 314 1825 372 S.
1865 308 2139 374 CRUCIS.
2177 350 2247 359 —
2284 310 2412 376 LIB.
2452 312 2493 375 l.

3305 316 3415 378 938

105 451 260 500 ante
283 456 344 497 se
366 437 531 511 quasi
558 452 767 505 servos,
795 451 859 493 ac
887 448 1099 503 servos,
1128 434 1469 507 prophetiam
1502 433 1723 506 prtemi-
1750 435 1798 495 Α
1826 433 2077 506 impietas
2101 434 2430 492 Christiana:
2465 451 2679 508 semper
2698 441 2784 493 est
2806 430 3000 493 :emula
3033 433 3196 492 saluti
3226 453 3239 491 :
3264 437 3422 508 quia,

104 533 208 593 sit
229 538 284 587 et
301 530 498 602 legem,
520 527 744 599 quando
761 526 831 582 ad
857 525 1270 598 praeparandam
1291 524 1531 581 hominis
1560 524 1725 581 coele-

103 624 228 685 stis
268 620 462 693 patria:
512 619 682 686 viam,
711 617 893 689 primo
941 615 1011 672 ad
1059 616 1358 686 Abraham,
1390 614 1631 672 secundo
1657 615 1727 671 ad

103 713 379 785 Moysen,
414 710 574 767 tertio
602 709 752 766 venit
799 708 867 765 ad
902 693 1150 773 Mariam.
1181 705 1261 763 Ex
1306 722 1415 779 qua
1454 704 1724 775 videlicet,

105 824 198 862 ne
223 806 312 861 vel
336 805 502 860 homo
527 820 595 860 ex
623 803 994 875 passionibus,
1025 803 1109 858 vel
1133 801 1276 858 Deus
1304 803 1497 857 lateret
1521 817 1586 857 ex
1614 800 1727 856 vir—

106 899 366 965 uitibus,
408 913 599 954 verum
631 913 691 953 se
712 895 883 952 Deum
907 906 963 952 et
994 895 1271 951 hominem
1302 895 1558 950 humanis
1585 910 1726 965 prte-

106 983 375 1049 sentavit
421 989 726 1057 obtutibus,
753 996 815 1044 ut
843 988 1009 1044 nullis
1048 1003 1229 1043 rerum
1273 986 1728 1058 prmpedientibus

106 1083 461 1151 obstaculis,
480 1091 538 1138 et
557 1082 1070 1154 homoprobaretur
1090 1096 1159 1137 ex
1185 1079 1475 1153 angustiis,
1501 1088 1556 1135 et
1581 1078 1728 1137 Deus

104 1191 191 1231 ex
221 1177 528 1234 miraculis.
573 1176 680 1233 Per
709 1177 814 1232 hoc
840 1190 1079 1247 namque
1102 1173 1270 1246 quod,
1293 1190 1391 1245 pro
1416 1182 1602 1230 nostra
1634 1188 1726 1230 sa-

106 1261 247 1324 lute
272 1283 563 1339 passurus,
592 1266 845 1324 arborem
889 1265 1071 1322 crucis
1100 1264 1367 1331 ascendit,
1396 1263 1589 1335 procul
1616 1263 1725 1319 du-

106 1359 224 1415 bio
251 1374 456 1437 purum
487 1374 548 1429 se
591 1359 872 1419 hominem
917 1357 1182 1425 ostendit;
1233 1370 1329 1428 per
1376 1357 1481 1413 hoc
1523 1365 1726 1425 autem,

104 1452 282 1523 quod
330 1460 752 1516 mortemsuam
802 1450 1222 1531 resurrectionis
1261 1448 1432 1521 gloria
1479 1450 1727 1522 calcavit,

107 1540 328 1602 verum
360 1561 421 1604 se
451 1544 623 1603 Deum
659 1559 781 1602 esse
805 1542 1150 1601 monstravit.
1180 1538 1290 1599 Sed
1313 1550 1369 1599 et
1395 1543 1502 1599 hoc
1527 1543 1730 1600 divini—

108 1639 234 1695 tati
265 1638 416 1695 illius
437 1653 547 1693 non
587 1637 772 1693 minus
796 1636 956 1694 debet
978 1634 1264 1704 attitulari,
1293 1635 1442 1706 quod
1467 1635 1583 1706 ipsa
1603 1648 1731 1706 pasa

109 1729 312 1788 sionis
341 1744 455 1789 sua:
491 1728 610 1786 dies
632 1726 703 1784 ad
726 1727 922 1785 horam
959 1727 1249 1784 videbatur
1274 1726 1641 1793 obtenebrari,
1669 1727 1727 1782 in

108 1838 242 1895 qua
266 1838 371 1894 pro
405 1822 720 1885 redimenda
756 1821 970 1894 generis
1008 1820 1237 1877 humani
1266 1820 1574 1878 substantia
1602 1817 1732 1892 pass

108 1931 232 1972 sus
271 1924 356 1972 est
400 1929 583 1981 cruce,
613 1915 784 1971 clavis
820 1923 874 1970 et
903 1914 1114 1971 lancea.
1151 1912 1278 1972 Haec
1311 1914 1513 1986 quippe
1543 1926 1730 1972 sacro-

109 2017 328 2065 sancta
354 2008 549 2066 salutis
581 2007 838 2083 humanae
869 2015 998 2063 sunt
1026 2007 1306 2080 stigmata,
1337 2008 1539 2078 quibus
1571 2007 1730 2065 nobis

111 2116 300 2159 verus
332 2100 487 2158 Isaac
514 2100 755 2157 caelestis
794 2095 1081 2157 "medicina:
1120 2099 1304 2156 Oleum
1350 2092 1627 2156 deferebat
1666 2104 1732 2156 ac

107 2192 413 2266 ‘stigmata,
438 2193 660 2266 quando
698 2192 842 2250 sicut
869 2193 1014 2249 aries
1052 2192 1195 2248 inter
1235 2208 1450 2264 vepres,
1481 2200 1732 2263 peceato-

110 2301 261 2349 rum
307 2285 489 2343 crucis
535 2284 796 2361 cornibus
838 2284 1073 2353 hatrens,
1105 2299 1302 2342 sanare
1342 2284 1600 2357 dignatus
1647 2292 1733 2340 est

111 2394 288 2432 omne
314 2386 472 2447 caput
496 2376 834 2447 languidum,
861 2383 911 2430 et
938 2392 1088 2430 omne
1110 2389 1201 2430 cor
1222 2391 1441 2431 maerens
1475 2374 1635 2446 (Isai.
1666 2375 1727 2446 ι).

112 2456 265 2525 ﬁmo
308 2477 439 2524 sunt
464 2468 554 2524 illa
598 2469 874 2540 Stigmata,
900 2468 1103 2540 quibus
1145 2468 1202 2523 in
1242 2477 1337 2525 aru
1366 2468 1549 2525 crucis
1581 2483 1732 2524 sum-

112 2575 263 2618 mus
302 2559 572 2620 Sacerdos
611 2562 957 2618 sacerdotum
990 2577 1163 2633 genus
1194 2561 1496 2617 humanum
1526 2561 1582 2618 in
1622 2576 1732 2617 uno

112 2655 360 2712 homine
381 2655 556 2712 voluit
592 2655 827 2712 liberare
858 2670 955 2727 per
984 2662 1183 2722 totum,
1208 2655 1430 2727 quando
1461 2654 1731 2711 sacriﬁcio

112 2749 403 2822 singulari
426 2756 483 2805 et
509 2747 686 2821 gratia
708 2747 989 2803 communi
1016 2747 1072 2803 in
1102 2764 1214 2804 uno
1241 2748 1521 2806 consuluit
1549 2747 1731 2805 omni-

113 2843 259 2909 bus,
284 2851 341 2898 et
372 2841 427 2896 in
481 2841 740 2897 omnibus
783 2840 900 2896 uni.
932 2839 1059 2897 llaec
1104 2841 1289 2903 etiam,
1313 2841 1407 2904 illa
1455 2841 1730 2915 stigmata,
1760 2910 1765 2915 ,

114 2933 338 3005 quibus
348 2932 443 2988 Dei
457 2931 627 2990 Filius
650 2931 1027 2993 inaestimabile
1048 2932 1208 2989 nobis
1229 2938 1471 3003 paternm
1490 2933 1735 2990 dilectio-

115 3026 222 3082 nis
248 3026 491 3083 ostendit
514 3025 754 3098 signum,
784 3025 1019 3103 quando
1045 3035 1265 3097 peccata
1291 3034 1475 3080 nostra
1513 3025 1734 3096 pertudit

114 3120 184 3172 in
210 3133 428 3187 corpore
453 3133 555 3195 suo
572 3133 729 3188 super
751 3117 956 3190 lignum
986 3115 1216 3189 (I_Petr.
1251 3117 1336 3188 ιι),
1366 3126 1428 3173 ιιι
1471 3118 1731 3189 antiquus
1757 3143 1804 3207 ο

119 3209 313 3266 hostis
339 3209 399 3264 in
444 3208 624 3279 seipso
651 3222 719 3265 eo
759 3210 989 3266 acrioris
1037 3218 1161 3267 atro
1188 3210 1310 3281 ejus
1357 3209 1576 3266 invidiae
1620 3218 1733 3266 toru

119 3310 325 3358 mento
365 3299 727 3366 cruciaretur,
770 3314 881 3371 quo
915 3301 1107 3359 eodem
1150 3302 1328 3373 ligno,
1353 3316 1465 3372 quo
1508 3300 1732 3371 vicerat,

122 3393 467 3449 Vinceretur.

766 3521 997 3585 CAPUT
1036 3528 1100 3583 ll.

128 3660 623 3737 Qualiterjignum
663 3622 836 3737 criticis
873 3664 938 3737 ab
980 3662 1186 3737 Helena
1215 3665 1397 3737 regina
1443 3666 1734 3737 inventum,

205 3735 289 3789 vel
314 3733 593 3808 chalazia
626 3734 774 3805 prius
807 3736 993 3806 [uisset
1023 3733 1411 3808 absconditum,
1443 3746 1492 3791 et
1517 3736 1582 3808 de
1612 3733 1736 3808 pro-4

204 3805 469 3879 positione
491 3779 655 3879 tritu;
672 3779 930 3867 errorfum;
960 3807 1250 3879 secundum
1280 3779 1473 3878 tripiet
1501 3779 1735 3877 ejusrdem

207 3876 347 3948 tigni
369 3876 680 3948 mysterium

208 3974 392 4058 Unde,
429 3991 572 4047 sicut
593 3990 684 4046 illa
705 3989 984 4064 passionis
1010 3990 1308 4050 Dominiem
1333 3994 1451 4050 dies
1483 3996 1736 4051 universo

132 4082 351 4139 mundo
374 4081 652 4154 quondam
681 4090 800 4139 erat
847 4083 1124 4156 optabilis,
1156 4084 1231 4140 ita
1259 4094 1314 4141 et
1352 4085 1456 4142 ista
1480 4087 1598 4143 dies
1641 4103 1734 4143 sa-

131 4175 455 4232 cratissima
487 4191 595 4231 non
624 4176 809 4233 minus
845 4175 1005 4244 nobis
1034 4176 1190 4232 debet
1218 4193 1342 4234 esse
1368 4180 1694 4236 venerabilis
1718 4200 1730 4236 :

132 4267 424 4339 q'uomodo
445 4268 589 4324 sicut
613 4268 670 4323 in
710 4268 804 4324 illa
839 4269 929 4325 die
961 4267 1213 4325 Salvator
1236 4278 1422 4327 noster
1452 4286 1589 4343 opus
1630 4287 1732 4330 no-

134 4368 273 4439 strae
297 4356 688 4431 reilemptiouis
718 4356 980 4432 implevit,
1012 4352 1086 4416 ita
1115 4372 1169 4417 et
1194 4362 1248 4416 in
1281 4361 1384 4418 hac
1411 4362 1500 4420 die
1527 4360 1735 4437 lignum

136 4449 492 4508 Dominicum
517 4452 677 4508 nobis
702 4451 1055 4509 manifestare
1084 4454 1343 4511 decrevit.
1378 4455 1444 4512 Et
1466 4457 1587 4514 ideo
1619 4458 1737 4514 dies

1829 524 1974 581 sicut
2026 525 2083 581 in
2133 526 2282 599 ligno
2327 527 2512 595 crucis
2550 528 2804 583 humana:
2847 526 3042 583 salutis
3085 528 3426 601 impugnavit

1828 625 2130 686 auctorem,
2175 610 2600 698 ita'Christianat
2626 617 2909 691 religionis
2939 619 3120 675 adhuc
3161 604 3420 675 exsecra-

1828 707 1917 772 tur
1940 715 2227 771 honorem.
2254 713 2410 772 Unde
2434 716 2636 772 mirum
2663 730 2774 771 non
2819 724 2902 770 est
2941 715 3087 785 quod
3115 714 3280 770 iidem
3316 713 3416 770 Iu—

1828 806 1952 875 dtei,
1976 808 2142 879 pallio
2183 808 2400 865 iuvidite
2421 807 2615 875 induti,
2642 807 2841 863 divina:
2882 806 3067 878 pietati
3091 815 3145 861 et
3166 808 3422 862 humanae

1828 898 2072 955 invidere
2097 900 2281 968 saluti,
2312 900 2442 959 dum
2475 915 2571 970 per
2615 898 2862 955 eamdem
2895 898 3157 954 invidiam
3202 913 3310 973 qua
3340 898 3424 968 ip-

1828 1007 1953 1049 sum
2001 995 2280 1049 auctorem
2313 992 2451 1049 lueis
2482 993 2538 1047 in
2589 992 2845 1063 passione
2894 1000 3265 1062 peremerunt,
3300 999 3425 1062 post

1822 1070 2142 1156 passionem
2163 1084 2286 1157 ejus
2320 1084 2527 1157 lignum
2558 1084 2739 1140 erucis
2768 1084 3194 1151 absconderant,
3224 1092 3283 1138 ut
3308 1083 3422 1138 cla-

1828 1178 1946 1239 rius
1967 1179 2082 1235 sole
2110 1188 2164 1234 et
2184 1178 2532 1235 manifestius
2559 1175 2683 1234 luce
2718 1166 2870 1234 salus
2916 1178 3076 1234 nobis
3104 1177 3160 1232 in
3198 1184 3425 1233 auctore

1828 1270 1955 1326 vita:
1981 1280 2035 1326 et
2068 1267 2264 1327 salutis
2303 1270 2521 1327 deesset
2566 1268 2623 1335 in
2654 1286 2837 1327 cruce.
2877 1265 2984 1341 lpsi
3024 1270 3169 1324 enim
3200 1269 3278 1323 illi
3300 1268 3410 1324 fue-

1829 1371 1978 1432 runt,
2008 1362 2077 1420 de
2103 1358 2306 1434 quibus
2331 1363 2599 1435 scriptum
2633 1371 2719 1421 est
2744 1381 2757 1419 :
2798 1370 2975 1434 partes
3012 1362 3247 1433 quipiam
3269 1368 3425 1417 erunt

1831 1454 2007 1525 (Psal.
2038 1455 2198 1528 Lxu),
2229 1456 2363 1512 dum
2391 1471 2491 1527 pro
2527 1469 2747 1513 summo
2781 1442 2927 1526 Rege
2968 1455 3185 1525 vulpem
3235 1452 3420 1510 Caesae

1830 1562 1948 1621 rem
1973 1538 2257 1620 eligentes,
2293 1563 2421 1627 erga
2465 1542 2636 1603 Deum
2667 1561 2779 1611 nec
2794 1544 2964 1611 facies
2989 1546 3279 1601 voluerunt
3303 1555 3428 1600 mtr-

1831 1633 1949 1695 tare
1969 1654 2070 1694 nec
2096 1648 2338 1707 mentes.
2366 1636 2521 1703 Unde
2555 1652 2656 1709 pro
2684 1636 2909 1711 perﬁdia
2953 1637 3174 1693 illorum
3208 1636 3427 1709 plenius

1831 1731 2189 1800 ostendenda,
2210 1727 2312 1804 pro
2338 1731 2542 1803 quibus
2574 1730 2630 1786 in
2657 1730 2762 1787 [ide
2788 1728 2997 1788 Christi
3025 1730 3267 1789 nondum
3296 1746 3427 1783 con-

1759 1791 1804 1850 Β
1833 1824 2061 1880 turbata:
2101 1791 2231 1880 sua;
2251 1791 2426 1896 genie:
2473 1830 2523 1879 et
2570 1821 2833 1878 inclinata
2877 1829 3000 1877 sunt
3040 1838 3201 1894 regna
3245 1819 3422 1893 (Psal.

1834 1916 1979 1987 ειν),
2005 1930 2103 1986 per
2144 1929 2370 1987 campos
2416 1912 2847 1986 Scripturarum,
2895 1929 2984 1970 ex.
3033 1928 3140 1986 gr.,
3164 1927 3231 1968 eo
3261 1910 3426 1968 latius

1827 2006 1940 2078 jam
1965 2015 2153 2065 noster
2180 2007 2537 2075 discursurus
2557 2015 2641 2069 est
2670 2020 2881 2079 sermo,
2900 2010 3013 2078 quo
3054 2022 3119 2063 ea
3145 2021 3270 2076 qum
3298 2015 3428 2076 pro-

1833 2102 2083 2173 ponenda
2138 2102 2269 2159 sunt
2321 2101 2526 2175 melius.
2555 2101 2915 2159 ostendantur
2963 2100 3215 2171 exemplo
3259 2114 3426 2170 quam

1831 2194 2001 2250 verbo
2029 2210 2041 2250 :
2079 2188 2141 2250 ut
2172 2195 2321 2257 enim
2366 2192 2571 2251 invidia
2597 2192 2912 2251 Iudaeorum
2937 2193 3087 2273 justa
3121 2191 3300 2263 possit
3338 2200 3428 2245 re.»

1833 2287 1981 2343 tione
2005 2284 2198 2357 sopiri,
2245 2302 2315 2344 ex
2363 2286 2607 2357 antiquis
2638 2285 2725 2341 his
2756 2284 3014 2341 Patribus
3064 2292 3177 2359 tres
3223 2290 3429 2355 prope;

1833 2374 1997 2436 nendi
2036 2388 2167 2437 sunt
2195 2380 2321 2448 viri,
2348 2395 2419 2435 ne
2442 2379 2610 2435 verba
2643 2376 2906 2433 Veritatis
2937 2382 2969 2432 a
3009 2374 3169 2431 nobis
3205 2374 3429 2430 videan-

1833 2482 1924 2529 tur
1943 2473 2191 2545 neglccta
2213 2488 2356 2541 esse,
2378 2470 2583 2543 quibus
2610 2470 2815 2528 dictum
2838 2477 2924 2528 est
2958 2488 2971 2525 :
2999 2467 3065 2523 In
3090 2484 3180 2524 ore
3203 2466 3429 2521 duorum

1833 2565 1912 2640 uel
1954 2562 2117 2629 trium
2146 2565 2359 2626 testium
2392 2571 2496 2625 stet
2539 2579 2692 2619 omne
2727 2556 2938 2618 verbum
2982 2559 3072 2634 (II
3119 2560 3242 2630 Cor.
3280 2553 3427 2630 xui);

1836 2654 2129 2714 Sciendum
2155 2667 2238 2713 est
2257 2664 2441 2713 autem
2464 2655 2633 2733 quod,
2659 2654 2803 2712 sicut
2827 2653 2991 2709 iidem
3020 2652 3122 2707 viri
3148 2658 3279 2707 sunt
3295 2658 3429 2716 tres,

1833 2745 2036 2822 Ioseph
2062 2749 2291 2817 scilicet,
2322 2748 2478 2807 lsaac
2506 2756 2561 2804 et
2588 2736 2835 2831 Moyses,
2862 2745 2941 2800 ita
2969 2760 3067 2815 per
3086 2736 3328 2829 antiquae
3347 2738 3424 2795 dis

1834 2843 2080 2909 vinitatis
2112 2835 2532 2909 archisterium,
2564 2838 2762 2909 triplex
2803 2836 2963 2918 nobis
3000 2836 3200 2891 debent
3235 2842 3427 2910 appor“

1835 2943 1952 2990 tare
1974 2932 2314 3007 mysterium.

2450 3036 2678 3100 CAPUT
2716 3047 2804 3104 Ill.

1836 3181 1913 3236 De
1942 3178 2355 3252 comparatione,
2382 3176 2551 3253 quant
2570 3181 2765 3253 Ioseph
2798 3180 2948 3253 habet
2986 3181 3056 3253 ad
3088 3172 3313 3253 lignum,
3358 3182 3433 3232 vel

2049 3250 2245 3324 fratres
2278 3250 2403 3323 ejus
2418 3253 2488 3306 ad
2523 3250 2858 3324 Synagogant
2886 3250 3218 3307 Juda'ortim.

1912 3343 2110 3402 Verum
2144 3345 2270 3401 licet
2311 3343 2512 3416 Ioseph
2540 3344 2731 3415 junior
2779 3354 2924 3401 esset
2952 3359 3022 3401 ex
3070 3342 3271 3410 tribus,
3318 3340 3433 3413 ipse

1837 3435 2021 3493 tamen
2050 3438 2105 3492 in
2131 3436 2236 3492 hac
2275 3436 2650 3508 propositione
2689 3436 2850 3491 nobis
2877 3436 2981 3491 erit
3008 3435 3242 3506 primus,
3272 3444 3335 3490 ut
3377 3434 3431 3488 in

1836 3530 1983 3586 scala
2018 3527 2295 3596 Ecclesiae,
2327 3524 2486 3599 Quasi
2531 3527 2599 3584 de
2642 3521 2814 3599 gradu
2848 3524 2903 3581 in
2952 3520 3182 3598 gradum
3241 3539 3432 3581 ascen-

1836 3626 2021 3682 dendo
2050 3624 2334 3698 paulatim,
2366 3625 2434 3681 de
2464 3640 2576 3680 uno
2617 3623 2688 3680 ad
2724 3624 2958 3681 alterum
3000 3623 3282 3679 valeamus
3309 3636 3434 3692 per-

1835 3718 2021 3776 venire
2049 3719 2390 3775 summatim.
2422 3716 2529 3774 Sed
2566 3717 2622 3772 in
2651 3718 2757 3773 hac
2781 3711 3156 3788 prepositione
3176 3713 3312 3769 nulli
3336 3722 3431 3768 no-

1838 3822 2013 3868 strum
2042 3812 2202 3868 debet
2221 3826 2344 3868 esse
2378 3810 2622 3876 taedium,
2646 3807 2693 3865 si
2720 3824 2844 3865 cum
2876 3804 3066 3865 eodem
3096 3802 3297 3879 Iuseph
3324 3805 3435 3861 fra~

1837 3913 1947 3959 tres
1968 3902 2088 3974 ejus
2109 3917 2175 3958 ac
2194 3901 2413 3957 Iudaeos
2439 3900 2777 3956 deducamus
2796 3899 2854 3954 in
2883 3898 3148 3965 medium,
3171 3895 3433 3968 quoniam

1837 3994 2011 4054 Iudaei
2047 4012 2176 4068 erga
2213 3996 2506 4052 Dominum
2537 3993 2729 4050 eadem
2761 3992 2963 4048 invidia
3007 3989 3234 4047 fuerunt
3264 3988 3436 4062 pleni,

1837 4106 2003 4163 quam
2033 4106 2162 4163 erga
2186 4088 2388 4160 Ioseph
2418 4087 2617 4143 fratres
2642 4085 2767 4157 ejus
2791 4086 3098 4141 habuerant
3132 4080 3259 4141 deni
3294 4100 3309 4138 :
3339 4079 3459 4137 Ju-'

1837 4183 1940 4239 dati
1969 4182 2116 4238 enim
2149 4197 2276 4254 erga
2308 4181 2601 4237 Dominum
2651 4171 2900 4234 eamdem
2943 4175 3165 4232 invidia:
3207 4189 3457 4231 causam.

1838 4290 2055 4346 semper
2081 4272 2374 4340 habebant,
2399 4287 2566 4344 quam
2587 4287 2716 4342 erga
2737 4268 2940 4340 Ioseph
2970 4268 3169 4326 fratres
3188 4269 3310 4340 ejus
3332 4267 3436 4323 ha-

1839 4364 1968 4420 bere
2013 4354 2284 4435 solebant,
2321 4362 2449 4417 dum
2503 4356 2606 4432 pro
2661 4359 2927 4431 singulari
2962 4360 3137 4430 gratia
3196 4359 3344 4414 illius
3379 4358 3435 4412 iu

1837 4457 2056 4514 camino
2084 4453 2303 4510 invidia
2330 4454 2404 4509 ita
2431 4452 2752 4508 videbantur
2773 4451 2957 4521 coqui,
2985 4453 3044 4507 u't
3076 4454 3437 4522 nonpossent

136 4546 249 4602 ista
281 4559 349 4601 eo
379 4543 631 4601 festivius
670 4562 702 4600 a
746 4546 906 4602 nobis
951 4545 1111 4603 debet
1135 4547 1417 4617 celebrari,
1441 4550 1552 4620 qui)
1577 4550 1633 4605 in
1669 4550 1735 4607 eu
1773 4533 1816 4591 ο
1838 4549 2128 4624 quidquam
2157 4548 2380 4620 paciﬁce
2407 4545 2551 4617 loqui
2584 4544 2737 4617 (Gen.
2768 4543 2999 4614 xxxvii).
3033 4542 3293 4597 EtIudaai
3315 4542 3436 4613 qui-

136 4636 353 4711 lignum
382 4637 525 4694 idem
557 4636 902 4694 Dominicitm
935 4639 1143 4707 debuit,
1173 4638 1399 4700 Christo.
1438 4641 1732 4713 revelante,

138 4728 366 4796 nudari,
400 4728 639 4784 maxime
680 4743 807 4784 cum
838 4727 908 4785 de
942 4729 1048 4786 hac
1079 4728 1168 4785 die
1206 4731 1342 4786 nihil
1393 4732 1539 4788 aliud
1581 4731 1734 4791 Scri-

139 4816 307 4891 ptura
327 4817 590 4889 loquatur
609 4817 814 4885 divina,
845 4818 955 4876 nisi
976 4818 1153 4891 quod
1170 4820 1331 4878 hodie
1352 4820 1485 4879 crux
1517 4822 1736 4881 Domini

140 4908 368 4963 inventa
389 4915 475 4963 est
497 4907 568 4963 ab
594 4905 797 4963 Helena
823 4906 1032 4981 regina.
1065 4909 1221 4967 Sicut
1243 4911 1389 4967 enim
1410 4913 1467 4968 in
1487 4915 1736 4988 catalogo

138 5007 463 5081 sanctorum
493 4999 780 5072 praesentis
807 5000 917 5057 diei
942 4999 1331 5059 Kalendarium
1362 5014 1612 5076 testatur,
1648 5008 1738 5065 In-s

144 5094 328 5150 ventio
352 5092 411 5149 S.
440 5090 621 5149 crucis
655 5093 772 5149 dies
791 5086 897 5150 ista
920 5100 1169 5163 vocatur,
1193 5096 1454 5166 quoniam
1479 5098 1742 5158 hodierna

138 5186 232 5243 die
278 5185 471 5242 eadem
516 5200 651 5241 crux
693 5185 956 5255 probatitr
1002 5185 1243 5253 inventa,
1285 5187 1341 5241 in
1383 5206 1491 5260 qua
1527 5192 1742 5262 generis

144 5278 377 5334 humani
415 5277 724 5334 substantia
752 5276 961 5333 Christi
997 5276 1102 5333 fuit
1127 5280 1388 5350 passione
1438 5281 1738 5353 redempta.

143 5370 257 5429 Sed
308 5370 572 5442 quenia'ni
638 5364 827 5427 multis
877 5370 1071 5428 adhuc
1114 5372 1330 5429 videtur
1378 5374 1738 5447 incognitum,

141 5476 320 5536 quare
355 5480 386 5519 a
431 5463 634 5519 Iudaeis
677 5463 885 5534 lignum
936 5462 1069 5519 illud
1101 5460 1445 5522 Dominicum
1491 5468 1604 5539 jam
1640 5470 1733 5525 diu

142 5554 347 5612 fuisset
364 5555 764 5623 absconditum,
794 5554 917 5611 ideo
937 5570 1083 5612 nunc
1109 5572 1306 5614 causas
1337 5561 1541 5627 causis,
1565 5569 1620 5616 et
1646 5578 1733 5619 res

141 5655 485 5720 opponentes
512 5648 697 5715 rebus,
731 5664 830 5719 pro
863 5649 1087 5705 modulo
1108 5661 1298 5725 nostro
1322 5641 1494 5723 pauca
1518 5655 1584 5710 de
1611 5655 1734 5725 plu-

138 5741 302 5799 ribus
327 5741 456 5797 inde
476 5740 741 5798 dicemus.
773 5741 940 5798 Scitis
984 5724 1183 5799 etenim
1215 5747 1366 5815 quia,
1397 5745 1539 5803 sicut
1573 5724 1734 5817 perti-

140 5826 237 5895 dia
272 5835 496 5893 inimica
522 5841 608 5890 est
646 5834 793 5903 ﬁdei,
816 5843 873 5891 et
899 5834 1093 5893 vitium
1127 5836 1350 5911 virtuti;
1383 5837 1465 5897 sic
1502 5836 1731 5899 Iudaica

465 5928 739 6026 Pareae.
785 5927 970 6003 CLX.

1842 4644 1964 4700 dem
1991 4642 2239 4699 eamdem
2281 4639 2540 4695 invidiam
2573 4652 2701 4709 erga
2730 4636 3022 4691 Dominum
3060 4634 3343 4703 habentes,
3378 4634 3433 4689 in

1842 4734 2073 4791 mortem
2102 4731 2275 4804 ipsius
2319 4736 2586 4787 acuerunt
2629 4727 2845 4800 linguas
2873 4742 3004 4784 suas
3032 4726 3176 4783 sicut
3211 4735 3436 4798 serpen-

1842 4827 1945 4895 tes,
1969 4843 2037 4882 ne
2059 4824 2343 4897 prophetia
2373 4824 2464 4879 illa
2486 4822 2762 4877 videretur
2789 4820 3072 4877 mendosa.
3098 4819 3288 4875 Loculi
3309 4826 3429 4876 sun:

1840 4919 2118 4974 adversum
2148 4934 2229 4972 me
2261 4916 2443 4989 lingua
2472 4914 2658 4969 dolosa
2695 4912 2870 4986 (Psal.
2901 4913 3075 4986 cvm).
3107 4909 3266 4968 Unde
3308 4910 3438 4965 licet

1840 5012 1988 5069 nulla
2018 5009 2254 5067 societas
2280 5009 2353 5065 sit
2392 5009 2502 5065 luci
2548 5010 2616 5066 ad
2660 5008 2934 5075 tenebras,
2969 5007 3055 5063 vel
3082 5005 3149 5061 ad
3176 5002 3437 5060 tenebras

1839 5104 1969 5171 luci,
1997 5102 2161 5159 iidem
2200 5111 2386 5157 tamen
2416 5090 2615 5157 fratres
2649 5118 2713 5157 ac
2738 5097 2913 5157 Iudaei
2943 5098 3244 5156 Dominicte
3277 5109 3428 5151 com-

1836 5195 2066 5267 parandi
2095 5202 2225 5250 sunt
2272 5192 2444 5259 cruci;
2472 5193 2710 5248 maxime
2755 5210 2883 5249 cum
2928 5193 3027 5265 per
3068 5187 3432 5261 antiphrasin!

1837 5287 2084 5344 eamdem
2117 5285 2429 5342 secietatem
2462 5286 2701 5341 habeant
2728 5285 2794 5341 ad
2824 5300 3042 5341 erucem
3071 5298 3236 5355 quam
3271 5290 3429 5336 tene-

1836 5383 1948 5437 brae
1969 5380 2171 5435 habere
2194 5379 2448 5435 videntur
2473 5380 2539 5435 ad
2566 5378 2763 5434 lucem.
2791 5375 2945 5433 Sicut
2971 5376 3118 5431 enim
3150 5376 3203 5430 in
3238 5373 3429 5430 fratri-

1840 5475 1943 5530 bus
1972 5471 2170 5543 Ioseph
2196 5471 2436 5528 fraterna
2470 5473 2635 5542 cmpit
2662 5470 2895 5526 deﬁcere
2938 5467 3180 5533 dilectio,
3205 5467 3334 5522 dum
3371 5466 3428 5521 in

1841 5565 2132 5622 traditione
2161 5565 2309 5620 illius
2332 5571 2679 5620 recesserunt
2704 5561 2759 5615 in
2784 5560 3037 5615 Dotbaim
3070 5559 3215 5630 quod
3254 5560 3428 5614 inter-

1838 5666 2083 5730 pretatur
2110 5657 2365 5727 defectio;
2393 5656 2467 5711 ita
2487 5653 2659 5710 Iudaei
2690 5668 2900 5724 magna:
2918 5651 3243 5710 defectionis
3264 5667 3296 5706 a
3320 5649 3432 5705 Deo

1837 5750 2000 5808 divisi
2027 5756 2154 5806 sunt
2187 5755 2355 5814 sorte,
2382 5747 2514 5802 dum
2542 5763 2702 5817 usque
2724 5745 2793 5800 ad
2823 5754 3065 5814 mortem,
3089 5754 3308 5800 mortem
3331 5756 3431 5803 au3

1840 5851 1942 5899 tem
1964 5841 2137 5898 crucis
2162 5837 2421 5911 (Philipp.
2450 5836 2534 5910 ιι),
2560 5853 2659 5910 pro
2684 5837 2857 5910 ipsius
2880 5837 3258 5910 cegitaverunt
3282 5839 3429 5891 tuor-

3034 5930 3115 5992 30
