3960 6316
575 311 682 372 959

1500 306 1887 370 BEIlENGOSl
1926 308 2219 368 ABBATIS
2261 312 2319 370 S.
2360 310 2611 368 MAXIMI
2650 309 2930 371 TREVIR.

3698 322 3779 381 ιιι

570 440 642 485 te.
686 428 793 485 Sed
842 428 1124 485 sciendum
1170 436 1254 485 est
1292 427 1460 499 quod.
1493 428 1637 484 inter
1683 428 1822 485 alios
1873 427 2167 485 duodecim
2197 429 2700 495 A-surrcctionem,
2738 430 2820 486 sic
2839 428 3108 485 extr-actio
3132 427 3313 485 crucis
3359 444 3392 485 a
3429 438 3563 486 terra
3591 437 3787 496 eande-

567 521 786 589 l'riitr'es,
841 520 951 576 duo
1002 527 1217 575 tantum
1266 519 1523 591 antiquos
1568 520 1765 576 imitati
1791 528 1921 576 sunt
1960 507 2162 590 patres,

567 612 831 681 quoniam
876 610 1079 681 Ioseph
1110 619 1165 667 et
1192 609 1363 667 frater
1392 612 1513 683 ejus
1541 610 1825 683 Benjamin
1849 655 1864 680 ,
1901 628 2027 669 cum
2056 628 2164 668 cae-

566 704 699 759 teris
745 702 1014 759 fratribus
1044 703 1123 759 ire
1153 705 1450 760 noluerunt
1479 705 1534 759 in
1567 703 2006 776 Dothaim,quia,
2035 721 2163 761 cum

565 810 675 852 non
699 796 810 853 Lien
842 798 937 853 sed
968 796 1224 853 Rachelis
1250 805 1436 853 essent
1465 797 1582 863 filii,
1613 797 1908 868 participes
1936 796 2163 853 fraterni

563 906 674 945 non
708 889 983 945 debebant
1023 905 1146 945 esse
1180 889 1416 945 consilii.
1472 889 1578 943 Alii
1607 896 1790 944 antem
1814 888 2033 956 fratres,
2067 889 2163 960 qni

564 981 680 1035 nati
704 979 926 1036 fuerant
945 995 1012 1035 ex
1042 981 1256 1036 ancillis
1285 989 1380 1036 aut
1409 980 1530 1048 Lia,
1556 981 1715 1051 quasi
1744 994 1844 1051 pro
1874 981 2165 1039 traditione

559 1072 803 1128 fraterna
824 1071 959 1128 foris
980 1072 1213 1143 dispersi
1243 1082 1400 1129 erant
1428 1073 1485 1128 in
1527 1073 1635 1140 via,
1669 1075 1950 1145 quomodo
1982 1074 2037 1129 in
2067 1088 2160 1130 sa-

560 1183 699 1236 gena
725 1165 1001 1236 Ecclesiae,
1033 1167 1174 1223 inter
1204 1167 1379 1223 bonos
1412 1175 1468 1222 et
1494 1168 1670 1224 malos
1700 1169 1878 1239 pisces
1909 1169 1995 1224 sic
2026 1169 2162 1225 Ordo

557 1260 872 1327 distinctus,
904 1268 964 1315 ut
991 1268 1044 1315 et
1080 1260 1207 1314 mali
1246 1260 1534 1315 mittantur
1556 1259 1725 1329 foras,
1749 1270 1803 1316 et
1827 1261 1957 1316 boni
1982 1277 2167 1317 remaa'

557 1360 726 1406 neunt
758 1352 927 1407 intus.
971 1351 1125 1407 Unde
1154 1352 1433 1422 quomodo
1452 1352 1615 1408 iidem
1662 1352 1859 1410 fratres
1889 1369 1954 1409 ac
1986 1352 2160 1410 Iudaei

557 1444 793 1513 piscium
818 1443 1035 1500 illorum
1063 1446 1291 1516 figurant
1324 1445 1658 1514 habuerunt,
1687 1447 1754 1502 de
1798 1447 1999 1517 quibus
2022 1447 2160 1502 scri-

555 1545 712 1604 ptum
747 1546 851 1605 est,
880 1537 1047 1591 malos
1078 1546 1253 1592 autem
1284 1538 1431 1608 [oras
1464 1539 1719 1593 miserunt
1744 1538 1962 1609 (Matth.
2010 1540 2155 1612 xm),

555 1629 758 1683 mirum
806 1645 915 1685 non
948 1638 1031 1685 est
1065 1631 1233 1701 quod,
1283 1632 1464 1701 qualis
1506 1647 1635 1703 erga
1677 1630 1877 1703 Ioseph
1923 1632 2157 1688 fratrum

553 1728 782 1773 suorum
804 1729 924 1775 erat
947 1719 1152 1776 invidia
1174 1764 1189 1788 ,
1220 1722 1342 1778 talis
1364 1737 1493 1794 erga
1513 1722 1793 1779 Christum
1816 1722 2152 1791 Iudaeorum,

2267 527 2449 590 potest
2470 520 2674 576 habere
2694 520 3181 593 significationem;
3199 520 3346 591 quia,
3370 520 3510 578 sicut
3526 521 3699 597 Ioseph
3715 544 3793 599 pro

2267 612 2443 669 salute
2477 611 2713 668 fratrum
2738 628 2968 669 suorum
2991 620 3272 670 extractus
3291 621 3376 669 est
3419 629 3452 670 a
3478 614 3713 685 cisterna,
3735 622 3791 678 ita

2268 720 2403 759 crux
2432 703 2712 760 Dominica
2734 720 2836 775 pro
2864 705 3039 761 salute
3063 705 3390 777 populon
3414 704 3567 763 hodie
3591 709 3790 769 traheba-

2266 802 2357 850 tur
2392 806 2610 852 eterra.
2655 796 2742 863 Et,
2773 797 2919 853 sicut
2960 798 3027 852 ad
3054 814 3221 853 unam
3253 798 3598 870 eamdemque
3620 804 3791 873 respict

2265 894 2489 954 sortem,
2519 888 2667 958 quod
2694 888 2780 943 vel
2804 887 3005 959 Ioseph
3026 903 3326 957 carcerem,
3348 889 3434 944 vel
3457 886 3683 948 Christus
3696 908 3791 948 cta-

2264 988 2412 1035 serat
2445 989 2677 1036 mortem
2703 1023 2718 1047 ,
2775 980 2857 1036 sic
2892 980 3112 1037 virtutis
3159 982 3444 1053 utriusque
3482 983 3619 1038 cruci
3650 983 3791 1039 Dati-

2262 1073 2401 1129 nicae
2436 1074 2643 1144 justam
2690 1090 2988 1146 possumus
3029 1074 3298 1133 rationem
3334 1073 3790 1146 conferremuaad

2261 1168 2511 1223 eamdem
2554 1167 2786 1240 figuram
2830 1167 2991 1224 hodie
3025 1168 3206 1224 soluta
3246 1177 3333 1224 est
3371 1171 3632 1240 ergastulo
3656 1179 3787 1225 terra.

2222 1296 2229 1306 ί
2262 1253 2534 1313 Praeterea
2556 1272 2685 1312 vero
2713 1266 2768 1312 et
2796 1258 2903 1313 hoc
2925 1268 3040 1313 non
3067 1267 3154 1314 est
3182 1258 3458 1314 silendum
3481 1272 3514 1313 a
3545 1259 3699 1325 nobis,
3722 1261 3789 1315 sed

2261 1349 2579 1420 spiritaliter
2598 1349 2785 1421 potius
2804 1349 3211 1406 discutiendum
3240 1359 3326 1407 est
3348 1351 3523 1419 vobis,
3549 1352 3675 1421 quod
3692 1367 3790 1407 cru

2260 1438 2544 1497 Dominica
2584 1441 2654 1496 ad
2678 1442 2934 1498 eumdem
2964 1441 3190 1498 modum
3218 1443 3384 1500 hodie
3409 1444 3622 1499 liberata
3657 1446 3792 1501 estalt

2260 1530 2565 1589 inclusione
2605 1541 2853 1602 veterna,
2883 1549 2997 1605 quo
3035 1535 3103 1591 de
3131 1550 3356 1592 carcere
3381 1534 3666 1593 Pharaonis
3692 1538 3788 1593 olim

2259 1624 2524 1681 liberatus
2553 1634 2640 1682 est
2667 1624 2869 1697 Ioseph
2890 1635 2947 1682 et
2976 1627 3259 1699 pincerna.
3305 1627 3466 1685 Unde
3503 1631 3685 1701 gratias
3709 1628 3791 1684 Deo

2257 1718 2425 1788 quod,
2455 1718 2598 1773 sicut
2618 1717 2817 1790 Ioseph
2847 1729 2903 1774 et
2927 1718 3181 1776 Christus
3210 1720 3531 1791 spiritaliter
3557 1737 3697 1777 unam
3722 1721 3789 1776 Ita-

549 1810 836 1866 videbatur
866 1827 987 1868 esse
1030 1813 1277 1884 perfidia.
1314 1788 1610 1871 Sciendum
1640 1824 1727 1871 est
1763 1824 1947 1872 autem
1983 1788 2152 1887 quod,
2185 1788 2230 1848 Β
2259 1811 2491 1867 buerant
2512 1788 2893 1881 sortempdum
2917 1823 2970 1871 et
2998 1814 3200 1886 Ioseph
3233 1788 3444 1873 missus
3471 1817 3627 1872 estin
3647 1831 3788 1871 carne-

551 1904 696 1960 sicut
718 1911 787 1962 ex
812 1905 1008 1962 merito
1042 1906 1201 1962 bona:
1230 1907 1462 1964 actionis
1505 1906 1705 1979 Ioseph
1736 1916 1925 1981 typum
1955 1910 2156 1965 meruit

549 1994 757 2053 habere
800 1996 1107 2053 Salvat-iris
1130 2040 1143 2066 ,
1183 1997 1259 2053 ita
1290 2013 1400 2053 non
1439 2014 1507 2054 ex
1535 1999 1794 2069 operibus
1816 1999 2020 2067 carnis,
2059 2000 2153 2056 sed

551 2106 619 2143 cx
648 2090 906 2160 operibus
936 2090 1077 2146 lucis
1116 2091 1437 2163 mysterium
1466 2091 1521 2146 in
1547 2107 1614 2147 eo
1634 2091 2043 2162 praefiguratum
2070 2101 2156 2148 est

550 2182 756 2237 crucis.
804 2180 957 2237 Sicut
994 2182 1141 2237 enim
1178 2180 1381 2253 Ioseph
1414 2182 1735 2253 aliquandiu
1774 2181 2023 2239 inclusus
2052 2180 2156 2237 fuit

549 2272 606 2331 in
634 2278 870 2334 cisterna
891 2321 905 2347 ,
948 2279 1025 2335 ita
1055 2295 1191 2334 crux
1227 2277 1512 2334 Dominica
1541 2278 1637 2334 diu
1678 2278 1892 2333 inclusa
1936 2285 2059 2335 erat
2095 2277 2152 2333 in

546 2378 712 2436 terra,
732 2368 1114 2439 quoadusque,
1130 2368 1305 2439 gratia
1320 2375 1649 2438 cooperante
1664 2382 1921 2438 superna,
1945 2376 1998 2425 et
2017 2383 2153 2424 crux

545 2476 577 2514 a
602 2462 767 2529 terra,
796 2470 852 2518 et
886 2459 1089 2532 Ioseph
1117 2461 1390 2517 levaretur
1416 2476 1448 2515 a
1479 2458 1741 2517 cisterna.
1767 2458 1855 2528 Et,
1889 2460 2034 2516 sicut
2056 2458 2152 2516 Io—

547 2554 683 2625 seph
711 2570 743 2609 a
791 2553 1058 2611 fratribus
1110 2554 1229 2611 suis
1272 2553 1528 2610 venditus
1571 2564 1657 2609 εει
1697 2551 2022 2622 lsmaelitis,
2071 2553 2152 2611 sic

544 2646 889 2718 principibus
911 2646 1262 2703 sacerdotum
1286 2645 1543 2701 Christus
1565 2646 1822 2702 venditus
1852 2654 1936 2701 est
1962 2646 2032 2701 ab
2069 2645 2151 2702 ls-

398 2722 405 2731 ’
498 2805 505 2823 ν
548 2738 786 2795 maelitis
817 2757 830 2794 :
864 2737 1148 2809 quoniam,
1183 2737 1327 2793 sicut
1360 2735 1565 2808 Ioseph
1602 2737 1659 2792 in
1688 2737 1943 2793 exsilium
1975 2736 2149 2793 tradi-~

542 2840 635 2886 tus
664 2841 750 2887 est
784 2831 1017 2887 consilio
1074 2829 1229 2886 Inda:
1276 2829 1633 2901 patriarchae,
1681 2829 1762 2885 sic
1813 2830 1868 2885 in
1915 2840 2145 2887 mortem

544 2924 728 2980 crucis
760 2923 995 2979 traditus
1026 2931 1111 2979 est
1137 2922 1394 2978 Christus
1429 2922 1662 2979 consilio
1696 2921 1850 2977 Iuda:
1884 2921 2149 2978 lscarioth

542 3017 945 3073 h:eresiarchat.
996 3016 1234 3073 Proinde
1277 3015 1601 3072 multiformi
1650 3000 1871 3072 malitia:
1911 3016 2145 3073 fratrum

538 3108 760 3165 illorum
792 3123 901 3163 non
936 3109 1237 3180 incongrue
1287 3116 1637 3179 comparatur
1677 3108 1887 3164 malitia
1929 3107 2146 3165 Iudaeo-

537 3214 689 3268 rum,
716 3200 979 3271 quoniam
1038 3214 1211 3256 unum
1261 3198 1516 3272 idemque
1568 3200 1893 3274 mysterium
1939 3199 2143 3257 Christi

540 3301 653 3347 tam
676 3291 756 3346 illi
782 3292 1233 3363 blasphemavere
1256 3307 1421 3362 quam
1450 3292 1562 3348 isti.
1593 3291 1748 3349 Sicut
1771 3293 1920 3349 enim
1950 3292 2029 3348 illi
2056 3309 2145 3349 se-

539 3385 784 3441 cundum
821 3385 1059 3456 antiquae
1105 3384 1410 3442 divinitatis
1456 3385 1728 3457 judicium
1772 3385 2144 3458 conscriptum

538 3478 746 3550 Ioseph
783 3477 1010 3535 fratrem
1047 3494 1210 3534 suum
1246 3479 1548 3536 tenebrosae
1595 3478 1849 3535 falsitatis
1880 3478 2141 3536 vendide-

538 3581 671 3626 runt
699 3570 759 3625 in
778 3569 1110 3643 Egyptum,
1137 3571 1212 3626 ita
1241 3579 1295 3627 et
1328 3571 1419 3627 isti
1446 3571 1513 3627 ad
1545 3571 1871 3628 imitandum
1894 3571 2142 3643 ejusdem

537 3663 766 3718 malitiae
789 3663 1029 3734 signum,
1062 3663 1116 3716 in
1140 3663 1593 3719 tenebrosissimo
1615 3664 1855 3735 quodam
1874 3664 1996 3719 loco
2029 3661 2140 3718 Do-

538 3753 804 3809 minicum
836 3754 1243 3809 occultaverant
1277 3754 1507 3825 lignum.
1540 3753 1608 3809 Et
1638 3755 1779 3810 sicut
1806 3753 2008 3826 Ioseph
2040 3769 2139 3809 nc-

538 3846 714 3917 quitia
739 3845 972 3901 fratrum
1003 3860 1232 3902 suorum
1256 3845 1390 3901 olim
1416 3844 1471 3900 iu
1504 3860 1778 3901 carcerem
1808 3853 1893 3902 est
1921 3853 2139 3914 trusus,

538 3940 620 3996 sic
653 3938 863 3995 malitia
897 3936 1215 3993 Iudmorum
1259 3946 1315 3992 et
1346 3952 1487 3993 crux
1523 3937 1581 3992 in
1611 3937 1853 4005 occulto,
1879 3946 1934 3993 et
1975 3936 2139 3992 Chri-

537 4041 659 4088 stus
694 4031 749 4086 in
784 4030 1037 4102 sepulcro
1061 4029 1279 4100 jacebat
1305 4028 1576 4098 inclusus,
1608 4039 1668 4084 ut
1705 4029 2009 4084 humanum
2044 4045 2140 4101 ge-

540 4143 649 4181 nus
681 4126 739 4179 in
783 4125 888 4180 hoc
933 4122 1138 4195 duplici
1180 4123 1443 4195 mysterio
1484 4122 1559 4177 ita
1596 4122 1793 4178 divina:
1830 4121 2141 4179 dilectionis

538 4219 853 4289 privaretur
876 4217 1056 4289 signo,
1081 4224 1143 4272 ut
1171 4232 1273 4273 nec
1291 4216 1405 4272 vita
1433 4216 1538 4273 sibi
1558 4216 1626 4273 de
1652 4216 1891 4285 Christo,
1922 4231 2023 4273 nec
2049 4232 2139 4273 sa-

538 4313 626 4370 lus
655 4311 970 4384 proveniret
1003 4327 1036 4367 a
1064 4312 1235 4385 ligno.

1152 4422 1382 4481 CAPUT
1421 4422 1511 4479 IV.

2258 1919 2397 1970 rem,
2427 1911 2482 1959 et
2505 1904 2764 1961 Christus
2786 1906 2842 1961 in
2889 1915 3163 1975 mortem,
3192 1908 3268 1964 ita
3309 1907 3789 1979 Christiannspope

2257 1995 2344 2051 lus
2363 1995 2566 2053 Iudaeis
2589 1998 2735 2052 nulla
2761 1999 2973 2054 ratione
2996 2000 3210 2054 volebat
3229 2016 3478 2071 parcere,
3500 2001 3791 2072 quoadusque

2256 2087 2465 2157 lignum
2504 2088 2854 2145 Dominicum
2902 2090 3143 2161 antiqua:
3178 2092 3509 2171 reclusiohis
3536 2092 3792 2148 educeretur

2255 2196 2287 2235 a
2312 2197 2551 2249 carcere,
2582 2183 2686 2239 sub
2713 2183 2902 2238 eadem
2933 2184 3182 2240 videlicet
3202 2184 3469 2254 spiritalis
3491 2183 3792 2255 intelligentia

2256 2282 2422 2341 sorte,
2452 2291 2557 2345 qua
2587 2274 2791 2346 Ioseph
2816 2276 3050 2332 eductus
3079 2289 3165 2333 est
3191 2292 3223 2333 a
3249 2291 3496 2346 carcere,
3524 2283 3577 2333 et
3596 2274 3790 2333 Christus

2255 2382 2287 2421 3
2317 2377 2516 2423 morte.

2880 2481 3114 2540 CAPUT
3149 2466 3197 2540 v

2255 2564 2713 2643 Quemadmodum
2742 2575 2936 2647 Joseplt'
2965 2595 2997 2630 a
3027 2578 3310 2633 Pharaone
3340 2575 3524 2647 terque
3544 2574 3785 2647 aurea,“-

2323 2648 2549 2720 nuloque
2598 2646 2919 2720 induebatur
2963 2658 3013 2703 et
3062 2650 3223 2717 stola,
3289 2650 3397 2720 sie;
3427 2646 3618 2720 lignum
3657 2646 3788 2720 eruis

2322 2718 2540 2790 geminis
2566 2729 2617 2773 et
2645 2736 2777 2773 auro
2807 2719 3116 2774 decoratum
3144 2730 3223 2775 est
3250 2720 3318 2775 ab
3345 2718 3548 2775 Helena
3572 2719 3735 2790 regina.

2323 2829 2490 2903 Ergo,
2522 2830 2666 2887 sicut
2726 2830 3059 2888 sullicienter
3104 2839 3191 2888 est
3234 2831 3449 2888 dictum
3488 2830 3695 2903 qualiter
3718 2823 3787 2883 Io-

2252 2921 2386 2992 seph
2433 2922 2488 2976 in
2524 2937 2766 2990 carcere,
2811 2922 2898 2978 vel
2946 2922 3204 2979 Christus
3247 2923 3304 2978 in
3356 2931 3532 2979 morte
3561 2938 3648 2992 pro
3669 2921 3786 2976 nobis

2250 3012 2428 3069 factus
2457 3022 2541 3069 est
2586 3014 2935 3071 maledictum
2956 3056 2971 3081 ,
3023 3014 3099 3070 ita
3145 3014 3282 3086 quid
3311 3030 3446 3071 cum
3490 3012 3669 3084 Ioseph
3695 3018 3786 3083 p03!

2247 3105 2591 3161 cductionem
2621 3105 2860 3163 carceris
2895 3122 2928 3162 a
2955 3106 3243 3163 Pharaone
3272 3107 3346 3163 sit
3379 3105 3597 3174 factum,
3624 3103 3786 3160 anohis

2247 3213 2531 3253 remanere
2582 3215 2691 3254 non
2725 3199 2887 3255 debet
2929 3200 3217 3255 intactum.
3273 3198 3407 3267 Sed,
3444 3200 3567 3271 quia
3605 3208 3787 3268 sequere

2247 3291 2514 3347 sententia
2543 3291 2619 3347 ita
2644 3292 2860 3349 videtur
2887 3293 3166 3348 cohaerere
3192 3308 3321 3348 cum
3350 3293 3540 3363 priori,
3586 3300 3638 3345 ut
3659 3301 3782 3344 causa

2247 3382 2442 3440 silendi
2488 3399 2836 3455 nequaquam
2886 3384 3280 3456 imponendum
3308 3385 3387 3440 sit
3425 3384 3677 3441 silentium
3706 3377 3781 3442 erit

2245 3475 2472 3547 dignum
2502 3484 2587 3532 est
2632 3485 2693 3532 ut
2717 3491 2817 3547 pro
2854 3476 3247 3533 confirmandis
3278 3476 3523 3532 fidelium
3557 3471 3782 3531 animabus

2245 3571 2312 3627 de
2343 3572 2431 3629 his
2474 3588 2597 3644 qua:
2638 3580 2948 3643 sequuntur
2998 3571 3182 3643 aliqua
3207 3572 3484 3633 dicamus.
3516 3564 3780 3626 Sicuteuiat

2244 3662 2467 3736 Ioseph,
2502 3680 2533 3719 a
2556 3663 2767 3736 praefati
2807 3664 3046 3720 carceris
3075 3664 3360 3736 ergastulo
3390 3665 3611 3728 solutus,
3638 3670 3782 3728 torque

2245 3772 2431 3826 aurea,
2462 3758 2559 3814 sed
2582 3765 2637 3814 et
2656 3757 2861 3814 annulo
2882 3773 2947 3814 ac
2966 3758 3105 3813 stola
3125 3756 3434 3829 figuraliter
3453 3767 3564 3812 erat
3582 3754 3778 3811 indutus,

2245 3849 2321 3905 ita
2350 3849 2603 3907 Christus
2631 3866 2664 3905 a
2691 3858 2867 3905 morte
2890 3865 2991 3920 pro
3013 3849 3255 3904 humana
3282 3846 3612 3920 resurgendo
3632 3843 3777 3903 salute,

2243 3943 2462 3997 indutus
2507 3942 2935 4014 estfortitudine
2976 3951 3026 3997 et
3056 3942 3345 4013 prtecinxit
3382 3957 3439 3995 se
3481 3936 3642 4011 (Psal.
3684 3934 3778 3997 xcv)

2241 4035 2462 4091 virtute.
2499 4034 2695 4091 Adhuc
2719 4035 2883 4092 etiam
2916 4035 3077 4106 quasi
3100 4035 3376 4090 sententia
3405 4034 3520 4089 haec
3558 4046 3653 4087 non
3672 4026 3778 4084 sulti-

2242 4126 2352 4181 ciat
2394 4126 2535 4194 sola,
2566 4125 2860 4183 dicendum
2901 4135 2987 4182 est
3040 4125 3200 4182 nobis
3234 4126 3373 4196 quid
3418 4133 3601 4195 torque
3636 4131 3776 4178 aurea.

2241 4218 2337 4289 sed
2365 4226 2420 4273 et
2454 4218 2664 4274 annulo
2691 4217 3052 4290 significetur,
3097 4234 3162 4273 ac
3190 4218 3354 4274 stola.
3401 4216 3551 4272 Sicut
3584 4213 3704 4270 enim
3736 4209 3774 4261 in

2241 4312 2380 4369 stola
2408 4312 2634 4385 byssina
2676 4322 2732 4369 et
2766 4321 2966 4384 torque
2999 4328 3167 4368 aurea
3212 4311 3419 4383 duplex
3459 4311 3581 4366 latet
3621 4300 3773 4360 intdli'

2240 4405 2445 4478 gentia,
2465 4404 2597 4460 dum
2626 4419 2722 4475 per
2751 4404 2979 4477 byssum
3023 4418 3155 4459 caro
3185 4402 3457 4476 virginea,
3508 4409 3560 4457 et
3596 4413 3675 4470 per
3695 4404 3773 4449 tor-

537 4516 996 4595 Quentadmodum
1047 4514 1243 4595 Ioseph
1300 4500 1559 4595 liberatus
1601 4523 1680 4595 est
1714 4531 2025 4595 a__carcere,
2055 4514 2134 4569 vel

2248 4513 2402 4569 quem
2427 4497 2668 4554 caelestis
2700 4496 3042 4569 significatur
3079 4495 3386 4567 sapientia;
3425 4495 3503 4551 sic
3533 4494 3584 4548 in
3620 4486 3773 4584 annulo

529 4598 536 4649 ἱ
608 4587 851 4642 Christus
888 4605 921 4641 a
950 4596 1138 4656 morte,
1176 4587 1254 4640 sic
1296 4587 1506 4658 signant
1534 4587 1709 4641 crucis
1745 4586 2030 4641 liberatum
2057 4595 2133 4641 est

609 4676 642 4711 a
673 4658 982 4713 reclusione.

608 4770 781 4843 Igitur
800 4771 1265 4842 quemadmodum
1298 4771 1434 4827 satis
1471 4772 1710 4828 evidenti
1738 4771 1949 4828 ratione
1990 4772 2134 4828 rela—

530 4875 654 4920 tum
703 4872 789 4919 est
817 4865 1051 4934 qualiter
1090 4864 1146 4917 in
1183 4865 1475 4934 sepultura:
1506 4856 1805 4923 Dominica:
1847 4875 2032 4939 typum
2064 4865 2134 4920 li-

533 4975 702 5031 gnum
726 4958 908 5015 crucis
927 4957 1023 5013 diu
1044 4957 1331 5014 videbatur
1364 4958 1717 5028 occultatum,
1757 4959 1832 5015 ita
1856 4974 2004 5016 nunc
2030 4974 2131 5015 vo-

534 5050 622 5105 bis
645 5049 702 5104 in
730 5047 1156 5105 resurrectionis
1206 5047 1505 5105 Dominicaa
1548 5048 1897 5105 referendum
1931 5056 2019 5104 est
2057 5048 2133 5105 si-

534 5157 706 5213 gnum
756 5142 992 5213 qualiter
1016 5140 1085 5195 ad
1115 5139 1367 5195 eumdem
1399 5142 1624 5197 modum
1661 5140 1718 5197 S.
1747 5141 1929 5197 crucis
1950 5140 2113 5197 eleva-

535 5244 655 5293 tum
673 5245 757 5291 est
782 5235 1012 5308 lignum.
1046 5231 1187 5299 Quia
1213 5231 1361 5286 enim
1388 5230 1658 5289 Dominici
1684 5232 1931 5303 corporis
1952 5231 2134 5302 sepul-

535 5336 663 5385 tura
692 5327 1032 5384 inveniendae
1073 5324 1256 5382 crucis
1280 5332 1494 5395 poterat
1528 5341 1651 5382 esse
1684 5327 1881 5398 figura,
1906 5326 2131 5397 dignum

535 5432 727 5491 estut,
781 5423 927 5478 sicut
974 5420 1182 5477 carceri
1230 5417 1435 5489 Ioseph
1490 5427 1546 5474 et
1592 5420 1886 5490 sepulturae
1916 5418 2134 5474 Domini

536 5515 785 5585 ejusdem
840 5514 1022 5571 crucis
1065 5513 1511 5583 comparavimus
1556 5512 2009 5581 absconsionem,
2058 5511 2134 5568 ita

538 5622 688 5663 nunc
733 5606 1272 5677 apertionicarceris
1294 5614 1349 5661 et
1390 5607 1780 5662 resurrectioni
1814 5592 2133 5675 Salvatoris,

538 5699 784 5767 ejusdem
807 5699 989 5754 crucis
1012 5698 1353 5755 attitulemus
1386 5698 1774 5755 inventionem.
1810 5696 1973 5755 Sicut
1990 5698 2135 5753 enim

540 5791 808 5847 ertractio
836 5788 1039 5863 Ioseph
1066 5808 1097 5847 a
1120 5792 1359 5852 cisterna
1386 5791 1727 5853 Dominicam
1750 5790 2024 5865 signiﬁcat
2050 5806 2136 5849 re-

2232 4588 2360 4644 lldei
2395 4588 2599 4644 summi
2643 4585 2962 4644 Sacerdotis
2999 4586 3384 4658 praefiguntur
3412 4582 3682 4658 negotium.
3704 4574 3771 4648 ειιιί

2231 4696 2330 4754 per
2350 4680 2572 4737 Petrum
2605 4699 2618 4734 :
2662 4678 2786 4746 Vos,
2817 4679 3016 4751 inquit,
3044 4679 3173 4733 estis
3203 4695 3367 4750 genus
3393 4678 3621 4739 electum,
3646 4667 3770 4740 regal!

2233 4771 2589 4827 sacerdotium
2616 4770 2666 4843 (1
2718 4770 2869 4826 Petr.
2926 4771 3009 4842 tt).
3045 4769 3199 4826 Unde
3243 4770 3527 4826 sciendum
3553 4758 3766 4833 estun

2234 4866 2376 4921 sicut
2406 4863 2609 4936 Ioseph
2634 4881 2665 4921 a
2695 4864 2985 4935 Pharaone
3029 4864 3238 4920 annulo
3272 4874 3329 4919 et
3362 4863 3522 4930 stola,
3543 4870 3594 4915 ct
3627 4865 3766 4922 terunt

2235 4972 2404 5014 aurea
2438 4966 2665 5013 ornatus
2684 4966 2769 5013 est
2802 4957 3103 5029 figuraliter
3122 4998 3141 5025 ,
3171 4956 3253 5013 sic
3275 4954 3480 5012 Helena
3512 4947 3765 5009 beatissimil

2233 5051 2448 5122 lignum
2477 5049 2664 5106 crucis
2694 5049 2982 5106 exornavit
3008 5048 3388 5117 historialiter,
3412 5045 3621 5121 quando
3633 5042 3687 5095 dc
3706 5053 3763 5089 re

2237 5146 2374 5217 galis
2395 5142 2785 5199 muniﬁcentiae
2809 5143 3069 5199 thesauro
3090 5143 3339 5198 eamdem
3361 5154 3571 5198 crucem
3590 5126 3762 5208 gemmis

2235 5233 2517 5308 decoravit
2547 5242 2604 5289 et
2632 5248 2788 5289 auro.
2814 5231 3011 5289 Adhuc
3034 5232 3225 5299 etiam,
3250 5233 3395 5289 sicut
3422 5227 3604 5299 Ioseph
3626 5231 3759 5295 typum

2238 5328 2398 5384 nobis
2418 5326 2727 5399 praetendit,
2753 5326 2976 5397 quando
2994 5325 3226 5381 diversis
3247 5324 3556 5380 muneribus
3571 5321 3758 5377 artatus,

2240 5433 2463 5473 currum
2487 5415 2853 5488 jucunditatis
2882 5416 3135 5472 ascendit
3160 5458 3177 5483 ,
3209 5416 3290 5471 sic
3309 5413 3504 5469 Helena
3520 5399 3756 5466 sacratissi

2242 5526 2332 5565 ma
2355 5509 2516 5565 hodie
2541 5508 2701 5565 nobis
2721 5523 2897 5565 cornu
2924 5508 3122 5565 salutis
3149 5507 3343 5575 erexit,
3364 5506 3491 5561 dum
3515 5516 3600 5573 pro
3620 5504 3755 5556 nostri

2243 5603 2417 5658 salute
2439 5616 2657 5658 crucem
2705 5599 3051 5656 Dominicam
3100 5599 3169 5655 de
3196 5599 3326 5654 imis
3355 5597 3422 5652 ad
3451 5609 3642 5651 summa
3666 5600 3738 5660 ιιιο

2240 5696 2405 5751 Vexit.
2445 5693 2713 5750 Praeterea
2737 5707 2886 5761 vero,
2907 5694 3051 5750 sicut
3069 5689 3294 5763 Ioseph,
3320 5704 3484 5748 curru
3504 5688 3752 5775 sublimauit

2244 5790 2432 5863 regali,
2458 5805 2591 5846 voce
2614 5787 2951 5862 praecouaria
2976 5787 3177 5845 metuit
3200 5786 3402 5859 ultique
3423 5775 3681 5858 pur-dicari,
3701 5781 3747 5823 5“
