3960 6316
140 305 249 363 941

1072 305 1160 363 DE
1197 302 1430 364 LAUDE
1464 304 1554 364 ET
1593 306 1731 365 lNV'.
1776 307 1833 365 S.
1875 306 2149 367 CRUCIS.
2185 340 2256 350 —-—
2295 308 2425 366 LIB.
2467 307 2507 366 Ι.

3316 316 3424 373 9η

137 422 207 479 in
234 420 430 483 eodem
457 419 603 479 facto
626 419 860 498 duplicis
894 422 1081 496 gratiae
1107 422 1427 501 mysterium
1452 423 1611 479 nobis
1646 438 1733 478 re-
1759 437 1806 494 Α
1837 424 2019 491 condi,
2054 439 2220 495 quem
2241 423 2294 480 in
2323 440 2484 481 sacco
2509 423 2693 485 fratris
2722 425 2807 480 sui
2826 425 3065 497 junioris
3102 426 3232 483 olim
3255 428 3425 500 jussit

136 514 383 586 liquerat
426 506 650 589 grande,
682 515 815 571 dum
860 515 929 571 ad
957 515 1200 572 eamdem
1241 515 1471 587 figuram
1525 515 1730 588 lignum

131 608 382 664 crucis'a
411 608 589 680 plebe,
611 617 668 666 et
692 607 946 666 Christus
968 611 1298 681 praedicatur
1320 627 1350 666 a
1374 607 1603 668 Joanne.

758 721 988 777 CAPUT
1026 721 1114 777 Vl.

127 810 599 889 ρωφαμηιοααηι
618 811 833 889 (θερμὴ,
866 814 1191 889 [mentum
1218 815 1730 889 venditurusty-

201 884 313 954 pti,
338 883 525 959 horrea
549 885 684 954 regis
715 883 957 959 (iperuit,
986 887 1064 940 sic
1086 884 1291 941 Helena
1316 888 1495 959 regina
1525 883 1730 959 lignum

203 955 386 1007 crucis
422 955 477 1007 in
504 954 688 1009 horreo
718 954 974 1011 Ecclesia:
994 958 1144 1011 nobis
1182 954 1389 1029 aperire
1412 954 1725 1029 proméruit.

203 1067 406 1124 Relato
432 1068 598 1141 igitur
625 1070 757 1142 quid
789 1058 992 1143 Ioseph
1013 1087 1110 1128 rex
1135 1058 1495 1146 Egyptiacus
1515 1072 1727 1145 fecerit,

125 1161 488 1218 referendum
512 1171 597 1219 est
616 1164 780 1220 etiam
805 1165 937 1237 quid
952 1149 1287 1238 ipseIoseph
1308 1183 1434 1224 cum
1457 1166 1728 1241 Aigyptiis

121 1270 307 1311 causa
350 1255 709 1314 humanitatis
737 1259 930 1330 egerit,
961 1273 1029 1316 ne
1075 1260 1165 1316 cui
1201 1269 1447 1318 vestrum
1478 1261 1729 1319 videatur

121 1347 447 1420 indignum,
480 1349 527 1405 si
556 1348 762 1407 factum
794 1351 942 1408 illius
981 1351 1330 1410 Dominicum
1358 1353 1630 1412 referatur
1658 1356 1728 1413 ad

119 1440 367 1513 lignum.
397 1440 552 1499 Sicut
600 1444 750 1500 enim
805 1461 1015 1514 carcer,
1047 1463 1157 1518 quo
1194 1446 1299 1503 fuit
1343 1447 1608 1519 inclusus,
1643 1451 1727 1507 vel

116 1549 357 1602 currus,
378 1551 490 1607 quo
514 1547 632 1594 erat
656 1539 1005 1608 sublimatus,
1028 1539 1325 1598 Dominica:
1350 1543 1500 1599 cruci
1522 1560 1723 1600 conve-

117 1626 347 1684 nienter
374 1639 458 1685 est
486 1642 859 1702 comparatus,
897 1633 979 1690 sic
1003 1632 1314 1706 Egyptiaci
1342 1634 1604 1692 frumenti
1639 1636 1723 1693 di-

117 1719 272 1776 visio
301 1724 625 1780 venerandae
648 1725 825 1782 eidem
852 1728 1006 1783 cruci
1035 1728 1202 1784 simili
1224 1738 1309 1786 est
1335 1732 1548 1791 ratione
1570 1748 1723 1791 com-

117 1812 397 1880 paranda.
425 1812 721 1871 Sciendum
756 1825 842 1874 est
886 1819 1089 1891 quippe
1133 1823 1303 1893 quod,
1332 1823 1722 1898 sicutIoseph,

116 1898 471 1961 frumentum
510 1907 834 1987 venditurus
875 1910 1169 1984 Egyptiis,
1198 1914 1397 1972 horrea
1432 1916 1722 1976 charitatis

112 2000 375 2067 aperuit,
436 1998 518 2054 sic
565 1998 771 2057 Helena
822 2005 1197 2062 sacratissima
1247 2007 1456 2081 lignum
1506 2010 1564 2067 in
1611 2028 1723 2084 quo

113 2105 366 2159 granum
395 2089 660 2162 frumenti
682 2104 961 2152 mortuum
989 2095 1094 2154 fuit
1114 2098 1281 2155 hodie
1325 2101 1486 2159 nobis
1511 2104 1724 2174 aperire

112 2184 460 2261 promeruit,
492 2200 561 2241 ne
582 2201 708 2242 cum
740 2185 1015 2258 Manasse,
1041 2192 1135 2262 qui
1165 2192 1557 2265 interpretatur
1582 2196 1720 2252 obli-

110 2275 233 2342 vio,
265 2276 503 2347 amplius
522 2277 746 2334 daretur
766 2279 823 2335 in
844 2280 1196 2351 oblivionem,
1228 2284 1324 2340 sed
1345 2301 1473 2341 cum
1494 2284 1719 2359 Ioseph,

107 2366 219 2437 qui
258 2376 448 2422 auctas
472 2369 694 2437 dicitur,
736 2372 792 2427 in
810 2370 1181 2430 Christianam
1213 2378 1394 2447 potius
1427 2390 1722 2453 augeretur

108 2460 468 2534 religionem.
503 2460 657 2518 Unde
685 2464 816 2534 quia
844 2481 942 2537 per
972 2468 1185 2540 antiqui
1206 2472 1489 2540 perfidiam
1520 2474 1719 2545 hostis,

107 2552 285 2623 panis
308 2552 433 2609 fidei
458 2562 513 2610 et
542 2555 829 2615 charitatis
842 2558 959 2630 jam
985 2576 1125 2631 pene
1158 2562 1358 2620 defecit
1402 2566 1458 2621 in
1485 2567 1721 2627 sitarciis

109 2645 351 2714 nostris,
399 2662 620 2705 necesse
651 2658 737 2705 est
758 2659 818 2707 ut
836 2652 907 2708 ad
932 2668 1121 2710 verum
1140 2654 1343 2727 Ioseph
1367 2674 1469 2729 pro
1489 2670 1720 2731 paterno

108 2757 265 2812 pane
294 2757 422 2797 cum
451 2740 680 2817 prodigo
708 2746 803 2803 illo
827 2746 942 2803 tilio
971 2765 1323 2807 recurramus
1350 2751 1454 2809 fide
1499 2769 1596 2810 reo
1622 2756 1720 2826 qui

110 2850 381 2891 reversus
410 2837 477 2891 ad
512 2847 722 2907 patrem
757 2859 770 2896 :
809 2839 1034 2910 Quanti,
1066 2842 1272 2914 inquit,
1314 2849 1627 2902 mercenarii
1662 2849 1719 2904 in

107 2924 281 2978 domo
316 2927 487 2995 patris
523 2929 625 2982 mei
659 2928 933 2986 abundant
974 2933 1224 3003 panibus,
1250 2951 1344 3006 ego
1407 2946 1584 2991 autem
1633 2938 1719 2994 hic

108 3016 265 3085 fam
282 3033 439 3086 pereo
461 3018 617 3091 (Luc.
648 3024 761 3093 xv).
809 3022 928 3080 Nisi
963 3026 1111 3082 enim
1172 3027 1241 3083 ad
1292 3031 1718 3098 promerendum

106 3110 444 3165 aeternitatis
473 3102 703 3185 regnum
731 3116 800 3173 de
855 3117 1083 3175 zizaniis
1130 3118 1391 3176 vitiorum
1443 3120 1715 3182 faciamus

107 3198 283 3255 nobis
323 3176 622 3261 fasciculos
646 3207 713 3261 ad
743 3208 1199 3284 comburendum,
1224 3176 1713 3284 nequaquam—illd
1741 3176 1788 3241 ϐ

108 3290 249 3344 boni
306 3294 489 3362 operis
546 3289 831 3369 manipulo
862 3301 1248 3371 perveniemus
1299 3303 1369 3360 ad
1417 3304 1611 3376 Deum,
1645 3308 1713 3365 de

105 3401 229 3454 quo
248 3386 519 3456 Scriptum
548 3399 632 3446 est
670 3411 682 3446 :
719 3378 977 3448 Triticum
1000 3407 1309 3469 congregata
1360 3399 1418 3453 in
1466 3399 1712 3456 horreum

107 3495 295 3532 meum
322 3482 542 3552 (Matth.
575 3485 721 3553 xm).
750 3483 1006 3555 Proinde,
1032 3488 1177 3543 sicut
1224 3504 1291 3544 ex
1314 3499 1586 3561 praecepto
1618 3489 1712 3549 Io-

104 3573 252 3642 seph
289 3574 481 3644 quinta
507 3591 635 3645 pars
661 3576 880 3649 frugum
909 3578 1291 3651 IEg'yptiarum
1311 3581 1438 3637 data
1462 3591 1547 3639 est
1571 3561 1708 3657 regi,

107 3666 194 3720 ita
246 3667 492 3737 quinque
541 3684 740 3726 sensus
761 3672 936 3729 nostri
987 3671 1265 3730 deferendi
1296 3684 1428 3731 sunt
1457 3675 1512 3731 in
1551 3676 1712 3733 obse-

106 3759 311 3833 quium
338 3758 457 3828 Dei,
495 3770 557 3817 ut
579 3779 691 3833 pra;
721 3764 913 3835 quinta
939 3776 1111 3836 parte,
1146 3782 1270 3838 qua:
1292 3768 1595 3825 debebatur
1622 3784 1710 3825 re-

104 3850 298 3923 gibus,
315 3852 561 3924 quinque
584 3870 843 3914 sensuum
861 3866 1173 3913 nostrorum
1191 3862 1492 3919 custodiam
1508 3862 1710 3919 divinis

107 3959 335 4014 semper
347 3946 527 4001 manci
535 3962 728 4016 pemur
749 3947 981 4018 legibus.
1012 3947 1129 4005 Nisi
1145 3950 1292 4006 enim
1308 3953 1374 4007 ad
1396 3954 1709 4025 exetnplum

106 4037 307 4107 legalis
337 4040 669 4095 sacramenti
722 4040 1150 4113 primogenitum
1209 4044 1446 4103 hominis
1471 4047 1708 4103 redima-

108 4145 243 4185 mus
269 4132 517 4203 quinque
540 4133 690 4191 sielis
718 4134 953 4205 argenti,
980 4136 1118 4193 nihil
1148 4137 1308 4193 nobis
1327 4138 1568 4209 quinque
1595 4140 1711 4195 vul-

105 4238 314 4279 nerum
338 4223 547 4281 Christi
584 4225 869 4297 profecere
894 4227 1121 4297 vibices,
1144 4230 1348 4300 quibus
1382 4229 1438 4285 in
1466 4246 1560 4287 ara
1579 4248 1707 4288 cru-

105 4319 196 4375 eis
225 4319 475 4391 quinque
495 4336 760 4378 sensuum
784 4331 1102 4378 nostrorum
1133 4324 1307 4380 voluit
1337 4340 1534 4381 sanare
1556 4325 1705 4381 cica-

107 4411 304 4467 trices.
331 4409 508 4479 Unde,
546 4429 614 4468 ne
638 4414 805 4469 iidem
837 4429 1038 4471 sensus
1071 4418 1247 4472 nostri
1280 4434 1407 4475 cum
1436 4416 1705 4491 Egyptiis

105 4518 141 4556 a
174 4501 288 4601 fide
307 4510 364 4558 et
387 4503 654 4601 charitate
700 4506 988 4601 videantur
1034 4508 1229 4579 jejuni,
1260 4526 1450 4567 verum
1498 4510 1704 4584 Ioseph
1728 4522 1796 4601 D‘

104 4593 414 4664 implorare
472 4595 736 4652 debemus
769 4597 1023 4673 oratione
1060 4602 1382 4670 communi;
1416 4613 1692 4674 quatenus

106 4686 254 4755 ipse,
286 4686 384 4755 qui
421 4702 523 4757 pro
547 4687 787 4744 humana
822 4689 999 4746 salute
1033 4691 1311 4761 quondam
1336 4693 1550 4749 volebat
1571 4709 1703 4751 esu-

107 4778 223 4833 rire
255 4777 313 4832 in
346 4777 582 4851 Aigypto
628 4782 999 4839 tribulationis
1036 4784 1218 4853 istius,
1259 4786 1554 4859 unicuique
1599 4803 1704 4844 no-

108 4880 295 4924 strum
346 4870 547 4928 horrea
599 4873 885 4931 charitatis
914 4874 1173 4946 dignetur
1205 4876 1437 4947 aperire,
1471 4892 1703 4948 granum

106 4963 371 5020 videlicet
400 4965 549 5022 verbi
576 4966 816 5024 caelestis
837 4967 1088 5024 interiori
1116 4967 1350 5023 offerens
1390 4968 1578 5036 menti,
1608 4970 1727 5039 qui.

107 5073 212 5128 per
231 5066 470 5114 mortem
514 5060 695 5116 crucis
738 5061 980 5131 seipsum
999 5075 1320 5131 comparare
1340 5061 1515 5118 voluit
1533 5077 1706 5134 grano

108 5149 397 5206 frumenti.

723 5243 951 5302 CAPUT
992 5246 1105 5312 VII,

112 5338 577 5405 Quemadmodum
597 5339 857 5410 Joaephin
867 5356 1023 5394 sacco
1039 5341 1225 5410 fratris
1228 5340 1461 5410 junioris
1479 5342 1700 5395 abscono

251 5410 333 5463 dit
368 5409 641 5481 scyphum,
673 5411 751 5465 sic
773 5409 953 5466 Judwi
976 5410 1178 5482 lignum
1211 5409 1570 5467 Dominicum.

147 5502 381 5600 glgitur,
422 5502 566 5559 sicut
616 5503 850 5559 medulla
875 5503 1063 5570 tritici,
1088 5520 1210 5574 qua:
1238 5505 1341 5560 sub
1371 5503 1704 5576 {Egyptiacm

114 5594 402 5650 servitutis
421 5594 575 5663 palea
600 5595 907 5651 diutissime
930 5596 1109 5663 latuit,
1137 5596 1292 5666 grani
1315 5596 1552 5652 celestis
1574 5612 1704 5652 ven-
1727 5662 1740 5676 .

115 5688 368 5744 tilatione
394 5688 511 5758 jam
563 5688 721 5742 nobis
748 5687 1093 5758 apertissime
1129 5688 1323 5758 patuit,
1361 5689 1436 5743 ita
1465 5689 1705 5762 scyphus

118 5781 211 5838 ille
240 5779 442 5852 Ioseph
482 5796 829 5853 nequaquam
858 5780 1018 5841 debet
1044 5797 1075 5840 a
1106 5789 1288 5842 vestra
1317 5780 1583 5841 charitate
1614 5797 1703 5840 re~

1839 516 2121 572 abscondi.
2168 514 2402 588 Dignum
2448 516 2651 588 quippe
2698 517 2783 573 est
2830 527 2911 587 ut,
2943 518 3176 575 sicutex
3205 520 3422 579 horreis

1837 606 2039 679 Ioseph
2069 609 2308 664 caelestis
2334 609 2489 681 grani
2529 609 2683 680 prius
2712 608 2815 667 fuit
2837 596 3118 668 enucleata
3162 614 3423 687 medulla,

1838 700 1911 755 ita
1949 699 2016 755 de
2051 701 2256 773 scypho
2305 702 2424 772 ejus
2460 702 2720 773 spiritalis
2749 705 3078 760 sacramenti
3110 706 3225 777 jam
3257 709 3415 766 vobis

1835 791 2152 861 propinetur
2170 792 2429 863 ampulla,
2459 803 2519 848 ut
2539 793 2593 848 in
2619 794 2997 850 observatione
3022 796 3157 850 tanti
3178 797 3423 870 mysterii

1836 884 2133 954 participes
2160 884 2283 940 sitis
2313 884 2501 957 gratiae
2535 883 2652 953 Dei,
2681 902 2847 957 quam
2876 887 2933 941 in
2963 887 3325 944 absconsione
3352 890 3421 944 li-

1835 974 1928 1045 gni
1970 973 2240 1030 Dominici
2278 976 2554 1045 quondam
2613 976 2897 1047 perdidere
2940 974 3133 1033 Judaei.
3164 977 3269 1033 Per
3312 968 3420 1036 hoc

1832 1067 2003 1134 enim,
2030 1066 2178 1138 quod
2210 1066 2383 1123 Iudaei
2405 1075 2517 1122 tam
2548 1067 2816 1139 profunde
2836 1070 2996 1139 quasi
3021 1069 3079 1123 in
3107 1086 3203 1125 ore
3261 1079 3421 1129 terra:

1832 1157 2043 1231 lignum
2073 1158 2255 1214 crucis
2279 1159 2706 1228 absconderunt,
2735 1158 2942 1215 factum
2970 1160 3174 1233 Ioseph
3217 1162 3416 1220 imitari

1830 1250 2143 1319 noluerunt,
2169 1250 2264 1322 qui
2292 1259 2584 1323 postquam
2608 1251 2675 1307 ad
2711 1253 2973 1323 inquisita
3003 1252 3236 1309 fratrum
3284 1270 3420 1313 suo-

1827 1335 1953 1399 rum
1987 1360 2219 1416 quaeque
2251 1345 2629 1402 convenientia
2657 1347 2958 1417 respondit,
2985 1347 3203 1403 tandem
3238 1347 3292 1402 in
3323 1363 3420 1405 ore

1828 1436 1975 1493 sacci
1994 1437 2234 1509 junioris
2275 1439 2542 1511 scyphum
2572 1449 2891 1512 argenteum
2922 1438 3225 1495 abscondit.
3262 1437 3419 1496 Sicut

1825 1545 1924 1601 per
1951 1528 2216 1604 seyphum
2246 1531 2502 1602 splendor
2519 1532 2670 1588 verbi
2694 1534 2957 1601 caelestis,
2988 1539 3042 1588 et
3064 1545 3161 1603 per
3188 1542 3411 1589 saccum

1824 1621 2003 1679 littera
2030 1623 2354 1694 exprimitur
2374 1625 2510 1697 legis
2526 1668 2541 1694 ,
2566 1625 2641 1681 ita
2662 1642 2760 1698 per
2786 1642 2849 1682 os
2870 1625 3016 1682 sacci
3033 1624 3272 1695 junioi'is
3296 1628 3417 1682 ani-

1823 1722 1912 1771 ma
1935 1716 2184 1789 signatur
2209 1717 2469 1786 hominis,
2494 1717 2541 1773 si
2572 1726 2756 1779 tamen
2799 1719 3137 1790 peramplius
3182 1723 3236 1779 et
3283 1727 3413 1792 pcr-

1752 1826 1799 1887 B
1826 1806 2023 1865 fectius
2047 1809 2222 1865 eidem
2248 1809 2489 1865 adhaeret
2517 1809 2778 1879 scientiae,
2804 1810 2871 1867 de
2885 1828 2992 1882 qua
3014 1813 3278 1885 scriptum
3304 1823 3415 1870 est:

1824 1900 2021 1958 Anima
2051 1900 2188 1973 juSti
2220 1898 2378 1960 sedes
2402 1900 2485 1959 est
2507 1904 2805 1975 sapientiae.
2838 1903 2994 1961 Unde
3031 1908 3293 1978 quoniam
3314 1904 3414 1963 Io-

1826 1993 1959 2065 seph
1992 1986 2047 2050 in
2071 1996 2386 2054 summitate
2411 1998 2593 2055 cordis
2616 1997 2724 2066 sui,
2749 1998 2911 2069 quasi
2944 1998 3000 2053 in
3029 2015 3124 2055 ore
3150 1997 3318 2069 sacci,
3344 2002 3415 2056 il-

1823 2087 1933 2142 lam
1960 2103 2175 2160 semper
2201 2089 2424 2148 inclusit
2454 2090 2761 2159 scientiam,
2788 2089 2856 2147 de
2881 2104 2989 2164 qua
3012 2084 3277 2165 scriptum
3294 2102 3378 2150 est
3399 2112 3411 2148 :

1829 2180 1900 2238 Os
1914 2182 2054 2252 justi
2103 2184 2447 2240 meditabitur
2500 2184 2825 2257 sapientiam
2879 2183 3054 2257 (Psal.
3100 2185 3246 2259 xw);
3294 2186 3416 2242 ideo

1825 2290 1922 2332 cor
1950 2276 2071 2347 ejus
2118 2294 2399 2349 nunquam
2428 2278 2657 2336 recessit
2683 2295 2716 2336 a
2749 2279 2869 2352 lege
2897 2279 3093 2352 ipsius.
3121 2279 3247 2349 Sed,
3276 2296 3417 2352 quo—

1825 2369 1972 2424 niam
2004 2386 2035 2424 a
2065 2370 2290 2440 perfidia
2340 2370 2582 2428 Iudaica:
2608 2362 2906 2444 impietatis
2954 2373 3115 2446 longe
3167 2382 3415 2431 remotus

1822 2468 1941 2515 erat
1969 2460 2207 2532 scyphus
2230 2460 2374 2517 idem
2406 2461 2686 2532 veritatis;
2719 2462 2843 2519 ideo
2889 2463 3210 2520 thesaurum
3260 2464 3417 2519 illum

1823 2546 2237 2608 desiderabilem
2266 2569 2485 2610 servare
2521 2570 2630 2610 non
2656 2561 2911 2626 poterant
2936 2555 2991 2610 in
3034 2557 3229 2611 intimo
3252 2572 3414 2611 men--

1824 2643 1914 2710 tis,
1946 2644 2014 2699 dc
2047 2660 2157 2715 quo
2188 2646 2456 2717 scriptum
2509 2655 2593 2702 est
2622 2666 2633 2700 :
2672 2645 2992 2704 Thcsaurus
3033 2646 3415 2707 desiderabilis

1821 2735 2117 2807 requiescit
2179 2736 2235 2791 in
2284 2754 2378 2793 ore
2434 2738 2717 2809 sapientis.
2775 2736 2931 2794 Unde
2973 2739 3175 2795 mirum
3200 2755 3307 2795 non
3333 2748 3417 2795 est

1821 2827 1991 2899 quod,
2011 2828 2136 2885 licet
2158 2829 2227 2885 ab
2248 2847 2355 2886 una
2374 2832 2632 2904 progenie
2656 2830 2861 2887 fuerint
2880 2830 3081 2903 Ioseph
3102 2842 3158 2889 et
3180 2831 3416 2903 Hebrazi,

1822 2919 1879 2975 in
1901 2922 2006 2978 hoc
2028 2932 2209 2979 tamen
2234 2922 2380 2979 facto
2398 2924 2563 2979 aliam
2590 2924 2947 2980 intentionem
2972 2925 3162 2981 habuit
3183 2921 3411 2998 Ioseph,

1821 3022 1875 3071 et
1900 3015 2064 3070 aliam
2091 3014 2286 3084 Iudaei,
2328 3016 2459 3072 dum
2508 3033 2608 3088 pro
2637 3017 2852 3073 diversa
2889 3019 3152 3090 qualitate
3182 3012 3413 3076 merito-

1821 3123 1966 3175 rum,
1994 3106 2209 3164 diversa
2232 3108 2399 3163 etiam
2438 3106 2542 3163 fuit
2569 3108 2826 3164 voluntas
2861 3108 3224 3181 singulorum.
3260 3106 3415 3169 Sicut

1817 3198 1965 3255 enim
1993 3197 2197 3270 Ioseph
2223 3199 2293 3255 ad
2314 3198 2686 3271 castigandam
2709 3198 2964 3255 fraternae
2987 3195 3283 3272 impietatis
3315 3218 3413 3257 au-

1816 3295 2054 3364 daciam,
2069 3295 2125 3350 in
2146 3295 2291 3351 reclu
2299 3295 2453 3352 sione
2464 3295 2654 3367 scyphi
2672 3295 2819 3351 illius
2835 3296 3223 3352 contumeliam
3240 3302 3412 3353 muta.

1816 3389 1894 3445 vit
1923 3391 1979 3444 in
2008 3387 2262 3461 gratiam,
2298 3388 2374 3444 ita
2404 3386 2579 3444 Iudaei
2600 3388 2883 3463 contrario
2906 3387 2975 3444 ad
3004 3389 3414 3448 obscurandam

1814 3479 2145 3537 Christianae
2213 3468 2495 3551 religionis
2546 3480 2870 3536 memoriam
2897 3481 3003 3549 ,,in
3044 3482 3413 3541 absconsione

1814 3570 1999 3627 crucis
2049 3572 2439 3627 contumeliam
2464 3571 2623 3629 nobis
2644 3573 2828 3645 potius
2873 3582 3201 3646 optaverunt
3240 3594 3410 3649 quam

1813 3663 2063 3736 gloriam.
2099 3648 2159 3717 In
2189 3679 2298 3735 qua
2326 3662 2578 3721 videlicet
2618 3680 2679 3720 re
2738 3664 2906 3722 nimis
2958 3665 3234 3725 malitiose
3259 3648 3409 3726 fece-

1815 3765 1964 3824 runt,
1995 3756 2129 3812 dum
2162 3756 2231 3812 ad
2259 3756 2663 3819 contumeliam,
2686 3766 2934 3813 nostram
2981 3766 3133 3814 tanto
3163 3768 3410 3830 tempore

1814 3849 2135 3905 thesaurum
2169 3847 2478 3905 Divinitatis
2497 3848 2930 3919 abscondcrunt,
2960 3866 3086 3906 cum
3119 3850 3294 3907 satius
3327 3843 3410 3908 eis

1810 3950 1955 4017 esset
1980 3958 2106 3998 cum
2125 3939 2327 4013 Ioseph
2358 3934 2624 4015 scyphum
2645 3932 2897 3999 veritatis
2919 3942 3214 4012 invenisse,
3238 3960 3409 4015 quam

1812 4047 1911 4103 pro
1955 4032 2159 4089 invidia
2215 4031 2660 4089 Christianorum
2721 4033 2910 4090 tandiu
2960 4034 3170 4106 lignum
3223 4033 3406 4091 crucis

1810 4110 2186 4183 abscondisse.
2238 4123 2305 4180 Et
2356 4141 2504 4192 cum,
2531 4125 2690 4197 juxta
2751 4132 3083 4197 praeceptum
3143 4125 3301 4199 legis,
3335 4118 3406 4182 ad

1810 4218 2177 4289 obtegendum
2227 4217 2422 4277 fimum
2474 4216 2718 4275 Iudaica:
2779 4218 2994 4287 sordis,
3032 4237 3160 4277 cum
3211 4220 3406 4277 eodem

1808 4312 2010 4384 Ioseph
2034 4313 2297 4383 paxillum
2322 4314 2761 4385 compunctionis
2780 4322 3000 4385 portare
3020 4314 3279 4370 deberent
3300 4312 3404 4369 sub

1809 4406 1989 4462 balteo
2046 4406 2267 4473 cordis,
2310 4407 2625 4463 econtrario
2681 4405 2828 4473 fidei,
2860 4407 2978 4477 spei
3016 4416 3072 4461 et
3116 4407 3405 4464 charitatis

1810 4500 2047 4555 amisere
2076 4499 2362 4570 paxillum,
2391 4498 2521 4555 dum
2549 4514 2646 4569 per
2676 4498 2897 4553 invidiae
2947 4498 3230 4553 stimulum
3290 4497 3403 4555 Do-

1812 4591 2029 4648 minicaa
2054 4590 2235 4647 crucis
2271 4598 2452 4647 texere
2476 4589 2755 4646 vexillum.
2793 4588 2898 4642 Sed
2932 4588 3034 4644 hcc
3064 4587 3267 4644 mirum
3291 4604 3405 4646 non

1811 4692 1896 4739 est
1920 4681 2067 4753 quod
2102 4681 2205 4736 sub
2232 4680 2412 4736 balteo
2464 4680 2649 4738 cordis
2696 4678 2962 4752 paxillum
3009 4695 3120 4734 non
3160 4679 3405 4737 imbuere

1812 4770 2274 4842 compunctionis,
2301 4770 2476 4840 quiin
2524 4770 2721 4827 intimo
2760 4770 3004 4827 habuere
3040 4770 3240 4828 mentis
3276 4786 3405 4843 scy-

1811 4864 1983 4935 phum
2033 4864 2260 4934 perdere
2343 4861 2651 4918 dilectionis
2677 4904 2693 4929 ,
2729 4862 2861 4934 quia
2908 4879 3077 4920 curru
3129 4862 3403 4935 superbiae

1813 4969 1928 5010 suae
1972 4956 2029 5011 in
2074 4970 2351 5011 carcerem
2392 4953 2676 5011 diabolica:
2702 4956 3036 5027 captivitatis
3055 4953 3399 5026 praecipitati,

1815 5044 1885 5100 ab
1909 5046 2109 5103 horreo
2131 5044 2391 5103 Ecclesiae
2418 5052 2473 5100 et
2506 5045 2710 5116 scypho
2736 5047 3018 5117 sapientiae
3049 5046 3202 5100 fuere
3227 5059 3391 5115 sepa-

1812 5138 1938 5193 rati.
1962 5136 2117 5195 Unde
2139 5155 2207 5196 ne
2226 5153 2331 5194 nos
2356 5138 2548 5194 eodem
2580 5139 2740 5193 modo
2760 5139 2830 5193 ab
2857 5140 3084 5210 antiquo
3114 5136 3402 5193 Pharaone

1816 5218 2095 5286 videamur
2131 5229 2501 5298 incarcerari,
2555 5246 2721 5285 curru
2752 5226 3076 5283 humilitatis
3105 5237 3158 5283 ct
3182 5226 3398 5298 patieno

1740 5312 1746 5319 ’
1812 5323 1901 5377 tia:
1926 5338 2053 5378 cum
2077 5321 2280 5394 Ioseph
2319 5322 2584 5380 debemus
2619 5322 2840 5389 elevari,
2868 5331 2926 5377 ut
2958 5322 3013 5375 in
3060 5325 3259 5377 horreo
3288 5321 3395 5377 Ec-

1808 5416 1989 5471 clesiae
2016 5432 2127 5471 non
2175 5417 2352 5476 solum
2400 5418 2660 5487 spiritalis
2697 5416 2863 5471 tritici
2906 5432 3166 5473 mensura
3199 5415 3395 5487 cibari,

1806 5508 1901 5563 sed
1943 5507 2107 5563 etiam
2158 5510 2363 5580 scypho
2408 5509 2647 5565 caelestis
2690 5508 2892 5578 eloquii
2934 5524 3246 5563 mereamur
3267 5526 3395 5565 cum

1806 5594 2026 5653 Christo
2044 5598 2344 5653 inebriantc
2358 5597 2761 5669 potari.Sicque
2777 5598 3007 5668 spiritali
3027 5610 3393 5668 sacramento,

1807 5690 1967 5763 quasi
2013 5705 2177 5761 opere
2218 5690 2616 5761 distinguentes
2659 5690 2987 5762 anaglypho,
3028 5692 3160 5763 quid
3201 5692 3395 5748 eodem

1808 5797 2028 5842 carcere
2062 5792 2116 5843 et
2141 5798 2329 5852 curru,
2368 5783 2567 5854 quidve
2615 5782 2887 5842 frumento
2917 5786 3258 5859 significetur
3300 5795 3396 5840 aut
