3960 6316
589 332 704 412 9ιέ

1505 346 1891 406 uenenoosr
1929 345 2218 404 ABBATIS
2259 348 2315 404 s.
2358 347 2605 403 manu
2645 323 2925 408 Tnevm.’
3715 349 3795 422 tu

587 467 814 540 scypho,
840 467 1062 538 dignum
1106 473 1190 521 est
1224 465 1284 520 ut
1306 463 1670 520 inventionem
1717 463 1771 517 S.
1805 463 1984 518 crucis
2010 462 2169 520 hodie
2197 469 2244 527 Α
2272 463 2586 536 Allophylos
2603 464 2708 520 nisi
2735 462 2935 534 Judzei;
2961 463 3092 536 quid
3118 481 3247 522 vero
3267 483 3363 538 per
3387 476 3597 539 puteos,
3617 472 3707 528 nisi
3724 492 3797 545 pro

587 575 695 611 non
751 557 1044 612 debeamus
1093 556 1372 626 praeterire
1414 556 1662 621 silentio,
1708 570 1872 625 quam
1926 554 2162 609 carceris

586 649 816 718 apertio,
838 658 892 703 et
907 664 1103 703 currus
1119 648 1389 714 ascensio,
1416 663 1648 718 quamve
1665 644 1922 701 frumenti
1944 645 2161 715 divisio,

583 748 636 796 et
667 740 855 812 scyphi
884 749 1114 796 testatur
1146 739 1407 794 inventio.

1171 830 1399 887 CAPUT
1438 829 1572 886 VIII.

585 925 759 980 Sicuti
783 924 853 978 ad
875 924 1169 994 exemplum
1199 923 1355 978 Isaac
1385 923 1524 994 oeuli
1555 921 1865 975 Judworum
1898 919 2162 994 caiigaee-

653 1003 796 1060 runt,
823 990 1035 1066 quando
1081 1011 1175 1064 pro
1229 995 1430 1066 invidia
1479 992 1905 1066 Christianorum
1958 990 2160 1060 lignum

653 1063 1266 1135 erucis'absconderunt;
1295 1067 1374 1118 ita
1400 1065 1601 1135 lignum
1629 1065 1799 1116 crucis
1824 1063 1962 1116 idem
1991 1079 2126 1135 popu
2144 1090 2161 1101 -

652 1133 737 1259 ius
761 1137 954 1259 ignitus
984 1137 1210 1206 aperuit,
1237 1153 1338 1207 quo
1377 1133 1536 1190 Isaac
1558 1135 1731 1204 [ilium
1753 1150 1906 1188 suum
1930 1133 2160 1187 nesciens

685 1223 778 1259 ene
818 1217 938 1259 urit.

685 1208 938 1261 enedixit.

654 1297 794 1354 Ecce
827 1299 954 1370 quia
979 1315 1159 1356 sermo
1189 1308 1376 1356 noster
1415 1297 1811 1369 aliquantulum
1851 1303 1933 1352 est
1962 1294 2164 1352 dilatus

581 1408 707 1447 cum
731 1391 946 1463 Japhet,
977 1392 1107 1448 dum
1151 1409 1251 1463 pro
1296 1391 1640 1463 praedicando
1667 1390 1925 1463 mysterio
1960 1389 2160 1457 crucis,

583 1485 902 1555 aliquandiu
951 1486 1225 1540 immorati
1272 1501 1464 1540 sumus
1504 1501 1627 1539 cum
1659 1482 1880 1553 Joseph,
1906 1489 2078 1538 restat
2105 1490 2166 1536 ut

578 1577 692 1646 jam
725 1592 790 1632 ex
815 1586 1048 1647 utraque
1079 1577 1194 1648 lege
1221 1577 1427 1646 absque
1457 1574 1631 1646 pretio
1662 1581 2060 1630 commutantes
2083 1572 2165 1626 vi-

590 1685 720 1724 num
745 1678 798 1724 et
826 1669 930 1736 lac,
955 1670 1022 1724 de
1047 1668 1260 1724 horreis
1280 1666 1480 1738 Joseph
1503 1667 1570 1722 ad
1597 1675 1789 1738 puteos
1819 1674 2164 1722 transeamus

580 1759 754 1816 Isaac.
805 1759 909 1815 Sed
961 1760 1281 1831 priusquam
1307 1759 1373 1814 de
1401 1758 1605 1814 eisdem
1635 1757 1814 1828 puteis
1845 1757 2048 1828 aliquid
2078 1755 2162 1812 di-

2265 554 2507 610 funditas
2544 556 2789 627 signatur
2835 557 3241 629 Scripturarum
3289 560 3424 617 Dei?
3455 562 3618 618 Judaei
3639 570 3797 624 etenim

2264 647 2562 720 Allophylis
2574 665 2682 703 non
2698 650 2996 722 incongrue
3011 663 3424 722 comparantur,
3440 658 3534 726 qui
3554 657 3606 710 in
3621 658 3799 714 abscon-

2265 737 2417 793 sione
2439 739 2570 811 ligni
2595 739 2861 796 Dominici
2898 742 3154 798 humanae
3178 745 3340 799 saluti
3366 745 3465 800 diu
3495 747 3797 816 insidiantur,

2262 847 2372 887 non
2389 833 2729 889 attendentes
2745 834 2997 890 videlicet
3008 836 3246 908 elogium
3263 837 3396 893 illud
3423 841 3681 907 proverbii
3699 847 3802 896 anti-

2261 926 2379 995 qui,
2413 930 2464 979 in
2491 941 2602 996 quo
2629 926 2836 981 dictum
2864 936 2949 982 est
2988 947 2999 982 :
3048 927 3114 982 In
3164 930 3378 983 insidiis
3423 932 3535 983 suis
3578 933 3802 1000 capientur

2261 1018 2428 1088 iniqui
2457 1017 2638 1085 (Prov.
2665 1019 2762 1088 ιι).
2806 1017 2962 1074 Unde
3021 1021 3224 1075 mirum
3253 1037 3362 1075 non
3397 1030 3486 1076 est
3511 1025 3667 1092 quod,
3697 1027 3803 1081 sicut

2261 1107 2529 1179 Allophyli
2551 1125 2748 1178 aquam
2772 1109 2951 1164 vivam
2974 1111 3296 1177 obruerunt,
3319 1112 3459 1165 dum
3483 1122 3682 1182 puteos,
3700 1130 3805 1184 quos

2261 1197 2412 1254 Isaac
2445 1199 2679 1267 foderat,
2710 1202 2877 1256 humo
2909 1202 3274 1272 repleverunt,
3324 1203 3410 1258 sic
3437 1203 3606 1259 Judaei
3629 1206 3677 1259 in
3714 1208 3805 1262 abs-

2261 1293 2524 1347 consionc
2570 1293 2702 1364 ligni
2761 1293 3029 1350 Dominici
3061 1311 3261 1366 aquam
3306 1297 3463 1351 illam
3510 1298 3720 1354 obruere
3737 1317 3804 1356 su-

2263 1401 2509 1455 pernam,
2552 1387 2619 1441 de
2669 1403 2776 1456 qua
2829 1389 3094 1458 scriptum
3136 1399 3219 1445 est
3252 1388 3408 1456 :‘Qui
3454 1390 3641 1444 biberit
3659 1409 3806 1462 aqua

2262 1494 2418 1548 quam
2433 1494 2524 1549 ego
2551 1479 2621 1534 do
2642 1479 2710 1546 ei,
2739 1479 2829 1548 ﬁet
2853 1480 2907 1533 in
2929 1497 2989 1534 eo
3009 1481 3127 1551 {ous
3159 1498 3313 1551 aqua:
3334 1482 3587 1536 salientis
3619 1484 3670 1536 in
3687 1484 3808 1537 rite-

2263 1579 2514 1624 azternam
2532 1569 2711 1641 (Joan.
2731 1569 2831 1640 ιν).
2848 1569 2953 1626 Sed
2977 1573 3179 1643 gratias
3199 1571 3312 1629 Deo
3333 1574 3516 1644 quod,
3533 1573 3806 1640 sicutlsur,

2265 1662 2332 1716 ad
2367 1663 2816 1734 exstinguendam
2875 1664 3021 1718 sitim
3059 1665 3429 1732 credentium,
3477 1666 3705 1721 invenire
3732 1682 3810 1721 me

2266 1756 2376 1809 ruit
2400 1763 2594 1826 puteos
2615 1771 2884 1824 aquarum
2914 1757 3242 1825 viventium,
3271 1758 3355 1813 sic
3377 1757 3557 1814 Judas
3582 1758 3807 1818 Hebraeus.

580 1868 792 1919 camus,
819 1853 1090 1908 nilobstat
1112 1851 1158 1907 si
1181 1852 1248 1907 de
1277 1851 1508 1923 caligine
1530 1850 1815 1914 oculorum
1838 1849 1956 1920 ejus
1982 1863 2154 1920 pauca
2189 1833 2231 1890 Β
2259 1848 2384 1903 licet
2418 1848 2546 1903 huic
2588 1844 2739 1919 operi
2786 1864 2845 1904 se
2890 1850 3192 1906 clamitaret
3243 1851 3566 1923 indignum,
3597 1853 3806 1906 hodierna

576 1945 996 2015 praemittamus,
1024 1945 1296 2016 praecipue
1348 1960 1497 2011 cum,
1533 1943 1833 1998 secundum
1871 1957 2158 2012 compara-

579 2039 778 2092 tionem
812 2037 939 2093 boni
968 2046 1016 2092 el
1056 2037 1206 2105 mali,
1237 2037 1456 2092 caecitas
1504 2035 1650 2091 illius
1699 2032 2160 2090 caecitatiJudzeo-

577 2151 699 2188 rum
719 2133 881 2206 digne
908 2135 1080 2204 possit
1100 2133 1326 2205 aequari.
1350 2131 1468 2188 Non
1485 2142 1569 2188 est
1591 2143 1771 2187 autem
1797 2132 1914 2188 sine
1932 2146 1992 2186 re
2013 2131 2158 2201 quod

578 2226 720 2280 hanc
747 2227 1045 2282 caecitatem
1075 2227 1221 2281 (ilius
1251 2223 1756 2291 incurrit'Abrahae,
1779 2223 2030 2295 quamvis
2057 2239 2160 2278 cae-

575 2317 712 2373 citas
755 2317 867 2385 illa,
899 2333 1021 2389 qua:
1067 2318 1294 2390 contigit
1353 2317 1406 2373 in
1469 2317 1793 2386 lsrael,non
1840 2317 2034 2372 fuisset
2091 2332 2158 2371 ex

575 2409 849 2465 Abraham
901 2418 957 2465 et
1003 2409 1158 2476 Sara,
1187 2410 1281 2466 sed
1312 2425 1378 2464 ex
1413 2410 1557 2479 Agar
1583 2419 1637 2464 et
1670 2408 1884 2464 lsmael.
1919 2409 1976 2463 Si
2011 2409 2155 2462 enim

575 2497 710 2557 Sara
741 2499 1013 2557 referatur
1040 2502 1106 2557 ad
1129 2504 1294 2572 Agar,
1319 2502 1488 2557 altera
1520 2501 1674 2556 alteri
1702 2501 1950 2556 libertate
1973 2501 2159 2572 dispar

572 2603 626 2650 et
645 2595 960 2651 conditione
995 2595 1056 2650 tit
1081 2611 1212 2665 par;
1249 2594 1380 2665 quia
1424 2609 1532 2649 non
1588 2593 1834 2665 ignotum
1875 2601 1961 2648 est
2004 2593 2158 2648 vobis

572 2703 697 2756 qua:
728 2687 816 2741 vel
843 2687 934 2741 illa
958 2685 1154 2742 fuisset
1188 2694 1283 2740 aut
1303 2686 1416 2752 illa,
1448 2700 1572 2739 cum
1595 2701 1703 2739 una
1723 2691 1868 2739 esset
1893 2683 2088 2752 libera,
2105 2692 2158 2739 et

571 2777 679 2832 alia
711 2777 928 2833 ancilla.
958 2775 1113 2831 Unde
1145 2777 1403 2847 quoniam
1434 2777 1685 2832 libertate
1731 2776 1898 2830 unius
1932 2775 2156 2831 donavit

573 2885 677 2923 nos
709 2868 874 2936 Deus,
900 2869 1022 2923 ideo
1050 2868 1309 2923 servitute
1348 2867 1574 2922 alterius
1603 2865 1832 2937 deprimi
1859 2881 1967 2920 nou
1995 2868 2155 2923 debe—

572 2967 720 3028 mus,
742 2971 802 3016 ut
829 2976 953 3016 cum
986 2959 1138 3014 Isaac
1163 2969 1270 3014 tam
1320 2959 1615 3029 perfectam
1645 2974 2052 3029 consequamur
2086 2961 2153 3014 ii-

572 3052 856 3119 bertatem,
891 3061 949 3106 ut
981 3051 1229 3120 exemplo
1264 3051 1410 3105 illius
1448 3066 1792 3122 nequaquam
1830 3051 2146 3107 Judasorum

570 3142 849 3198 imitemur
875 3142 1195 3198 caecitatem.
1225 3141 1282 3196 Si
1310 3143 1454 3196 enim
1484 3141 1599 3212 ipse
1625 3143 2024 3214 aliquantulum
2057 3160 2152 3198 ex-

568 3235 865 3291 terioribus
897 3236 1071 3290 oculis
1099 3235 1370 3307 caligavit,
1403 3235 1533 3290 dum
1557 3236 1610 3290 in
1642 3237 1824 3306 seipso
1852 3238 2150 3293 caecitatem

568 3326 880 3382 Iudaeorum
902 3326 1216 3397 spiritaliter
1231 3327 1596 3398 praesignavit,
1623 3327 1794 3381 multo
1811 3328 1986 3399 magis
2007 3326 2152 3383 idem

569 3415 833 3472 Judaicus
861 3418 1096 3488 p0pulus
1140 3416 1325 3472 lumen
1371 3417 1620 3472 veritatis
1669 3417 1898 3473 interius
1926 3417 2150 3486 amisit;

570 3511 702 3566 dum
731 3511 784 3566 in
812 3513 1174 3568 absconsione
1203 3513 1333 3585 ligni
1363 3513 1632 3569 Dominici
1669 3515 1910 3586 seipsum
1937 3516 2007 3572 ab
2044 3514 2152 3572 Ec-

567 3605 751 3660 clesiae
788 3606 995 3662 unitate
1025 3606 1228 3662 divisit.
1265 3606 1368 3662 Sed
1411 3606 1615 3678 gratias
1654 3605 1764 3662 Deo
1814 3608 1982 3678 quod,
2011 3608 2154 3663 sicut

568 3697 714 3753 oculi
742 3697 1055 3754 Judzeorum
1086 3699 1243 3769 quasi
1269 3715 1394 3753 eum
1426 3698 1574 3753 Isaac
1601 3699 1730 3753 olim
1758 3699 2151 3771 caligaverunt,

568 3788 699 3843 dum
736 3803 836 3858 pro
858 3788 1057 3858 injuria
1086 3787 1526 3842 Christianorum
1551 3787 1803 3842 eumdem
1833 3787 2152 3844 thesaurum

567 3875 879 3935 Divinitatis
909 3881 1340 3948 occultaverunt,
1365 3879 1448 3935 sic
1469 3880 1608 3935 idem
1628 3880 1862 3949 populus
1883 3879 1936 3934 in
1963 3880 2152 3935 inven-

569 3969 721 4024 tione
752 3970 810 4024 S.
839 3970 1022 4025 crucis
1045 3971 1291 4024 eamdem
1311 3970 1740 4025 benedictionem
1764 3969 1923 4024 nobis
1950 3970 2152 4028 invitus

568 4061 802 4127 influxit,
837 4077 948 4131 qua
987 4059 1245 4130 praefatus
1287 4059 1441 4115 Isaac
1465 4059 1741 4130 quondam
1785 4061 1958 4115 ﬁlium
1989 4077 2150 4117 suum

568 4153 820 4207 nesciens
849 4153 1144 4230 benedixit.
1174 4152 1327 4208 Sicut
1353 4152 1498 4207 enim
1525 4151 1675 4207 Isaac
1715 4152 1829 4206 lilio
1863 4169 1965 4207 suo
1986 4153 2151 4209 bene-

567 4243 862 4299 dictionem
899 4244 1150 4299 ncsciens
1186 4243 1449 4314 porrexit,
1479 4252 1532 4297 et
1563 4252 1743 4298 tamen
1769 4244 1898 4314 quid
1921 4245 1971 4299 ei
1998 4244 2148 4299 futu-

565 4343 690 4390 rum
718 4344 864 4392 esset
921 4335 1080 4408 longe
1109 4345 1234 4392 ante
1283 4336 1600 4407 prospexit,
1631 4335 1711 4391 sic
1752 4335 2013 4393 Judaicus
2062 4337 2151 4392 ille

563 4428 802 4500 populus
878 4429 1190 4500 exemplum
1270 4445 1506 4500 sequens
1558 4429 1802 4502 ejusdem
1869 4428 2150 4498 Israelitze,

2259 1940 2348 1994 die
2381 1939 2727 1995 Deminicum
2778 1941 3060 1997 invenerat
3120 1943 3353 2014 lignum.
3389 1943 3656 2000 Praeterea
3695 1961 3806 2008 vero,

2261 2035 2401 2087 sicut
2438 2031 2708 2104 Allopbyli
2747 2043 2939 2103 puteos
2987 2033 3427 2105 Seripturarum,
3453 2047 3603 2092 terra
3637 2039 3814 2092 maliti:

2260 2141 2373 2180 sua:
2397 2126 2464 2179 ad
2504 2125 2609 2180 hoc
2635 2127 2976 2181 conabantur
3005 2129 3238 2184 obruere
3271 2146 3340 2184 ne
3396 2131 3662 2200 spiritalis
3688 2133 3807 2186 intel-

2261 2217 2492 2287 ligentiae
2521 2218 2588 2273 de
2617 2219 2698 2273 eis
2729 2235 2855 2273 vera
2903 2229 3089 2290 posset
3130 2236 3269 2290 aqua
3299 2222 3586 2291 proﬂuere
3605 2266 3618 2289 ,
3654 2224 3713 2276 ita
3737 2222 3806 2275 Ju-

2258 2309 2364 2365 da:i
2388 2311 2595 2382 lignum
2633 2311 2691 2365 S.
2724 2313 2908 2368 crucis
2955 2313 3046 2368 diu
3089 2314 3342 2370 volebant
3375 2317 3554 2372 humo
3573 2318 3807 2382 sutiocare,

2259 2418 2326 2456 ne
2353 2404 2598 2475 mysterii
2629 2405 2890 2460 salutaris
2914 2406 3038 2461 inde
3061 2407 3220 2462 nobis
3235 2419 3429 2478 posset
3447 2411 3595 2465 unda
3609 2426 3805 2465 manare.

2261 2494 2414 2550 Unde
2441 2511 2665 2552 necesse
2690 2507 2775 2553 est
2807 2499 2966 2554 nobis
3007 2509 3086 2566 ut,
3105 2500 3248 2555 sicut
3272 2500 3431 2558 Isaac
3457 2504 3528 2560 de
3554 2505 3714 2575 puteis
3741 2519 3806 2574 pa-

2259 2597 2404 2644 trum
2447 2605 2674 2644 suorum
2699 2590 2766 2644 ad
2802 2592 2908 2648 hoc
2933 2591 3142 2647 solebat
3170 2594 3373 2664 ejicere
3407 2604 3616 2650 terram
3652 2607 3806 2666 etgra-

2257 2673 2348 2728 tia:
2379 2673 2638 2731 salutaris
2671 2691 2872 2746 aquam
2917 2687 3102 2748 posset
3139 2679 3389 2736 invenire
3439 2698 3736 2752 supernam,
3755 2682 3805 2734 ita

2256 2772 2312 2819 et
2337 2781 2438 2820 nos
2464 2781 2566 2836 pro
2596 2767 2921 2838 inquirenda
2969 2771 3235 2840 spiritalis
3281 2773 3656 2845 intelligentia:
3681 2773 3806 2834 unda.

2255 2857 2444 2911 tandiu
2470 2859 2863 2930 cogitationum
2894 2871 3211 2918 nostra-rum
3232 2863 3544 2923 debeamus
3576 2877 3807 2937 penetrare

2256 2949 2547 3018 profunda,
2572 2952 2935 3024 quoadusque
2966 2955 3033 3011 de
3057 2965 3220 3026 puteo
3264 2959 3458 3013 cordis
3485 2960 3653 3014 nostri
3676 2959 3805 3012 totius

2255 3043 2477 3098 malitia:
2525 3053 2668 3099 terra
2697 3047 2959 3114 sublata,
2986 3063 3085 3119 per
3123 3052 3453 3121 mysterium
3501 3052 3672 3107 crucis
3703 3067 3806 3105 verte

2256 3137 2579 3193 innocentia:
2609 3153 2744 3208 pura
2776 3141 2936 3196 nobis
2967 3143 3308 3212 resplendeat
3336 3161 3511 3215 aqua.

2541 3312 2576 3340 .
2893 3241 3122 3310 CAPUT
3162 3255 3231 3312 Χ.

2256 3343 2528 3409 Quomodo
2559 3355 2746 3415 puteus
2774 3346 2883 3411 ille,
2921 3349 3005 3402 cui
3037 3366 3221 3402 nomen
3248 3359 3324 3403 est
3350 3352 3574 3404 virentis
3600 3361 3645 3403 et
3668 3351 3800 3402 riden-

2295 3446 2298 3448 -
2327 3417 2415 3478 tis,
2441 3418 2714 3499 convenire
2744 3421 2912 3488 possit
2946 3430 3103 3487 puteo
3132 3420 3295 3473 divini
3330 3423 3613 3492 sanguinis
3664 3430 3800 3485 eting-

2325 3495 2483 3540 sterie
2521 3495 2714 3542 crucis.

2324 3596 2468 3668 Ergo
2492 3599 2636 3654 sicut
2667 3600 2735 3654 ad
2773 3601 3178 3656 emundandam
3208 3604 3457 3660 carnalis
3497 3601 3798 3659 immunditiz

2253 3689 2497 3745 cloacam
2521 3691 2575 3744 in
2596 3692 2774 3762 puteis
2793 3692 2946 3748 Isaae
2967 3695 3267 3763 spiritalem
3291 3696 3606 3751 invenimus
3624 3709 3795 3765 aquam.

2254 3782 2328 3836 ita
2371 3798 2518 3838 nunc
2561 3783 2720 3838 nobis
2769 3783 2838 3838 ad
2901 3786 3271 3857 irrigationem
3304 3788 3528 3856 proﬁcit
3555 3787 3741 3844 mentis,
3764 3783 3796 3837 si

2253 3885 2379 3928 cum
2413 3875 2604 3929 eodem
2650 3873 2802 3930 Isaac
2839 3876 3019 3931 adhuc
3066 3891 3429 3947 properemus
3474 3880 3543 3934 ad
3601 3887 3793 3949 puteum.

2253 3966 2340 4020 cui
2365 3981 2562 4021 nomen
2607 3976 2692 4022 est
2739 3969 2970 4024 viventis
2996 3979 3049 4025 et
3083 3970 3332 4026 videntis.
3376 3970 3532 4026 Licet
3558 3972 3688 4026 enim
3717 3967 3793 4021 illic

2253 4058 2399 4127 putei
2455 4059 2567 4114 sint
2612 4061 2818 4129 plures,
2848 4070 2902 4115 et
2932 4061 3023 4117 hic
3075 4078 3245 4128 unus,
3265 4078 3361 4132 per
3422 4079 3614 4118 omnes
3657 4072 3790 4116 tamen

2252 4151 2417 4206 unius
2447 4153 2776 4208 sacramenti
2801 4153 2961 4208 nobis
2982 4153 3209 4208 oﬂ‘ertur
3240 4171 3474 4222 munus,
3502 4155 3732 4226 quoniam
3753 4151 3792 4202 in

2252 4244 2508 4299 omnibus
2545 4261 2650 4298 una
2686 4245 2855 4314 figura
2885 4255 3161 4312 versatur,-
3183 4247 3314 4300 dum
3361 4247 3421 4303 in
3459 4247 3677 4319 singulis
3699 4245 3787 4313 qui

2253 4337 2463 4407 busque
2501 4353 2654 4392 sacra
2689 4336 2967 4416 Scriptura
2991 4339 3257 4410 signatur.
3290 4339 3433 4406 Quis
3461 4337 3789 4396 autemestti-

2251 4438 2405 4497 Vens,
2435 4431 2542 4486 nisi
2569 4430 2732 4498 Deus,
2763 4431 2829 4486 de
2861 4447 2972 4502 quo
3006 4433 3272 4503 scriptum
3307 4443 3394 4488 est
3430 4454 3443 4489 :
3491 4433 3620 4488 Vivit
3656 4430 3787 4484 Doni-

562 4521 772 4592 lignum
803 4521 1004 4590 crucis,
1027 4523 1173 4593 quod
1198 4522 1440 4578 revelare
1459 4523 1634 4578 noluit
1655 4533 1869 4595 sponte,
1893 4523 2150 4579 revelavit
2177 4530 2226 4591 ι)
2253 4540 2351 4577 nus
2373 4534 2422 4578 et
2449 4524 2748 4578 benedictus
2788 4523 2928 4578 Deus
2952 4541 3096 4579 meus
3122 4527 3148 4579 ξ)
3191 4525 3366 4596 (Psal.
3399 4529 3563 4597 xvu.)
3591 4524 3680 4580 Sed
3698 4521 3787 4592 quis

563 4614 749 4671 invite.

1175 4699 1403 4762 CAPUT
1439 4705 1534 4762 IX.

564 4798 633 4852 l’t
658 4799 926 4870 Allophyli
960 4809 1141 4870 puteos
1200 4799 1358 4854 Isaac
1399 4799 1708 4870 obruerunt,
1757 4789 1834 4870 sic
1873 4797 2054 4870 Judaei
2079 4798 2120 4852 li

636 4869 796 4940 guunt
822 4869 996 4924 erucis
1050 4871 1454 4924 absconderant.
1500 4869 1569 4922 Et
1600 4869 2042 4940 quemadmodum
2073 4870 2144 4923 li-

635 4939 794 5013 gnum
853 4940 992 5013 idem
1050 4943 1316 5013 inventum
1373 4949 1450 4994 est
1519 4939 1584 5013 ab
1614 4939 1619 4940 ⁷
1650 4939 1851 4994 Helena
1921 4941 2099 5008 regina
2127 4981 2145 5006 ,

634 5009 712 5068 Sic
766 5013 830 5066 ab
879 5009 1039 5066 Isaac
1091 5012 1148 5064 in
1186 5011 1382 5064 eisdem
1433 5012 1605 5081 puteis
1660 5027 1794 5081 pura
1837 5019 2046 5064 inventa
2067 5019 2146 5064 est

636 5101 792 5139 natm.

636 5101 666 5137 α
707 5101 792 5139 ua.

634 5099 904 5241 Qioniam
935 5171 1025 5244 [[1,
1047 5169 1191 5225 lIora
1219 5180 1302 5225 est
1319 5170 1459 5242 jam]
1481 5178 1560 5238 ut,
1583 5171 1726 5226 sicut
1741 5171 2144 5240 praemittimus,

566 5267 632 5321 ad
657 5274 849 5335 puteos
882 5263 1003 5317 illos
1034 5261 1270 5318 transire
1299 5261 1613 5328 debeamus,
1646 5263 1712 5317 de
1745 5263 2143 5332 quibuslimpi-

564 5357 735 5412 dioris
755 5371 910 5425 aqua:
931 5354 1123 5424 pocula
1148 5352 1305 5408 vobis
1326 5352 1617 5422 propinare
1644 5353 1947 5406 valeamus.-
2001 5351 2145 5406 Nihil

564 5450 710 5504 enim
741 5449 942 5514 obstat,
961 5447 1007 5502 si
1026 5456 1240 5518 puteos,
1260 5461 1399 5516 quos
1415 5444 1568 5500 Isaac
1587 5445 1729 5514 apud
1753 5446 1987 5500 alienam
2011 5445 2140 5500 olim

564 5541 775 5595 foderat
797 5549 1035 5611 gentem,
1057 5541 1111 5593 in
1131 5538 1340 5593 honore
1359 5535 1416 5592 S.
1446 5536 1628 5592 crucis
1647 5536 1808 5592 hodie
1823 5551 2144 5593 revocemus

565 5631 634 5686 ad
652 5640 909 5698 mentem,
938 5647 1004 5686 ne
1023 5631 1346 5704 mysterium
1366 5627 1498 5684 illud
1529 5627 1753 5682 humani
1777 5627 1980 5684 silentii
2002 5635 2146 5682 tetro

564 5723 895 5778 suﬂ‘ocemus
953 5722 1138 5790 fumo,
1198 5723 1432 5794 qualiter
1484 5720 1753 5791 Allophyli
1822 5719 2142 5776 insidiantes

565 5816 784 5870 eosdem
823 5826 1014 5886 puteos
1056 5817 1400 5889 repleverunt
1447 5815 1638 5874 humo.
1677 5810 1819 5880 Qllid
1852 5811 2020 5882 igitur
2042 5827 2140 5884 Ρετ

2256 4616 2327 4671 sit
2355 4617 2572 4684 videns,
2612 4617 2727 4686 ipse
2770 4617 2928 4672 nobis
2988 4617 3285 4673 insinuavit
3306 4634 3371 4672 ex
3406 4635 3488 4687 se,
3513 4616 3680 4690 quiad
3713 4612 3787 4666 Na-

2259 4709 2476 4763 thanael
2511 4708 2644 4764 Cum
2671 4725 2830 4775 esses,
2860 4709 3056 4779 inquit,
3083 4709 3176 4764 sub
3198 4711 3327 4780 ﬁcu,
3357 4712 3471 4764 ridi
3500 4721 3549 4765 te
3571 4708 3723 4781 (locu.
3742 4709 3782 4755 ιι.

2255 4799 2354 4856 Hic
2381 4809 2465 4856 est
2501 4811 2696 4871 puteus
2739 4801 2830 4856 ille
2855 4801 3066 4865 vivens,
3099 4801 3167 4857 de
3194 4819 3306 4872 quo
3332 4802 3474 4858 dixit
3499 4799 3747 4874 Apostolus
3772 4812 3782 4844 :

2265 4892 2404 4947 Vivit
2454 4909 2572 4947 vero
2617 4894 2673 4945 in
2717 4908 2797 4946 me
2841 4891 3087 4946 Christus
3123 4891 3325 4961 idalat.
3380 4895 3474 4965 It),-
3497 4904 3553 4948 ut
3589 4885 3782 4955 exempl»

2254 4985 2400 5040 illius
2425 4984 2804 5054 unusquisque
2830 4991 3079 5038 nostrum
3111 4999 3178 5038 ex
3207 4985 3398 5040 eodem
3425 4994 3585 5055 puteo
3615 4976 3780 5036 hauriat

2254 5087 2308 5132 et
2335 5076 2498 5144 vivat,
2533 5076 2602 5132 de
2647 5090 2760 5146 quo
2811 5075 3075 5146 scriptum
3100 5085 3186 5132 est
3218 5095 3232 5130 :
3267 5075 3326 5131 Si
3352 5078 3471 5147 quis
3499 5077 3625 5138 sitit,
3651 5070 3776 5125 relict

2251 5179 2300 5223 et
2327 5168 2473 5222 bibat
2509 5167 2690 5238 (Joan.
2720 5168 2841 5236 vn.)
2874 5167 3262 5239 Unusquisque
3300 5170 3449 5224 enim
3492 5167 3701 5223 fidelium
3727 5175 3772 5214 el

2254 5268 2416 5330 puteo
2443 5259 2588 5316 illius
2631 5259 2960 5314 aeternaliter
2992 5261 3174 5326 habet,
3205 5263 3301 5331 qui
3327 5263 3582 5316 omnibus
3615 5256 3771 5310 vivite!

2252 5353 2436 5407 omnia
2465 5352 2631 5419 videt,-
2660 5367 2784 5406 cum
2812 5351 3041 5422 praefato
3076 5353 3284 5408 scilicet
3321 5352 3474 5409 Isaac
3501 5353 3552 5406 in
3587 5350 3666 5403 illo
3693 5357 3770 5397 Ito-

2250 5446 2421 5510 riens,
2457 5453 2512 5498 et
2541 5445 2595 5498 in
2619 5443 2712 5498 illo
2735 5445 2943 5510 vivens,
2975 5444 3105 5514 quia
3125 5455 3183 5499 et-
3207 5445 3400 5500 vivens
3427 5446 3693 5498 vocaturet
3709 5433 3766 5484 ti-

2248 5536 2403 5592 dens.
2437 5533 2592 5590 Sicut
2627 5534 2776 5589 enim
2815 5533 2988 5601 Isaac,
3028 5535 3329 5590 secundum
3355 5536 3591 5590 altiorem
3619 5523 3765 5582 ἰηιάὲ

2248 5627 2484 5699 gentiam
2537 5625 2753 5690 mentis,
2789 5625 3158 5681 deambulavit
3203 5642 3301 5696 per
3339 5628 3480 5681 viam
3515 5638 3622 5694 qua:
3654 5613 3761 5672 dedi

2245 5720 2312 5774 ad
2349 5728 2573 5791 puteum
2607 5718 2691 5774 cui
2727 5733 2926 5774 nomen
2951 5729 3035 5774 est
3071 5719 3303 5776 viventis
3334 5762 3346 5774 .
3389 5721 3468 5774 sic
3487 5730 3631 5772 verus
3651 5709 3759 5762 Ιεικ

2246 5824 2341 5880 per
2371 5811 2688 5884 mysterium
2710 5810 2910 5880 crucis,
2933 5821 3156 5883 puteum
3188 5811 3310 5867 vita:
3337 5812 3540 5883 aperire
3564 5807 3760 5876 dignatus
