3960 6316
102 364 235 441 .945

1053 362 1142 418 us
1174 361 1406 419 LAUDE
1444 361 1532 417 ΕΤ
1570 328 1708 417 m.
1751 361 1809 417 s.
1851 358 2123 416 CRUCIS.
2165 391 2234 401 -
2271 358 2397 414 LIB.
2441 358 2480 414 ι.

3290 365 3398 423 θιθ

101 487 211 534 est
231 476 462 548 mundo,
493 478 549 534 in
601 492 712 549 quo
760 478 959 534 divinae
1002 478 1244 535 scientia
1292 492 1490 551 aquam
1525 484 1710 550 posset
1738 480 1784 536 Α
1809 474 2001 532 caudis
2028 475 2351 546 corporibus
2387 490 2577 531 eorum
2608 486 2660 533 et
2688 479 2962 551 mentibus
2988 496 3187 553 aquam
3220 451 3305 540 ea;
3334 486 3405 544 de

105 569 352 625 haurire
375 568 444 626 de
470 568 762 641 profundo.
803 568 932 638 Sed,
955 571 1097 627 sicut
1115 568 1215 642 per
1248 578 1494 641 puteum,
1523 579 1585 642 ut
1624 570 1715 627 di-

98 672 277 734 (tum
301 672 406 731 est,
436 662 784 735 profunditas
814 680 987 721 sacrae
1025 664 1276 721 lectionis
1307 663 1605 736 ﬁguratur,
1639 663 1716 720 ita

100 770 223 824 per
256 754 426 824 viam,
457 771 581 827 qua:
604 755 756 812 ducit
789 756 857 812 ad
883 764 1130 827 puteum,
1154 756 1434 813 humilitas
1466 754 1714 812 Domini-

99 862 204 909 βω
239 848 519 927 passionis
564 848 829 923 signatur,
857 864 956 919 per
989 864 1156 920 quam
1196 847 1355 905 nobis
1378 863 1548 904 sacra:
1570 844 1718 904 Scri-

98 947 306 1009 ptura:
328 937 535 994 ﬂuenta
550 947 776 1010 patuere
798 939 1084 1011 spiritalia,
1115 954 1238 1012 qua:
1259 951 1385 995 ante
1404 939 1717 1011 passionem

100 1026 349 1086 Domini
377 1029 534 1102 legali
556 1030 765 1101 latuere
793 1030 896 1087 sub
934 1031 1111 1103 palea.
1148 1029 1304 1087 Unde
1331 1040 1393 1099 ut
1421 1040 1473 1087 ct
1502 1046 1626 1101 nos,
1650 1030 1720 1086 ad

97 1122 442 1194 exemplum
466 1121 620 1179 Isaac
643 1122 711 1179 de
739 1130 905 1195 puteo
941 1123 1034 1184 illo
1066 1123 1401 1180 iuebriemur
1427 1122 1716 1191 Altissimi,

96 1213 194 1289 fle
219 1230 335 1286 quo
356 1214 619 1291 scriptum
665 1224 751 1283 est
796 1215 973 1288 Bibite
996 1224 1047 1272 et
1071 1216 1433 1291 inebriamini,
1469 1215 1721 1270 charissi-

96 1296 203 1361 ’πεί
246 1307 430 1380 (Cant.
475 1308 537 1380 ι),
577 1308 800 1381 dignum
831 1316 916 1366 est
943 1319 1005 1365 ut
1043 1309 1111 1365 ad
1142 1309 1287 1385 viam
1313 1325 1436 1381 quae
1466 1308 1535 1365 ad
1566 1325 1722 1365 eum-

96 1398 253 1455 dem
284 1400 435 1457 ducit
471 1401 651 1473 ipsum
674 1401 1051 1473 praeviatorcm
1095 1417 1397 1474 sequamur
1421 1412 1476 1458 et
1502 1402 1719 1473 ducem,

98 1491 224 1562 ,ιιιιί
251 1491 688 1549 δόόιιιτθηὰθιῐι
721 1494 869 1549 viam
900 1494 1175 1566 passionis
1220 1495 1441 1569 pertth
1499 1495 1555 1552 in
1600 1510 1724 1565 epr-

100 1599 262 1658 pore
290 1601 394 1641 suo
421 1585 625 1654 clavos,
653 1586 901 1643 lanceam
923 1596 978 1643 et
1006 1603 1249 1645 crucem.

741 1698 973 1756 CAPUT
1012 1699 1105 1763 XI,

98 1784 647 1862 Quemadmodum}:
670 1790 788 1862 ﬁli‘a
825 1788 1129 1862 Pharaonis
1153 1789 1358 1862 Moyses
1381 1793 1621 1848 iuventus
1640 1801 1722 1849 est

184 1857 357 1935 juxta
383 1857 839 1935 ripautﬂuiuinis,
866 1861 943 1913 sic
982 1863 1047 1914 ab
1076 1857 1280 1916 Helena
1308 1865 1487 1935 regina
1509 1865 1564 1917 in
1595 1862 1723 1920 Cal-

199 1930 372 1983 varite
397 1927 517 1984 loca
540 1927 745 2002 lignum
780 1932 1047 1985 inventum
1070 1941 1147 1986 est
1180 1927 1378 1989 crucis:

197 2042 392 2115 Igitur,
417 2048 569 2117 quia,
593 2046 895 2102 secundum
920 2044 1269 2117 Apostolum,
1290 2065 1399 2105 non
1417 2064 1601 2106 escam
1621 2065 1720 2104 vo-

104 2134 217 2192 bis
243 2133 518 2205 dedimus,
545 2137 640 2193 sed
669 2137 775 2206 lac,
812 2136 942 2191 dum
967 2136 1022 2190 in
1060 2138 1236 2212 ﬁgura
1267 2140 1564 2196 Dominica:
1592 2157 1721 2197 cru—

102 2226 211 2295 eis
237 2227 487 2299 quadam
517 2229 674 2287 vobis
707 2234 1089 2291 enarravimus
1132 2232 1201 2290 de
1229 2231 1430 2305 Ioseph
1462 2243 1517 2289 et
1548 2233 1723 2301 Isaac,

107 2319 359 2391 dignum
396 2328 482 2376 est
506 2330 564 2377 ut
579 2321 693 2393 jam
722 2323 791 2384 ad
810 2325 1189 2396 explicandam
1210 2326 1365 2383 vobis
1395 2326 1558 2381 aliam
1586 2342 1720 2393 rem,

109 2413 329 2468 eodem
360 2414 524 2471 modo
548 2414 616 2471 de
644 2413 799 2473 Isaac
822 2426 1171 2474 transeamus
1201 2418 1269 2473 ad
1301 2416 1542 2491 Moysen.
1571 2416 1725 2474 Sicut

102 2505 280 2570 enim
306 2504 520 2579 Moyses
537 2507 696 2578 juxta
737 2510 913 2581 ripam
959 2509 1203 2566 ﬂuminis
1223 2525 1289 2566 ea
1312 2510 1399 2566 die
1421 2510 1604 2567 divino
1641 2511 1726 2566 in-

110 2605 333 2655 ventus
376 2609 462 2656 est
511 2602 757 2671 numine,
790 2602 846 2657 in
901 2614 1012 2674 qua
1040 2602 1403 2659 descendebat
1445 2603 1552 2658 ﬁlia
1582 2602 1728 2659 Pha-

110 2692 322 2761 raonis
348 2700 410 2747 ut
429 2693 707 2750 lavaretur
736 2695 791 2749 in
823 2694 1049 2764 ﬂumine
1070 2737 1086 2763 ,
1123 2695 1204 2751 sic
1235 2695 1498 2751 hodierna
1538 2695 1625 2751 die
1657 2696 1727 2751 ab

111 2783 382 2839 Ecclesia
408 2785 580 2855 plebis
622 2782 834 2844 bifaria:
871 2788 1083 2860 lignum
1125 2788 1612 2845 crucisinveutum
1643 2798 1727 2845 est

112 2879 183 2949 in
214 2877 340 2932 loco
353 2876 636 2955 Calvariaa.
657 2879 835 2949 Quod,
857 2881 985 2952 quia
1013 2880 1392 2952 perjudicium
1421 2881 1727 2938 Divinitatis

113 2968 412 3031 pccultum
456 2970 509 3025 in
549 2971 740 3027 eodem
776 2972 898 3031 loco
934 2971 1028 3027 diu
1076 2972 1363 3028 videbatur
1392 2989 1514 3029 esse
1545 2973 1727 3044 sepul-

111 3070 286 3135 tum,
321 3061 441 3117 ideo
486 3063 645 3120 nobis
685 3064 826 3120 elabi
863 3080 972 3120 non
994 3064 1162 3141 debet
1202 3081 1235 3122 a
1269 3065 1532 3120 memoria
1581 3064 1727 3137 quod

1815 575 1968 641 petra
1984 568 2259 638 produxit,
2277 568 2356 623 sic
2374 583 2536 624 verus
2552 569 2639 625 ille
2654 568 2868 643 Moyses
2878 574 3211 642 poenitentiae
3222 579 3402 650 aquis,

1815 662 2074 718 vitiorum
2124 677 2228 719 nos
2269 660 2433 718 faciat
2476 663 2777 719 emundare
2819 666 3056 735 cloacas,
3082 671 3172 739 qui
3217 671 3404 728 eduxit

1818 772 2013 827 aquam
2037 754 2102 809 de
2130 763 2279 826 petra
2305 795 2320 821 ,
2360 764 2410 809 et
2433 754 2656 809 deduxit
2692 764 2943 829 tanquam
2970 760 3194 829 ﬂumina
3237 780 3404 837 aquas

1819 847 1839 920 (
1865 846 2011 903 Psal.
2036 864 2217 903 Lxxvn
2238 848 2279 921 ).

2419 938 2650 999 CAPUT
2688 939 2802 996 XII.

1823 1029 1971 1105 Sicut
2006 1029 2215 1105 Moyses
2235 1048 2268 1086 a
2305 1039 2473 1105 matre
2493 1048 2595 1105 sua
2628 1032 2928 1105 reconditus
2955 1041 3032 1088 est
3075 1036 3130 1089 in
3165 1036 3369 1105 ﬁscella
3405 1081 3418 1103 ,

1893 1103 1973 1156 ita
2005 1101 2146 1177 crus;
2183 1101 2461 1177 Dominica
2508 1102 2603 1177 diu
2645 1103 2957 1177 abscondita
2997 1105 3102 1175 fuit
3145 1101 3200 1159 in
3235 1101 3415 1177 SynaQ

1888 1189 2046 1243 goga.
2076 1170 2167 1243 Et
2195 1173 2377 1229 eodem
2402 1173 2557 1228 modo
2604 1189 2738 1228 crux
2783 1170 3092 1230 inventa'est
3138 1177 3194 1230 in
3244 1170 3415 1237 terra,

1891 1242 2230 1369 ἓϊέιὲζῖἕδεε
2270 1244 2515 1309 iuventus
2557 1252 2638 1299 est
2676 1245 2733 1298 in
2768 1246 2906 1317 ripa,
2951 1246 3031 1301 vel
3067 1246 3311 1303 Christus
3364 1250 3418 1302 iu

1893 1404 2159 1463 Praeterea
2194 1422 2326 1463 vero
2351 1415 2407 1462 et
2431 1407 2538 1463 hoc
2565 1423 2600 1463 a
2630 1407 2790 1464 nobis
2814 1420 3163 1481 nequaquam
3187 1410 3408 1466 silentio

1823 1497 1985 1559 debet
2008 1498 2293 1566 abscondi,
2318 1499 2488 1569 quod,
2517 1499 2573 1554 in
2592 1500 2900 1571 exemplum
2927 1500 3120 1574 Moysi,
3138 1519 3273 1558 crux
3299 1501 3409 1557 Do-

1822 1591 1960 1649 mini
1989 1591 2267 1663 quondam
2291 1591 2575 1647 videbatur
2601 1593 2848 1662 recondi,
2878 1594 3009 1665 quia
3038 1595 3180 1650 sicut
3198 1593 3411 1668 Moyses

1820 1682 1977 1753 juxta
2012 1683 2189 1754 ripam
2218 1683 2461 1739 ﬂuminis
2486 1700 2518 1740 a
2550 1694 2725 1740 matre
2755 1701 2854 1759 sua
2880 1688 3192 1743 reconditus
3228 1697 3314 1743 est
3351 1688 3407 1742 in

1826 1773 2063 1851 ﬁscella,
2094 1776 2175 1831 sic
2201 1775 2409 1847 lignum
2426 1776 2612 1841 crucis
2639 1793 2670 1848 ξι
2696 1775 2980 1850 Syuagoga
3002 1779 3095 1835 diu
3124 1779 3411 1835 abscondi-

1823 1878 1940 1925 tum
1973 1879 2093 1926 erat
2129 1870 2185 1939 in
2230 1880 2394 1933 terra.
2429 1870 2557 1939 Sed,
2586 1872 2731 1935 sicut
2760 1871 2971 1944 Moyses
2999 1872 3067 1927 ad
3094 1872 3266 1943 ripam
3306 1872 3409 1943 flu—

1823 1960 2011 2028 minis,
2033 1961 2116 2017 vel
2137 1960 2390 2017 Christus
2416 1961 2670 2020 inventus
2691 1970 2774 2018 est
2795 1962 2864 2032 ad
2882 1978 3083 2034 aquam
3104 1962 3408 2033 baptisma—

1825 2054 1924 2121 tis,
1956 2054 2037 2109 sic
2076 2052 2379 2110 Thcrmuth
2428 2053 2537 2114 ﬁlia
2565 2052 2891 2120 Pharaonis,
2939 2055 2991 2110 id
3036 2063 3123 2127 est
3166 2054 3410 2113 Ecclesia

1825 2147 2067 2218 gentium
2094 2148 2299 2219 lignum
2332 2145 2678 2202 Dominicam
2715 2146 2960 2202 invenire
2988 2148 3188 2203 meruit
3215 2148 3271 2202 in
3319 2164 3411 2202 sa-
3513 2158 3516 2162 '

1823 2239 1992 2295 lutem
2027 2239 2389 2296 credentium.
2434 2237 2729 2294 Sciendum
2759 2248 2844 2295 est
2873 2248 3056 2295 autem
3082 2239 3247 2310 quod,
3273 2240 3415 2295 sicut

1826 2331 1894 2386 ad
1935 2330 2390 2387 considerandum
2440 2329 2576 2385 inibi
2620 2338 2875 2387 eventum
2928 2332 3028 2400 rei,
3082 2332 3240 2403 quasi
3287 2349 3411 2389 cum

1826 2424 1994 2481 Maria
2020 2440 2211 2483 sorore
2238 2423 2431 2498 Moysi,
2448 2425 2642 2496 procul
2662 2425 2987 2489 videbantur
3007 2433 3190 2481 astare
3208 2421 3413 2495 Judaei,

1827 2518 1909 2575 sic
1934 2534 2128 2575 omnes
2167 2518 2263 2590 qui
2289 2517 2533 2589 antiqua:
2551 2518 2688 2590 legis
2712 2518 2895 2574 adhuc
2916 2517 3101 2573 amicti
3118 2524 3247 2573 sunt
3269 2528 3414 2588 toga,

1827 2626 1859 2666 a
1889 2611 2151 2683 mysterio
2177 2610 2359 2668 crucis
2386 2609 2595 2666 Christi
2630 2610 2789 2682 longe
2821 2609 3074 2666 videntur
3114 2617 3263 2664 stare
3289 2623 3417 2663 cum

1830 2700 2137 2774 Synagoga.
2171 2698 2276 2756 Sed
2305 2701 2447 2757 sicut
2483 2700 2594 2756 tilia
2618 2699 2925 2756 Pharaonis
2945 2698 3226 2755 Christum
3258 2697 3419 2759 nobis
3490 2700 3493 2703 ’

1828 2796 2129 2852 reservavit
2148 2795 2203 2850 in
2228 2793 2497 2862 masculo,
2511 2794 2643 2850 dum
2656 2793 2881 2868 Moysen
2908 2792 3182 2850 inclusum
3205 2791 3421 2847 elevare

1830 2889 2040 2945 solebat
2081 2904 2150 2944 ex
2196 2888 2462 2957 vasculo,
2510 2888 2591 2944 sic
2639 2885 2883 2944 Ecclesia
2925 2885 3169 2960 gentium
3210 2885 3422 2957 lignum

1829 2981 2011 3038 crucis
2037 2981 2106 3035 ad
2140 2981 2443 3036 humanum
2486 2979 2648 3037 hodie
2680 2970 3023 3037 ‘revclaverat
3065 2994 3250 3043 usum,
3274 2976 3426 3047 quod

1830 3088 1896 3129 ex
1928 3072 2128 3128 invidia
2157 3070 2472 3127 Judzeorum
2498 3071 2592 3126 diu
2619 3071 2839 3143 jacebat
2861 3070 3160 3127 inclusum.
3206 3067 3297 3133 Et,
3321 3067 3424 3124 sic-

114 3170 199 3209 ex
228 3153 434 3209 invidia
468 3153 780 3211 Iudaeorum
836 3157 961 3212 inde
996 3156 1161 3211 habet
1185 3156 1433 3212 historia.
1460 3155 1567 3212 Per
1593 3172 1727 3228 sug-
1754 3180 1801 3242 ο
1832 3170 1893 3218 ut
1939 3162 2030 3217 illa
2073 3161 2335 3219 ﬁscellam
2368 3160 2572 3231 reperit
2601 3159 2656 3214 in
2702 3159 3005 3230 papilione;
3056 3158 3138 3214 sic
3178 3155 3425 3217 Ecclesia

119 3246 457 3334 gestiouem‘
477 3248 625 3305 enim
672 3248 1028 3306 Judaicorum
1080 3249 1402 3321 pontiﬁcum
1452 3249 1728 3307 Adrianus

119 3340 437 3411 imperator
484 3341 663 3399 scelus
725 3341 1060 3414 perpetravit
1092 3341 1437 3409 horriﬁcum,
1463 3343 1596 3399 dum
1659 3341 1729 3399 ad

124 3432 534 3491 ostendendum
572 3432 813 3491 Iudaica:
837 3433 1125 3506 pravitatis
1154 3434 1486 3507 exemplum,
1514 3433 1571 3490 in
1595 3435 1721 3492 loco

125 3527 232 3581 ubi
267 3526 474 3601 lignum
496 3528 670 3601 jacuit
692 3528 1263 3598 Dominicum,\’encri
1284 3529 1572 3586 aedificavit
1594 3538 1731 3585 tem-

126 3619 315 3689 plum,
344 3635 416 3675 ne
441 3619 754 3676 Christiana
780 3620 998 3675 devotio
1026 3621 1108 3676 vel
1133 3637 1309 3692 genua
1354 3620 1430 3675 ibi
1467 3619 1728 3688 ﬂecteret,

123 3719 237 3766 aut
273 3720 804 3768 votorum'suorum
854 3710 966 3766 Deo
1015 3711 1277 3767 libamina
1330 3710 1595 3767 redderet.
1624 3710 1731 3768 Sed

129 3804 348 3876 gratias
372 3803 480 3860 Deo
498 3803 667 3877 quod,
694 3804 838 3860 sicut
883 3804 993 3859 ﬁlia
1026 3803 1332 3860 Pharaonis
1354 3804 1639 3866 vasculum
1661 3803 1731 3879 il-

130 3897 235 3953 lud
264 3898 569 3963 evacuavit,
618 3897 672 3950 in
721 3911 834 3971 quo
868 3895 1082 3969 quses
1112 3895 1434 3967 aliquandiu
1460 3934 1464 3941 ι
1487 3895 1734 3971 inclusus

131 3986 418 4065 latitavit,
472 3988 553 4043 sic
577 3968 791 4043 Helena.
811 3968 997 4060 regina
1020 3989 1281 4059 templum
1309 3988 1464 4056 illud,
1495 3968 1735 4063 quod‘ad

136 4077 404 4149 injuriam
453 4078 719 4135 Dci'idem
750 4079 1026 4151 Adrianus
1071 4080 1399 4148 construxit,
1428 4080 1496 4136 ad
1517 4080 1734 4139 confes—

136 4171 359 4228 sionem
382 4170 580 4227 diaboli
596 4172 859 4228 hodierna
880 4172 969 4227 die
984 4170 1276 4238 destruxit.
1297 4170 1568 4250 Praeterea
1583 4189 1732 4249 vero,

136 4265 290 4322 sicut
312 4262 524 4335 Moyses
547 4265 613 4319 de
633 4264 799 4323 fluvio
825 4264 1089 4337 spiritalis
1112 4250 1482 4341 intelligentia:
1511 4265 1736 4343 haurire

136 4356 350 4415 meruit
376 4372 574 4427 aquam
598 4357 796 4412 divinze
820 4356 1063 4413 scientiae
1083 4399 1098 4424 ,
1138 4356 1212 4411 ita
1241 4365 1294 4412 et
1320 4370 1422 4412 nos
1448 4355 1504 4424 in
1528 4362 1734 4427 myste-

140 4451 233 4507 rio
258 4449 440 4505 crucis
466 4449 688 4523 haurire
714 4449 978 4506 debemus
1033 4464 1206 4520 aquas
1252 4456 1455 4504 nostra:
1509 4447 1732 4503 redem-

1831 3269 2053 3312 crucem
2084 3252 2426 3309 Dominicam
2476 3250 2641 3308 hodie
2684 3250 2741 3306 in
2780 3250 3109 3319 rcciusione,
3160 3248 3421 3322 quoniam

1830 3361 1944 3403 una
2001 3344 2302 3416 eademque
2342 3342 2518 3416 gratia
2579 3357 2715 3398 crux
2757 3340 2921 3398 hodie
2966 3340 3204 3404 inventa,
3245 3351 3329 3395 est
3367 3339 3421 3393 iu

1834 3445 1999 3505 terra,
2028 3448 2140 3507 qua
2160 3433 2403 3505 quotidie
2424 3430 2640 3504 Moyses
2679 3433 2737 3486 in
2765 3430 2906 3503 ripa,
2941 3430 3027 3490 vel
3054 3428 3311 3486 Christus
3336 3428 3420 3484 in-

1831 3529 2050 3586 venitur
2096 3528 2154 3584 in
2177 3525 2422 3584 Ecclesia
2451 3526 2464 3579 ι
2511 3523 2557 3582 Ο
2584 3522 2727 3579 mira
2773 3523 3063 3579 clementia
3097 3521 3215 3589 Dei,
3246 3537 3281 3578 ο
3327 3522 3422 3578 lux

1833 3623 2037 3681 clarior
2076 3620 2232 3689 aliis,
2277 3620 2373 3675 lux
2422 3617 2513 3679 illa
2561 3615 2691 3683 dici,
2725 3615 2782 3670 in
2816 3632 2947 3687 qua,
2988 3614 3058 3671 ad
3107 3614 3420 3686 exemplum

1833 3715 2079 3788 ejusdem
2109 3710 2391 3774 Israelitici
2417 3708 2596 3776 ducis,
2619 3707 2687 3764 dc
2712 3709 2837 3764 loco
2859 3707 3181 3764 reclusionis
3209 3706 3419 3778 lignum

1834 3809 2105 3871 elevatnm
2127 3812 2212 3880 est
2240 3803 2423 3865 crucis
2449 3804 2461 3858 !
2493 3802 2713 3861 Gratias
2742 3802 2887 3867 enim
2918 3799 3031 3856 Deo
3063 3799 3233 3871 quod,
3275 3799 3421 3854 sicut

1836 3901 1945 3957 lilia
1972 3898 2279 3955 Pharaonis
2315 3896 2619 3965 infantibus
2650 3894 3003 3952 llebrmorum
3034 3908 3291 3965 magnam
3315 3892 3423 3946 hu-

1836 3992 2155 4051 manitatem
2202 3987 2617 4055 demonstravit,
2645 3986 2817 4059 patris
2843 3986 2928 4041 sui
2953 3984 3259 4041 masculum
3301 3996 3425 4038 cum

1837 4074 2055 4140 feminis
2097 4083 2425 4148 reservavit,
2456 4081 2555 4137 sic.
2578 4079 2823 4136 Ecclesia
2849 4077 2944 4132 Dei
2990 4077 3047 4131 iu
3072 4092 3202 4132 vero
3245 4074 3431 4148 Moyse

1836 4190 2035 4248 magna
2065 4182 2151 4231 est
2174 4173 2349 4246 gratia
2380 4180 2617 4243 servata,
2650 4173 2782 4228 dum
2816 4186 2951 4227 crux
2980 4167 3270 4224 Dominica
3314 4174 3429 4223 tam

1837 4268 2101 4324 masculis
2144 4282 2311 4343 quam
2361 4265 2582 4323 feminis
2608 4265 2771 4323 hodie
2799 4273 2883 4322 est
2911 4262 2981 4319 ab
3010 4260 3211 4318 Helena
3244 4261 3431 4334 regina

1839 4367 2164 4434 monstrata.
2203 4355 2459 4426 Idcirco,
2487 4357 2537 4413 si
2582 4356 2883 4428 nequitiam
2932 4352 3249 4426 Pharaonis
3286 4360 3433 4407 recte

1838 4449 2074 4504 velimus
2103 4447 2475 4515 considerare,
2503 4448 2706 4519 mirum
2740 4462 2853 4502 non
2878 4452 2964 4501 est
2986 4444 3133 4513 quod
3162 4443 3231 4499 de
3252 4442 3435 4511 infan-

140 4542 373 4616 ptionis,
411 4541 479 4599 de
505 4542 707 4615 quibus
730 4543 993 4612 scriptum
1016 4549 1100 4597 cst
1129 4560 1142 4596 :
1175 4540 1451 4602 Haurietis
1473 4556 1639 4612 aquas
1684 4539 1739 4594 in
1770 4531 1819 4594 D
1846 4542 1991 4597 tibus
2018 4540 2372 4597 Hebraeorum
2403 4540 2680 4597 masculos
2697 4538 2864 4611 jussit
2885 4536 3155 4607 occidere,
3183 4544 3241 4592 et
3275 4533 3436 4591 femi-

140 4635 346 4708 gaudio
399 4635 464 4691 de
511 4634 745 4706 fontibus
800 4633 1096 4690 Saluatoris
1152 4633 1312 4707 (lsai.
1368 4634 1491 4707 xu),
1547 4634 1740 4705 Adhuc

141 4727 335 4793 etiam,
367 4726 510 4783 sicut
565 4724 777 4799 Moyses
827 4725 882 4787 in
930 4725 1148 4783 deserto
1196 4725 1401 4783 montis
1452 4725 1614 4793 Sina,
1643 4725 1739 4799 ubi

146 4833 433 4889 nunquam
482 4815 656 4873 Filius
704 4816 948 4873 hominis
1002 4816 1312 4887 requievit,
1363 4817 1488 4872 ﬁliis
1568 4814 1738 4872 Israel

136 4904 326 4982 aquas
370 4908 746 4970 amarissimas
790 4908 1078 4965 dulcorare
1126 4908 1438 4977 consuevit,
1472 4909 1548 4964 ita
1576 4923 1740 4965 verus

147 5003 370 5077 Moyses
397 5018 494 5074 per
516 5001 836 5075 mysterium
861 5000 1042 5067 crucis
1059 5000 1365 5056 dulcoravit
1390 5016 1565 5072 aquas
1589 5016 1740 5073 ama-

148 5112 246 5152 ras
275 5104 331 5151 et
355 5095 710 5167 insanabiles,
734 5093 955 5165 quando
984 5094 1255 5149 suavitate
1293 5092 1484 5161 indita,
1508 5108 1604 5148 eas
1642 5108 1745 5148 no-

147 5186 239 5244 bis
264 5183 395 5241 fecit
422 5199 545 5242 esse
573 5184 860 5255 potabilcs.
890 5181 976 5249 Et,
1002 5182 1146 5239 sicut
1176 5197 1342 5238 verus
1364 5181 1579 5255 Moyses
1603 5182 1744 5251 ﬁlios

153 5278 325 5351 lsrael
358 5278 428 5333 ab
456 5276 711 5349 Egyptia
746 5275 1009 5346 servitute
1055 5275 1312 5348 dignatus
1357 5283 1441 5332 est
1484 5275 1740 5347 liberare,

153 5370 378 5443 quando
398 5385 595 5426 currus
621 5367 927 5423 Pharaonis
950 5375 1005 5423 et
1033 5369 1337 5433 exercitum
1368 5368 1491 5440 ejus
1512 5368 1744 5440 projecit

154 5467 214 5523 in
244 5479 396 5527 mare
415 5505 431 5533 ,
465 5465 546 5520 sic
565 5460 770 5517 Helena
803 5461 1123 5518 beatissima
1152 5477 1372 5518 crucem
1401 5460 1745 5539 Dominicam

153 5575 189 5614 a
216 5555 447 5621 Iudaica
488 5555 651 5612 hodie
678 5553 994 5625 captivitate
1018 5553 1290 5629 liberavit,
1327 5561 1383 5609 et
1409 5553 1464 5625 in
1491 5553 1615 5609 sinu
1644 5551 1747 5610 Ec-

158 5648 360 5719 clesiaa,
387 5647 548 5720 quasi
569 5654 756 5718 Optato
770 5646 825 5727 in
842 5631 1046 5713 littore,
1070 5645 1376 5701 collocavit.
1404 5642 1561 5698 Unde
1582 5657 1747 5727 oran:

157 5742 292 5800 dum
318 5750 403 5799 est
429 5740 592 5796 nobis
616 5749 707 5805 ut,
721 5724 865 5795 sicut
888 5738 1029 5793 idem
1062 5736 1276 5815 Moyses
1294 5734 1619 5792 Hebraicum
1649 5724 1749 5805 po—

143 5823 355 5911 pulum
373 5833 639 5891 miraculo
651 5830 960 5888 Divinilatis
976 5830 1254 5895 instruxit,
1266 5830 1393 5886 dum
1410 5827 1559 5904 [pro]
1577 5826 1748 5884 medi-

1846 4653 1948 4708 nas
1976 4650 2277 4693 reservare.
2329 4634 2626 4707 Quoniam,
2664 4634 2807 4690 sicut
2852 4629 3084 4686 masculi
3118 4638 3173 4686 et
3218 4628 3437 4685 feminae

1843 4727 2098 4801 personis
2126 4726 2518 4784 discernuntur
2540 4723 2804 4797 geminis,
2838 4723 2920 4779 sic
2939 4723 3174 4778 virtutes
3199 4721 3254 4776 in
3285 4736 3436 4777 mas-

1847 4821 2010 4890 culis,
2058 4828 2115 4877 et
2152 4819 2287 4875 vitia
2322 4818 2611 4889 signantur
2640 4817 2696 4884 in
2735 4813 2973 4871 feminis.
3018 4811 3195 4882 Unde,
3223 4827 3293 4867 ne
3334 4828 3435 4883 pro

1845 4914 2194 4972 reservandis
2228 4911 2450 4983 feminis
2485 4918 2539 4966 et
2586 4908 2900 4965 occidendis
2952 4906 3216 4964 masculis
3260 4905 3435 4960 hostis

1852 5009 2114 5088 antiquus
2142 5005 2394 5073 cordium
2427 5010 2747 5064 nostrorum
2775 4999 3070 5073 recipiatur
3096 4999 3153 5054 in
3175 4995 3435 5064 vasculis,

1852 5102 2123 5160 orandum
2153 5108 2240 5157 est
2267 5094 2429 5155 nobis
2453 5105 2516 5154 ut
2557 5113 2723 5154 verus
2750 5094 2964 5169 Moyses
3006 5093 3166 5150 uobis
3195 5089 3440 5157 tribuere

1851 5197 2107 5270 dignetur
2137 5193 2238 5250 has
2263 5191 2494 5249 virtutes
2517 5191 2781 5264 geminas,
2809 5197 2870 5244 ut
2897 5189 2953 5261 in
2980 5183 3301 5243 collectione
3327 5183 3441 5247 vir-

1854 5299 2033 5359 tutum
2057 5298 2113 5345 et
2140 5287 2451 5357 abscisione
2476 5283 2736 5353 vitiorum
2766 5274 3435 5346 reservemusmasculos,

1850 5390 1905 5439 et
1927 5382 2244 5447 occidamus
2271 5378 2524 5451 feminas,
2555 5391 2625 5432 ne
2667 5373 2781 5445 veri
2827 5370 3130 5435 Pharaonis
3153 5367 3439 5423 videamur

1852 5475 2036 5532 subire
2058 5473 2393 5539 dominium,
2417 5469 2511 5541 qui
2542 5481 2733 5524 sexum
2752 5464 2919 5536 jussit
2938 5461 3188 5519 occidere
3215 5470 3437 5516 mascu-

1856 5569 2058 5638 linum,
2086 5575 2147 5624 et
2172 5578 2450 5624 reservare
2482 5559 2827 5617 femininum.
