3960 6316
612 381 748 480 an.

1202 511 1430 569 CAPUT
1472 509 1608 566 Xlll.

611 635 824 704 Moyses
854 631 910 686 in
938 628 1294 704 ﬁguraliegis
1337 625 1523 704 interni
1565 621 1908 704 regale_illud
1945 619 2196 704 diadema

681 689 901 774 uadibus
938 689 1238 774 'c'outrivit"
1261 697 1398 774 quod
1447 689 1641 767 rogatu
1683 693 1812 764 ﬁlice
1859 709 1970 748 suae
2029 689 2196 760 capiti

682 771 795 844 ejus
823 772 1039 827 Pharao
1062 771 1332 841 imposuit.

685 887 850 960 Ergo,
887 886 1143 959 quamvis
1167 886 1234 940 de
1255 883 1439 956 Moyse
1461 891 1516 938 et
1546 881 1652 954 lilia
1683 879 1985 934 Pharaonis
2030 875 2198 932 seruet

605 993 659 1037 et
695 981 938 1038 secundi)
968 995 1148 1035 sermo
1183 977 1253 1037 sit
1283 975 1462 1042 nobis,
1485 974 1665 1030 adhuc
1681 981 1862 1028 tamen
1889 970 2049 1026 tertio
2072 983 2198 1024 cum

608 1073 692 1127 eis
724 1070 962 1128 locuturi
990 1069 1270 1140 pusillum,
1301 1065 1453 1120 brevi
1481 1080 1734 1122 sermone
1757 1073 1810 1120 et
1841 1063 1989 1118 illam
2013 1072 2200 1133 tange-

613 1179 742 1220 mus
782 1170 854 1222 ,et
924 1161 1097 1216 illum.
1175 1159 1471 1236 Sciendum
1531 1165 1614 1213 est
1659 1156 1806 1212 enim
1849 1154 1997 1226 quod
2055 1153 2196 1208 idem

515 1260 528 1268 ‘
615 1270 754 1326 puer
783 1254 932 1326 regio
963 1254 1191 1309 vestitus
1218 1253 1388 1318 cultu,
1427 1249 1706 1306 formosus
1751 1249 1807 1304 in
1855 1247 2078 1316 habitu,
2104 1245 2199 1301 sed

611 1347 910 1404 formosior
930 1353 1047 1402 erat
1073 1346 1128 1400 in
1154 1345 1326 1412 vultu,
1359 1343 1538 1414 specie
1569 1341 1778 1403 scilicet
1815 1348 1868 1397 et
1891 1339 2200 1414 pulchritu-

613 1439 742 1494 dine
773 1455 870 1494 sua
897 1439 1048 1493 illum
1082 1437 1439 1508 praefigurans
1465 1435 1778 1499 Dominum,
1804 1433 1870 1488 de
1911 1448 2021 1506 quo
2064 1431 2201 1485 scri-

615 1538 769 1600 ptum
793 1535 906 1584 est:
935 1526 1214 1600 Speciosus
1242 1526 1415 1596 [arma
1441 1541 1552 1597 pra,
1573 1523 1704 1594 ﬁliis
1727 1523 1998 1576 hominum
2023 1519 2197 1591 (Psal.

611 1622 782 1692 xuv).
817 1619 970 1676 Unde
1000 1619 1197 1674 mirum
1230 1634 1335 1673 non
1364 1625 1448 1672 est
1477 1617 1645 1688 quod,
1674 1631 1770 1686 per
1799 1613 2036 1687 antiqum
2063 1610 2203 1669 divi-

611 1713 802 1769 nitatis
833 1712 1148 1788 consilium,
1193 1710 1303 1764 tilia
1327 1707 1632 1763 Pharaonis
1667 1721 1792 1761 eum
1825 1704 1930 1760 sibi
1971 1704 2186 1773 adopta-

611 1805 692 1860 vit
715 1804 770 1860 in
798 1804 993 1871 lilium,
1030 1803 1292 1874 quoniam
1327 1801 1466 1855 idem
1496 1799 1640 1854 filius
1667 1797 2000 1870 adoptionis,
2027 1797 2200 1851 lilium

613 1895 766 1951 illum
815 1895 1242 1968 prietignravcrit
1278 1895 1330 1948 in
1383 1909 1500 1963 spe,
1523 1892 1730 1962 dequo
1781 1890 2043 1961 scriptam
2075 1898 2159 1950 est
2188 1909 2198 1944 :

619 1989 795 2044 Filius
821 2006 963 2045 meus
989 2006 1041 2043 es
1068 1997 1144 2054 tu,
1181 2003 1274 2059 ego
1303 1986 1456 2040 hodie
1483 1985 1635 2056 genui
1661 1993 1708 2038 te
1745 1981 1920 2055 (Psal.
1954 1983 2035 2054 tt).
2068 1981 2204 2036 Pro-

613 2082 740 2137 inde
770 2081 873 2137 sub
921 2089 1050 2154 typo
1076 2080 1242 2146 illius,
1284 2078 1375 2150 qui
1418 2077 1662 2131 habitare
1713 2075 1843 2146 facit
1885 2075 2119 2130 sterilem
2149 2076 2204 2128 in

611 2175 790 2242 domo,
820 2184 1040 2230 matrem
1073 2172 1311 2244 filiorum
1341 2171 1612 2236 [latentem
1646 2168 1820 2242 (Psal.
1863 2167 2020 2240 exn),
2062 2168 2200 2239 patri

612 2289 716 2328 suo
737 2271 1008 2328 Pharaoni
1031 2271 1284 2344 eumdem
1306 2269 1568 2326 offerebat
1590 2267 1875 2342 infantem,
1895 2280 2096 2338 rogans
2117 2263 2203 2319 vi-

609 2365 808 2421 delicet
839 2373 900 2420 ut
939 2380 1036 2436 per
1063 2363 1318 2420 intimum
1354 2371 1592 2434 paterna:
1624 2359 1909 2418 charitalis
1956 2370 2200 2413 amorem

609 2454 827 2526 imperii
857 2454 944 2515 sui
970 2471 1096 2510 eum
1129 2453 1333 2510 faceret
1361 2443 1764 2510 successorem;
1790 2449 1990 2522 Sicque
2017 2456 2200 2504 trans-

609 2549 755 2605 latus
804 2547 858 2604 in
890 2549 1114 2604 domum
1163 2547 1486 2613 Pharaonis,
1515 2561 1861 2617 nequaquam
1901 2541 1972 2597 ibi
2006 2541 2202 2612 regali-

609 2642 722 2714 bus,
760 2641 1006 2711 privatus
1051 2647 1138 2708 est
1165 2639 1346 2707 bonis,
1387 2638 1608 2708 impleta
1645 2637 1851 2693 scilicet
1893 2635 1947 2689 in
1996 2650 2060 2689 eo
2111 2633 2198 2687 illa

609 2731 928 2808 prophetica
979 2731 1248 2803 sententia
1295 2749 1307 2784 :
1355 2729 1486 2790 Non
1522 2728 1752 2799 privabit
1804 2727 1954 2780 bonis
1985 2742 2072 2780 eos
2109 2725 2198 2796 qui

611 2808 890 2896 ambulant
914 2823 970 2876 in
996 2822 1295 2897 innocentia
1329 2819 1503 2893 (Psal.
1531 2821 1783 2890 Lxxxrtt).
1827 2817 1897 2874 Ut
1925 2819 2069 2873 enim
2100 2815 2198 2872 Jo-

620 2914 832 2986 scphus
859 2914 1026 2970 refert
1061 2914 1116 2969 in
1141 2913 1297 2970 libris
1324 2911 1748 2984 Antiquitatum,
1785 2911 1837 2966 in
1867 2911 2029 2967 domo
2057 2909 2198 2964 Pha-

611 3007 803 3064 raonis
823 3011 1084 3080 magnum
1117 3007 1349 3062 habebat
1387 3005 1774 3078 principatum,
1805 3005 1980 3077 typice
2008 3003 2198 3059 videli-

610 3108 698 3175 cet
725 3099 876 3156 illum
907 3099 1202 3176 designans
1239 3099 1306 3156 de
1335 3115 1446 3171 quo
1473 3099 1736 3171 prephota
1758 3097 1890 3158 dicit
1910 3096 2193 3169 egregius:

612 3192 816 3248 Factus
847 3193 1277 3280 est‘principatus
1301 3209 1456 3262 super
1477 3191 1750 3246 humerum
1781 3189 1894 3260 ejus
1937 3188 2073 3260 (Isa.
2093 3189 2190 3259 rx).
2223 3216 2268 3280 ε

611 3283 770 3360 Unrle
811 3263 954 3341 licet:
986 3263 1202 3340 Pharao
1246 3283 1461 3357 generis
1495 3283 1642 3338 illius
1690 3282 1870 3357 nobile
1923 3282 2200 3356 ignoraret

610 3385 872 3444 stemma;
910 3392 1009 3448 pro
1047 3378 1221 3450 gratia
1269 3385 1449 3432 tamen
1485 3375 1628 3442 ﬁliae,
1659 3375 1808 3446 regni
1841 3373 1926 3430 sui
1958 3373 2203 3444 impone—

611 3469 705 3526 bat
729 3468 1002 3538 diadema,
1033 3467 1256 3540 impleto
1285 3467 1493 3524 scilicet
1521 3467 1577 3522 in
1609 3467 1790 3537 seipso
1822 3465 1970 3536 quod
2019 3471 2202 3522 sermo

610 3565 844 3630 testatur
869 3559 1214 3634 evangeliens
1241 3578 1254 3613 :
1285 3557 1572 3630 Auferetur
1595 3559 1660 3612 ab
1687 3574 1746 3612 eo
1776 3573 2012 3629 regnum,
2029 3564 2078 3611 et
2098 3557 2202 3612 da-

611 3651 756 3722 bitur
779 3652 924 3725 genti
953 3635 1174 3722 facienti
1224 3652 1432 3722 fructus
1461 3649 1576 3722 ejus
1611 3649 1830 3711 (Matth.
1856 3650 1994 3721 xxr).
2043 3647 2202 3716 Quod

612 3741 780 3818 etiam
840 3743 983 3800 idem
1034 3743 1249 3815 Moyses
1292 3743 1430 3800 bene
1482 3743 1640 3800 nobis
1687 3741 1743 3796 in
1796 3758 1896 3798 sua
1950 3742 2202 3812 protinus

611 3835 827 3891 actione
851 3837 1196 3902 monstravit,
1224 3836 1356 3892 dum
1379 3835 1560 3907 regale
1582 3835 1714 3893 illud
1737 3835 1984 3890 diadema
2009 3833 2065 3888 in
2090 3841 2200 3889 ter-

611 3944 730 3983 ram
757 3927 1073 3998 prejiciens,
1104 3927 1332 3998 pedibus
1359 3927 1722 3994 conculcavit,
1763 3925 2080 3998 signiﬁcans
2120 3923 2202 3978 vi-

609 4019 806 4076 delicet
835 4019 983 4090 quod
1035 4018 1090 4074 in
1119 4019 1259 4075 solio
1287 4019 1491 4074 terreni
1521 4019 1674 4090 regni
1697 4033 2046 4090 nequaquam
2085 4024 2200 4073 ter-

610 4124 746 4184 rene
775 4124 1138 4180 successurus
1167 4117 1314 4164 esset
1341 4107 1574 4175 homini,
1601 4107 1696 4179 qui
1729 4115 2054 4178 accepturus
2084 4114 2202 4162 erat

611 4215 842 4270 regnum
866 4199 1108 4272 decoris,
1127 4207 1186 4273 et
1204 4191 1454 4255 diadema
1479 4199 1676 4270 speciei
1703 4199 1768 4255 de
1816 4215 1982 4256 manu
2013 4197 2200 4252 Domi-

611 4291 688 4362 ni.
717 4289 777 4346 ιιι
806 4306 918 4362 quo
942 4291 1150 4348 scilicet
1186 4290 1330 4348 facto
1377 4307 1606 4364 regnum
1637 4291 1836 4347 diaboli
1872 4291 2202 4362 quandoque

611 4383 1002 4440 destruendum
1043 4399 1165 4440 esse
1209 4384 1476 4456 praevidit,
1524 4384 1654 4440 dum
1699 4399 1984 4451 coronam,
2031 4399 2198 4454 quam

611 4475 827 4534 Pharao
856 4476 1074 4534 sibimet
1104 4478 1385 4550 imposuit,
1426 4478 1656 4550 pedibus
1699 4477 1977 4545 contrivit,
2021 4477 2198 4550 typice

611 4567 861 4626 videlicet
889 4569 1049 4626 nobis
1087 4569 1377 4626 insinuans
1411 4569 1557 4641 quod
1599 4587 1697 4641 per
1733 4571 1990 4625 virtutem
2019 4568 2204 4625 crucis

610 4657 764 4732 illum
795 4673 1010 4735 semper
1037 4669 1388 4720 conteremus
1409 4661 1685 4728 atrociter,
1716 4661 1782 4716 de
1813 4677 1923 4732 quo
1965 4661 2202 4731 Aposto-

611 4747 700 4803 lus
729 4765 741 4801 :
783 4747 945 4816 Deus,
979 4749 1173 4821 inquit,
1203 4759 1433 4824 conteret
1462 4749 1720 4825 Satanam
1745 4751 1840 4811 sub
1873 4751 2088 4806 aedibus
2119 4769 2201 4806 ve-

612 4843 738 4897 stris
769 4841 1014 4916 velociter
1043 4845 1218 4923 (Rom.
1256 4843 1390 4916 xvt).

1199 4959 1428 5016 CAPUT
1467 4959 1587 5014 XIV

615 5070 741 5126 Tres
785 5073 842 5127 hi
893 5074 1013 5138 viri,
1068 5073 1284 5143 Ioseph,
1325 5072 1485 5130 Isaac
1533 5083 1584 5127 et
1643 5073 1866 5143 Moyses.
1911 5072 2198 5133 secundum

683 5145 1014 5212 prophetiam
1041 5161 1223 5215 eorum
1247 5155 1294 5198 et
1324 5144 1509 5215 legem,
1529 5145 1591 5198 de
1618 5145 1867 5213 mysterio
1893 5145 2063 5204 crucis
2088 5143 2201 5208 dis—

682 5229 864 5267 oarem
927 5214 1140 5287 quidem
1191 5214 1508 5293 sermonem,
1558 5232 1620 5268 ac
1671 5231 1850 5270 carem
1906 5215 2200 5268 habuerunt

685 5293 931 5355 mentem.
953 5297 958 5300 '

686 5395 826 5452 Ecce
874 5399 1020 5466 sicut
1059 5415 1154 5470 per
1193 5399 1483 5472 :enigmata
1520 5398 1808 5460 verborum
1839 5399 2203 5470 spiritualium

618 5505 672 5543 .n
699 5491 1082 5560 explanatione
1111 5491 1276 5546 trium
1307 5491 1574 5557 virorum,
1605 5491 1673 5548 de
1709 5507 1819 5548 uno
1851 5495 2210 5551 currebamus

615 5578 686 5634 ad
714 5579 914 5648 alium,
948 5579 1023 5635 ita
1047 5597 1196 5636 nunc
1225 5581 1386 5636 nobis
1413 5597 1715 5652 congruum
1763 5581 1976 5656 videtur
2021 5592 2077 5638 et
2111 5597 2210 5654 op-

617 5681 920 5742 portunum
956 5680 1018 5728 ut
1043 5673 1268 5730 eosdem
1302 5673 1454 5730 viros
1491 5672 1658 5730 simul
1681 5674 1770 5730 hic
1796 5675 2118 5747 colligamus
2153 5674 2210 5730 in

613 5777 808 5818 unum.
869 5762 998 5831 Sed,
1037 5764 1299 5834 quoniam
1353 5764 1516 5821 iidem
1563 5765 1688 5834 viri,
1739 5765 1940 5839 Ioseph
1982 5767 2208 5835 scilicet,

616 5850 770 5915 Isaac
799 5862 853 5912 et
882 5853 1117 5930 Moyses,
1148 5855 1206 5921 in
1240 5856 1417 5913 tribus
1456 5859 1709 5929 personis
1759 5859 1962 5932 figuras
2004 5860 2209 5926 habue-

1540 390 1928 450 BEllENGOSl
1968 385 2260 444 ABBATIS
2300 377 2358 441 S.
2401 381 2652 441 MAXIM!
2690 381 2970 438 TREV’IR.

3719 391 3787 447 9iS

2227 505 2274 565 Λ
2305 509 2435 557 runt
2463 508 2598 567 tres,
2636 498 2773 556 'ideo
2799 479 3256 556 considerandum
3279 505 3365 554 est
3387 499 3534 556 nobis
3555 501 3790 558 oculisam

2295 589 2472 668 bobus
2521 605 2630 662 qua
2659 589 2716 654 in
2761 604 2821 644 re
2851 587 3045 648 tertius
3069 586 3378 660 discrepare
3415 588 3632 648 videatur
3655 607 3678 646 c
3695 593 3790 647 duo-

2298 683 2422 739 bus.
2491 682 2574 738 Ad
2618 680 3024 753 prasdicandum
3072 694 3204 752 ergo
3255 681 3566 737 saeculorum
3611 683 3791 739 omnium

2299 775 2526 850 Regem,
2555 775 2667 830 duo
2693 773 2759 830 de
2800 773 2888 830 his
2913 771 3159 829 obtulere
3182 773 3532 844 prophetiam,
3566 775 3719 830 tertius
3743 777 3795 831 ιε.

2301 883 2454 940 gem,
2491 881 2774 938 quoniam,
2807 865 2952 921 sicut
2976 863 3061 919 lex
3103 878 3202 934 per
3234 861 3452 934 Moysen
3483 862 3596 917 data
3621 871 3711 930 est,
3745 865 3797 921 ita

2299 974 2398 1029 per
2425 956 2626 1029 Joseph
2653 965 2708 1012 et
2733 955 2889 1012 lsaac
2905 955 3191 1028 prophetia
3217 953 3381 1010 nobis
3399 953 3564 1010 oblata
3585 963 3669 1010 est.
3692 953 3797 1014 Unde

2299 1051 2552 1122 quamvis
2575 1049 2685 1105 duo
2715 1049 2782 1104 de
2801 1049 2898 1104 'his
2929 1047 3255 1118 patriarchas
3297 1047 3428 1112 sint,
3457 1055 3508 1101 et
3535 1047 3693 1102 tertius
3712 1065 3800 1119 pro-

2299 1143 2482 1214 pheta,
2509 1143 2592 1196 lex
2622 1149 2802 1196 tamen
2829 1149 2883 1196 et
2913 1139 3196 1210 prophetia
3229 1139 3557 1210 singulorum
3584 1138 3632 1193 in
3653 1151 3798 1211 myste-

2301 1234 2386 1290 rio
2417 1233 2475 1288 S.
2519 1232 2702 1289 crucis
2760 1231 2933 1287 ferme
2979 1231 3194 1286 videtur
3240 1229 3478 1302 impleta,
3521 1229 3714 1299 exceptis
3743 1230 3800 1283 his

2301 1343 2442 1400 quae,
2463 1327 2550 1396 vel
2573 1325 2856 1398 praemium
2888 1323 3047 1379 nobis
3075 1323 3396 1394 pollicentes
3419 1327 3509 1377 aut
3534 1323 3798 1393 supplicium,

2302 1417 2551 1478 futurum
2575 1416 2756 1480 adhuc
2788 1415 2994 1470 habent
3023 1423 3339 1485 exspectare
3355 1413 3623 1484 judicium.
3642 1411 3799 1468 Intuen-

2302 1513 2434 1568 dum
2459 1518 2544 1566 est
2565 1518 2748 1565 autem
2773 1509 2921 1586 quod
2971 1508 3284 1583 ubicunque
3331 1487 3498 1562 D'eum
3528 1505 3801 1583 prmdicavcn

2301 1599 2597 1673 viventem,
2627 1603 2902 1674 disparem
2937 1616 3246 1658 sermonem
3279 1607 3335 1654 et
3365 1614 3542 1669 parem
3574 1597 3803 1652 habuerunt

2303 1704 2562 1764 mentem,
2585 1696 2717 1776 quia
2747 1694 2794 1750 si
2823 1693 2986 1748 verba
3008 1691 3353 1764 singulorum
3386 1690 3602 1745 velimus
3620 1688 3801 1745 conside-

2303 1805 2428 1846 rare
2457 1789 2736 1855 solertius,
2773 1785 3042 1860 quidquid
3069 1801 3215 1840 unus
3250 1793 3305 1840 et
3340 1783 3498 1850 alius,
3526 1783 3620 1837 hoc
3642 1791 3802 1837 testatur

2306 1891 2360 1936 et
2383 1880 2596 1938 tertius.
2625 1881 2857 1952 Dignum
2896 1879 3098 1956 quippe
3126 1876 3230 1932 fuit
3280 1885 3344 1932 ut
3391 1890 3527 1950 quos
3558 1874 3712 1930 radius
3738 1890 3802 1928 su-

2308 1991 2491 2045 pernae
2511 1981 2891 2045 penetraverat
2906 1971 3066 2038 lucis,
3084 1986 3279 2026 omnes
3308 1969 3512 2042 pariter
3533 1967 3803 2037 loquerentur

2305 2082 2375 2121 ex
2407 2065 2671 2138 mysterio
2707 2063 2908 2131 crucis,
2943 2063 2998 2118 in
3047 2077 3158 2134 quo
3204 2077 3306 2133 pro
3329 2054 3664 2116 emundanda
3693 2056 3803 2126 origi-

2305 2159 2450 2215 nalis
2479 2157 2842 2214 immunditiae
2871 2157 3081 2224 cloaca,
3128 2155 3192 2210 de
3225 2154 3394 2208 latere
3433 2151 3693 2207 Salvatoris
3719 2166 3802 2202 saa-

2303 2255 2420 2326 guis
2449 2253 2611 2308 exivit
2635 2260 2685 2308 et
2713 2268 2851 2324 aqua
2891 2249 3074 2322 (Joan.
3105 2247 3244 2310 XIX).
3300 2245 3459 2302 Unde
3483 2243 3720 2301 sciendum
3750 2249 3802 2295 est

2302 2345 2470 2418 quod,
2503 2345 2648 2401 sicut
2673 2343 2949 2399 Abraham
2985 2351 3170 2415 typum
3203 2337 3509 2394 Salvatoris
3543 2352 3596 2392 se
3621 2334 3805 2390 habuisse

2303 2437 2650 2504 monstravit,
2705 2435 2837 2492 dum
2885 2434 2990 2490 sub
3025 2433 3223 2488 arbore
3275 2430 3464 2486 crucis
3509 2439 3608 2484 tres
3645 2425 3745 2480 vidit
3771 2434 3806 2476 rt
3849 2483 3852 2488 _

2236 1859 2278 1914 Β

2304 2546 2474 2600 unum
2502 2529 2779 2595 adoravit,
2801 2527 2881 2584 sic
2903 2534 2956 2582 et
2976 2525 3068 2581 isti
3093 2533 3204 2581 tres
3224 2523 3470 2580 divinam
3494 2521 3807 2585 humanamque

2301 2624 2356 2678 in
2386 2621 2498 2678 Deo
2522 2621 2742 2678 coluere
2764 2629 3041 2694 naturam,
3073 2616 3204 2672 dum
3247 2616 3307 2671 Β.
3339 2611 3607 2670 Trinitatis
3642 2609 3806 2663 formam

2301 2715 2371 2770 ad
2419 2712 2670 2768 eamdem
2734 2711 2980 2768 solebant
3025 2709 3256 2770 adorare
3301 2707 3552 2778 ﬁguram.
3593 2701 3696 2766 Sed,
3725 2699 3807 2752 lim

2300 2821 2492 2862 omnes
2522 2805 2686 2861 unius
2711 2803 2808 2860 Dei
2835 2802 3127 2860 habuerint
3149 2801 3457 2878 culturam,
3492 2796 3546 2852 in
3571 2793 3726 2869 seipsis
3755 2801 3807 2844 ta-

2299 2915 2425 2954 men
2449 2897 2754 2968 simplicem
2791 2895 3033 2950 habuere
3071 2894 3328 2965 figuram,
3361 2892 3489 2947 dum
3532 2889 3704 2948 cultum
3733 2884 3807 2954 pie-

2299 2991 2428 3047 tatis
2441 2999 2495 3046 οι
2511 2999 2698 3062 typum
2715 2988 2808 3043 Dei
2823 2987 3058 3044 viventis
3079 3003 3222 3042 unus
3236 2983 3434 3040 habuit
3454 2978 3807 3038 testimonium-

2299 3085 2463 3149 ceris,
2482 3079 2672 3155 [alius]
2689 3079 2876 3136 arietis
2901 3088 2955 3135 et
2977 3079 3172 3135 tertius
3191 3077 3484 3149 serpentis.
3512 3073 3663 3137 Unde,
3681 3086 3730 3124 ne
3741 3083 3806 3121 mas

2301 3175 2637 3248 {Egyptiacaz
2657 3173 2988 3245 captivitatis
3017 3171 3294 3244 ergastulo
3332 3169 3491 3242 quasi
3525 3183 3633 3224 cum
3667 3159 3806 3230 losrph

2305 3270 2592 3324 videamur
2631 3254 2986 3333 incarcerari,
3033 3265 3175 3320 duos
3223 3265 3368 3321 alios
3411 3263 3582 3328 viros,
3625 3258 3740 3313 lsaac
3772 3261 3807 3306 ιι

2305 3361 2527 3434 Moysen
2553 3361 2819 3416 debemus
2859 3357 3084 3426 imitari,
3116 3367 3177 3412 ut
3209 3365 3407 3414 contra
3447 3351 3685 3410 versutias
3706 3345 3801 3402 anti-

2304 3455 2400 3527 qui
2429 3455 2699 3526 serpentis
2729 3451 2900 3507 armis
2921 3451 3152 3522 justitia:
3193 3451 3267 3508 ita
3321 3466 3452 3506 eum
3491 3448 3567 3503 eis
3605 3454 3806 3500 amemur

2304 3553 2361 3608 in
2389 3560 2592 3620 mente,
2639 3559 2700 3607 ut
2741 3549 3117 3611 fortitudinem
3167 3547 3473 3604 Salvatoris
3513 3543 3740 3615 imitemur
3771 3532 3804 3587 in

2304 3645 2474 3702 ariete
2497 3652 2552 3700 et
2576 3641 2922 3716 prudentiam
2953 3640 3008 3696 in
3041 3648 3314 3712 serpente.-

2909 3753 3138 3814 CAPUT
3175 3751 3292 3809 XV.

2307 3849 2468 3923 Quod
2488 3851 2544 3905 in
2566 3849 2938 3923 ﬁgura‘crucis
2971 3848 3261 3923 Dominica:
3281 3856 3332 3900 et
3351 3861 3478 3923 evan

2377 3917 2545 3976 tribus
2566 3917 2682 3992 illis
2713 3920 2864 3992 viris,
2901 3919 3119 3990 Ioseph,
3147 3917 3305 3992 Isaac
3351 3927 3402 3974 et

2377 3993 2534 4066 trina:
2556 3991 2680 4046 bene
2700 3989 3012 4045 conveniunt
3038 3989 3382 4044 nutritiones.

2375 4104 2471 4162 His
2486 4106 2651 4178 igitur
2669 4105 2744 4162 ita
2767 4103 3154 4172 consideratis,
3178 4099 3572 4173 consideranda
3585 4089 3799 4152 summa:

2301 4208 2358 4256 et
2383 4199 2490 4255 alia
2511 4214 2677 4272 opera
2701 4198 2940 4271 pietatis,
2960 4205 3020 4253 ut
3045 4199 3186 4254 scire
3214 4195 3496 4266 possimus
3516 4188 3630 4262 quid
3648 4186 3800 4241 abnuo-

2301 4308 2521 4365 quoque
2549 4292 2770 4350 illorum
2798 4289 3093 4363 petendum
3112 4288 3344 4360 sitjure,
3371 4286 3564 4358 quibus
3587 4295 3668 4352 pro
3678 4276 3800 4331 direr-

2303 4387 2461 4443 sitate
2481 4386 2691 4459 gratias,
2706 4385 2940 4442 diversae
2969 4383 3134 4440 etiam
3165 4381 3316 4438 fuere
3336 4381 3538 4453 ligone.
3559 4375 3683 4432 Sicut
3703 4365 3798 4424 enim

2302 4476 2510 4548 Joseph
2532 4493 2675 4548 pane
2696 4477 2823 4533 vitae
2851 4486 2906 4531 et
2949 4475 3258 4530 intellectus
3286 4471 3487 4528 meruit
3522 4469 3639 4523 alios
3660 4462 3797 4518 citare.

2235 4568 2280 4628 Ι)
2307 4579 2362 4625 et
2386 4571 2502 4642 ipse
2528 4569 2738 4637 cibari,
2789 4569 2871 4625 sic
2898 4568 3051 4624 Isaac
3085 4576 3140 4622 ct
3177 4565 3395 4638 Moyses
3434 4578 3566 4634 aqua
3603 4550 3799 4628 sapientia-

2305 4678 2556 4718 meruere
2567 4662 2745 4733 potari
2754 4704 2770 4729 ,
2783 4678 2854 4732 qu
2862 4671 3022 4716 atenu
3031 4677 3056 4716 s
3071 4659 3240 4734 gratia
3259 4657 3486 4728 dispari,
3501 4663 3550 4711 et
3562 4645 3798 4734 benevole:-

2305 4753 2380 4810 tia
2393 4754 2508 4824 pari
2526 4730 2711 4824 [alter]
2723 4730 2882 4814 alteri
2899 4730 3092 4805 mutua
3107 4730 3290 4820 posset
3302 4747 3560 4816 charitate
3574 4735 3742 4798 sociari.
3752 4730 3796 4782 lt!

2306 4846 2507 4917 (ΙΠῘΡΡΒ
2536 4845 2681 4900 dona
2709 4861 2768 4908 SC
2800 4845 3006 4916 habent
3029 4841 3316 4914 spiritalia,
3340 4851 3399 4896 ut
3421 4840 3584 4894 virtus
3602 4849 3686 4902 una
3703 4839 3795 4883 scm-

2305 4927 2402 5006 per
2418 4943 2750 5003 sustentetur
2767 4935 2894 5002 alia,
2908 4935 3168 5007 quoniam
3186 4934 3242 4988 in
3259 4933 3546 5006 virtutibus
3559 4919 3794 4998 spiritalium

2306 5026 2552 5082 virorum
2584 5027 2707 5082 talis
2735 5037 2820 5083 est
2845 5027 3000 5094 talio,
3033 5034 3092 5081 ut
3113 5026 3308 5094 virtus,
3351 5041 3471 5097 quae
3513 5037 3609 5076 nou
3641 5014 3795 5072 habetur

2306 5117 2526 5184 inuno,
2588 5119 2855 5174 habeatur
2911 5119 2966 5173 in
3003 5101 3139 5179 alio,
3202 5115 3358 5172 Unde
3409 5117 3593 5171 mirum
3635 5120 3717 5163 non
3745 5105 3794 5150 N

2309 5213 2476 5284 quod,
2506 5213 2649 5270 sicut
2679 5211 2904 5283 Joseph,
2933 5211 3230 5268 secundum
3283 5209 3486 5266 altioris
3525 5191 3794 5287 intelligcnliff

2313 5315 2745 5382 sacramentum,
2777 5321 2846 5360 ex
2885 5305 3084 5360 horreo
3123 5303 3407 5372 charitatis
3453 5294 3662 5372 spiritale
3692 5285 3792 5342 nobis

2311 5398 2448 5454 solet
2471 5413 2699 5470 erogare
2743 5396 3110 5474 frumentum,
3153 5397 3234 5453 sic
3273 5395 3423 5472 Isaac
3466 5401 3518 5450 et
3545 5389 3791 5474 Moysesrw

2311 5491 2550 5546 cundum
2580 5491 2812 5564 gratiam
2839 5471 3136 5567 unicuique
3165 5471 3370 5556 datam,
3399 5483 3612 5554 caelestis

2309 5583 2402 5640 tiae
2430 5563 2596 5657 nobis
2615 5583 2798 5640 daturi
2820 5565 2952 5658 sunt
2979 5598 3202 5654 aquam.
3246 5577 3398 5638 Sicut
3422 5577 3556 5635 enim
3580 5563 3729 5634 losoph
3755 5563 3787 5607 i5

2311 5676 2575 5749 mysterio
2597 5675 2800 5746 crucis,
2813 5691 3011 5748 panem
3035 5674 3191 5730 illum
3207 5675 3367 5731 nobis
3388 5667 3650 5744 ﬁguraliter
3667 5661 3787 5755 οὑξεῖξξ

2312 5735 2412 5837 dit,
2439 5769 2506 5825 de
2528 5784 2640 5840 quo
2665 5735 2873 5826 dictum
2912 5775 2998 5824 est
3022 5787 3034 5824 :
3079 5767 3186 5824 llic
3211 5776 3289 5822 est
3315 5735 3462 5840 panis
3497 5763 3636 5821 rivus,
3657 5744 3722 5820 ςιί
3747 5735 3785 5789 Α(

2313 5861 2440 5918 caelo
2479 5862 2748 5920 descendit
2773 5861 2956 5934 (Joan.
2989 5861 3099 5936 vi);
3132 5861 3210 5920 sic
3248 5859 3396 5920 Isaac
3431 5865 3481 5916 et
3522 5851 3692 5927 Moyses
3719 5841 3786 5889 Μ

3511 3843 3642 3898 etim:
3658 3835 3803 3908 gratia,

3504 3912 3606 3984 oysi
3635 3900 3737 3962 bina
3755 3900 3802 3956 nl
