3960 6316
114 351 250 410 θιθ

1078 349 1166 408 DE
1204 350 1439 409 LAUDE
1478 350 1566 409 ET
1606 348 1743 408 INV.
1786 347 1844 406 S.
1885 347 2158 407 CRUCIS.
2196 380 2267 390 —-
2305 346 2434 403 LIB.
2474 344 2513 402 1.

3317 308 3432 400 ato

121 473 323 532 petrae
371 461 518 519 illius
565 477 706 520 vena
756 460 957 519 debent
1004 471 1197 535 potare
1236 473 1479 535 secreta,
1524 466 1593 523 de
1638 479 1747 537 qua
1774 466 1822 527 Α
1852 462 2050 519 Potum
2075 464 2227 519 dabis
2250 462 2399 519 nobis
2423 464 2480 518 in
2507 460 2759 533 lacrymis
2783 461 2840 519 in
2867 477 3112 518 mensura
3133 450 3435 532 (Ilvid.').Et

118 555 416 627 scriptum
436 563 522 613 est
562 573 577 611 :
626 555 889 611 Bibebant
936 563 1112 611 autem
1156 573 1337 613 omnes
1391 559 1456 613 de
1502 558 1737 631 spiritali

122 656 497 720 consequente
526 665 614 707 eos
644 656 795 719 petra
820 647 881 721 (ἴ
916 647 1039 704 Cor.
1064 648 1144 720 ι).
1183 646 1357 719 Unde,
1385 666 1456 707 ne
1508 666 1610 706 nos
1648 650 1739 706 siti

118 755 441 811 pereamus
462 750 560 797 aut
585 740 752 810 fame,
783 741 1010 813 dignum
1061 750 1147 799 est
1174 750 1236 798 ut
1282 759 1380 814 per
1420 742 1741 816 mysterium

122 832 337 888 crucis
357 833 508 889 verbi
538 833 781 889 caelestis
808 850 948 905 aqua
976 833 1292 891 reﬁciamur
1313 844 1368 891 et
1397 835 1744 908 pane,maxi—

123 940 236 981 me
259 940 391 982 cum
415 924 580 981 iidem
607 935 718 983 tres
742 927 847 982 viri
877 928 1025 983 sitim
1053 929 1359 985 animarum
1386 930 1509 986 inde
1528 930 1744 1002 possint

118 1017 449 1073 emendare
473 1033 571 1088 per
596 1025 794 1085 lotum,
833 1019 881 1075 si
913 1035 1058 1076 unus
1086 1020 1245 1077 nobis
1282 1037 1500 1093 panem,
1542 1032 1596 1078 et
1635 1022 1744 1079 duo

119 1102 397 1165 dederint
422 1117 632 1177 potum.
669 1105 775 1164 Sed
799 1097 1019 1165 int'erim
1047 1110 1206 1167 nobis
1237 1111 1373 1166 nihil
1403 1113 1627 1168 obstare
1660 1113 1744 1168 vi-

122 1194 334 1264 detur,
373 1196 420 1252 si
448 1195 653 1269 Joseph
687 1215 720 1254 a
746 1199 965 1256 duobus
985 1201 1110 1258 aliis
1133 1202 1412 1275 paulisper
1437 1213 1741 1276 separetur,

123 1296 206 1343 ut
232 1289 335 1344 ubi
360 1289 503 1345 ratio
523 1290 741 1346 videtur
763 1294 1062 1351 convenire
1104 1295 1325 1363 rationi,
1362 1296 1542 1351 denuo
1571 1296 1623 1351 in
1664 1298 1747 1371 lo-

126 1394 281 1434 cum
310 1394 469 1435 suum
494 1381 724 1452 pristina
759 1383 953 1439 debeat
992 1385 1232 1442 statione
1256 1387 1468 1457 reponi.
1524 1385 1747 1463 Duobus

125 1471 358 1542 quippe
381 1472 559 1528 modis
587 1473 828 1531 breviter
842 1475 933 1531 hic
954 1477 1221 1534 adnotare
1239 1477 1501 1535 debemus
1516 1479 1751 1557 qualiter

126 1560 258 1635 [in]
283 1562 438 1620 Isaac
464 1573 519 1621 et
545 1565 731 1640 Moyse
762 1585 947 1626 causae
973 1571 1177 1639 causis,
1206 1580 1261 1627 et
1297 1588 1386 1628 res
1414 1574 1746 1630 conveniant

126 1653 339 1721 rebus,
358 1656 594 1713 maxime
608 1674 732 1714 cum
750 1659 895 1733 [per]
913 1660 1221 1718 allluentem
1239 1666 1521 1734 sequentis
1537 1673 1751 1721 senten-

126 1745 240 1802 tia:
267 1748 601 1804 versiculum
626 1750 834 1823 integre
856 1752 924 1808 de
942 1754 1103 1809 nobis
1133 1754 1254 1811 sitis
1285 1755 1515 1812 interna:
1534 1758 1761 1828 possint.

130 1840 478 1927 propulsare
518 1816 846 1912 periculum.
899 1844 1055 1901 Sicut
1094 1847 1240 1901 enim
1284 1847 1435 1927 lsaae
1475 1816 1550 1906 ex.
1582 1861 1745 1922 puteo
1779 1816 1821 1875 Β

130 1926 264 1995 illo,
296 1928 388 1984 cui
410 1945 610 1992 nomen
632 1940 717 1988 est
741 1932 973 1990 viventis
1000 1942 1056 1990 et
1074 1935 1328 2005 videntis,
1354 1926 1413 1991 in
1432 1938 1605 2011 ﬁgura
1632 1938 1747 1996 Sal-

138 2021 367 2076 vatoris
402 2022 631 2095 irrigare
679 2025 845 2081 debet
893 2026 1047 2082 arida
1082 2029 1315 2095 mentis,
1362 2030 1463 2099 sic,
1517 2039 1577 2086 ut
1625 2031 1745 2087 sitis

133 2112 403 2169 oerdium
435 2124 749 2173 nostrorum
784 2119 1166 2193 exstinguatur
1195 2137 1229 2177 a
1276 2121 1480 2195 Moyse,
1515 2124 1570 2177 in
1617 2139 1745 2181 arca

135 2202 411 2261 Ecclesiae
447 2210 645 2278 poculo
691 2211 961 2269 charitate
1016 2213 1277 2270 inebriari
1312 2214 1576 2272 debemus
1617 2232 1742 2273 cum

133 2295 288 2366 Noe,
331 2299 421 2354 ubi
456 2316 553 2370 per
591 2304 912 2375 mysterium
954 2307 1139 2364 erucis
1171 2308 1529 2380 septiformis,
1557 2311 1745 2382 gratiae

137 2386 244 2443 Dei
285 2388 445 2445 nobis
476 2391 777 2449 inundante
822 2395 1047 2464 diluvio,
1089 2414 1291 2469 aquam
1339 2401 1500 2457 nobis
1522 2402 1731 2473 sapien-

146 2480 250 2534 tim.
324 2478 477 2539 Isaac
539 2499 603 2540 ex
668 2488 867 2557 puteo',
919 2497 977 2544 et
1020 2488 1236 2563 Moyses
1283 2492 1632 2549 ministrabat
1676 2510 1742 2549 ex

136 2572 338 2630 ﬂuvio.
846 2588 849 2593 λ

743 2695 976 2753 CAPUT
1011 2698 1152 2756 XVI.

141 2782 871 2871 Qui,secunglmn.triplieem
891 2792 1191 2871 divinitatis
1208 2795 1461 2871 gratiam,
1478 2811 1541 2850 ea:
1561 2798 1744 2867 proxi-

219 2860 622 2937 mieinominatis
658 2861 788 2915 viris
833 2862 1028 2930 tribus,
1074 2860 1487 2920 transnaturus
1529 2860 1741 2937 panem,

218 2926 325 2984 alii
356 2938 533 2985 autem
558 2947 771 3001 aquam.

222 3040 366 3098 Ecce
395 3043 443 3099 si
472 3046 597 3115 quis
625 3046 740 3117 jam
767 3058 983 3119 tempus
1016 3059 1070 3105 et
1098 3049 1290 3105 horam
1318 3051 1451 3106 velit
1490 3051 1746 3107 conside-

1843 556 1967 614 ideo
2005 572 2232 614 necesse
2264 564 2353 613 est
2378 555 2538 613 nobis
2573 563 2635 611 ut
2657 570 2758 627 per
2793 555 3023 628 gratiam
3055 553 3152 611 Dei
3183 552 3438 623 omnipo-

1843 650 2009 707 tentis
2044 650 2334 721 praeceptis
2367 648 2671 705 Dominicis
2715 649 2944 719 implere
2981 647 3302 704 studeamus
3330 646 3435 718 hy-

1842 742 1992 799 drias
2025 743 2260 809 mentis;
2300 743 2374 798 ita
2401 741 2674 809 videlicet,
2694 750 2756 796 ut
2782 756 2881 812 per
2907 740 3178 811 duplicem
3216 738 3355 811 legis
3384 746 3442 793 et

1844 835 2033 907 gratim
2076 851 2363 891 nummum
2433 835 2596 890 bonis
2657 834 2917 905 operibus
2962 834 3291 904 impleamus
3343 846 3439 887 eas

1845 943 2024 999 usque
2061 927 2131 983 ad
2169 943 2470 984 summum.
2525 926 2782 998 Alioquin
2833 926 3216 982 deﬁcientibus
3264 940 3437 981 caereo

1846 1017 2049 1072 muniis
2076 1016 2210 1089 legis
2233 1015 2494 1084 Hebraeae,
2522 1015 2730 1073 frustra
2751 1032 2852 1088 pro
2874 1016 3035 1071 nobis
3055 1017 3256 1086 nuptiw
3280 1016 3440 1085 facta:

1847 1110 2046 1164 suntin
2071 1108 2227 1165 Cana
2263 1107 2506 1165 Galila'a:
2530 1108 2713 1181 (Joan.
2747 1108 2831 1181 ιι),
2854 1108 2961 1164 nisi
2991 1108 3046 1162 in
3075 1106 3318 1164 Ecclesia
3340 1106 3438 1163 Dei

1847 1221 1915 1262 ex
1950 1206 2094 1262 bona
2129 1206 2550 1261 conversatione
2612 1205 2971 1269 credentium,
3019 1203 3266 1274 quotidie
3328 1203 3436 1257 im-

1847 1295 2100 1366 pleantur
2149 1295 2352 1365 nuptize
2397 1294 2882 1350 discumbentium.
2937 1292 3043 1350 Sed
3072 1294 3334 1365 quoniam
3380 1293 3437 1349 in

1849 1386 2112 1460 mysterio
2139 1386 2441 1444 Dominicaz
2469 1386 2747 1458 passionis
2772 1395 2827 1442 et
2850 1386 3030 1443 erucis
3054 1386 3253 1457 duplex
3276 1388 3439 1445 nobis

1850 1480 2024 1552 gratia
2049 1488 2136 1535 est
2183 1480 2331 1546 data,
2386 1488 2447 1534 ut
2487 1479 2541 1533 in
2586 1480 2948 1537 sacramentis
2997 1479 3299 1538 Dominicis
3336 1496 3438 1537 nec

1850 1572 1983 1628 vino
2001 1573 2299 1629 debeamus
2325 1587 2514 1628 carere
2536 1589 2637 1629 nec
2658 1589 2833 1643 aqua,
2863 1572 2985 1628 ideo
3028 1582 3261 1643 utraque
3288 1573 3429 1629 dele-

1851 1666 2019 1721 renda
2059 1673 2190 1722 sunt
2227 1666 2283 1720 in
2315 1665 2641 1736 obsequium
2673 1663 2789 1732 Dei,
2820 1681 2888 1720 ne
2907 1665 2991 1720 vel
3034 1666 3117 1720 [ex
3152 1666 3296 1722 desit
3322 1684 3438 1736 gra—

1856 1759 1962 1826 tiae,
1989 1759 2073 1815 vel
2099 1759 2273 1831 gratia
2306 1758 2432 1829 legi.
2492 1757 2785 1813 Sciendum
2816 1767 2904 1813 est
2949 1757 3149 1829 quippe
3193 1760 3345 1829 quia,
3390 1761 3439 1815 si

1846 1852 1929 1907 vel
1957 1852 2026 1907 ab
2056 1867 2167 1907 uno
2208 1852 2290 1907 vel
2331 1852 2399 1906 ab
2423 1852 2531 1906 alio
2560 1850 3125 1906 vinumsolummodo
3159 1849 3439 1905 deferatur

1847 1941 1903 1997 iu
1931 1944 2264 2000 sacriﬁcium
2287 1943 2688 2014 Redemptoris,
2716 1942 2941 2013 sanguis
2961 1942 3081 2014 ejus
3108 1942 3299 2013 incipit
3316 1958 3439 1998 esse

1847 2036 1967 2093 sine
1985 2037 2165 2092 nobis.
2196 2036 2255 2091 Si
2284 2052 2415 2092 vero
2437 2052 2580 2107 aqua
2604 2036 2720 2092 sola
2746 2036 2829 2091 vel
2853 2036 2947 2090 illo
2974 2034 3320 2092 ministretur
3341 2048 3440 2092 aut

1846 2129 1973 2198 isto,
2006 2132 2122 2187 sola
2148 2131 2301 2202 plebs
2348 2130 2541 2201 incipit
2577 2145 2697 2185 esse
2739 2129 2859 2184 sine
2890 2128 3127 2185 Christo.
3182 2128 3249 2185 Et
3294 2130 3436 2201 idea,

1846 2226 1990 2283 sicut
2018 2226 2074 2281 in
2100 2226 2216 2297 ipsa
2246 2233 2449 2299 saneue
2464 2225 2662 2280 matris
2677 2222 2933 2279 Ecclesiae
2958 2221 3253 2278 didicimus
3276 2225 3439 2279 scho-

1844 2320 1917 2388 la,
1949 2319 2006 2374 in
2048 2318 2381 2375 sacrilicium
2425 2316 2676 2385 Domini,
2733 2331 2834 2373 nec
2872 2315 3060 2371 vinum
3109 2316 3308 2383 solum,
3339 2332 3440 2372 n'c

1844 2429 1987 2485 aqua
2043 2410 2337 2468 deferenda
2362 2410 2500 2479 sola,
2549 2409 2645 2467 sed
2695 2418 2989 2480 utrumque
3039 2408 3223 2480 potius
3274 2408 3439 2463 simul

1845 2505 2162 2573 misceatur,
2195 2512 2256 2559 ut
2284 2517 2352 2559 ex
2378 2510 2615 2573 utroque
2637 2516 2809 2556 unum
2837 2507 3241 2557 sacramentum
3279 2500 3442 2571 spiri-

1843 2598 1939 2653 tali
1971 2597 2405 2653 sanctiﬁcatione
2441 2595 2777 2668 perﬁciatur.
2829 2594 2907 2649 Ad
2948 2594 3054 2649 hoc
3099 2592 3268 2659 enim,
3298 2591 3444 2647 sicut

1845 2690 2114 2746 habemus
2135 2689 2523 2745 extraditionc
2553 2688 2819 2754 ﬁdelium,
2850 2686 2903 2741 in
2930 2684 3185 2742 convivio
3220 2683 3437 2753 nuptia-

1844 2799 1968 2838 rum
1994 2797 2137 2853 aqua
2160 2781 2213 2836 in
2226 2782 2437 2848 vinum,
2454 2789 2508 2835 et
2528 2780 2615 2835 lex
2641 2778 2959 2834 mutabatur
2979 2777 3035 2831 in
3054 2774 3434 2847 Evangelium,

1846 2885 1907 2931 ut
1933 2884 1987 2931 et
2010 2890 2112 2931 nos
2142 2875 2195 2930 in
2228 2874 2391 2930 aliam
2428 2873 2724 2946 imaginem
2764 2872 2841 2927 ita
2877 2866 3446 2926 trausl'ormemurab

1845 2967 2247 3038 Omnipotente,
2293 2976 2375 3034 ut,
2403 2966 2547 3021 sicut
2594 2962 2925 3035 quandoque
2962 2962 3015 3015 in
3066 2974 3321 3030 corpore,
3368 2958 3453 3015 ita.

1847 3075 1997 3114 nunc
2022 3066 2300 3113 mutentur
2321 3057 2377 3111 in
2404 3064 2606 3112 mente.
2632 3053 2741 3110 Sed
2766 3052 3051 3110 sciendum
3079 3059 3163 3107 cst
3183 3051 3333 3121 quod
3359 3051 3453 3105 lex.

148 3151 279 3192 rare
307 3137 586 3207 solertius,
621 3141 826 3208 denuo,
858 3143 1000 3198 sicut
1046 3144 1434 3214 prazmisimus,
1475 3145 1530 3199 in
1560 3145 1743 3201 locum
1773 3172 1815 3230 ε
1848 3151 1903 3207 in
1928 3151 2306 3223 Evangelium,
2337 3158 2392 3205 et
2420 3164 2563 3221 aqua
2603 3162 2872 3205 conversa
2916 3146 2970 3201 in
3019 3145 3231 3209 vinum,
3265 3143 3451 3213 prima

150 3245 318 3285 suum
360 3233 703 3309 revocandus
737 3244 823 3291 est
873 3236 1088 3305 tertius,
1120 3246 1393 3309 quatenus
1438 3238 1493 3293 in
1532 3238 1745 3295 caelesti

152 3320 213 3377 S.
240 3321 525 3381 Trinitatis
554 3308 882 3383 archisterio
916 3308 1279 3387 duobusialiis
1309 3346 1540 3387 numero
1564 3329 1744 3388 socie—

153 3424 245 3469 tur
271 3424 326 3471 et
351 3417 633 3487 mysterio.
668 3417 826 3474 Sicut
872 3419 1019 3475 enim
1071 3418 1274 3491 Joseph
1324 3422 1382 3476 in
1422 3436 1519 3477 ara
1564 3422 1746 3480 crucis

154 3521 351 3577 panem
392 3508 544 3563 illum
600 3510 760 3566 nobis
796 3513 1242 3581 praemonstravit
1285 3513 1343 3568 in
1382 3513 1647 3582 Hebrazis,
1679 3515 1747 3572 de

153 3613 266 3668 quo
289 3600 555 3671 scriptum
576 3611 687 3657 cst:
712 3602 915 3657 Panem
939 3604 1054 3658 ειτιὶ
1065 3604 1211 3659 dedit
1225 3605 1488 3678 eis(Psal.
1514 3609 1744 3681 Lxxvn),

157 3687 238 3743 sic
265 3686 421 3745 Isaac
459 3699 515 3746 et
541 3690 758 3764 Moyses
782 3694 1038 3763 qumdam
1077 3696 1314 3752 caelestis
1354 3697 1634 3769 sapientiae
1661 3714 1748 3756 se-

156 3789 302 3835 creta
335 3781 568 3852 geminae
608 3783 923 3841 dilectionis
967 3786 1096 3842 bina
1151 3788 1312 3846 nobis
1346 3789 1546 3848 debent
1583 3791 1749 3848 mini-

156 3882 332 3928 strare
369 3883 619 3931 metreta.
665 3876 804 3933 Cum
826 3878 974 3934 enim
1005 3888 1219 3937 metron
1248 3881 1456 3953 Graace,
1484 3901 1748 3944 mensura

157 3964 377 4021 dicatur
420 3966 631 4036 Latine,
666 3969 812 4026 binae
851 3980 1097 4030 metrette
1134 3977 1454 4033 eorumdem
1499 3980 1748 4035 virorum

161 4057 299 4113 bene
316 4075 626 4122 convenere
643 4063 929 4130 doctrinae,
943 4067 1205 4136 quoniam
1230 4068 1374 4124 binis
1396 4071 1640 4127 metretis
1656 4080 1752 4127 aut

165 4152 336 4208 ternis
373 4153 595 4225 hydrias
626 4156 746 4212 illas
792 4156 1085 4227 implevere
1134 4175 1421 4231 supernas,
1445 4162 1513 4219 de
1550 4164 1751 4235 quibus

165 4244 425 4314 scriptum
456 4256 579 4303 est:
617 4246 895 4319 Cupientes
934 4251 1160 4323 singulae
1199 4261 1445 4309 metretas
1483 4255 1634 4310 binas
1672 4256 1763 4312 vel

167 4344 338 4391 ternas
380 4336 561 4409 (Joan.
593 4341 701 4423 n).’
726 4340 1020 4398 Sciendum
1043 4352 1128 4399 est
1168 4345 1369 4416 quippe
1407 4347 1574 4417 quod,
1610 4349 1755 4406 sicut

165 4429 310 4486 binis
350 4433 836 4505 metretisgemina
885 4436 1105 4491 dilectio
1150 4438 1429 4509 signatur,
1467 4441 1752 4499 sicternis

1847 3244 2044 3302 deferri
2062 3241 2267 3317 [debet]
2286 3242 2353 3298 ad
2370 3241 2826 3307 architriclinum,
2845 3238 3105 3311 quoniam
3126 3236 3179 3291 in
3199 3235 3454 3292 Ecclesia

1848 3335 1966 3404 Dei,
1996 3350 2120 3406 quae
2139 3333 2196 3389 in
2221 3334 2399 3389 tribus
2419 3332 2706 3389 ordinibus
2723 3331 2919 3403 triplex
2939 3330 3099 3385 habet
3118 3326 3439 3391 triclinium,

1848 3430 1905 3485 in
1946 3428 2120 3501 ligura
2146 3428 2435 3483 doctorum
2460 3424 2761 3497 principale
2786 3425 3001 3481 videtur
3035 3424 3238 3479 habere
3264 3423 3445 3477 domi-

1847 3521 2021 3575 nium.
2055 3520 2195 3575 Cum
2227 3519 2374 3575 enim
2424 3518 2623 3573 archos
2671 3516 2879 3585 Graece,
2924 3515 3180 3586 princeps
3227 3513 3446 3569 dicatur

1849 3613 2062 3681 Latine,
2084 3612 2402 3685 pastoribus
2444 3609 2818 3666 Ecclesiarum
2850 3623 3051 3664 nomen
3103 3605 3249 3663 istud
3302 3606 3445 3661 bene

1851 3704 2069 3761 videtur
2094 3702 2410 3770 convenire,
2440 3702 2589 3773 quia.
2601 3715 2769 3771 super
2801 3706 2913 3754 tres
2940 3696 3272 3769 principales
3296 3695 3447 3752 ordi-

1849 3813 1950 3853 nes
1988 3796 2317 3870 dignitatum
2361 3795 2415 3850 in
2444 3793 2689 3850 triclinio
2724 3790 2986 3847 Ecclesia:
3024 3789 3202 3845 solent
3244 3788 3448 3844 habere
3548 3786 3555 3791 ’

1849 3890 2238 3962 principatum.
2264 3886 2418 3943 Unde
2441 3886 2571 3958 quia
2593 3893 2725 3941 tunc
2753 3882 3074 3956 spiritaliter
3102 3897 3167 3937 ex
3194 3896 3336 3951 aqua
3367 3881 3447 3934 vi-

1853 3999 1986 4039 num
2009 3982 2349 4048 estfactum,
2377 3979 2598 4051 quando
2632 3977 2952 4051 mysterium
2984 3974 3281 4029 Dominica:
3314 3986 3448 4043 pas-

1853 4075 2027 4132 sionis
2075 4084 2130 4132 et
2169 4074 2352 4133 crucis
2382 4073 2672 4131 videbatur
2703 4086 2825 4127 esse
2868 4077 3173 4141 peractum,
3213 4066 3444 4137 dignum

1854 4166 2039 4222 fuitut
2053 4167 2249 4238 gratia,
2265 4181 2389 4237 qua:
2403 4165 2557 4237 prius
2584 4164 2639 4218 in
2656 4179 2800 4235 aqua
2824 4161 3028 4217 latebat
3050 4176 3083 4215 a
3106 4156 3218 4232 [ac]
3234 4156 3388 4225 vino,
3412 4171 3447 4210 a

1854 4261 1985 4316 ﬁliis
2012 4259 2273 4317 Ecclesiae
2298 4260 2539 4331 primum
2571 4255 2772 4314 deferri
2801 4255 3023 4311 deberet
3048 4249 3464 4329 architriclino.‘

1854 4350 2117 4421 Alioquin
2148 4351 2204 4405 in
2231 4350 2424 4405 eodem
2447 4350 2578 4405 vino
2603 4356 2825 4417 etaqua
2851 4344 3058 4401 frustra
3098 4342 3258 4399 nobis
3300 4348 3449 4397 esset

1856 4443 2055 4514 duplex
2086 4442 2259 4514 gratia
2294 4450 2530 4507 servata,
2558 4439 2665 4496 nisi
2692 4439 2880 4493 vinum
2904 4435 3037 4491 illud
3061 4451 3130 4489 ex
3160 4449 3304 4504 aqua
3347 4446 3450 4487 no-

167 4524 412 4579 metretis
442 4523 577 4581 ﬁdes
602 4524 660 4581 S.
695 4525 979 4585 Trinitatis
1004 4530 1182 4601 typice
1208 4540 1566 4588 monstratur.
1606 4532 1753 4590 Prte-
1779 4523 1831 4583 Ῐ)
1857 4536 1942 4592 bis
1967 4536 2096 4601 huc,
2125 4543 2180 4590 et
2200 4534 2305 4589 sibi
2330 4530 2800 4595 deferreturillue,
2816 4528 2884 4583 de
2907 4541 3018 4597 quo
3041 4525 3305 4595 scriptum
3330 4532 3446 4580 est:

168 4625 313 4672 terea
342 4630 492 4684 vero,
531 4618 676 4674 sicut
692 4635 758 4675 ex
806 4620 1085 4678 interioris
1126 4623 1377 4680 medullae
1418 4625 1755 4695 perspicacia

166 4709 310 4766 binis
340 4711 587 4767 metretis
618 4712 704 4768 lex
727 4712 993 4785 ﬁguratur
1024 4722 1079 4770 et
1104 4716 1277 4787 gratia
1296 4759 1311 4785 ,
1337 4717 1418 4773 sic
1447 4718 1619 4774 ternis
1639 4735 1756 4776 me-

167 4803 320 4860 tretis
350 4803 544 4875 triplex
578 4805 829 4877 signatur
870 4807 1007 4863 ordo
1046 4808 1405 4874 credentium,
1438 4811 1758 4883 conjugato-

169 4910 290 4952 rum
317 4896 546 4964 scilicet,
580 4898 855 4970 virginum
879 4906 935 4954 et
962 4900 1381 4956 continentium.
1416 4900 1590 4970 Unde,
1617 4920 1758 4975 quo-

168 4989 316 5045 niam
347 4990 403 5045 in
433 4991 650 5047 duobus
691 4991 967 5050 mandatis
994 5001 1057 5049 et
1082 4992 1188 5049 ﬁde
1218 4992 1501 5051 Trinitatis
1531 5003 1645 5052 tota
1671 4996 1757 5053 lex

170 5081 355 5152 pendet
383 5090 434 5136 et
467 5081 739 5153 prophetat
760 5082 980 5154 (Matth.
1004 5082 1168 5154 xm),
1199 5098 1312 5140 non
1342 5085 1642 5158 incongrue
1664 5089 1759 5144 tri.

172 5170 276 5226 bus
320 5169 408 5227 his
460 5171 598 5227 viris
634 5171 780 5228 binae
828 5172 911 5228 vel
947 5181 1116 5229 terna)
1148 5187 1451 5231 convenere
1495 5185 1756 5248 metretas,

172 5262 298 5335 quia
342 5262 585 5319 omlestis
631 5264 891 5320 alimonia
939 5265 1185 5335 quotidie
1207 5265 1278 5322 ab
1317 5267 1398 5323 eis
1443 5268 1621 5325 tribus
1671 5270 1761 5348 his

175 5354 516 5409 ministratur
543 5354 853 5423 ordinibus,
907 5356 1219 5428 cpnjugatis
1264 5358 1536 5429 videlicet,
1579 5364 1773 5418 conti-'

174 5446 429 5504 nentibus
448 5454 505 5503 et
532 5447 859 5519 virginibus.
894 5446 1050 5504 Sicut
1074 5450 1220 5504 enim
1257 5449 1459 5523 Joseph
1496 5468 1593 5523 per
1636 5471 1757 5527 my-

174 5538 396 5597 sterium
423 5537 629 5608 crucis,
660 5555 802 5611 pane
831 5539 926 5595 illo
955 5540 1100 5596 vires
1135 5541 1310 5596 reﬁcit
1332 5543 1665 5614 animarum,
1690 5548 1759 5603 de

175 5647 284 5705 quo
303 5632 508 5691 dictum
530 5642 616 5691 est
640 5652 656 5690 :
692 5632 908 5690 Cibabis
933 5649 1026 5689 nos
1042 5651 1178 5705 pane
1203 5634 1564 5707 lacrymarnm
1578 5638 1754 5710 (Psal.

178 5729 393 5795 tum);
424 5725 508 5782 sic
534 5724 689 5782 Isaac
708 5734 764 5780 et
801 5723 1016 5798 Moyses
1055 5725 1220 5782 corda
1264 5735 1450 5795 nostra
1491 5738 1652 5801 potus
1691 5731 1757 5786 il-

180 5818 280 5875 lius
311 5818 486 5875 solent
538 5818 810 5876 inebriare
848 5817 1041 5891 ﬁgura,
1080 5818 1148 5875 de
1179 5834 1290 5892 quo
1324 5818 1600 5891 Scriptum
1632 5832 1713 5881 est
1741 5842 1753 5881 :

1862 4628 1941 4684 Tu
1962 4638 2141 4683 autem
2151 4627 2373 4683 servasti
2397 4626 2588 4680 bonum
2603 4623 2781 4677 vinum
2804 4635 2967 4691 usque
2976 4617 3150 4672 adhuc
3161 4614 3346 4689 (Joan.
3362 4616 3446 4686 ιι).

1859 4720 1991 4777 Tale
2014 4720 2217 4793 quippe
2242 4719 2431 4775 vinum
2478 4732 2589 4772 non
2638 4713 2806 4771 coriis
2847 4710 3128 4784 putribus,
3164 4709 3260 4765 sed
3291 4709 3452 4764 novis

1858 4814 2044 4885 potius
2066 4812 2295 4868 debetur
2323 4812 2381 4866 in
2411 4808 2658 4874 utribus;
2685 4805 2950 4878 quoniam
2974 4802 3113 4859 bene
3134 4801 3241 4858 sibi
3258 4816 3454 4857 cavere

1860 4906 2021 4963 debet
2048 4904 2229 4961 omnis
2259 4903 2499 4959 ﬁdelium
2539 4908 2737 4966 emtas,
2778 4913 2848 4954 ne
2875 4898 2931 4953 in
2957 4910 3133 4952 novos
3181 4902 3335 4951 utres
3378 4892 3455 4946 vi-

1859 5015 1994 5055 num
2016 4998 2183 5055 faciat
2204 5007 2378 5054 vetus.
2415 4995 2560 5064 Quid
2587 5002 2767 5051 autem
2793 5010 2891 5066 per
2926 5007 3101 5049 novos
3138 4997 3311 5056 utres,
3344 4985 3454 5041 nisi

1861 5092 1989 5146 novi
2018 5090 2305 5161 signantur
2340 5089 2618 5156 homines,
2646 5087 2695 5143 si
2718 5095 2900 5142 tamen
2931 5081 3176 5140 innovati
3196 5095 3295 5150 per
3323 5093 3453 5149 gra-

1861 5185 1991 5239 tiam
2024 5183 2120 5248 Dei
2142 5182 2556 5253 omnipotentis,
2594 5197 2706 5237 non
2731 5181 3030 5238 novitatem
3052 5172 3322 5242 corporis,
3353 5168 3466 5225 sed.

1864 5277 2161 5332 novitatem
2191 5275 2432 5339 habeant
2475 5273 2711 5330 mentis?
2758 5271 2862 5337 Qui
2892 5270 3036 5324 enim
3077 5273 3463 5338 pertmortem.

1864 5372 2047 5424 crucis
2095 5367 2226 5423 olim
2272 5376 2529 5423 mortuos
2568 5365 2933 5423 suscitaverat
2977 5371 3184 5430 putres,
3230 5359 3349 5429 ipse
3381 5356 3453 5411 ad

1862 5459 2247 5529 excipiendum
2277 5459 2600 5531 sanguinem
2630 5470 2793 5512 suum
2824 5466 2997 5507 novos
3029 5464 3260 5521 semper,
3279 5448 3465 5519 exigit

1863 5560 2036 5619 utres,
2064 5552 2160 5622 qui
2190 5552 2259 5607 ad
2288 5552 2539 5608 eamdem
2574 5547 2809 5604 formam
2844 5545 2903 5599 in
2926 5557 3131 5597 novum
3168 5540 3473 5597 nominent

1857 5650 2190 5698 renoventur
2219 5658 2250 5698 a
2280 5643 2469 5705 veteri,
2492 5656 2590 5711 per
2614 5653 2785 5709 quam
2806 5634 3051 5692 innovati
3083 5630 3452 5698 suntPetrus,

1860 5731 2063 5788 Paulus
2093 5742 2148 5788 et
2182 5731 2382 5788 caueri.
2423 5729 2592 5795 Unde,
2624 5744 2693 5784 ne
2723 5735 2873 5783 utres
2922 5724 3172 5781 cordium
3228 5730 3452 5778 nostro-

1860 5841 1986 5881 rum
2021 5825 2235 5881 utribus
2286 5823 2395 5879 illis
2449 5822 2698 5892 dispares
2731 5820 3095 5888 inveniantur,
3142 5820 3209 5876 dc
3253 5814 3454 5890 quibit!
