3960 6316
564 322 670 382 $51

1490 315 1879 389 BERENGOSI
1916 309 2213 379 ABBATIS,
2251 309 2312 378 s.
2350 309 2605 400 ιιΑΧιιίι
2642 311 2922 393 meum
2988 374 2995 382 ,

3694 320 3772 378 932

569 439 784 496 Veritas
811 448 826 495 ξ
876 438 1091 509 Vinum,
1114 437 1312 508 inquit,
1337 452 1523 491 novum
1554 436 1609 503 iu
1652 444 1802 490 utres
1837 424 2136 486 novos'mit-
2178 428 2228 499 Α
2258 434 2349 480 tur
2379 442 2491 482 esse
2522 427 2798 500 ﬁrmatum
2822 426 2978 501 (Luc.
3015 428 3149 501 xvi),
3179 440 3238 487 ut
3268 447 3441 503 neque
3471 436 3640 503 nosad
3665 438 3774 511 iliis,

568 540 711 601 tant,
740 540 794 587 et
817 532 970 587 ambo
997 539 1377 592 romercantur
1417 527 1635 601 (Matth.
1665 527 1743 596 ix)
1779 545 1801 593 :_
1821 539 2042 581 necesse
2069 530 2154 579 est

566 636 628 681 ut
654 640 722 681 ex
744 624 943 695 pruina
969 624 1211 681 caelestis
1231 622 1441 695 gratia,
1470 637 1596 678 cum
1622 629 1743 679 utre
1762 619 1859 699 illo
1895 616 2151 685 vitiorum

562 726 883 775 nostrorum
915 716 1213 790 frigescant
1234 706 1510 780 intestina,
1525 714 1591 769 de
1616 727 1727 783 quo
1746 709 2007 780 scriptum
2028 715 2113 763 est
2137 727 2148 760 :

567 809 769 867 Factus
780 827 899 866 sum
909 811 1046 867 sicut
1061 819 1175 865 uter
1186 811 1239 864 in
1250 804 1621 880 pruina(Psal.
1634 801 1987 875 cxvtu).Quia
2005 800 2149 879 enim

569 918 728 959 acino
753 910 935 974 potest
958 902 1232 958 internum
1257 900 1459 979 habere
1484 899 1759 963 decorem,
1788 894 1896 950 nisi
1922 893 1979 949 in
2001 892 2151 950 vitiis

560 994 765 1050 habeat
798 980 975 1066 frigus
996 1003 1050 1050 ct
1078 993 1134 1048 in
1173 992 1373 1048 virtute
1399 990 1675 1073 calorem;
1718 987 1943 1059 dignum
1978 992 2063 1042 est
2092 994 2153 1068 ut

532 1089 945 1160 uumsquisque
991 1096 1243 1149 nostrum
1284 1085 1541 1143 eumdem
1592 1081 1796 1147 divina
1835 1079 2149 1157 dilectionis

561 1182 802 1239 calorem
831 1181 1035 1243 habeat,
1061 1180 1115 1236 in
1147 1196 1227 1248 se,
1255 1180 1323 1235 de
1347 1193 1467 1249 quo
1504 1176 1710 1232 dictum
1744 1181 1828 1230 est
1857 1193 1878 1240 :1
1921 1170 2149 1229 Concal-

561 1275 702 1331 cavit
728 1291 819 1330 cor
865 1291 1049 1351 meam‘
1070 1274 1223 1335 intra
1258 1289 1347 1347 me.
1380 1269 1556 1343 (Psal.
1602 1266 1856 1339 xxxvut).
1889 1262 2146 1336 Alioquin

560 1366 697 1433 illud
725 1366 782 1422 in
805 1365 1049 1422 Canticis
1068 1366 1307 1437 clamare
1352 1372 1462 1435 non
1498 1362 1743 1444 valemus
1784 1358 2143 1414 ﬁducialiter:

563 1458 753 1531 Surge,
793 1446 1011 1531 Aquilo,
1033 1469 1081 1514 et
1106 1460 1241 1527 ueni,
1267 1456 1463 1512 Auster
1490 1457 1671 1528 (Cant.
1703 1455 1798 1527 ιν),
1843 1454 1949 1511 nisi
1980 1453 2148 1525 totius

559 1545 978 1626 malitiafrigus
1003 1547 1085 1607 Sic
1119 1539 1348 1606 interna
1377 1542 1726 1620 cogitationis
1749 1546 2073 1613 excludatur
2113 1561 2145 1600 a

558 1628 821 1713 claustro,
871 1652 935 1713 ut
964 1644 1139 1714 ianua,
1178 1642 1363 1719 cordis
1406 1641 1593 1698 clausa
1644 1640 1715 1697 sit
1752 1638 2033 1710 Aquiloni,
2091 1646 2146 1701 et

557 1744 743 1806 aperta
770 1735 841 1791 sit
869 1733 1092 1811 Austro.
1142 1722 1508 1805 Quapropter,
1542 1720 1672 1803 quia
1707 1732 1909 1789 divinis
1932 1747 2142 1804 nequa-

556 1844 722 1899 quam
759 1828 972 1899 placere
998 1815 1249 1899 valemus"
1267 1827 1571 1894 obtutibus,
1610 1826 1715 1883 nisi
1745 1824 1918 1898 frigus
1947 1825 2001 1880 in
2054 1824 2139 1881 vi-

554 1921 659 1989 tiis,
684 1930 739 1977 et
761 1921 1009 1991 calorem
1026 1921 1328 1982 habeamus
1355 1920 1413 1975 in
1438 1919 1733 1975 virtutibus
1753 1961 1767 1987 ,
1796 1933 2022 1997 necesse
2056 1926 2150 1978 est.

557 2023 619 2073 ut
668 2014 737 2073 ad
764 2013 1121 2071 celebrandas
1149 2014 1370 2085 nuptias
1410 2011 1506 2068 Dei
1546 2011 1941 2082 omnipotentis
1979 2010 2141 2068 bonis

554 2092 806 2175 moribus
831 2115 885 2163 ct
908 2106 1096 2178 probis
1125 2105 1340 2163 actibus
1386 2103 1712 2179 impleamus
1738 2102 1960 2175 hydrias
1987 2117 2143 2159 men-

553 2200 648 2267 tis,
680 2209 742 2256 ut
763 2200 819 2255 in
842 2200 1110 2272 mysterio
1135 2199 1322 2263 crucis.
1341 2198 1504 2271 digne
1526 2184 1750 2276 haurire
1775 2198 2052 2269 possimus
2074 2198 2151 2254 de

552 2292 648 2365 illo
684 2288 947 2364 spiritalis
989 2292 1193 2357 latitia
1231 2291 1382 2359 vino,
1428 2291 1495 2346 de
1523 2304 1635 2361 quo
1687 2289 1953 2373 scriptum
2001 2298 2088 2348 est
2124 2308 2138 2345 :

554 2380 964 2459 Haurite-mmc,
987 2392 1037 2437 et
1062 2383 1194 2453 ferte
1218 2378 1587 2447 architriciino
1612 2377 1795 2449 (Joan.
1822 2380 1907 2453 tt),
2093 2377 2096 2380 ’

623 2470 763 2540 Quia
789 2472 955 2544 igitur
997 2472 1131 2535 satis
1164 2487 1436 2544 superque
1460 2473 1575 2541 jam
1614 2470 1848 2540 impleta
1875 2480 2014 2531 sunt
2035 2487 2140 2526 nu-

555 2563 685 2636 ptia
725 2564 1212 2633 discumbentium,
1244 2564 1373 2620 dum
1416 2564 1472 2620 in
1517 2562 1768 2621 convivio
1812 2548 2141 2634 spiritalium

546 2644 843 2736 verborum
872 2656 1218 2736 implevimus
1247 2657 1471 2729 hydrias
1501 2656 1789 2724 mentium,
1813 2664 2030 2728 tempus
2018 2667 2146 2736 Aget

548 2732 633 2829 ut,
662 2752 731 2809 ad
754 2733 1079 2823 repetendas
1088 2746 1206 2823 jam
1232 2751 1433 2823 prioris
1463 2743 1746 2817 sententia
1766 2734 2144 2822 metretasTde

547 2836 755 2925 nuptiis
775 2851 832 2899 et
855 2836 1067 2919 hydriis
1103 2844 1171 2903 ad
1205 2844 1549 2917 patriarchas
1573 2855 1914 2904 revertamur
1937 2856 1994 2903 et
2017 2863 2145 2918 pro-

545 2935 758 3017 phetas.
785 2933 1245 3008 Dignumyquippe
1268 2946 1358 3003 est
1393 2945 1456 2993 ut
1478 2937 1641 3008 sicut,
1685 2954 1782 3010 per
1800 2939 1999 3009 divina
2022 2940 2141 3013 pie-

546 3027 679 3084 tatis
701 3026 1018 3108 eﬁicaeiam,
1049 3026 1326 3100 paulisper
1355 3046 1386 3086 a
1408 3030 1526 3102 lege
1545 3027 1893 3091 vertebamur
1920 3033 1986 3089 ad
2017 3047 2139 3105 gra-

2257 534 2360 605 nec
2396 518 2473 605 illi
2503 517 2570 575 ad
2605 534 2709 595 nos
2735 521 2907 584 velint
2935 521 3137 581 habere
3181 533 3439 580 meatum.
3473 524 3774 602 Quam,

2256 623 2324 683 ne
2365 623 2491 672 cum
2532 609 2739 667 eisdem
2774 608 2980 682 Iudais
3026 609 3229 669 famem
3280 612 3543 684 patiamur
3575 627 3626 673 ιιι
3659 635 3775 683 ma

2256 699 2431 772 (Psat.
2468 701 2647 781 LVIII),
2674 701 2731 757 in
2756 702 3020 774 mysterio
3050 704 3233 761 crucis
3255 720 3287 759 a
3319 720 3446 761 vero
3468 703 3651 780 Ioseph
3671 726 3775 782 qm-

2256 793 2386 855 tidie
2416 794 2576 851 nobis
2611 794 2885 867 spiritales
2909 795 3191 867 quaerendi
3223 806 3353 853 sunt
3383 812 3567 869 panes,
3596 813 3649 863 ut
3674 804 3773 863 sic:

2253 886 2343 941 ille
2367 902 2494 943 cum
2528 886 2769 943 medulla
2803 888 2995 958 tritici,
3034 889 3121 946 vel
3163 906 3290 945 cum
3324 877 3781 961 panibus'occsrrit

2254 977 2511 1050 fugienti,
2543 978 2626 1034 sic
2647 976 2801 1035 Isaac
2821 987 2878 1035 et
2904 978 3121 1052 Moyses
3146 995 3345 1051 aquam
3379 981 3610 1039 calestis
3627 984 3781 1056 eloquii

2252 1069 2547 1125 sitibunda
2575 1068 2826 1126 deferant
2852 1072 3045 1127 menti.
3079 1071 3375 1128 Sciendum
3397 1082 3484 1129 est
3501 1074 3635 1129 eui
3654 1078 3775 1148 quod,

2254 1162 2397 1228 sicut
2410 1178 2573 1245 verus
2586 1161 2791 1235 Ioseph
2813 1164 3093 1237 quondam
3110 1176 3251 1236 pane
3273 1165 3369 1221 illo
3384 1165 3681 1236 spiritaliter
3690 1184 3781 1236 nos,

2250 1262 2304 1311 et
2325 1244 2619 1312 carnaliter
2638 1256 2790 1326 pavit
2812 1254 3091 1325 Hebraos,
3115 1257 3184 1314 de
3206 1271 3319 1328 quo
3338 1258 3599 1329 propheta
3619 1258 3779 1316 David:

2250 1344 2403 1420 Pana
2433 1345 2655 1418 (inquit)
2681 1345 2799 1401 cali
2833 1347 3098 1412 saturavit
3145 1362 3232 1401 eos
3261 1344 3441 1418 (Psal.
3468 1347 3601 1418 etv);
3624 1349 3693 1407 sic
3716 1367 3783 1406 ve-

2249 1452 2347 1493 rus
2372 1435 2527 1503 Isaae
2554 1445 2608 1493 et
2632 1452 2799 1513 verus
2829 1424 3061 1516 Moyses
3080 1426 3225 1510 aqua
3265 1438 3359 1495 illa
3385 1426 3590 1496 calesti
3617 1442 3785 1511 spirita-

2248 1530 2372 1591 liter
2399 1545 2502 1586 nos
2534 1538 2589 1585 et
2624 1530 2926 1601 ﬁguraliter
2946 1540 3202 1607 potavere
3224 1530 3471 1607 Indicos,
3490 1530 3555 1588 de
3574 1549 3670 1605 qua
3686 1537 3784 1590 scri-

2247 1629 2400 1693 ptum
2428 1630 2512 1678 est
2541 1641 2554 1677 :
2583 1621 2737 1694 Aqua
2766 1623 3048 1694 sapientia:
3074 1612 3394 1704 potaviter
3422 1621 3609 1703 (Εςειί.
3630 1626 3721 1695 ιτ).
3739 1624 3785 1683 Et

2237 1715 2370 1790 ideo
2411 1731 2635 1773 necesse
2678 1724 2764 1773 est
2803 1717 2965 1775 nobis
3004 1726 3086 1784 ut,
3128 1717 3272 1773 sicut
3304 1733 3477 1773 verus
3520 1714 3781 1789 Iosephper

2176 1784 2223 1871 εξ
2239 1784 2568 1879 mysterium
2595 1809 2779 1878 erucis
2809 1823 3012 1879 manna
3056 1808 3188 1885 illud
3220 1807 3450 1865 caleste
3487 1784 3787 1879 quotidiedat

2247 1899 2432 1967 nobis,
2470 1900 2602 1973 ﬁdei,
2623 1900 2882 1957 dentibus
2923 1887 3335 1969 ruminandum,
3363 1899 3437 1957 de
3461 1916 3571 1972 quo
3595 1899 3785 1957 Pssimo-

2242 1994 2525 2065 graphus:
2569 1992 2726 2053 Pluit
2776 1993 3001 2066 (inquit)
3049 2011 3248 2048 manna
3294 1992 3368 2048 ad
3414 1994 3784 2048 manducandum

2243 2084 2418 2159 (Psal.
2445 2083 2680 2157 Lxxvn);
2710 2084 2792 2141 sic
2823 2101 2988 2147 verus
3013 2085 3167 2142 Isaac
3186 2096 3240 2142 et
3261 2101 3435 2142 verus
3458 2084 3659 2159 Moyses
3678 2085 3786 2141 sitim

2243 2175 2392 2231 illam
2421 2174 2731 2231 animarum
2754 2175 2917 2232 nobis
2936 2175 3172 2232 debeant
3191 2175 3499 2232 emendare
3516 2175 3715 2242 viritim,
3739 2173 3786 2228 de

2243 2284 2353 2340 qua
2399 2269 2663 2340 scriptum
2711 2276 2833 2325 est:
2865 2268 3057 2324 Posuit
3099 2269 3324 2339 ﬂumina
3357 2270 3422 2324 in
3467 2269 3724 2335 desertam,
3752 2276 3786 2321 rt

2241 2362 2417 2441 exitus
2465 2370 2728 2434 aquarum
2767 2363 2824 2441 in
2856 2363 3005 2417 sitim
3044 2359 3222 2434 (Psal.
3259 2360 3396 2432 cvt).
3448 2360 3635 2433 Adhuc
3666 2358 3786 2423 etiam

2243 2438 2617 2522 necessarium
2648 2464 2752 2512 'est
2792 2438 2883 2522 tut,
2934 2444 3089 2510 sicut
3129 2468 3297 2510 verus
3324 2450 3537 2524 Ioseph
3584 2448 3789 2524 mysterio

2244 2548 2484 2605 caelestis
2511 2548 2838 2606 sacramenti
2862 2549 2917 2604 in
2948 2531 3152 2604 horreo
3179 2544 3449 2603 Ecclesia:
3493 2544 3715 2616 quotidie
3733 2543 3788 2598 ci-

2243 2642 2376 2699 bare
2406 2659 2507 2700 nos
2529 2644 2669 2701 solet
2693 2659 2761 2700 ex
2804 2643 2963 2715 adipe
2985 2641 3267 2709 frumenti,
3306 2641 3396 2698 sic
3423 2641 3552 2697 bina
3575 2640 3652 2696 vel
3675 2647 3788 2694 terna

2200 2756 2203 2759 ‘
2244 2737 2508 2808 spiritalis
2532 2736 2904 2809 intelligentia
2929 2744 3158 2792 metreta
3183 2744 3380 2807 potare
3414 2749 3519 2790 uos
3545 2733 3661 2788 velit
3678 2730 3790 2786 Isaac

2243 2829 2310 2886 de
2346 2831 2529 2902 puteis
2570 2837 2628 2886 et
2655 2828 2871 2902 Moyses
2899 2829 2966 2885 de
2993 2835 3166 2899 petra.
3208 2825 3423 2882 Taliter
3461 2824 3664 2897 quippe,
3686 2822 3789 2880 sicut

2242 2922 2523 2979 interioris
2567 2921 2711 2978 oculi
2747 2930 2930 2993 potest
2970 2919 3240 2991 dignosci-
3263 2918 3624 2990 perspicacia,
3656 2917 3702 2970 in
3726 2914 3788 2969 his

2242 3010 2421 3073 tribus
2451 3016 2588 3072 viris
2625 3016 2821 3087 triplex
2863 3014 3025 3071 nobis
3065 3010 3311 3069 occurrit
3351 3012 3563 3093 gratia,
3584 3011 3697 3067 dum
3721 3022 3789 3080 per

468 3180 481 3187 ,
518 3102 525 3105 ’
548 3118 711 3187 tiam,
736 3119 813 3175 ita
838 3103 987 3176 nunc
1016 3121 1084 3177 ad
1098 3121 1524 3195 praconandum
1554 3138 1739 3178 rerum
1762 3123 2010 3180 omnium
2023 3102 2149 3180 ⁷Ιίεξέ
2166 3146 2217 3213 ρ
2243 3108 2473 3183 gratiam
2500 3109 2622 3181 eius
2660 3108 2754 3189 qui
2792 3108 3033 3183 animam
3056 3105 3281 3162 satiabit
3322 3104 3581 3213 inanem"
3601 3103 3788 3213 (1.0030-

549 3202 695 3285 gem,
726 3210 800 3268 "de
832 3212 963 3271 vino
1004 3213 1074 3269 ad
1108 3212 1348 3287 laticem,
1393 3222 1447 3269 et
1475 3213 1543 3270 de
1569 3215 1745 3285 gratia
1786 3230 2140 3275 recurramus

544 3303 614 3373 ad
635 3303 830 3375 legem.
867 3304 995 3372 Sed,
1025 3305 1152 3362 licet
1184 3306 1342 3363 nobis
1371 3321 1570 3378 magna
1603 3302 1932 3381 eliciendum
1976 3309 2049 3366 sit
2084 3306 2139 3370 vi

547 3396 816 3482 quidquid
841 3398 1207 3475 hauriendum
1235 3408 1320 3457 est
1345 3416 1414 3456 ex
1455 3403 1633 3474 puteis
1665 3402 1820 3459 lsaac
1843 3411 1899 3463 et
1926 3417 1993 3458 ex
2022 3402 2140 3476 lege

546 3486 753 3561 Moysi,
803 3496 1014 3557 tamen,
1064 3491 1194 3561 quia
1253 3493 1596 3551 severitatem
1640 3495 1929 3566 utriusque
1971 3495 2139 3551 semel

543 3594 740 3637 sumus
763 3581 1010 3652 experti,
1053 3583 1252 3664 iterum
1275 3586 1345 3641 ad
1369 3600 1466 3643 eos
1505 3586 1735 3658 pristina
1769 3587 2032 3644 debemus
2055 3587 2140 3664 le-e

542 3672 724 3747 ctione
756 3673 976 3730 reverti.
1018 3662 1281 3741 Eamdem
1321 3678 1468 3753 enim
1498 3678 1610 3734 vim
1649 3694 1816 3751 super
1841 3694 1945 3746 nos
1973 3662 2138 3757 iidem

544 3764 753 3823 habent
790 3768 1091 3838 propheta,
1123 3785 1291 3840 quam
1319 3785 1493 3841 super,
1515 3770 1752 3847 annulus
1787 3779 1853 3831 et,
1879 3771 2138 3843 stipulam

543 3858 795 3916 videmus
819 3859 873 3915 in
899 3860 1082 3932 lapide
1105 3862 1174 3919 de
1195 3871 1467 3937 magnete,
1496 3864 1628 3939 dum
1656 3864 1727 3920 ad
1751 3864 1998 3931 eamdem
2025 3862 2139 3919 for-

542 3964 692 4009 mam
715 3950 966 4023 cogimur
991 3952 1187 4011 iisdem
1216 3955 1439 4011 obedire
1460 3956 1764 4026 prOphetis,
1790 3971 1899 4028 qua
1927 3955 2139 4014 festuca

540 4043 910 4127 vellannulus
960 4046 1170 4127 servire
1218 4055 1491 4120 coguntur
1539 4048 1798 4127 potentia
1843 4050 2132 4121 magnetis.

543 4126 701 4204 Sicut
726 4134 875 4191 enim
918 4126 1008 4192 ille
1049 4137 1119 4213 ad
1157 4153 1218 4193 se
1252 4138 1490 4209 quadam
1536 4139 1872 4197 admiranda
1913 4141 2136 4199 virtutis

538 4227 819 4305 contrahit
857 4236 976 4301 arte
1008 4230 1276 4307 quidquid
1308 4229 1413 4288 sibi
1444 4231 1514 4288 de
1542 4232 1632 4289 his
1685 4232 1911 4290 adversa
1947 4235 2136 4292 obvia-

541 4320 688 4377 verit
724 4323 910 4394 parte',
934 4322 1011 4399 ita
1039 4331 1095 4379 et
1121 4331 1224 4381 nos
1258 4339 1360 4398 pro
1383 4325 1694 4397 peragendo
1730 4328 1951 4399 negatio
1991 4330 2136 4401 anti-

537 4427 669 4482 quo,
694 4414 763 4470 ad
783 4415 1007 4496 eosdem
1029 4417 1324 4496 prophetas
1350 4419 1605 4477 contrahi
1629 4420 1880 4477 videmur
1905 4436 1974 4477 ex
1993 4422 2136 4478 obli-

536 4521 668 4577 quo.
697 4507 933 4567 Proinde
966 4527 1055 4580 ne,
1096 4512 1153 4568 in
1179 4514 1541 4585 exsequenda,
1565 4514 1861 4585 proposita
1902 4514 2133 4571 rationis

543 4599 779 4667 theoria,
801 4600 1007 4675 Ioseph
1036 4620 1067 4660 a
1096 4605 1313 4680 duobus
1346 4606 1472 4681 aliis
1492 4606 1710 4679 longius
1734 4606 2072 4680 digrediatur
2100 4623 2132 4664 a

534 4691 647 4759 via,
679 4695 1056 4751 necessarium
1101 4706 1188 4753 est
1229 4706 1292 4754 ut
1318 4698 1434 4770 jam
1466 4713 1534 4755 eo
1575 4698 1741 4756 citius
1782 4699 1979 4757 debeat
2007 4699 2132 4756 aliis

537 4784 743 4842 sociari
775 4784 1012 4855 duobus,
1047 4805 1418 4871 quo‘numero
1458 4800 1514 4847 et
1546 4792 1809 4864 mysterio
1838 4792 2132 4849 subvenire

537 4876 700 4933 debet
746 4877 1036 4958 ambobus.
1086 4878 1254 4938 Iidem
1302 4882 1450 4937 enim
1498 4882 1617 4954 viri,
1649 4897 1716 4938 eo
1754 4883 1930 4956 magis
1977 4883 2129 4956 digni

536 4979 668 5027 sunt
696 4971 961 5028 humana
997 4972 1275 5041 servitutis
1317 4976 1645 5051 ministerio,
1684 4991 1796 5047 quo
1828 4975 1990 5049 pauci
2026 4993 2131 5032 nu-

534 5080 691 5122 mero
718 5073 774 5121 et
794 5065 981 5139 plures
1012 5065 1165 5147 fuere
1185 5067 1465 5139 mysterio,
1508 5056 1772 5149 quoniam
1806 5070 1945 5126 bene
1968 5071 2130 5127 nobis

535 5157 822 5230 utriusque
844 5158 1178 5216 Testamenti
1204 5159 1418 5235 gladius
1449 5161 1638 5217 innuit
1663 5162 1850 5235 biceps
1885 5164 2032 5234 quod
2070 5163 2128 5219 in

534 5248 616 5305 eis
660 5248 968 5307 intellectus
1014 5258 1112 5325 est.
1139 5251 1442 5322 multiplex.
1484 5250 1659 5321 Unde,
1708 5255 1972 5325 quoniam
2022 5252 2129 5311 sub

533 5342 703 5398 unius
745 5342 1091 5414 professione
1120 5345 1246 5402 ﬁdei
1274 5345 1561 5418 multiplex
1603 5346 1773 5404 ineis
1809 5347 1914 5406 fuit
1952 5346 2127 5422 gratia

530 5430 758 5501 Christi,
784 5435 915 5493 dum
959 5437 1109 5493 aliud
1139 5437 1379 5519 cilicium
1418 5447 1539 5496 erat
1576 5439 1677 5507 illi,
1711 5447 1768 5497 et
1805 5440 1954 5498 aliud
1999 5440 2122 5509 isti;

529 5538 759 5583 necesse
784 5539 872 5585 est
915 5540 976 5584 ut
1010 5531 1154 5611 apud
1182 5548 1285 5588 nos
1324 5548 1557 5604 pensare
1580 5533 1868 5606 diligenter
1903 5536 2114 5593 studea-

528 5636 657 5679 mns
685 5623 820 5695 quid
834 5626 905 5680 ab
932 5642 1266 5699 unoquoque
1285 5643 1477 5685 eorum
1497 5628 1660 5701 digne
1680 5643 1903 5699 sperare
1926 5631 2123 5690 debea—

532 5729 673 5769 mus.
725 5715 1037 5774 Patrocinio
1074 5720 1219 5775 enim
1273 5736 1469 5777 eorum
1524 5728 1580 5777 et
1627 5721 1803 5794 gratia
1869 5721 1967 5778 Dei
2011 5723 2120 5779 alio

533 5807 696 5861 modo
720 5809 1027 5877 indigemus
1052 5827 1169 5885 nos,
1195 5820 1247 5866 et
1273 5812 1382 5867 alio
1401 5811 1592 5879 Iudai,
1625 5813 1890 5883 quoniam
1917 5813 1973 5870 in
2000 5829 2121 5886 my-

538 5896 704 5953 sterio
730 5898 910 5957 crucis
955 5901 1090 5955 imcr
1133 5918 1225 5959 nos
1264 5912 1311 5960 ct
1344 5903 1464 5961 illos
1487 5912 1697 5962 tantum
1733 5903 1892 5964 chaos
1923 5904 2122 5980 ride-bim

2187 3194 2217 3232 τ’
2245 3203 2329 3259 bis
2374 3203 2620 3271 oﬁ‘ernnt,
2654 3218 2877 3273 aquam,
2927 3209 2981 3256 et
3030 3199 3229 3269 tertius
3268 3214 3500 3268 panem.
3548 3195 3664 3265 Sed,
3698 3194 3787 3250 licet

2242 3295 2408 3362 iunius
2443 3280 2658 3366 generis
2702 3293 2859 3349 cibus
2934 3280 3034 3362 pro
3076 3288 3341 3366 qualitate
3382 3288 3660 3344 hominum
3685 3300 3787 3354 saepe

2241 3402 2351 3449 non
2382 3386 2676 3443 conveniat
2705 3385 2904 3461 tribus,
2930 3383 3092 3440 nobis
3122 3390 3307 3437 tamen
3330 3378 3711 3437 ostendendum
3729 3385 3784 3431 est

2240 3478 2334 3535 hic
2373 3477 2665 3534 devotione
2700 3474 2988 3549 singulari,
3025 3482 3081 3528 et
3112 3472 3328 3537 ratione
3371 3469 3665 3535 communi,
3689 3480 3785 3539 quac

2238 3569 2366 3626 liter
2403 3570 2461 3626 in
2500 3569 2763 3643 mysterio
2809 3568 2994 3631 crucis
3035 3580 3181 3645 unus
3223 3565 3513 3634 omnibus,
3555 3574 3606 3620 et
3642 3573 3785 3615 omnes

2239 3663 2571 3720 conveniant
2595 3662 2711 3719 uni.
2746 3661 2924 3730 Unde,
2966 3659 3228 3737 quoniam
3265 3660 3322 3715 in
3362 3660 3465 3716 illo
3511 3659 3623 3715 solo
3648 3663 3783 3713 nostra

2237 3754 2374 3834 ﬁdes
2406 3764 2462 3812 et
2495 3764 2686 3812 nostra
2699 3764 2793 3813 est
2814 3741 2939 3826 spes
2961 3753 3122 3825 cujus
3141 3752 3378 3824 figuram
3406 3751 3598 3808 habuit
3612 3747 3782 3819 Ioseph.

2238 3850 2393 3929 Isaac
2419 3859 2475 3909 et
2509 3851 2746 3924 Moyses,
2780 3850 3048 3909 orandum
3077 3848 3239 3906 nobis
3260 3856 3345 3905 est
3387 3858 3473 3917 ut,
3517 3848 3647 3904 sicut
3666 3857 3782 3900 verus

2236 3938 2438 4017 Ioseph
2465 3959 2565 4016 per
2590 3943 2914 4017 mysterium
2952 3941 3134 3999 crucis
3158 3940 3411 4012 quotidie
3441 3955 3546 3997 nos
3577 3952 3697 4011 pane
3716 3933 3782 3989 illo

2236 4036 2416 4108 pascit
2444 4035 2501 4091 in
2522 4035 2811 4107 prasetttis
2834 4032 3095 4091 Ecclesia
3114 4032 3302 4099 domo,
3332 4030 3407 4087 de
3435 4047 3549 4103 quo
3574 4028 3780 4098 scriptun

2237 4140 2370 4186 est:
2426 4129 2632 4205 Panem
2687 4128 2998 4201 angelorum
3052 4126 3399 4182 manducavit
3453 4126 3606 4181 homo
3649 4118 3778 4194 (Pici.

2237 4221 2477 4293 Lxxvu);
2504 4222 2586 4279 sic
2620 4237 2786 4277 verus
2812 4218 2967 4278 Isaae
2987 4217 3263 4275 devotioni
3298 4226 3510 4274 nostra
3535 4217 3606 4271 ita
3625 4231 3675 4270 se
3692 4210 3779 4267 velit

2237 4315 2496 4371 exhibere
2532 4314 2812 4381 devotum,
2858 4321 2921 4368 ut
2959 4328 3030 4368 ex
3073 4319 3240 4382 puteo
3274 4310 3567 4381 sanguinis
3592 4307 3667 4364 sui
3700 4316 3777 4358 ote-

2237 4406 2394 4476 lestis
2434 4406 2625 4479 gratia
2648 4405 2807 4462 nobis
2835 4405 3040 4461 tribuat
3072 4412 3284 4475 potum,
3315 4410 3591 4474 quatenus
3615 4414 3696 4471 per
3714 4409 3777 4448 ve-

2162 4496 2212 4556 D
2236 4490 2357 4572 rum
2388 4497 2611 4571 Moysen
2638 4497 2784 4565 ﬁdei,
2814 4497 2932 4569 spei
2954 4505 3008 4553 et
3036 4495 3346 4564 charitatis,
3394 4494 3543 4550 trino
3570 4484 3775 4547 sublevati

2234 4572 2494 4667 remigio,
2552 4582 2866 4662 praesentis
2892 4587 3079 4644 saculi
3130 4602 3284 4661 mare
3345 4586 3497 4643 sicco
3555 4580 3775 4656 possim!

2236 4682 2472 4739 transire
2496 4682 2729 4754 vestigio
2765 4699 2778 4737 :
2810 4682 2887 4739 ita
2913 4689 2975 4736 ut
2994 4697 3093 4753 per
3118 4680 3439 4752 passionem
3469 4678 3589 4751 ejus
3616 4685 3663 4733 et
3687 4687 3775 4730 cn-

2233 4791 2352 4832 ccm
2389 4776 2605 4847 semper
2664 4768 3062 4831 mortiﬁCemur
3098 4774 3156 4829 iu
3193 4788 3451 4846 corpore,
3493 4781 3548 4829 et
3590 4767 3773 4826 vivida-

2233 4885 2360 4925 mur
2402 4866 2460 4922 in
2500 4876 2704 4940 mente,
2756 4868 2918 4941 cujus
2960 4877 3191 4923 mortem
3230 4864 3435 4937 Ioseph
3480 4866 3537 4922 in
3575 4873 3760 4925 caram

2235 4960 2390 5020 lsaac
2417 4961 2471 5017 in
2501 4961 2692 5028 ariete,
2736 4969 2792 5018 et
2814 4960 3029 5033 Moyses
3068 4959 3440 5035 praﬁguravit
3473 4958 3531 5015 in
3555 4960 3769 5027 serpat“-

2234 5051 2393 5120 Quod
2425 5052 2543 5123 ipse
2585 5051 2746 5108 nobis
2771 5059 3032 5123 prastare
3055 5050 3332 5127 dignetur,
3366 5048 3465 5120 qui
3500 5062 3620 5104 eum
3653 5041 3769 5096 Patre

2232 5154 2289 5203 et
2320 5132 2530 5217 Spiritu
2570 5153 2763 5221 sancto
2803 5142 2939 5200 vivit
2985 5151 3041 5200 et
3069 5143 3260 5217 regnat
3287 5143 3343 5197 iu
3364 5141 3565 5198 sacula
3588 5132 3764 5195 saculo-

2232 5253 2377 5295 rum.
2407 5238 2601 5296 Amen.
2635 5237 2775 5306 Quia
2805 5221 2953 5293 enim
2973 5236 3089 5308 jam
3131 5246 3165 5291 a’
3202 5234 3361 5292 nobis
3386 5227 3762 5290 concludenda

2231 5316 2333 5387 est.
2353 5346 2586 5405 propere
2641 5330 2910 5403 quidquid
2956 5328 3347 5401 proposuimus
3386 5327 3459 5383 de
3495 5321 3692 5394 Ioseph.
3725 5322 3762 5369 α

2233 5423 2407 5491 Isaac,
2430 5431 2487 5479 et
2515 5422 2721 5498 Moyse,
2744 5421 3205 5478 considerandum
3223 5424 3309 5475 est
3333 5418 3467 5491 quid
3495 5426 3660 5475 sermo
3676 5405 3757 5468 Dei.

2229 5516 2326 5589 qui
2349 5524 2435 5573 est
2455 5514 2643 5572 efﬁcax
2670 5523 2727 5570 et
2755 5503 2932 5581 vivus,
2955 5513 3254 5587 novissime
3275 5511 3362 5568 hic
3393 5525 3537 5565 unus
3561 5510 3759 5577 operetur

2230 5609 2286 5664 in
2309 5609 2516 5675 tribus;
2542 5608 2731 5679 sicque
2761 5621 2944 5663 sermo
2983 5615 3190 5672 noster,
3221 5603 3375 5676 quasi
3398 5611 3524 5675 post
3543 5596 3754 5655 devictam

2229 5716 2378 5759 cura
2405 5695 2686 5775 saecularis
2707 5699 2957 5755 umbram
2986 5697 3072 5753 vel
3108 5697 3344 5767 turbam,
3364 5695 3422 5753 in
3441 5691 3645 5752 Christo
3659 5683 3753 5741 Ie“

2228 5794 2298 5872 ad
2336 5793 2512 5866 ipsam
2542 5791 2821 5878 perveniet
2852 5805 3146 5851 summam.
