3960 6316
1110 344 1196 399 DE
1234 341 1467 401 LAUDE
1504 341 1594 397 ET
1632 338 1770 397 INV.
1811 340 1868 398 S.
1909 337 2184 395 CRUCIS.
2222 366 2294 381 -—
2331 333 2460 391 LIB.
2501 334 2562 390 II.

3343 312 3452 383 95‘

189 468 3444 519 MM

1013 657 1471 750 INCIPIT
1538 653 1900 743 LIBER
1969 588 2583 771 SECUNDUS

1339 862 1430 921 DE
1468 857 1891 918 INVENTIONE
1928 857 1987 915 S.
2028 855 2285 915 CRUCIS

697 1074 925 1133 CAPUT
962 1070 1254 1129 PRIMUM.

177 1159 631 1254 Petti-Helena,
674 1165 1066 1254 ejusque‘ﬁliu‘s
1100 1162 1481 1254 constantiam
1520 1158 1768 1231 Magnus,

623 1258 656 1295 a
683 1239 1046 1295 Deo'obtinuit
1082 1239 1332 1308 gratiam.

256 1335 523 1404 Quamvis
552 1349 663 1390 non
708 1331 886 1405 possit
929 1345 1052 1386 esse
1085 1328 1422 1399 incognitum
1467 1324 1612 1397 quod
1647 1327 1771 1394 post

179 1429 501 1513 passionem
526 1426 745 1483 Domini
770 1425 979 1513 lignum
1009 1421 1351 1477 Dominicum
1380 1435 1412 1475 a
1444 1417 1646 1513 Judazis
1674 1415 1767 1513 diu

187 1504 313 1571 erat
341 1514 744 1580 absconditum,
775 1511 999 1583 dignum
1028 1517 1210 1563 tamen
1256 1515 1341 1567 est
1373 1516 1445 1561 ut.
1467 1505 1536 1561 ad
1569 1504 1769 1576 praedi-

179 1606 417 1682 candam
476 1604 720 1678 ejusdem
772 1602 1160 1660 sacratissima:
1207 1600 1388 1664 crucis
1417 1592 1765 1667 'victoriam,

182 1697 412 1769 quando
432 1699 512 1754 vel
546 1712 577 1753 a
611 1712 722 1769 quo
752 1697 970 1751 inventa
997 1695 1089 1762 sit,
1120 1709 1441 1753 revocemus
1467 1693 1534 1748 ad
1561 1705 1769 1751 memo-

178 1791 347 1846 riam.
374 1790 535 1846 Beata
550 1790 715 1863 igitur
736 1787 937 1846 Helena
956 1787 1307 1851 Trevirorum
1320 1787 1596 1858 quondam
1621 1785 1767 1840 india

182 1899 325 1956 gena
372 1884 637 1952 civitatis,
692 1891 818 1955 post
854 1883 1085 1955 gratiam
1129 1868 1472 1952 baptismatis
1511 1878 1768 1951 operibus

182 1977 351 2047 cmpit
383 1976 640 2033 insudare
676 1976 914 2046 pietatis,
960 1974 1088 2046 quia
1118 1990 1244 2030 cum
1287 1972 1524 2044 perfecta
1554 1972 1607 2026 in
1639 1971 1764 2037 ﬁde,

180 2075 239 2123 et
287 2066 577 2138 perfectior
607 2068 661 2121 in
707 2059 993 2134 cba'ritate,
1037 2065 1236 2123 nobilis
1266 2073 1385 2121 erat
1427 2080 1642 2137 genere,
1671 2062 1772 2119 sed

182 2156 424 2211 nobilior
444 2157 747 2212 sanctitate.
771 2154 1062 2212 Nobilitate
1078 2154 1280 2211 etenim
1301 2170 1515 2211 morum
1539 2166 1765 2210 suorum

182 2248 527 2304 nobilitatem
572 2248 916 2318 przecellebat
961 2248 1223 2315 aliorum,
1289 2246 1470 2303 sciens
1519 2244 1768 2305 videlicet

182 2341 317 2415 quia
346 2341 459 2396 haec
487 2348 571 2395 est
601 2338 857 2396 nobilitas
895 2340 1223 2408 indubitata,
1249 2355 1372 2412 quae
1412 2338 1569 2396 bonis
1597 2336 1769 2393 mori-

1801 1064 1847 1125 Α
1875 1059 2071 1133 gratia,
2113 1076 2235 1132 quae
2271 1060 2398 1116 data
2444 1069 2530 1117 est
2563 1051 2681 1130 uni,
2718 1061 2951 1119 dabatur
2988 1063 3247 1136 utrique:
3300 1066 3454 1138 dum,

1872 1153 2015 1209 sicut
2062 1152 2312 1225 utrisque
2366 1154 2606 1210 ccelestis
2657 1154 3019 1226 inspiraverat
3049 1154 3239 1226 Pater,
3292 1159 3454 1215 ﬁdem

1871 1258 2036 1316 quam
2084 1244 2414 1316 praedicabat
2452 1243 2619 1313 ﬁlius,
2656 1246 2971 1315 prmdicavit
3000 1255 3056 1302 et
3089 1256 3281 1304 mater.
3315 1248 3454 1305 Cum

1869 1336 2016 1393 enim
2035 1352 2136 1409 pro
2167 1336 2444 1415 capiendis
2470 1332 2786 1394 hominibus
2809 1353 2909 1394 sua
2940 1339 3229 1411 utrobique
3264 1342 3453 1397 tende-

1870 1428 1993 1485 rent
2024 1425 2182 1497 retia,
2226 1428 2495 1485 continuo
2523 1429 2591 1485 ad
2632 1429 2793 1486 ﬁdem
2825 1430 3029 1488 Christi
3067 1430 3239 1488 Roma
3272 1434 3453 1490 trahe-

1869 1522 2032 1579 batur
2054 1532 2108 1579 et
2137 1522 2367 1579 Graecia.
2390 1521 2622 1594 Insuper
2643 1523 2827 1590 etiam,
2860 1541 2928 1580 ne
2950 1526 3182 1581 aliarum
3212 1527 3457 1601 gentium

1869 1614 2060 1681 corda,
2104 1613 2264 1683 quasi
2308 1629 2339 1669 a
2380 1613 2484 1669 tide
2526 1613 2732 1684 jejuna,
2776 1614 3070 1670 deﬁcerent
3109 1616 3163 1670 in
3206 1618 3312 1684 via,
3361 1634 3458 1689 per

1868 1714 2097 1762 matrem
2126 1721 2387 1762 conversa
2417 1713 2501 1761 est
2536 1704 2713 1777 Syria,
2746 1715 2797 1761 et
2838 1722 2934 1777 per
2962 1707 3132 1762 ﬁlium
3167 1707 3453 1766 Bouiania.

1870 1795 2046 1864 Unde,
2075 1813 2199 1853 cum
2246 1812 2310 1852 ex
2341 1806 2452 1852 tam
2485 1797 2647 1853 bonis
2678 1798 2959 1868 operibus,
3003 1807 3057 1855 et
3083 1809 3257 1856 mater
3285 1802 3454 1872 proba

1868 1896 2013 1947 esset
2050 1898 2104 1945 et
2138 1888 2282 1946 ﬁlius
2320 1890 2549 1959 probus,
2580 1889 2780 1944 mirum
2811 1906 2919 1945 non
2960 1900 3046 1947 est
3073 1892 3220 1963 quod
3259 1894 3454 1965 gratia,

1868 1997 1991 2054 qure
2015 1990 2228 2041 servata
2260 1989 2346 2039 est
2370 1981 2490 2054 uni,
2513 1991 2761 2038 servatur
2782 1984 3071 2051 ambobus,
3096 1984 3224 2040 dum
3255 2001 3352 2056 pro
3380 1985 3458 2039 in-

1869 2074 2138 2147 quirendo
2182 2076 2444 2148 mysterio
2468 2074 2600 2146 ligni
2640 2074 2902 2131 salutaris
2930 2077 3178 2147 utrisque
3205 2093 3317 2148 pra:
3354 2092 3459 2132 ca:-

1867 2168 2000 2224 teris
2032 2178 2246 2224 servata
2276 2175 2359 2224 est
2393 2167 2565 2240 gratia
2597 2167 2914 2238 singularis.
2940 2165 3021 2222 Ex
3049 2169 3288 2239 antiqua:
3311 2168 3455 2223 enim

1868 2257 2178 2318 Divinitatis
2212 2259 2441 2315 consilio
2465 2258 2807 2315 inveniendzc
2827 2258 3009 2314 crucis
3036 2257 3270 2314 oﬂicium
3294 2259 3459 2313 matri
3551 2270 3554 2274 λ

1869 2347 1998 2408 huic
2034 2351 2357 2409 servabatur
2388 2361 2447 2408 et
2476 2352 2609 2420 ﬁlio,
2643 2360 2706 2408 ut
2751 2361 2980 2423 uterque
3014 2367 3206 2408 eorum
3242 2352 3350 2409 hoc
3389 2369 3459 2409 ex

182 2435 293 2509 bus
318 2434 584 2505 probatur
612 2445 823 2499 ornata.
855 2433 1012 2491 Unde
1038 2442 1093 2490 et
1116 2449 1182 2489 ex
1219 2432 1428 2490 semine
1452 2441 1767 2490 senatorum
1803 2414 1843 2473 Β
1868 2443 2055 2499 divina
2102 2444 2276 2517 gratia
2318 2414 2627 2517 percepisse
2683 2459 2743 2501 se
2783 2414 2991 2512 nosset,
3038 2444 3184 2516 quod
3230 2453 3357 2500 ante
3400 2459 3460 2502 se

183 2528 457 2599 nobilium
504 2529 741 2584 nobilem
784 2526 1075 2600 quemdam
1114 2526 1394 2599 generavit
1434 2526 1628 2594 ﬁlium,
1671 2524 1766 2597 qui

183 2620 490 2677 secundum
533 2621 803 2677 luminare
841 2619 1040 2691 majus,
1083 2618 1229 2691 quod
1277 2619 1492 2675 videtur
1534 2633 1771 2690 prmesse

183 2710 319 2778 diei,
357 2712 614 2783 splendor
645 2711 749 2768 fuit
780 2712 993 2783 imperii
1022 2712 1077 2767 in
1117 2711 1206 2767 bis
1243 2726 1366 2782 qua:
1392 2719 1548 2767 erant
1585 2701 1772 2767 saeculi

182 2811 241 2878 et
262 2803 321 2859 in
342 2803 428 2859 his
452 2820 574 2875 qua:
599 2803 714 2859 Dei.
743 2803 1105 2875 Quapropter,
1142 2812 1202 2859 ut
1222 2803 1403 2859 divina
1435 2802 1538 2858 sibi
1566 2817 1771 2874 pmor-

184 2898 395 2955 dinavit
435 2899 665 2966 sanctio,
696 2914 805 2953 non
831 2898 1130 2971 incongrue
1151 2898 1603 2969 Constantinusa
1625 2896 1771 2953 Con-

185 3001 363 3049 stante
381 2993 677 3049 vocabatur
700 3002 753 3048 et
774 2991 1118 3060 Genstantio,
1144 2993 1383 3063 seipsum
1406 2991 1620 3063 scilicet
1642 3007 1769 3062 erga

186 3080 359 3145 Deum
399 3083 662 3153 majorem
707 3083 1071 3138 constantiam
1118 3083 1318 3137 habere
1365 3081 1768 3149 demonstrans,

182 3190 349 3246 quam
393 3173 561 3230 iidem
595 3180 849 3245 parentes
894 3173 979 3227 sui
1026 3168 1383 3231 Constantius
1427 3172 1651 3226 haberet
1678 3180 1773 3227 aut

180 3264 477 3331 Constans.
539 3264 644 3322 Sed
694 3266 821 3322 licet
869 3263 1170 3322 secundum
1222 3256 1540 3335 dignitatem
1587 3263 1769 3320 saeculi

179 3356 384 3413 nobilis
407 3367 553 3413 esset
569 3373 632 3414 ex
660 3357 868 3413 semine
889 3356 1079 3428 patris,
1107 3355 1344 3411 nobilior
1382 3362 1562 3411 tamen
1599 3353 1653 3408 in
1684 3352 1772 3410 his

179 3465 305 3520 qua:
345 3449 438 3505 Dei
482 3457 612 3505 sunt
668 3457 786 3505 erat
827 3464 892 3504 ex
935 3447 1191 3520 progenie
1231 3447 1444 3513 matris,
1481 3446 1611 3502 dum
1650 3456 1773 3518 post

179 3550 463 3621 acceptam
498 3543 728 3615 gratiam
760 3541 876 3597 ‘Dei
916 3541 1168 3607 viventis,
1213 3540 1477 3596 nobilitati
1525 3539 1771 3610 corporis
1850 3612 1861 3624 .

180 3633 526 3689 nobilitatem
579 3635 816 3707 prmtulit
870 3633 1088 3689 mentis.
1131 3632 1261 3689 Post
1296 3632 1525 3705 gratiam
1571 3632 1772 3703 quippe

176 3724 459 3795 baptismi,
484 3742 590 3798 qua
625 3727 842 3798 utrique
873 3740 1114 3797 superno
1142 3725 1477 3782 reconciliati
1510 3732 1641 3781 sunt
1667 3739 1768 3795 pa»

1869 2533 2011 2589 alius
2057 2534 2261 2590 habere
2290 2549 2399 2589 non
2447 2541 2651 2606 posset.
2693 2532 2868 2602 Unde,
2886 2549 3023 2591 eum
3054 2534 3241 2591 studio
3275 2535 3461 2591 ambo-

1869 2641 1993 2679 rum
2044 2624 2323 2681 inventum
2368 2625 2440 2683 sit
2471 2625 2653 2683 crucis
2694 2625 2992 2703 Dominica:
3028 2627 3310 2696 vexillum,
3357 2629 3461 2684 du-

1868 2713 2021 2771 bium’
2046 2723 2129 2771 est
2155 2723 2339 2771 utrum
2363 2715 2421 2772 in
2452 2718 2556 2772 hac
2577 2717 2889 2773 inventione
2919 2718 3066 2773 illam
3103 2717 3462 2789 prazferamus

1869 2816 1964 2864 aut
1991 2808 2144 2865 illum
2174 2827 2188 2864 :
2217 2809 2456 2866 maxime
2485 2824 2610 2866 cum
2641 2809 2711 2866 ad
2744 2810 2888 2867 hanc
2914 2811 3322 2883 inquisitionem
3349 2822 3461 2868 tam

1869 2899 1962 2957 diu
1991 2900 2072 2957 eis
2113 2910 2259 2957 esset
2293 2902 2644 2959 consiliarius
2676 2919 2823 2959 unus
2847 2917 2913 2959 ex
2956 2904 3126 2971 mille,
3174 2918 3463 2976 usquequo

1870 2990 1938 3046 ad
1979 2990 2232 3048 elfectum
2261 2993 2507 3063 ejusdem
2543 2994 2740 3064 operis
2760 2995 2850 3049 illa
2882 2997 3225 3066 pervenisset
3252 3012 3317 3051 ac
3349 2996 3458 3051 ille.

1869 3077 1973 3137 Per
2001 3082 2276 3137 internum
2299 3082 2444 3137 enim
2479 3082 2857 3153 inspirationis
2882 3082 3178 3140 Dominica:
3209 3101 3460 3153 suasum,

1869 3170 2044 3231 eidem
2068 3171 2371 3230 inventioni
2403 3171 2547 3228 tilius
2573 3173 2807 3243 praebuit
2836 3182 3045 3241 ortum,
3075 3183 3130 3229 et
3159 3183 3334 3229 mater
3362 3190 3461 3231 oc-

1869 3278 2090 3330 casum;
2131 3263 2281 3334 quia,
2324 3262 2456 3318 dum
2500 3263 2569 3319 ad
2611 3263 2755 3319 hanc
2791 3264 3204 3335 inquisitionem
3235 3274 3463 3336 uterque

1868 3367 2061 3408 eorum
2087 3368 2147 3409 se
2168 3351 2299 3408 fecit
2314 3353 2602 3423 acelivem,
2637 3354 2783 3410 ﬁlius
2813 3355 3129 3427 imponebat
3170 3356 3461 3428 originem,

1869 3455 1923 3502 et
1947 3455 2124 3502 mater
2153 3446 2338 3501 ﬁnem.

2400 3591 2402 3593 >
2457 3609 2464 3615 .
2483 3558 2714 3618 CAPUT
2751 3560 2841 3617 III.

1870 3649 2256 3724 Constantinus
2290 3658 2475 3724 contra
2502 3650 2757 3724 barbaros
2799 3653 2951 3724 signa
2975 3654 3151 3724 crucis
3186 3670 3243 3708 se
3282 3670 3463 3711 arma-

1940 3721 2034 3787 rit,
2068 3730 2119 3775 et
2148 3722 2433 3801 secundum
2463 3723 2672 3794 signum
2704 3721 2935 3801 quodin
2957 3723 3085 3779 caelo
3122 3726 3255 3780 vidit
3288 3724 3462 3781 hostes

178 3773 459 3795 ’”“Ἱ’“””“⁵””⁷
487 3773 590 3798 Ὶ“”“⁴¹’
628 3773 703 3783 “'""
717 3773 842 3798 "1""
873 3773 1026 3797 '“r‘”
1044 3773 1110 3781 ""
1144 3773 1156 3779 '
1175 3773 1477 3782 """"’""""
1510 3773 1639 3781 "'"'
1668 3773 1735 3795 ιν*-

178 3817 275 3886 tri,
306 3818 497 3873 eadem
523 3819 699 3876 virtus
727 3834 849 3890 quae
881 3817 1009 3874 data
1039 3825 1124 3874 est
1148 3818 1278 3885 ﬁlio,
1312 3818 1546 3874 dabatur
1568 3824 1624 3873 et
1647 3832 1768 3872 ma-

1882 3864 1887 3869 g
1928 3773 2228 3847 -orostravit
2250 3801 2299 3848 et
2329 3793 2476 3849 vicit.

179 3911 272 3977 tri,
301 3908 431 3982 quia
464 3911 508 3968 si
534 3911 819 3968 historiam
841 3911 1127 3982 utriusque
1155 3910 1390 3967 velimus
1418 3909 1770 3989 considerare

176 4001 458 4071 subtilius,
484 4001 657 4058 Deum
686 4017 848 4075 quem
884 4002 1051 4057 coluit
1071 4009 1265 4070 mater,
1291 4001 1503 4058 colebat
1528 4008 1583 4056 et
1601 4000 1766 4056 ﬁlius.

818 4113 1046 4171 CAPUT
1084 4113 1149 4169 II.

173 4206 259 4262 Ab
286 4204 491 4279 Helena
514 4216 683 4279 matre
705 4206 951 4279 Syriam;
976 4226 1007 4263 α
1032 4204 1381 4279 Constantino
1406 4205 1521 4277 ﬁlio
1537 4203 1769 4279 Beatam

248 4287 408 4349 atque
431 4276 716 4346 Graeciam,
741 4276 1013 4334 conversas
1046 4295 1176 4344 esse,
1209 4278 1439 4349 ipsisque
1467 4276 1595 4332 solis
1618 4276 1767 4332 inve-

248 4348 459 4404 niénda:
476 4351 652 4404 crucis
678 4351 911 4420 gratiam
930 4348 1264 4405 conmissum
1284 4364 1414 4404 esse.

246 4460 550 4535 Postquam
596 4478 728 4537 ergo
765 4463 910 4519 ﬁlius
955 4478 1049 4534 per
1081 4463 1404 4519 Silvestrum
1451 4456 1766 4533 pontiﬁcem

171 4557 323 4612 hanc
352 4557 582 4630 gratiam
606 4558 809 4627 recepit
835 4556 903 4612 ab
932 4555 1335 4628 Omnipotente,
1366 4564 1427 4611 ut
1469 4554 1524 4609 in
1553 4553 1766 4625 piscina

172 4645 375 4702 salutis
415 4661 447 4701 a
476 4647 625 4717 lepra
663 4645 719 4700 in
746 4661 972 4716 corpore
1006 4653 1060 4701 et
1085 4661 1116 4702 a
1141 4643 1289 4701 vitiis
1322 4644 1680 4699 mundaretur
1708 4643 1766 4698 in

170 4745 361 4793 mente
406 4756 421 4793 :
459 4738 745 4803 continuo,
780 4745 920 4793 utet
946 4736 1086 4793 alios
1115 4737 1371 4793 educeret
1412 4735 1477 4791 de
1504 4736 1625 4790 lacu
1659 4734 1764 4789 mi-

168 4830 333 4885 seriae
356 4838 405 4884 et
444 4830 508 4885 de
537 4822 667 4885 luto
703 4831 850 4901 faxis
899 4829 1073 4903 (Psal.
1114 4828 1326 4901 χχχιχ),
1355 4828 1516 4885 ﬁdem
1564 4836 1767 4884 sancta:

170 4918 464 4977 Trinitatis
502 4928 609 4976 tam
641 4920 905 4976 Romanis
938 4920 1105 4991 cmpit
1143 4920 1396 4976 intonare
1419 4935 1582 4991 quam
1609 4918 1765 4975 Grae-

167 5011 275 5069 cis.
302 5010 407 5078 Qui
433 5012 560 5068 licet
580 5012 635 5067 in
660 5012 977 5069 fortitudine
1003 5021 1056 5069 et
1085 5013 1263 5084 major
1286 5022 1433 5070 esset
1461 5014 1516 5069 in
1537 5013 1761 5084 virtute,

165 5095 331 5175 aqua
355 5108 539 5160 tamen
577 5105 733 5161 lance
768 5121 871 5176 pro
890 5105 1203 5161 .ludzeorum
1232 5107 1613 5179 ac'gentilium
1643 5116 1763 5165 stud

165 5196 294 5251 duit
334 5196 585 5253 laborare
609 5196 804 5266 salute,
831 5198 961 5254 dum
1005 5199 1165 5271 quasi
1195 5199 1407 5256 medius
1448 5200 1765 5257 discurrens

165 5284 320 5366 inter
339 5286 555 5366 Iudaeos
575 5297 783 5362 gentes,
806 5305 1063 5346 revocare
1086 5292 1252 5363 erepit
1276 5288 1607 5361 incredulos,
1626 5307 1765 5348 con~

162 5379 384 5436 {artare
430 5370 743 5439 credentes."
781 5380 1002 5438 Interim
1038 5390 1242 5450 autem,
1284 5384 1421 5439 dum
1463 5385 1557 5440 tali
1592 5383 1762 5441 devo—

161 5471 326 5529 tione
350 5475 615 5530 mundum
648 5476 751 5532 sibi
781 5484 837 5532 et
864 5490 922 5531 se
956 5475 1067 5532 Deo
1113 5477 1365 5548 subjecit,
1399 5478 1504 5534 hac
1541 5486 1596 5535 et
1634 5478 1764 5535 illac

166 5576 355 5623 mater
386 5565 532 5623 illius
560 5568 811 5623 similiter
852 5566 998 5635 fecit,
1027 5584 1093 5623 ex
1122 5569 1315 5637 intimo
1348 5572 1555 5627 scilicet
1581 5572 1762 5631 cordis

163 5660 302 5716 inde
328 5660 520 5715 crebra
552 5661 778 5716 trahens
819 5661 1076 5732 suspiria,
1105 5664 1250 5733 quod
1286 5664 1611 5721 Christiana:
1639 5662 1763 5722 ﬁdei

164 5746 286 5811 tam
318 5751 409 5806 diu
433 5742 587 5833 prius
617 5754 937 5825 repugnavit
960 5762 1012 5809 et
1039 5751 1217 5831 Syria.
1250 5753 1484 5813 Proinde
1512 5769 1686 5813 mater
1710 5767 1764 5813 et

359 5845 760 5939 eostudiosius
792 5849 962 5934 secuti
994 5857 1122 5908 sunt
1169 5859 1439 5937 praecepta
1476 5851 1621 5921 vitae,
1653 5867 1763 5926 quo

1944 3904 2144 3963 Verum
2186 3918 2313 3964 cum
2342 3906 2550 3963 cmlesti
2596 3906 2942 3964 solummodo
2970 3916 3163 3964 notum
3199 3908 3270 3964 sit
3314 3907 3464 3964 Patri

1868 4015 2039 4073 quare
2067 3984 2456 4058 sacratissima:
2478 3983 2933 4058 crucis-inventio
2975 4002 3089 4059 ﬁlio
3117 4003 3247 4060 huic
3275 4020 3465 4060 serva-

1778 4118 1787 4125 ο
1868 4101 2022 4149 retur
2059 4101 2115 4150 et
2147 4095 2330 4162 matri,
2362 4094 2654 4151 dicendum
2693 4104 2780 4151 est
2816 4095 2976 4152 nobis
3021 4096 3265 4167 qualiter
3310 4111 3465 4152 arca-

1869 4200 2001 4242 num
2031 4188 2272 4260 antiquae
2302 4186 2615 4244 Divinitatis
2642 4187 2936 4245 consilium
2972 4188 3041 4244 ad
3074 4189 3476 4267 inquirendum,

1868 4279 2076 4352 lignum
2129 4280 2272 4336 idem
2321 4279 2670 4337 Dominieum
2721 4289 2955 4337 matrem
3008 4290 3365 4355 provocasset
3400 4298 3480 4362 ac.

1868 4371 2064 4427 ﬁlium.
2097 4370 2345 4439 Quodam
2386 4387 2518 4445 ergo
2560 4381 2825 4445 tempore,
2873 4389 2984 4428 non
3021 4374 3239 4429 modica
3278 4373 3465 4429 multi-

1868 4464 2001 4521 tudo
2029 4464 2392 4521 harbarorum
2426 4465 2562 4521 ﬁnes
2587 4465 2790 4536 ubique
2810 4465 2978 4536 coepit
2996 4465 3285 4520 devastare
3315 4465 3482 4534 Grec-5

1868 4570 2082 4625 eorum,
2116 4557 2465 4630 dum,equasi
2505 4557 2559 4612 in
2587 4565 2830 4628 apertam
2865 4556 3485 4628 prorumpe‘nsaposta:

1868 4649 2040 4716 siam,
2089 4658 2259 4705 totam
2318 4666 2456 4721 pene
2513 4648 2724 4705 solebat
2773 4663 3046 4719 occupare
3109 4646 3481 4731 Romaniam,‘

1866 4740 2263 4798 Constantinus
2288 4751 2472 4798 autem
2504 4742 2745 4799 nondum
2777 4740 2959 4797 Deum
2981 4740 3207 4808 timens,
3232 4741 3327 4798 sed
3367 4743 3467 4797 ho-

1867 4832 2048 4890 mines
2088 4835 2377 4902 reveritus,
2418 4848 2478 4890 se
2504 4841 2697 4893 contra
2733 4834 2924 4890 hostes
2956 4848 3095 4890 suos
3124 4833 3268 4890 sicut
3308 4834 3489 4912 miles‘

1869 4927 2104 4982 armavit
2146 4928 2427 4995 emeritus,
2450 4928 2579 4982 dum
2601 4926 2691 4983 die
2719 4937 3001 5000 noctuque
3020 4942 3146 4983 cum
3168 4926 3480 4999 suis'cogi~_~

1872 5026 1989 5074 tare
2029 5019 2195 5090 empit
2233 5035 2297 5074 ac
2326 5020 2625 5091 rccogitare
2653 5019 2886 5091 qualiter
2922 5030 3019 5076 aut
3054 5016 3332 5094 quomodo
3370 5035 3488 5094 coax

1801 5136 1846 5191 υ
1872 5110 1998 5166 inde
2046 5120 2231 5182 posset
2262 5113 2605 5185 propulsare.
2642 5112 2748 5168 Sed
2787 5128 2913 5168 cum
2957 5113 3082 5168 inde
3112 5112 3345 5186 singulis
3373 5128 3481 5192 no;

1873 5203 2053 5260 clibus
2085 5213 2141 5260 et
2174 5204 2404 5278 singulis
2444 5206 2764 5262 anxiaretur
2799 5205 3015 5271 diebus,
3060 5204 3203 5259 sicut
3249 5220 3482 5276 semper.

1872 5297 2036 5353 anxia
2062 5302 2189 5354 cum
2214 5298 2441 5370 trepidis
2482 5294 2661 5353 mutat
2702 5295 2970 5353 sententia
3010 5294 3197 5363 rebus,
3245 5296 3485 5376 tandem‘

1828 5442 1841 5457 ,
1871 5398 1971 5464 pro
1999 5392 2331 5449 declarando
2356 5391 2536 5449 crucis
2556 5390 2943 5448 sacratissima:
2967 5388 3117 5470 ligno
3138 5397 3330 5463 contra
3362 5387 3484 5454 ini:

1871 5485 2046 5542 mic’os
2085 5501 2238 5553 suos,
2264 5485 2359 5542 tali
2382 5486 2647 5541 divinitus
2684 5483 2959 5539 relevatus
2980 5490 3071 5539 est
3099 5481 3278 5554 signo.
3311 5480 3484 5557 Qua;

1870 5576 1996 5632 dam
2042 5577 2210 5649 igitur
2245 5577 2479 5633 noctein
2520 5584 2712 5651 strato.
2738 5584 2843 5629 suo
2888 5573 3201 5645 quiescens,
3242 5572 3479 5655 signum,

1872 5667 2053 5723 crucis
2090 5667 2149 5722 iu
2182 5667 2324 5723 cmlo
2370 5666 2523 5731 vidit,
2555 5676 2611 5720 et
2656 5672 2778 5736 post
2816 5663 3136 5735 hujusmodi
3167 5662 3484 5744 visionem,

1873 5760 2055 5815 statim
2090 5759 2144 5815 in
2178 5760 2327 5815 hunc
2354 5774 2578 5814 sensum
2619 5773 2811 5839 vocem
2855 5757 2922 5814 de
2950 5755 3267 5812 cwlestibus
3305 5755 3481 5819 audi-1

1876 5850 2209 5941 vit,,scilicet
2230 5850 2378 5941 quod
2400 5850 2457 5910 in
2475 5849 2563 5911 die
2585 5849 2733 5922 belli,
2758 5858 2812 5908 et
2837 5849 2895 5912 in
2920 5857 3162 5933 tempore
3183 5845 3485 5939 pugnapdi,
