3960 6316
539 350 647 407 955

1462 351 1850 410 BERENCOSI
1889 350 2181 408 ABBATIS
2224 352 2281 407 S.
2325 349 2573 406 MAXIM
2612 347 2894 404 TREVIR.
3671 351 3753 410 956

456 544 467 555 ι
538 481 636 536 per
675 466 779 522 hoc
811 465 1027 538 signum
1079 466 1364 523 victoriam
1415 467 1636 524 deberet
1679 468 1880 524 habere
1930 469 2125 523 trium—
2158 468 2204 524 Α
2232 467 2394 521 missa
2424 474 2546 521 sunt
2568 467 2617 520 ei
2642 473 2860 536 peccata
2882 462 3075 533 multa,
3103 465 3353 535 quoniam
3373 462 3553 520 ditavit
3573 469 3756 524 multum

539 557 763 628 phandi.
797 557 973 625 Unde,
998 558 1124 613 licet
1154 559 1334 614 adhuc
1362 575 1608 630 paganus
1636 560 1957 625 exstitisset,
1983 569 2036 615 ct
2057 560 2124 615 de

541 650 804 722 mysterio
833 650 1015 706 crucis
1046 651 1288 706 nondum
1327 651 1626 723 quidquam
1656 652 1957 710 instructus
1984 650 2125 708 fuis—

542 751 645 811 set,
678 743 941 799 continuo
987 751 1168 799 tamen
1196 746 1263 801 ad
1304 746 1551 801 eamdem
1585 745 1841 813 formam,
1877 761 2040 816 quam
2068 745 2123 800 in

540 836 682 892 coelo
709 836 947 901 videbat,
991 837 1135 893 aliud
1179 838 1394 909 signum
1437 838 1723 893 informari
1767 838 2016 894 faciebat.
2059 836 2127 893 Et

541 946 666 987 cum
707 930 826 986 dies
883 930 1170 987 accidisset
1212 940 1581 1002 Opportunus,
1619 932 1674 986 in
1716 949 1827 1003 quo
1873 932 2125 987 vi.tutem

540 1022 722 1080 crucis
763 1021 877 1092 ipse
910 1022 1209 1079 cruciﬁxus
1246 1030 1364 1078 erat
1406 1032 1731 1080 ostensurus
1769 1024 1836 1080 ad
1882 1040 2129 1095 compro-

538 1100 782 1170 bandum
814 1114 1056 1170 caelestis
1094 1114 1284 1186 gratim
1317 1115 1556 1186 signum,
1606 1126 1731 1172 ante
1773 1117 1945 1172 aciem
1978 1117 2127 1174 Con-

540 1208 769 1267 stantini
818 1207 961 1263 idem
995 1208 1343 1278 deportatum
1389 1216 1473 1263 est
1504 1208 1731 1279 lignum.
1762 1207 1820 1262 In
1853 1225 1963 1279 quo
1991 1225 2127 1264 con-

540 1298 712 1365 ﬂictu,
740 1298 866 1354 licet
890 1299 1027 1353 alter
1048 1307 1235 1353 contra
1267 1299 1499 1354 alterum
1531 1299 1874 1354 obﬁrmatam
1908 1299 2129 1355 haberet

540 1388 770 1456 faciem,
811 1390 1107 1447 fortissime
1144 1400 1324 1446 tamen
1372 1392 1519 1447 acies
1558 1392 1897 1465 impugnavit
1930 1394 2125 1459 aciem,

541 1483 902 1554 quoadusque
943 1484 1089 1540 acies
1136 1485 1404 1539 immensa
1455 1500 1681 1540 suorum
1725 1501 1841 1556 per-
1874 1486 2128 1540 virtutem

542 1575 726 1630 crucis
755 1576 926 1630 aciem
956 1576 1272 1630 'dehellaret
1308 1576 1768 1632 adversariorum.
1814 1576 1951 1633 Cum
1982 1578 2126 1637 enim

542 1662 750 1720 tirones
780 1664 989 1720 emeriti
1017 1665 1119 1720 hac
1144 1673 1199 1719 et
1221 1665 1345 1720 illac
1375 1665 1441 1719 ad
1474 1681 1625 1720 arma
1650 1664 1882 1721 fuissent
1912 1667 2127 1731 intenti,

541 1762 597 1810 et
622 1754 769 1810 circa
797 1754 968 1826 ripam
995 1754 1227 1810 Danubii
1248 1772 1375 1826 pars
1397 1757 1556 1826 parti,
1584 1765 1638 1812 et
1658 1773 1792 1828 gens
1818 1768 2129 1819 occurreret

542 1845 711 1915 genti,
756 1847 1035 1912 continuo,
1074 1854 1135 1901 ut
1182 1846 1364 1902 divina
1408 1847 1583 1919 gratia
1624 1848 1728 1907 sibi
1768 1849 1921 1918 prius
1952 1851 2005 1904 in
2047 1850 2131 1914 vi:

542 1938 698 1994 sione
740 1940 1082 2005 monstravit,
1127 1940 1180 1995 in
1229 1940 1429 1995 virtute
1463 1940 1644 1999 crucis
1676 1940 1863 1999 hostes
1909 1958 2039 1998 suos
2061 1958 2129 2000 ex

541 2038 697 2104 parte
720 2031 966 2099 peremit,
999 2039 1055 2085 et
1086 2047 1152 2086 ex
1183 2039 1337 2102 parte
1367 2030 1594 2104 fugavit,
1627 2031 1717 2089 Sic
1764 2033 1949 2104 igitur,
1979 2044 2130 2104 poste

542 2137 709 2194 quam
737 2122 804 2177 ad
832 2122 1048 2183 laudem
1071 2122 1382 2179 Divinitatis
1416 2132 1469 2184 et
1497 2124 1725 2196 gloriam
1748 2140 1844 2196 per
1872 2127 2128 2181 virtutem

543 2215 724 2271 crucis
775 2217 975 2272 meruit
1005 2217 1204 2275 habere
1238 2217 1543 2285 victoriam,
1588 2217 1735 2274 illam
1762 2218 1958 2274 divina:
1998 2234 2128 2290 pro-

543 2303 826 2379 missionis
874 2306 1284 2383 gratiam,hene
1326 2308 1491 2367 habet
1531 2308 1585 2362 in
1623 2324 1681 2364 se
1726 2317 2026 2380 expertam,
2061 2309 2130 2365 de

544 2413 653 2469 qua
682 2398 945 2468 scriptum
972 2408 1051 2455 est
1081 2418 1094 2453 :
1129 2398 1377 2459 0dientcs
1402 2417 1517 2454 eum
1547 2401 1601 2454 in
1628 2401 1808 2470 fugam
1830 2412 2129 2456 convertam

544 2486 720 2559 (Psal.
760 2488 1046 2560 Lxxxvtn).
1088 2488 1228 2555 Quia
1256 2490 1402 2546 enim
1427 2507 1528 2545 non
1572 2492 1821 2564 relinquit
1876 2491 2128 2549 Dominus

541 2581 742 2650 virgam
799 2591 1133 2652 peccatorum
1181 2598 1339 2653 super
1381 2590 1577 2637 sortem
1618 2583 1892 2654 justorum
1948 2585 2125 2659 (Psal.

540 2673 750 2744 cutv),
766 2688 831 2728 ea
852 2673 940 2729 die
956 2674 1095 2730 bene
1116 2674 1414 2730 declaravit
1429 2675 1483 2729 in
1502 2675 1702 2731 virtute
1723 2692 1973 2745 suorum,
1996 2660 2129 2733 dum

541 2780 640 2835 per
665 2765 924 2821 virtutem
959 2766 1142 2823 crucis
1165 2767 1281 2837 ipse
1304 2782 1402 2823 eos
1435 2783 1467 2822 a
1508 2767 1760 2824 barbaris
1789 2769 1961 2825 voluit
1996 2769 2130 2826 libe-

542 2870 667 2915 rare
713 2856 1051 2924 nationibus,
1100 2857 1168 2913 de
1205 2873 1316 2928 quo
1361 2859 1625 2929 scriptum
1669 2869 1792 2916 est:
1837 2859 2130 2932 Conﬁrmat

544 2954 722 3001 autem
740 2945 918 3015 justas
946 2938 1211 3002 Dominus
1236 2947 1410 3019 (Psal.
1444 2949 1653 3014 xxxvr).
1694 2948 1799 3006 Sed
1846 2950 1973 3005 licet
2025 2952 2130 3022 ipsi

542 3035 789 3092 nondum
830 3037 967 3108 justi
1016 3037 1251 3095 fuissent
1291 3039 1345 3094 in
1396 3041 1571 3101 oculis
1628 3040 1935 3108 hominum,
1972 3052 2131 3099 erant

543 3138 729 3188 tamen
767 3129 905 3201 justi
931 3140 1057 3188 ante
1087 3131 1411 3214 Dominum;
1444 3133 1572 3203 quia
1602 3132 1717 3203 jam
1749 3142 1880 3193 tunc
1919 3135 1999 3190 eis
2029 3149 2126 3205 ap-
2151 3151 2198 3214 ο

544 3222 916 3293 propinquare
952 3212 1194 3295 coeperat
1244 3224 1336 3286 illa
1385 3224 1626 3282 cmlestis
1667 3226 1857 3296 gratia:
1898 3227 2127 3293 medela,

543 3328 643 3392 per
674 3329 836 3383 quam
866 3314 1317 3371 incessurierant
1336 3316 1391 3369 in
1413 3317 1652 3370 omnibus
1685 3317 1954 3373 mandatis
1981 3329 2031 3374 et
2043 3320 2133 3390 ju-

541 3404 952 3473 stiﬁcationibus
982 3406 1199 3461 Domini
1226 3408 1339 3462 sine
1367 3408 1578 3479 querela
1604 3408 1755 3480 (Luc.
1786 3411 1848 3481 ι).

1157 3496 1387 3557 CAPUT
1426 3498 1516 3560 IV.

545 3588 927 3650 Constantinus
967 3590 1118 3660 signo
1144 3594 1318 3644 crucis
1365 3591 1641 3645 victoriam
1673 3600 1980 3647 consecutus
2012 3608 2133 3651 cum

612 3667 769 3725 esset,
796 3660 949 3730 erepit
975 3663 1206 3731 primum
1243 3660 1317 3731 ab,
1339 3660 1604 3715 idolorum
1633 3663 1925 3717 cultoribus
1958 3664 2132 3717 crucis

615 3731 924 3802 mysterium
946 3733 1275 3802 perquirere;
1300 3730 1605 3801 baptizatus
1628 3744 1802 3787 autem
1818 3734 1940 3787 dein
1968 3751 2000 3786 a
2031 3732 2137 3788 Sil-

614 3808 806 3867 vestrn,
849 3799 1051 3856 Christi

617 3870 763 3942 fecit.

616 3961 1011 4020 Constantinus
1035 3964 1202 4036 igitur
1220 3974 1346 4036 post
1367 3964 1555 4038 fugam
1587 3966 1851 4036 hostium,
1881 3976 1937 4023 et
1961 3967 2135 4024 victo-

542 4056 686 4115 riam
742 4071 991 4124 suorum,
1026 4057 1094 4112 de
1124 4058 1387 4129 mysterio
1418 4060 1601 4115 crucis
1646 4059 1924 4131 inquirere
1967 4061 2136 4134 capit

544 4163 577 4202 a
616 4148 994 4203 sacerdotibus
1044 4148 1340 4219 idolorum,
1386 4166 1452 4207 ac
1500 4151 1547 4207 si
1593 4151 1691 4219 illi,
1742 4153 1838 4223 qui
1886 4154 2131 4211 nondum

544 4240 765 4299 fuerant
800 4241 1057 4297 virtutem
1081 4251 1303 4313 sanctae
1347 4243 1529 4300 crucis
1562 4245 1790 4315 experti,
1837 4246 2043 4317 aliquid
2083 4248 2135 4305 ei

1094 3803 1255 3873 fidem
1285 3816 1378 3871 per
1419 3810 1587 3857 totum
1627 3805 1804 3858 orbem
1849 3804 2133 3874 prwdicari

543 4340 772 4404 possent
794 4333 919 4389 inde
942 4333 1124 4390 dicere
1144 4335 1298 4392 certi.
1329 4336 1624 4393 Audientes
1644 4346 1824 4393 autem
1850 4338 1956 4394 hoc
1975 4338 2135 4409 pauci

543 4423 845 4480 Christiani
874 4425 969 4496 qui
996 4434 1126 4482 tunc
1148 4427 1375 4484 aderant
1399 4428 1496 4496 ibi,
1527 4429 1775 4499 quaedam
1804 4430 1871 4485 de
1899 4431 2133 4487 adventu

2227 555 2379 626 (Luc.
2411 557 2531 627 vn),
2565 555 2829 611 continuo
2850 553 2918 608 ad
2950 554 3115 610 unius
3145 553 3240 610 Dei
3263 571 3556 613 conversus
3572 568 3648 614 est
3667 563 3760 616 culo

2223 656 2379 716 tum;
2428 648 2580 719 quia,
2618 662 2688 702 ne
2717 646 2949 703 diversis
2999 646 3160 703 idolis
3201 648 3343 703 ultra
3381 649 3687 713 sacriﬁcaret
3719 655 3760 709 in

2225 741 2428 811 templo
2464 740 2735 794 idolorum
2770 740 3072 807 communi,
3122 754 3234 794 non
3264 740 3453 795 multis
3479 750 3652 811 postea
3681 746 3760 802 diis

2225 832 2398 886 voluit
2423 831 2753 898 sacriﬁcare,
2784 832 2878 887 sed
2907 832 3022 887 uni.
3055 830 3138 887 Ab
3163 831 3257 887 illo
3285 833 3486 903 quippe
3508 834 3591 889 die
3616 852 3762 892 coram

2227 922 2339 979 Deo
2369 926 2562 980 nolens
2592 923 2772 981 facere
2814 940 2989 990 reum,
3020 924 3076 979 in
3120 924 3372 995 personis
3414 926 3628 1003 trinum,
3654 938 3697 983 et
3724 931 3789 1003 inf

2227 1015 2511 1086 majestate
2534 1032 2703 1070 unum
2725 1017 2973 1072 adoravit
3002 1015 3195 1083 Deum,
3221 1016 3353 1096 dum
3377 1017 3433 1071 in
3456 1000 3630 1073 amere
3649 1000 3787 1091 Coa-ﬁ

2227 1108 2424 1164 ditcris
2458 1124 2552 1164 cor
2574 1109 2694 1178 ejus
2721 1125 2787 1164 eo
2822 1109 2997 1180 magis
3028 1120 3146 1185 erat
3176 1109 3449 1177 innixum,
3490 1110 3626 1181 quod
3663 1111 3769 1167 nihil

2229 1200 2372 1255 aliud
2399 1200 2533 1254 scire
2560 1201 2754 1267 voluit,
2780 1200 2885 1253 nisi
2929 1198 3199 1274 Christum
3220 1198 3429 1273 Iesum,
3460 1209 3508 1253 et
3537 1201 3659 1254 hunc
3677 1218 3770 1253 m-

2230 1294 2450 1363 ciﬁxum
2472 1291 2527 1364 (1
2555 1291 2678 1353 Cor.
2707 1295 2791 1363 ιι),
2830 1291 2921 1365 Sic
2954 1291 3139 1362 igitur,
3173 1308 3298 1347 cum
3327 1292 3653 1363 quotidianis
3672 1308 3771 1363 pro

2229 1385 2460 1442 fectibus
2480 1387 2547 1441 de
2573 1386 2773 1449 virtute
2802 1386 2857 1439 in
2881 1385 3162 1450 virtutem,
3185 1394 3239 1459 et
3267 1385 3333 1440 de
3356 1386 3533 1440 salute
3553 1395 3773 1445 cresceret

2231 1477 2285 1532 in
2316 1479 2571 1544 salutem,
2604 1476 2807 1533 factum
2839 1485 3008 1532 estut
3037 1476 3092 1531 in
3115 1476 3248 1531 orbe
3276 1484 3551 1532 terrarum
3578 1493 3638 1532 eo
3658 1478 3774 1532 ﬁeret

2232 1570 2432 1640 ubique
2476 1569 2774 1639 potentior,
2816 1583 2928 1639 quo
2957 1567 3010 1622 in
3060 1568 3283 1625 servitio
3307 1567 3620 1641 Conditoris
3648 1570 3775 1639 erepit

2230 1679 2353 1720 esse
2386 1663 2699 1719 ferventior.
2743 1661 2921 1726 Unde,
2961 1662 3090 1733 quia
3129 1663 3466 1734 cogitatione
3492 1662 3711 1728 humilis,
3735 1672 3774 1718 et

2231 1759 2546 1828 operatione
2572 1758 2746 1814 ﬁdelis
2767 1757 2991 1813 servivit
3024 1757 3080 1811 in
3105 1757 3290 1823 terris,
3315 1756 3409 1811 cui
3439 1756 3610 1827 angeli
3637 1754 3775 1809 famu-

2228 1851 2411 1904 lantur
2432 1850 2487 1904 in
2518 1850 2706 1916 caelis;
2750 1848 2873 1904 ideo
2908 1864 3010 1919 pro
3044 1848 3150 1903 hac
3192 1864 3347 1919 nova":
3389 1845 3775 1904 conversationis

2228 1948 2579 1995 exsecutione
2609 1939 2751 1995 ﬁdeli
2783 1937 2962 1994 factus
2993 1948 3079 1996 est
3106 1939 3340 1996 thronus
3368 1938 3509 2009 ejus,
3541 1940 3666 1992 sicut
3689 1939 3777 1997 diu

2229 2032 2345 2099 caeli
2372 2031 2547 2103 (Psal.
2577 2031 2864 2102 Lxxsvm).
2898 2030 3002 2087 Sed
3033 2030 3160 2102 quia
3201 2031 3281 2102 sic
3326 2047 3431 2102 per
3460 2030 3583 2086 ﬁdei
3614 2030 3776 2095 cultum

2227 2132 2283 2180 et
2302 2124 2430 2180 boni
2461 2124 2643 2194 operis
2686 2122 2926 2180 fructum
2964 2112 3295 2180 Christianis
3323 2123 3529 2193 intulit,
3543 2122 3775 2194 gaudium,

2228 2223 2282 2280 et
2296 2214 2596 2273 idololatris
2619 2214 2823 2269 luctum
2840 2255 2863 2284 ι
2878 2212 3000 2268 ideo
3019 2222 3073 2283 et
3096 2228 3199 2275 nos
3227 2213 3475 2282 majores
3496 2213 3684 2283 gratias
3704 2225 3777 2281 pro

2231 2322 2298 2363 eo
2345 2322 2505 2378 agere
2554 2306 2817 2361 debemus
2867 2305 3057 2377 gratiae
3107 2300 3434 2371 Conditori,
3492 2320 3599 2375 quo
3644 2303 3778 2363 ﬁdelis

2229 2398 2402 2470 ipsius
2443 2408 2497 2454 et
2542 2398 2646 2454 sibi
2678 2397 3003 2469 proﬁciebat
3024 2408 3078 2452 et
3109 2397 3288 2469 nobis.
3329 2396 3536 2452 Totum
3557 2397 3684 2452 enim
3707 2411 3778 2448 or-

2228 2491 2352 2559 bem
2396 2491 2463 2547 ad
2510 2490 2759 2559 eamdem
2782 2505 2921 2561 pene
2956 2490 3285 2561 perduxerat
3314 2490 3503 2556 ﬁdem,
3532 2504 3632 2560 qua
3668 2486 3778 2560 [per]

2229 2584 2448 2640 beatum
2465 2582 2784 2639 Silvestrum
2802 2582 3114 2659 pontiﬁcem
3138 2584 3253 2653 ipse
3268 2582 3596 2648 instructus,
3610 2581 3775 2651 pridem

2230 2677 2410 2735 sciens
2446 2676 2695 2731 videlicet
2729 2675 2880 2746 quia,
2918 2675 3061 2744 sicut
3088 2675 3263 2732 virtus
3290 2676 3471 2731 totius
3516 2673 3778 2731 vestimenti

2229 2768 2427 2839 pendet
2477 2768 2533 2822 in
2587 2767 2852 2840 stamine,
2905 2768 2985 2836 sic
3033 2768 3091 2822 in
3139 2767 3245 2826 ﬁde
3285 2766 3502 2824 Christi
3542 2765 3782 2825 totasalus

2229 2862 2427 2932 pendet
2448 2860 2670 2933 animae,

2855 2971 3088 3029 CAPUT
3127 2971 3192 3028 γε

2232 3084 2639 3166 Constantinus
2658 3094 2880 3166 matrem
2909 3104 3063 3166 suam
3213 3084 3502 3166 Helenam,
3532 3102 3620 3157 pro

2296 3158 2487 3212 sitione
2508 3158 2647 3227 ligni
2662 3156 2898 3226 Domini,
2911 3155 3299 3227 lerosolymam
3321 3157 3497 3225 misit,
3517 3155 3626 3228 qui:
3648 3155 3720 3217 ubi
3736 3170 3781 3228 ea

2302 3226 2639 3301 peruenisset,
2667 3244 2857 3298 magno
2882 3230 3062 3283 studio
3085 3226 3165 3282 est
3188 3227 3254 3287 de
3273 3237 3471 3301 sancta
3498 3226 3641 3301 cruce
3668 3226 3783 3291 apud

2300 3298 2519 3355 Judwos
2546 3307 2908 3370 percunctata.

2301 3412 2470 3484 Igitur
2533 3428 2656 3469 cum
2712 3428 2810 3483 per
2879 3428 3146 3470 arcanum
3215 3413 3463 3484 antiqua:
3517 3408 3778 3468 Divinitatis

2234 3505 2617 3560 archisterium
2685 3503 3083 3563 Constantinus
3143 3507 3449 3578 imperator
3519 3506 3778 3563 Romanum

2233 3597 2511 3668 quondam
2541 3599 2773 3654 rexisset
2797 3598 3108 3669 imperium,
3142 3599 3213 3655 ob
3240 3599 3366 3655 ﬁdei
3400 3615 3588 3656 semen
3620 3598 3709 3653 hac
3728 3600 3770 3648 et

2234 3690 2359 3747 illac
2380 3692 2581 3763 ubique
2605 3692 2994 3764 spargendum,
3022 3691 3090 3748 de
3118 3699 3278 3764 gente
3304 3691 3359 3746 in
3393 3700 3627 3763 gentem,
3654 3698 3700 3744 et
3726 3685 3779 3740 de

2233 3798 2404 3855 regno
2428 3783 2749 3839 transivitin
2777 3798 3007 3855 regnum
3033 3782 3209 3856 (Psal.
3240 3781 3373 3853 crv);
3406 3783 3541 3839 dum
3566 3796 3657 3853 pro
3676 3776 3778 3836 ﬁdae.

2233 3873 2379 3930 libus
2400 3872 2611 3939 hilaris,
2635 3882 2690 3927 et
2711 3888 2813 3943 pro
2838 3872 3149 3927 inﬁdelibus
3180 3872 3379 3939 tristis,
3421 3872 3582 3927 ﬁdem
3619 3878 3779 3926 sancta

2236 3964 2524 4021 Trinitatis
2561 3964 2670 4020 illis
2712 3962 3014 4019 insinuavit
3064 3972 3120 4019 et
3167 3963 3310 4020 istis.
3351 3962 3575 4019 Interim
3613 3970 3780 4027 autem,

2236 4071 2363 4112 cum
2400 4054 2494 4110 tali
2523 4054 2685 4109 modo
2719 4068 2819 4125 pro
2846 4051 3049 4109 Judazis
3072 4051 3348 4109 laboraret
3373 4069 3443 4109 ac
3464 4044 3777 4124 gentibusJi-

2236 4163 2403 4220 gnum
2428 4146 2772 4203 Dominicum
2805 4145 3084 4216 inquirere
3104 4145 3270 4216 erepit
3306 4161 3337 4199 a
3365 4144 3706 4215 sapientibus,
3730 4152 3778 4201 cc

2236 4222 2537 4296 studiosius
2569 4238 2777 4294 scilicet
2806 4239 3034 4309 cupiens
3069 4237 3317 4309 ejusdem
3353 4239 3541 4293 crucis
3574 4231 3775 4303 venerari

2238 4334 2583 4400 memoriam,
2634 4347 2746 4404 quo
2803 4347 2901 4402 per
2949 4347 3070 4387 eam
3105 4332 3177 4387 ab
3211 4331 3470 4399 hostibus
3512 4330 3625 4387 suis
3653 4335 3773 4382 antea

2237 4425 2437 4482 meruit
2478 4414 2684 4480 habere
2729 4424 3031 4479 victoriam.
3085 4422 3190 4479 Sed
3236 4423 3507 4494 quoniam
3557 4423 3661 4493 ipse
3702 4430 3775 4488 pro

544 4516 671 4579 Filii
701 4518 798 4575 Dei
837 4520 1016 4591 primo
1060 4520 1497 4591 praedicaverunt
1522 4495 1626 4578 sibi
1671 4538 1735 4578 ac
1768 4522 1964 4579 deinde
2005 4539 2126 4595 my-
2164 4495 2211 4556 D
2239 4516 2343 4573 ﬁde
2387 4515 2592 4571 Christi
2641 4523 2697 4570 et
2745 4515 2979 4587 negotiis
3019 4514 3235 4585 imperii
3272 4514 3527 4571 animum
3564 4525 3702 4571 suum
3733 4508 3774 4560 in

544 4609 773 4665 sterium
801 4611 1075 4682 passionis
1114 4613 1235 4685 ejus
1274 4622 1328 4669 et
1367 4613 1550 4670 crucis
1591 4623 1898 4670 retexentes
1937 4614 2131 4671 ordine

543 4701 730 4773 pleno,
781 4717 1142 4761 narraverunt
1184 4705 1236 4761 ei
1293 4706 1479 4761 omnia
1534 4722 1658 4777 qua:
1703 4706 1845 4765 facta
1894 4716 2023 4764 sunt
2065 4708 2133 4764 de

541 4793 672 4851 Jesu
697 4791 997 4855 Nazarene.
1031 4794 1426 4855 Constantinus
1464 4806 1670 4865 antem,
1700 4797 1769 4853 ad
1803 4799 2132 4870 placandum

543 4885 716 4941 totius
745 4885 927 4957 operis
964 4887 1236 4958 opiﬁcem,
1272 4906 1304 4945 a
1339 4904 1450 4961 quo
1484 4889 1840 4947 conﬁrmatus
1871 4898 1926 4946 et
1954 4890 2133 4962 bapti-

545 4986 703 5039 zatus
736 4977 793 5034 in
839 4980 1063 5036 nomine
1110 4979 1349 5049 Domini,
1396 4982 1608 5039 discere
1654 4983 1819 5053 coepit
1857 4983 1989 5055 quid
2045 4984 2131 5040 vel

549 5066 664 5125 Deo
685 5068 909 5127 deberet
939 5079 1036 5128 aut
1063 5071 1292 5133 homini.
1336 5070 1549 5130 Novum
1578 5074 1780 5145 quippe
1808 5074 2054 5130 habitum
2080 5083 2136 5131 et

543 5175 750 5219 novum
776 5178 1067 5220 assumens
1106 5164 1376 5232 animum,
1415 5164 1473 5219 in
1514 5163 1661 5221 fonte
1701 5164 1999 5222 Salvatoris
2022 5165 2133 5240 duo

547 5267 749 5323 genera
769 5255 952 5327 ‘cmpit
980 5256 1437 5325 medicaminum;
1467 5256 1597 5313 dum
1627 5272 1727 5330 pro
1761 5273 1829 5315 eo
1868 5257 2016 5330 quod
2050 5258 2135 5315 δί’-ο

545 5342 776 5410 fundere
804 5346 984 5425 noluit
1028 5347 1352 5421 sanguinem
1391 5348 1758 5427 innocentem,
1794 5349 1945 5421 lepra
1973 5349 2132 5407 dese-

546 5436 662 5503 ruit
705 5453 927 5511 corpus,
971 5448 1027 5496 et
1050 5439 1183 5499 vitia
1224 5448 1484 5497 mentem.
1529 5440 1764 5498 Proinde
1798 5443 2041 5500 conﬁsus
2075 5444 2132 5500 in

454 5580 458 5585 .
545 5529 749 5588 virtute
774 5530 957 5587 divina
987 5541 1181 5589 contra
1220 5532 1352 5588 vitia
1389 5533 1572 5590 carnis
1608 5534 1751 5590 bella
1784 5536 2005 5611 gerebat
2050 5536 2134 5592 in-

549 5624 786 5692 testina;
814 5624 944 5696 quia
987 5625 1118 5681 dum
1147 5624 1202 5681 in
1228 5624 1409 5697 seipso
1436 5626 1670 5684 formam
1700 5626 2010 5686 Divinita‘tis
2053 5629 2132 5685 al-

548 5718 660 5782 tius
694 5718 993 5789 impressit,
1021 5718 1243 5786 bellum,
1277 5720 1422 5791 quod
1448 5728 1576 5777 ante
1605 5736 1731 5777 cum
1755 5720 2004 5779 hostibus
2036 5723 2134 5778 ha-

548 5810 689 5879 buit,
718 5818 908 5882 posca
959 5827 1083 5869 cum
1114 5813 1259 5871 vitiis
1290 5813 1457 5887 gessit
1483 5832 1495 5871 :
1536 5822 1824 5891 postquam
1869 5814 2012 5873 enim
2043 5814 2129 5875 di-

2239 4610 2395 4682 plura
2420 4610 2631 4679 divisit,
2664 4611 2786 4668 ideo
2824 4610 3037 4677 beatam
3090 4608 3351 4675 Helenam
3390 4620 3619 4672 matrem
3652 4614 3772 4661 suam

2237 4720 2338 4774 pro
2360 4720 2419 4760 se
2442 4702 2837 4775 ierosolymam
2878 4702 3049 4768 misit,
3078 4711 3138 4756 ut
3173 4718 3239 4757 eo
3260 4702 3564 4767 studiosius
3595 4698 3659 4755 ibi
3690 4695 3772 4749 Do-

2237 4795 2496 4852 minicam
2543 4795 2846 4867 inquireret
2879 4809 3122 4862 crucem,
3172 4810 3284 4865 quo
3316 4793 3385 4849 ad
3430 4794 3572 4849 hanc
3593 4787 3773 4860 inquisi-

2235 4889 2438 4946 tionem
2458 4889 2636 4959 ipsum
2662 4886 2988 4944 cruciﬁxum
3015 4894 3360 4942 ostensorem
3381 4886 3606 4942 haberet
3627 4897 3682 4937 ac
3692 4880 3770 4934 dn-

2235 4997 2375 5038 cem.
2410 4981 2573 5039 Beata
2600 4980 2768 5053 igitur
2792 4977 2995 5035 Helena
3027 4978 3261 5049 sapienti
3296 4993 3399 5033 usa
3424 4975 3663 5039 consilio,
3688 4979 3772 5025 sta-

2237 5072 2337 5133 tim
2363 5071 2593 5130 interius
2637 5069 2747 5125 Deo
2770 5077 2825 5125 et
2846 5068 3090 5124 exterius
3109 5066 3349 5129 obedivit
3380 5066 3521 5138 ﬁlio;
3546 5064 3667 5119 dum
3688 5072 3767 5113 nos

2238 5166 2417 5223 solum
2451 5163 2633 5223 valida
2661 5178 2827 5218 manu
2857 5176 2958 5233 pro
2987 5159 3178 5215 eadem
3208 5158 3565 5232 inquisitione
3592 5151 3770 5219 ieroso-

2236 5259 2440 5332 lymam
2469 5256 2587 5324 ivit,
2613 5254 2705 5311 sed
2730 5253 2895 5309 etiam
2911 5267 2943 5308 a
2965 5249 3191 5318 Iudaeis,
3219 5249 3315 5319 ubi
3342 5249 3548 5325 lignum
3569 5236 3767 5332 Domitii

2238 5329 2366 5408 cum
2392 5356 2557 5416 esset,
2583 5345 2875 5427 diligenter
2900 5342 3204 5414 inquisivit.
3240 5340 3378 5409 Qua;
3398 5340 3542 5397 enim
3565 5337 3626 5392 de
3654 5329 3767 5386 ῐὶιίὶί

2238 5443 2308 5500 ad
2328 5443 2559 5516 virtutes
2580 5440 2696 5512 jam
2721 5447 2854 5494 tunc
2868 5437 3014 5510 bene
3064 5434 3342 5507 operando
3389 5428 3642 5497 transivit,
3682 5434 3764 5516 uol

2200 5550 2207 5555 '
2239 5514 2515 5593 immerito
2537 5534 2855 5589 thesaurum
2874 5530 3025 5585 illum
3050 5526 3364 5591 Divinitatis
3397 5519 3673 5594 inquisivit,
3702 5514 3763 5567 in-

2239 5626 2505 5699 quisitum
2553 5620 2781 5689 invenit,
2832 5620 3113 5676 inventum
3143 5614 3454 5673 custodim.
3490 5608 3761 5699 Cadent“

2238 5693 2341 5778 nos
2374 5735 2499 5777 cum
2534 5733 2599 5774 ea
2647 5714 2809 5787 quasi
2839 5712 2907 5769 de
2943 5709 3182 5769 tenebris
3230 5718 3575 5780 properemus
3605 5697 3662 5753 ad
3692 5693 3756 5791 lu:

2240 5830 2380 5884 cem,
2406 5813 2585 5875 dicere
2612 5809 2874 5868 debemus
2919 5804 3153 5881 qualiter
3179 5800 3295 5875 ipsa
3333 5797 3567 5861 eamdem
3597 5789 3757 5847 invenit
