3960 6316
188 354 316 415 957
400 425 408 440 .

1122 346 1211 407 DE
1250 347 1482 407 LAUDE
1516 346 1604 404 ET
1640 345 1778 403 INV.
1821 335 1879 403 S.
1920 346 2194 405 CRUCIS.
2235 380 2306 391 —
2342 347 2470 405 LIB.
2512 347 2578 403 ll.

3362 348 3472 411 958

186 485 444 538 crucem,
486 484 556 525 ne
599 467 727 541 quis
762 448 1101 524 audientium
1137 468 1219 524 sic
1246 482 1488 538 unquam
1525 464 1789 535 insipiens
1817 463 1866 522 A
1960 467 2093 541 nica:
2113 474 2347 521 mortuus
2370 465 2460 519 cibi
2498 460 2843 523 resuscitatus
2888 467 3243 522 testimonium
3290 468 3471 538 perhi-

189 560 325 629 liat,
352 571 411 617 ut
433 570 620 633 postea
649 577 709 617 se
732 562 878 617 dicat
908 561 1012 616 ista
1041 561 1273 627 nescir'c,
1314 575 1440 615 cum
1482 558 1640 615 sciat.
1670 556 1786 611 Eli-

186 667 337 723 gens
358 645 487 724 ergo
518 652 623 707 sibi
657 652 724 707 de
750 650 953 707 Judm's
975 651 1124 707 viros
1150 665 1382 705 numero
1411 649 1578 715 mille,
1605 647 1786 718 inqui-

186 742 333 798 sivit
366 743 436 798 ab
477 743 560 798 eis
592 743 724 814 quid
749 744 816 799 de
838 758 904 798 eo
933 743 1022 799 ille
1051 743 1277 799 sentiret
1311 750 1408 797 aut
1443 741 1562 807 ille;
1596 738 1788 810 sicque

183 850 395 891 omnes
420 851 529 890 una
551 829 854 906 eademque
878 837 1091 892 ratione
1118 836 1312 891 videns
1337 850 1459 892 esse
1479 840 1786 900 contentos,

183 927 383 982 denuo
419 926 488 982 de
530 927 611 983 eis
647 927 809 998 cmpit
849 943 1103 999 separare
1136 927 1484 999 quingentos.
1508 925 1636 993 Qui,
1664 924 1792 980 licet

183 1018 455 1089 instructi
480 1029 666 1076 essent
690 1020 806 1091 lege
833 1021 1037 1087 divina,
1075 1021 1395 1075 nesciebant
1436 1028 1617 1074 tamen
1658 1017 1790 1088 quid

183 1111 265 1167 de
300 1112 381 1168 eis
403 1112 566 1168 vellet
591 1112 772 1169 facere
804 1113 1017 1184 regina,
1046 1112 1149 1167 nisi
1167 1119 1441 1183 quantum
1464 1110 1590 1166 inde
1620 1109 1789 1164 Judas

182 1220 347 1261 unus
380 1221 447 1261 ex
492 1205 573 1261 eis
603 1204 815 1261 caeteris
850 1212 1064 1277 poterat
1092 1219 1354 1260 enarrare
1387 1201 1609 1258 Iudaeis.
1633 1201 1789 1256 Unde

182 1306 245 1351 et
277 1298 397 1368 ipse
421 1298 629 1368 justam
653 1298 735 1353 eis
761 1297 886 1352 inde
915 1295 1148 1353 reddens
1170 1295 1437 1350 rationem
1461 1312 1474 1349 :
1502 1293 1679 1365 Ligni,
1714 1284 1792 1369 in;

182 1389 342 1458 quit,
372 1388 637 1444 Dominici
666 1388 783 1443 vult
808 1386 991 1443 facere
1019 1386 1402 1459 quaestionem.
1442 1384 1519 1441 De
1557 1400 1668 1456 quo
1708 1393 1791 1440 ta-

182 1495 328 1535 men
364 1479 501 1534 nihil
541 1479 768 1536 omnino
831 1479 1048 1535 dixerat
1082 1494 1204 1533 esse
1246 1475 1642 1547 conscriptum,
1684 1475 1789 1530 nisi

180 1580 467 1639 quantum
490 1585 521 1625 a
543 1578 697 1641 patre
721 1585 824 1625 suo
842 1569 931 1624 vel
953 1584 1056 1624 avo
1084 1567 1191 1624 sibi
1223 1565 1495 1622 fatebatur
1527 1579 1648 1621 esse
1660 1580 1792 1634 prte-

179 1663 429 1735 dictum.
463 1662 699 1718 Proinde
749 1663 1072 1718 recordatus
1117 1661 1288 1732 patris
1332 1666 1388 1715 et
1440 1659 1526 1713 avi
1567 1657 1788 1723 veteris,

178 1757 503 1813 sententias
522 1772 713 1813 eorum
741 1756 908 1826 coepit
930 1755 1168 1810 enodare
1205 1752 1437 1818 caeteris,
1476 1749 1788 1805 Judmornm

177 1849 406 1905 scilicet
430 1864 496 1904 ac
517 1848 761 1921 gentium
783 1847 998 1919 populis
1019 1845 1330 1903 enarrando
1376 1842 1592 1919 duobus
1623 1841 1787 1912 quid-

177 1941 329 2012 quid
360 1941 486 2010 inde
515 1940 582 1997 de
604 1941 924 2012 parentibus
949 1939 1190 2011 percepit
1211 1937 1499 1993 ambobus.
1530 1934 1791 1994 Dixerant

176 2032 345 2088 enim
372 2031 498 2099 sibi,
536 2031 683 2102 quod
707 2032 821 2102 ipse
855 2040 911 2087 et
931 2030 1112 2086 omnis
1158 2028 1452 2101 posteritas
1502 2026 1651 2081 illius
1685 2026 1790 2081 hoc

178 2140 366 2180 nosse
386 2132 627 2195 poterat,
670 2124 818 2195 quod
848 2124 1290 2195 quandocunque
1333 2119 1618 2193 inquisitio
1657 2119 1789 2189 ligni

177 2216 371 2285 ﬁeret,
396 2232 568 2289 genus
594 2231 784 2273 eorum
812 2216 1049 2288 amplius
1074 2230 1305 2287 regnare
1325 2228 1434 2269 non
1464 2212 1663 2276 valeat,
1693 2208 1789 2266 sed

177 2323 427 2378 regnum
463 2323 657 2363 eorum
684 2305 1129 2363 transferendum
1161 2314 1305 2362 esset
1326 2306 1380 2360 in
1405 2304 1641 2361 salutem
1669 2319 1789 2358 cre-

176 2401 464 2469 dentium,
502 2401 569 2457 de
606 2415 718 2471 quo
750 2400 1016 2471 scriptum
1051 2408 1137 2456 est
1165 2418 1179 2454 :
1211 2399 1428 2454 Domini
1457 2408 1535 2454 est
1568 2413 1788 2469 regnum

175 2501 229 2546 et
274 2493 390 2562 ipse
416 2492 782 2547 dominabitur
811 2492 1047 2564 gentium
1083 2489 1259 2564 (Psal.
1290 2488 1426 2560 XXI).

825 2601 1057 2667 CAPUT
1095 2602 1184 2665 Vl.

178 2696 367 2752 Beata
403 2696 605 2753 Helena
641 2705 807 2752 morte
829 2690 1128 2770 plectendos
1154 2697 1366 2770 ignique
1407 2697 1784 2770 Jndwosillos

257 2770 572 2840 cremandos
604 2778 796 2836 censet,
816 2768 907 2840 qui
931 2768 988 2824 S.
1028 2768 1234 2823 crucem
1263 2768 1532 2823 Ostendere
1565 2769 1783 2836 nollent,

256 2839 566 2911 ludumque
577 2841 634 2894 in
654 2840 780 2894 lacu
802 2839 999 2910 septem
1023 2840 1208 2894 diebus
1225 2841 1424 2893 servari
1449 2842 1714 2911 prwcipit.

254 2954 470 3027 Regina
492 2964 673 3011 autem
713 2970 980 3012 revocans
1004 2955 1074 3011 ad
1113 2970 1173 3011 se
1215 2970 1432 3010 omnem
1464 2953 1781 3011 Judreorum

179 3048 500 3117 cohortem,
538 3048 708 3104 vitam
742 3047 825 3123 eis
858 3046 1200 3119 proponebat
1236 3062 1302 3103 ac
1335 3054 1589 3112 mortem,
1615 3046 1783 3101 vitam

179 3136 425 3212 scilicet,
460 3137 506 3194 si
542 3138 753 3209 lignum
776 3138 960 3194 crucis
989 3136 1372 3203 ostenderent,
1411 3144 1645 3191 mortem
1680 3152 1782 3192 au-

178 3236 303 3282 tem
329 3226 378 3282 si
413 3226 795 3283 demonstrare
823 3234 1259 3284 contemnerent.
1301 3227 1407 3282 Sed
1438 3241 1565 3282 eum
1614 3226 1781 3283 corda

180 3338 387 3378 eorum
427 3322 497 3378 ad
546 3322 664 3378 haec
703 3322 960 3378 indurata
996 3321 1253 3389 fuissent,
1285 3331 1340 3378 et
1366 3338 1430 3378 ea
1481 3338 1605 3402 quae
1638 3321 1782 3378 scie-

179 3415 326 3471 bant
379 3430 438 3471 se
485 3415 703 3471 nescire
729 3415 1027 3484 dixissent,
1057 3429 1125 3471 eo
1163 3416 1397 3473 celerius
1418 3431 1514 3473 eos
1541 3432 1663 3487 quae
1696 3415 1782 3471 di-

182 3505 370 3562 cenda
395 3514 554 3562 erant
580 3506 765 3563 dicere
802 3507 1053 3578 cogebat,
1102 3522 1214 3579 quo
1251 3507 1416 3563 citius
1470 3507 1540 3563 ab
1577 3507 1658 3563 eis
1687 3520 1785 3562 vo—

179 3598 295 3653 luit
322 3598 465 3654 scire
515 3597 662 3669 quod
689 3598 988 3655 nesciebat.
1043 3598 1149 3655 Sed
1178 3615 1305 3656 eum
1353 3600 1557 3655 veritas
1599 3600 1679 3655 rei
1715 3599 1785 3655 ab

181 3691 274 3747 eis
298 3691 451 3747 nulla
480 3691 694 3749 ratione
721 3702 906 3764 posset
941 3693 1291 3763 investigari,
1326 3682 1590 3748 continuo
1618 3692 1787 3764 jussit

185 3798 394 3839 omnes
424 3783 551 3855 igne
576 3784 839 3852 cremari,
868 3792 930 3839 ut
959 3784 1045 3839 vel
1083 3784 1165 3840 sic
1193 3798 1292 3841 eos
1316 3793 1536 3855 cogeret
1559 3785 1785 3842 monitis

183 3875 420 3930 obedire
453 3875 675 3943 divinis,
698 3892 839 3945 quos
861 3875 931 3932 ad
968 3876 1076 3932 hoc
1110 3892 1213 3933 nec
1256 3877 1646 3933 blandimentis
1682 3892 1785 3949 po-

181 3974 336 4023 terat
360 3982 662 4038 provocare
684 3982 783 4024 nec
804 3967 989 4024 minis.
1015 3966 1190 4024 Judaei
1204 3976 1386 4024 autem
1412 3968 1633 4024 sibimet
1661 3959 1791 4024 inde

182 4058 472 4125 timentes,
522 4066 577 4114 et
622 4059 806 4115 vivere
850 4058 1036 4130 potius
1089 4074 1257 4129 quam
1303 4059 1446 4113 m'ori
1478 4059 1782 4129 cupientes,

182 4150 437 4219 tandem,
469 4151 537 4207 ad
564 4152 957 4208 ostendendam
993 4150 1096 4207 sibi
1130 4151 1415 4206 veritatem
1436 4151 1661 4217 nudam,
1685 4166 1786 4221 pro

188 4259 257 4300 se
286 4243 548 4298 omnibus
588 4241 930 4299 tradiderunt
953 4242 1173 4300 Judam.
1199 4242 1373 4311 Quem
1406 4259 1532 4298 cum
1552 4259 1656 4299 nec
1676 4242 1784 4297 mi-

182 4337 281 4392 nis
310 4345 536 4404 terrere,
568 4352 671 4405 nec
697 4336 1092 4393 blandimentis
1114 4336 1184 4392 ad
1208 4338 1317 4393 hoc
1335 4344 1520 4407 posset
1542 4336 1782 4399 allicere,
1830 4399 1834 4403 η

184 4437 257 4484 ut
285 4430 403 4485 veri
431 4429 639 4501 aliquid
681 4429 809 4485 inde
844 4414 1007 4485 vellet
1053 4429 1257 4497 dicere,
1292 4429 1555 4485 continuo
1603 4428 1770 4483 suscic

1960 538 2093 605 buit.

1956 650 2065 707 Pro
2088 652 2193 707 hac
2234 651 2404 723 igitur
2454 667 2644 719 causa,
2686 667 2810 708 eum
2843 653 2994 721 illuc,
3024 655 3118 708 ubi
3161 655 3314 711 locus
3352 660 3475 713 erat

1888 743 2173 809 Calvariaa,
2221 741 2465 813 undique
2503 743 2878 798 concurrisset
2929 743 3089 798 turba
3120 744 3294 815 plebis
3333 744 3474 801 bifa-

1888 836 2006 903 riae,
2039 836 2362 891 contrahere
2394 851 2522 905 pars
2559 836 2726 906 coepit
2769 836 2837 891 ad
2877 846 3109 906 partem,
3130 852 3219 891 'ne
3249 852 3345 908 per
3370 839 3475 894 ,ιυ-

1889 930 2131 985 daeorum
2163 929 2494 999 impietatem
2518 943 2610 984 ars
2652 929 2931 999 deluderet
2958 938 3152 984 artem.
3189 927 3359 985 ludas
3378 946 3478 985 au-

1892 1030 1998 1078 tem
2024 1023 2164 1078 inter
2188 1032 2414 1078 etcteros
2442 1031 2597 1077 stans
2625 1021 2681 1076 in
2709 1029 3004 1092 conspectu
3028 1021 3263 1076 filiorum
3288 1022 3479 1076 homi-

1891 1130 2048 1180 num,
2082 1130 2149 1169 εχ
2186 1115 2381 1169 intimo
2403 1115 2587 1171 cordis
2606 1115 2911 1169 orationem
2945 1114 3088 1168 hanc
3118 1112 3259 1168 fudit
3278 1113 3346 1167 ad
3374 1112 3485 1167 Do-

1891 1207 2123 1272 minum,
2165 1215 2438 1277 quatenus
2478 1207 2596 1277 ipse
2638 1207 2743 1263 sibi
2794 1214 3105 1262 monstrare
3161 1205 3485 1277 dignaretur

1891 1299 1985 1355 ubi
2021 1308 2169 1356 esset
2196 1299 2379 1354 crucis
2415 1297 2717 1369 Dominicte
2753 1298 2924 1365 fossa,
2961 1299 3057 1369 qni
3081 1297 3255 1370 Moysi
3302 1312 3486 1368 quon-

1891 1392 2016 1447 dam
2057 1392 2231 1464 patris
2281 1392 2458 1447 nostri
2513 1390 2717 1462 Joseph
2764 1390 3056 1446 ostendere
3103 1390 3362 1461 dignatus
3394 1396 3482 1449 est

1890 1499 2037 1540 ossa.
2072 1484 2199 1551 Sed,
2230 1484 2493 1555 quoniam
2517 1484 2765 1553 ejusdem
2786 1482 2895 1538 loci
2929 1490 3140 1538 certum
3179 1497 3288 1536 non
3329 1489 3481 1551 pote-

1889 1585 1977 1632 rat
2002 1577 2245 1632 invenire
2270 1576 2579 1648 vestigium,
2609 1576 2714 1631 nisi
2741 1575 2925 1630 divina
2947 1576 3122 1646 pictas
3144 1574 3367 1630 cwlestc
3386 1572 3484 1628 ali~

1891 1669 2035 1740 quod
2065 1667 2628 1723 vellet'dcmonstrare
2648 1666 3007 1737 prodigium,
3032 1666 3156 1720 ideo
3198 1666 3266 1721 ad
3302 1665 3484 1720 infera

1893 1761 2151 1815 mandem
2196 1775 2305 1819 non
2331 1757 2668 1814 credentium
2691 1772 2841 1827 spem
2868 1764 2923 1812 et
2945 1756 3481 1811 eredentiumlidem

1893 1853 2076 1911 subito
2101 1852 2256 1907 locus
2295 1858 2609 1907 commotus
2636 1857 2722 1905 est
2752 1849 2918 1904 idem.
2949 1846 3180 1918 Insuper
3213 1847 3379 1903 etiam
3410 1846 3480 1903 ad

1891 1943 2281 2000 declarandum
2315 1942 2615 1998 Dominicte
2662 1941 2846 1997 crucis
2886 1939 3119 2011 lignum,
3163 1938 3311 1994 aliud
3352 1953 3483 1993 con-

1894 2036 2047 2093 tinuo
2106 2045 2354 2091 secutum
2415 2044 2500 2091 est
2575 2034 2826 2107 signum,
2897 2031 3031 2087 dum
3085 2031 3153 2086 ad
3214 2030 3482 2110 edoman-

1890 2129 2021 2184 dum
2080 2143 2176 2182 cor
2231 2125 2545 2181 Judaaorum
2604 2124 2953 2189 indomitum,
3012 2121 3197 2177 statim
3252 2121 3320 2176 de
3385 2134 3482 2177 eo~

1890 2222 2013 2277 dem
2046 2220 2169 2276 loco
2191 2219 2380 2274 fumus
2415 2217 2666 2273 ascendit
2700 2223 3033 2275 aromatum.
3064 2212 3235 2269 Judas
3269 2220 3477 2277 autem,

1891 2315 1985 2387 qui
2007 2315 2161 2386 prius
2186 2313 2327 2368 inter
2349 2326 2502 2382 spem
2538 2310 2806 2381 pendebat
2842 2318 2898 2363 et
2938 2317 3170 2373 metum,
3201 2321 3302 2376 pro
3351 2320 3484 2360 mmo

1890 2425 2017 2466 rore
2049 2407 2214 2479 coepit
2242 2406 2447 2462 habere
2481 2402 2771 2477 gaudium,
2810 2410 2866 2457 et
2896 2415 2999 2472 pro
3039 2399 3245 2471 gaudio
3269 2398 3478 2464 ﬂetum,

1889 2504 2098 2577 gratias
2146 2500 2397 2558 videlicet
2426 2513 2595 2570 agens
2631 2496 2744 2552 Deo
2780 2496 2835 2552 in
2875 2494 3150 2550 universis
3208 2507 3335 2563 qua:
3363 2490 3482 2561 glo-

1888 2598 2037 2655 riose
2067 2597 2271 2652 fiebant
2305 2593 2376 2649 ab
2398 2608 2484 2648 eo.
2529 2591 2737 2661 Deinde
2769 2590 2839 2645 ad
2867 2598 3070 2645 terram
3111 2601 3170 2643 sc
3208 2586 3483 2640 inclinans

1889 2685 2192 2751 humiliter,
2231 2678 2471 2737 fossorio
2508 2686 2749 2748 arrepto,
2787 2675 2975 2732 fodere
3005 2672 3172 2743 coepit
3201 2671 3431 2726 viriliter
3464 2687 3479 2724 :

1889 2777 1983 2834 sed
2005 2785 2060 2831 et
2089 2774 2182 2830 alii
2229 2779 2352 2843 post
2396 2770 2534 2826 alios
2564 2777 2678 2823 tam
2703 2768 2798 2822 diu
2820 2783 2947 2822 cum
2985 2781 3054 2822 eo
3101 2762 3288 2818 fodere
3306 2774 3485 2829 coepce

1889 2874 2021 2923 runt
2064 2877 2353 2934 usquequo
2402 2875 2503 2931 pro
2545 2873 2657 2915 una
2708 2872 2893 2922 cruce,
2926 2871 3095 2927 quam
3141 2851 3480 2924 quaerebant,

1887 2971 2002 3018 tres
2044 2961 2251 3032 pariter
2300 2958 2650 3013 invenerunt.
2694 2951 2740 3008 0
2767 2969 2935 3024 quam
2971 2951 3113 3007 mira
3141 2959 3197 3005 et
3235 2939 3482 3005 inaudita

1886 3072 1998 3123 res,
2022 3053 2171 3127 quod
2185 3052 2328 3109 crux'
2338 3066 2448 3106 una
2464 3048 2831 3119 quaerebatur,
2853 3055 2908 3102 et
2932 3046 3166 3101 inventae
3192 3046 3321 3099 sunt
3346 3050 3479 3107 tres,

1810 3163 1856 3223 ρ
1886 3141 2141 3224 quamvis
2162 3153 2263 3210 pro
2288 3132 2673 3224 illuminandis
2701 3130 2950 3224 fidelium
2983 3128 3274 3224 animabus
3310 3127 3478 3181 multo

1881 3219 2175 3308 pretiosior
2222 3234 2368 3285 esset
2395 3240 2505 3281 una
2536 3222 2779 3285 duabus!
2831 3220 2988 3281 Unde
3014 3219 3216 3274 mirum
3259 3226 3483 3275 nonest

1882 3330 2029 3403 quod
2060 3328 2205 3384 idem
2226 3324 2399 3381 Judas
2432 3325 2575 3379 inter
2599 3320 2738 3381 alios
2773 3316 3101 3372 sollicitatus
3122 3320 3237 3367 ‘est
3269 3310 3482 3403 primus

1883 3402 2016 3495 quid
2038 3419 2142 3478 sibi
2156 3417 2428 3490 agendum
2442 3423 2586 3471 esset
2605 3428 2669 3468 ex
2694 3409 2951 3495 crucibus
2970 3406 3170 3472 tribus,
3184 3402 3478 3495 quoniam,

1885 3494 2029 3571 sicut
2076 3526 2145 3567 ex
2179 3507 2471 3580 Synagoga
2522 3494 2851 3561 Judznorum'
2902 3497 3088 3569 plures
3137 3494 3479 3561 allirmavere

1883 3606 2077 3672 Judaei,
2109 3603 2232 3659 dum
2253 3616 2445 3658 cruces
2466 3604 2625 3654 erant
2643 3597 2938 3658 latronum,
2963 3599 3017 3646 et
3043 3588 3199 3644 tertia
3234 3586 3352 3641 Dei.
3389 3582 3483 3639 Sic

1885 3701 2054 3774 igitur
2081 3714 2207 3754 eum
2235 3695 2378 3751 inter
2400 3700 2480 3748 tot
2506 3705 2699 3747 cruces
2725 3686 2896 3744 ludas
2938 3686 3055 3756 ipse
3084 3681 3353 3737 nescisset
3386 3694 3485 3732 cu,

1884 3794 1978 3865 jus
2008 3799 2105 3848 aut
2131 3788 2293 3859 cujus
2323 3786 2416 3845 illa
2444 3785 2530 3841 vel
2564 3783 2658 3847 illa
2690 3780 2904 3847 fuisset,
2941 3776 3203 3834 continuo
3228 3778 3480 3865 mortuus

1885 3864 2109 3957 quidam
2139 3880 2502 3939 resuscitatus
2529 3877 2751 3942 ibidem,
2797 3889 2911 3944 prae,
2952 3868 3164 3928 caeteris
3196 3864 3476 3957 crucibus

1886 3954 2039 4032 cruci
2060 3971 2362 4028 Dominicae
2399 3968 2573 4039 magis
2617 3964 2909 4021 adhibebat
2949 3959 3133 4016 ﬁdem.
3186 3956 3298 4012 Nec
3332 3954 3480 4010 enim

1886 4070 2144 4125 humanae
2194 4066 2441 4137 ignotum
2485 4067 2632 4116 esset
2674 4057 2909 4113 solertia:
2959 4053 3092 4125 quid
3143 4048 3374 4106 honoris
3412 4062 3479 4101 ac

1887 4162 2204 4219 reverentiae
2226 4157 2440 4215 duabus
2454 4155 2675 4211 deberet
2700 4160 2795 4209 aut
2822 4150 2993 4207 tertia:
3011 4167 3026 4217 ;
3047 4148 3170 4203 ideo
3192 4153 3482 4217 postquam

1888 4255 2145 4312 eumdem
2166 4258 2448 4307 mortuum
2485 4248 2553 4302 ad
2583 4261 2748 4301 unam
2775 4252 2828 4300 et
2860 4242 3021 4298 aliam
3057 4254 3279 4295 crucem
3308 4250 3485 4307 popu-

1890 4350 1978 4404 lus
2002 4346 2238 4401 inaniter
2268 4342 2533 4406 admovit,
2561 4339 2823 4393 continuo
2848 4335 3020 4390 tertia:
3056 4333 3333 4394 admotus,
3365 4326 3483 4383 vir-

1890 4450 2062 4496 tutem
2106 4445 2311 4494 sanetae
2354 4434 2536 4489 crucis
2590 4429 2829 4499 agnovit,
2866 4434 3222 4498 posteaquam
3266 4421 3485 4476 duabus

186 4524 436 4595 piensde
459 4525 716 4581 omnibus
739 4540 936 4592 unum,
958 4540 1055 4596 per
1087 4533 1295 4596 septem
1325 4524 1443 4580 dies
1460 4523 1628 4594 jussit
1655 4538 1781 4577 eum

1893 4534 2043 4589 illum
2074 4530 2335 4587 crucibus
2368 4526 2528 4582 turba
2549 4521 2819 4595 pedestris
2865 4520 2922 4574 in
2967 4532 3169 4573 vanum
3213 4513 3483 4585 porrexit,

187 4617 251 4673 in
276 4618 399 4673 lacu
438 4618 643 4674 servari
689 4617 962 4689 jejunum,
987 4632 1302 4688 usquequo,
1347 4624 1553 4688 septem
1589 4615 1784 4672 diebus

189 4711 447 4778 evolutis,
472 4726 536 4766 ea
569 4710 778 4766 ratione
808 4711 933 4767 inde
969 4725 1029 4767 se
1060 4711 1362 4782 postularet
1392 4710 1575 4777 educi,
1605 4718 1665 4765 ut
1686 4709 1784 4765 de-

188 4803 366 4860 bitam
389 4804 707 4859 servitutem
753 4802 1055 4859 Dominicis
1085 4803 1425 4873 impenderet
1470 4818 1642 4858 eruet.
1678 4801 1784 4870 Qui

193 4911 324 4951 cum
359 4896 428 4951 ad
470 4896 587 4951 haec
628 4894 795 4951 verba
832 4895 901 4951 de
945 4895 1068 4950 lacu
1097 4894 1291 4951 fuisset
1320 4895 1572 4956 eductus.
1604 4894 1783 4950 contis

190 5001 307 5043 nuo
353 4985 686 5043 Christianis
734 4986 1017 5058 gaudium,
1050 4993 1106 5042 et
1147 4985 1351 5042 Iudaeis
1380 4996 1534 5043 ortus
1562 4987 1785 5043 estlucv

193 5088 317 5146 tus;
363 5081 628 5151 quoniam
672 5095 866 5135 omnes
902 5078 1098 5145 Judaei,
1132 5079 1228 5150 qui
1264 5087 1633 5135 convenerant
1681 5079 1774 5149 ibi,

194 5170 517 5226 invidebant
538 5172 717 5239 nobis,
745 5179 801 5227 et
835 5172 1102 5227 timebant
1131 5172 1259 5226 sibi.
1301 5156 1406 5227 Sed
1432 5172 1543 5239 ille,
1578 5172 1675 5243 qui
1699 5182 1784 5229 est

195 5262 347 5317 salus
387 5271 575 5319 nostra
601 5265 659 5319 in
681 5272 911 5335 tempore
955 5263 1325 5319 tribulationis
1366 5264 1543 5336 (Paul.
1569 5265 1779 5338 xxxvi),

196 5354 462 5411 misertus
484 5355 586 5423 eis,
618 5363 675 5411 et
701 5356 965 5412 misertus
988 5363 1073 5411 est
1096 5356 1278 5424 nobis,
1310 5357 1443 5412 dum
1483 5372 1783 5413 conversus

199 5446 415 5525 adgnos,
447 5455 501 5502 et
536 5463 793 5505 reversus
832 5449 900 5504 ad
934 5462 1050 5514 eos,
1081 5463 1143 5503 ea
1179 5447 1270 5504 die
1306 5448 1481 5504 voluit
1509 5447 1787 5505 lanificam

198 5536 567 5608 Christianos,
599 5548 654 5596 et
675 5541 986 5598 illuminare
1011 5540 1250 5597 Iudaeos.

795 5646 1039 5708 CAPUT
1068 5651 1178 5709 νη.

199 5762 374 5838 {udas
404 5764 545 5839 dein
601 5782 664 5820 ex
715 5765 836 5839 lactt
878 5776 1166 5832 extractus,
1212 5768 1355 5837 facta
1383 5768 1452 5822 ad
1503 5767 1788 5823 Dominum

272 5836 532 5906 oratione,
557 5846 658 5892 tres
698 5836 874 5893 cruces
915 5840 1145 5906 inrenit;
1204 5836 1348 5894 cruri
1396 5848 1571 5897 autem
1610 5839 1789 5896 Domi-

1889 4626 2077 4683 statim
2135 4622 2419 4695 appositus
2448 4625 2532 4673 est
2574 4615 2767 4680 tertiae,
2805 4621 2859 4668 et
2904 4610 3162 4668 surrexit.
3189 4606 3346 4664 Unde
3371 4622 3484 4661 non

1888 4717 2163 4772 immerito
2194 4714 2365 4769 Deum
2398 4709 2795 4765 benedixerunt
2831 4703 3037 4769 cuncti,
3070 4702 3273 4773 quibus
3303 4700 3482 4755 virtue

1889 4817 1997 4864 tem
2050 4806 2184 4878 ligni
2226 4801 2497 4858 Dominici
2524 4797 2859 4855 resurrectio
2888 4795 3190 4852 testabatur
3216 4790 3479 4859 defuncti,

1889 4903 2090 4958 merito
2131 4898 2298 4955 etiam
2332 4894 2630 4952 defunctus
2658 4893 2801 4948 idem
2831 4890 2883 4946 ei
2922 4905 3034 4961 prae
3070 4887 3281 4945 caeteris
3314 4886 3482 4940 bene—

1889 4996 2048 5061 dixit,
2079 4993 2175 5065 qui
2202 4991 2393 5047 eadem
2423 4988 2511 5044 die
2536 4993 2787 5042 mortuus
2813 4983 3014 5050 fuerat,
3041 4990 3097 5038 et
3118 4979 3333 5061 revixit.

2486 5097 2718 5157 CAPUT
2760 5097 2892 5154 Vill.

1890 5205 1970 5262 De
2013 5199 2337 5261 testimonio,
2365 5196 2504 5269 quod
2526 5189 3079 5269 sanctacrnchabnit
3115 5202 3239 5269 cunt
3262 5201 3297 5239 a
3320 5184 3480 5269 civis,

1965 5254 2276 5330 tumetiam
2295 5254 2584 5340 defunctis,
2623 5264 2768 5321 etde
2802 5259 3037 5333 spiritali
3075 5257 3273 5330 gaudio
3314 5254 3479 5310 beata

1964 5345 2205 5403 Helena.

1962 5462 2009 5520 0
2033 5460 2334 5534 pretiosum
2362 5465 2417 5514 et
2439 5449 2760 5512 admirabile
2792 5445 3034 5520 lignum!
3063 5458 3097 5499 ο
3131 5443 3341 5516 lignum
3380 5454 3481 5498 an-

1893 5556 2068 5631 gelico
2097 5565 2154 5609 et
2175 5554 2415 5607 humano
2435 5544 2711 5620 praeconio
2745 5541 2996 5614 dignum,
3028 5552 3128 5608 per
3154 5535 3321 5631 quod
3332 5533 3478 5631 dum

1895 5627 2121 5722 antiqua
2150 5646 2417 5701 Divinitas
2434 5652 2489 5697 et
2505 5642 2632 5697 vita:
2655 5635 2893 5694 reddidit
2909 5642 3210 5697 mortuum,
3225 5637 3281 5685 et
3308 5627 3478 5684 liber-

1895 5747 1993 5803 tati
2019 5743 2319 5816 captivum,
2354 5740 2492 5794 bene
2511 5734 2813 5793 declaravit
2837 5734 2966 5806 quia
2989 5733 3195 5803 lignum
3221 5725 3353 5783 illud
3367 5736 3480 5783 non

1900 5846 2182 5899 mortuum
2240 5831 2545 5900 videbatur,
2582 5829 2677 5885 sed
2715 5827 2929 5886 vivum!
2956 5824 3001 5883 0
3034 5839 3169 5881 crux
3223 5833 3383 5881 sacra
3423 5821 3483 5877 ot
