3960 6316
1442 305 1832 365 namcosn
1869 301 2165 363 ABBATIS
2204 300 2263 358 s.
2299 296 2551 356 naxnu
2587 276 2878 356 maria;

3718 364 3727 377 ι

514 430 881 493 venerabilis!
905 416 943 487 '0
967 445 1105 487 crux
1142 426 1381 502 gloriosa
1423 433 1480 481 et
1503 406 1864 489 admirabilis,
1911 419 2000 476 cui
2046 428 2107 474 ut
2135 431 2184 485 Α
2209 414 2543 473 desiderium
2596 430 2659 470 ea
2704 412 2842 468 hora
2898 410 3223 471 comedendi
3258 410 3422 470 etiam
3456 409 3741 470 dimitterent

490 527 741 585 debitus
798 524 978 581 honor
1026 523 1380 581 exhiberetur
1424 536 1457 574 a
1491 516 1730 584 cunctis,
1768 513 2107 586 praeconium

519 620 761 679 habebat
814 634 883 677 ex
921 617 1080 685 vivis,
1126 626 1181 675 et
1219 612 1609 673 testimonium
1633 627 1703 668 ex
1729 610 2037 668 defunctis!
2062 605 2108 662 Ο

517 713 920 775 intestimabilis
957 711 1181 769 dilectio
1235 708 1542 776 cbaritatis,
1589 722 1624 762 ο
1660 704 1954 761 ineﬂabilis
1989 703 2107 759 dis-

516 806 771 880 pensatio
797 803 1000 862 divinae
1030 801 1270 874 pietatis,
1298 815 1424 872 quae
1451 814 1548 871 per
1575 812 1840 853 arcanum
1869 795 2111 865 antiquae

520 896 1181 962 Divinitatisconsilium,
1201 894 1257 948 in
1270 899 1514 948 mortem
1549 889 1734 945 crucis
1754 904 1853 960 pro
1887 888 2111 945 homine

516 992 717 1064 Deum,
746 1002 802 1049 et
825 1008 927 1064 pro
948 1007 1107 1049 servo
1122 990 1345 1046 tradidit
1359 988 1580 1054 Filium,
1605 994 1661 1041 ut
1686 994 1811 1057 post
1836 984 2108 1041 devictam

508 1084 764 1154 ejusdem
795 1084 992 1140 mortis
1021 1083 1396 1148 acerbitatem,
1440 1095 1634 1136 servus
1678 1077 2018 1143 libertatem,
2055 1083 2111 1131 et

513 1174 666 1232 ﬁlius
688 1175 961 1246 reciperet
981 1174 1388 1233 hereditatem!
1423 1171 1685 1227 Videlicet
1702 1170 1893 1227 eadem
1925 1184 2111 1226 sacra-

516 1267 732 1324 tissima
768 1273 903 1325 crux
932 1269 1177 1324 humano
1208 1283 1321 1323 non
1370 1266 1613 1338 indigeat
1648 1263 1946 1335 praeconio,
1988 1277 2113 1333 quae

514 1360 842 1433 prophetico
869 1368 926 1416 et
946 1360 1265 1433 evangelieo
1302 1359 1448 1414 ultro
1491 1355 1908 1413 commendatur
1954 1353 2109 1410 testi-

516 1451 736 1523 moniof,
796 1452 1025 1524 dignum
1067 1461 1247 1507 tamen
1314 1459 1400 1507 est
1439 1458 1500 1505 ut
1539 1464 1644 1506 nos
1688 1464 1757 1504 eo
1806 1447 2111 1503 studiosius

514 1542 681 1599 laude
700 1559 1103 1615 prosequamur
1132 1545 1423 1611 immensa,
1451 1557 1563 1613 quo
1586 1542 1642 1597 in
1665 1557 1730 1597 ea
1748 1542 1898 1597 salus
1922 1548 2111 1595 nostra

515 1635 759 1707 quodam
780 1636 1070 1695 videbatur
1098 1651 1223 1693 esse
1253 1650 1545 1706 suspensa.
1580 1633 1710 1690 Haec
1729 1633 1876 1689 enim
1905 1641 1991 1689 est
2020 1632 2111 1689 illa

515 1743 676 1799 crux,
700 1744 824 1799 quae
852 1730 957 1785 sub
993 1727 1223 1785 Iudaica
1266 1729 1488 1785 detenta
1526 1728 1622 1784 diu
1676 1726 2006 1797 captivitate,
2041 1725 2111 1780 ab

515 1817 722 1887 ﬂeleua
742 1821 934 1898 regina
957 1821 1123 1877 hodie
1152 1821 1417 1893 probatur
1434 1816 1683 1888 inventa;
1711 1828 1773 1875 ut
1800 1828 1856 1875 et
1884 1834 1985 1875 nos
2007 1818 2112 1875 hoc

514 1912 769 1983 exemplo
808 1913 1149 1982 commoniti,
1194 1914 1252 1968 in
1284 1913 1433 1971 illius
1459 1912 1637 1970 forma
1658 1902 1994 1970 'studeamus
2022 1912 2112 1966 in-

515 2004 715 2060 veniri.
748 2002 877 2062 Haec
904 2015 991 2062 est
1017 2007 1110 2062 illa
1133 2022 1290 2075 crux,
1321 2007 1379 2063 in
1415 2023 1526 2079 qua
1555 2005 1652 2062 Dei
1692 2005 1866 2062 Filius
1888 2004 2111 2062 exaltu-

516 2102 632 2165 tus,
655 2097 824 2152 traxit
848 2099 1035 2154 omnia
1066 2114 1253 2154 secum
1283 2098 1469 2171 (Ιοιιη.Δ
1500 2098 1599 2169 xu)
1619 2140 1633 2165 ,
1657 2098 1726 2153 de
1754 2113 1865 2170 quo
1887 2096 2115 2170 angelus

520 2186 594 2244 ad
614 2185 863 2244 Mariam.
880 2189 1009 2259 Are,
1033 2190 1232 2262 inquit,
1254 2192 1430 2263 gratia
1455 2190 1629 2262 plena,
1658 2189 1913 2247 Dominus
1943 2197 2115 2243 tecum

520 2279 680 2354 (Luc.
716 2282 779 2355 ι).
809 2280 939 2340 Haec
991 2294 1075 2340 est
1122 2285 1289 2340 etiam
1333 2284 1427 2339 illa
1459 2299 1616 2340 sacra
1659 2293 1714 2338 et
1761 2280 2114 2338 celeberrima

518 2389 679 2444 crux,
714 2375 771 2431 in
797 2392 905 2448 qua
934 2376 1029 2433 lux
1057 2378 1148 2433 illa
1175 2379 1463 2450 pependit,
1488 2394 1611 2450 qum
1631 2377 1769 2434 dixit
1798 2396 1812 2433 :
1840 2376 1969 2431 Fiat
1999 2376 2115 2443 lux,

521 2476 577 2523 et
605 2468 752 2539 facta
766 2479 846 2529 est
875 2470 972 2525 tua:
999 2470 1153 2543 (Gen.
1181 2472 1242 2543 ι),
1269 2482 1332 2528 ut
1361 2473 1481 2544 ipse
1510 2488 1613 2529 nos
1642 2488 1829 2529 secum
1858 2472 1926 2528 ad
1954 2479 2115 2527 arter-

521 2575 653 2617 nam
684 2562 1007 2632 perduceret
1031 2565 1233 2633 lucem,
1263 2566 1359 2636 qui
1390 2581 1492 2637 pro
1520 2566 1681 2623 nobis
1712 2565 1900 2621 subire
1923 2564 2117 2636 digna-

519 2666 614 2714 tus
637 2668 722 2715 est
741 2660 947 2728 clavos,
970 2661 1221 2717 lanceam
1243 2671 1300 2717 et
1325 2658 1716 2717 crucem.'llmc
1738 2668 1825 2716 est
1844 2661 1933 2714 illa
1959 2674 2114 2725 crux,

512 2762 829 2821 quae,3icut
855 2769 1028 2809 sacra:
1051 2755 1349 2825 Scriptum
1381 2761 1659 2810 testantur
1694 2759 2058 2818 sacramenta,
2086 2765 2118 2806 a

485 2858 491 2865 '
523 2841 685 2899 beata
713 2843 916 2901 Helena
938 2847 1127 2918 regina
1152 2847 1483 2917 praedicatur
1512 2847 1755 2913 inventa,
1789 2842 2119 2916 evangelicis

520 2934 781 2992 videlicet
811 2936 996 2993 verbis
1024 2937 1188 2993 hodie
1212 2938 1268 2993 in
1298 2954 1363 2993 ea
1394 2938 1701 3008 completis,
1734 2936 1938 3009 quibus
1975 2934 2116 2990 diei-

522 3034 618 3082 tur
650 3046 665 3084 :
693 3027 868 3084 Petite
894 3038 944 3084 et
974 3031 1268 3101 accipietis,
1294 3032 1518 3102 quwritc
1539 3040 1607 3085 et.
1625 3029 1900 3085 invenietis
1932 3026 2115 3102 (Joan.

414 3198 421 3205 ἢ
526 3119 664 3192 xvi).
697 3120 824 3189 Sed,
849 3139 1015 3193 quam
1046 3124 1168 3179 lmta
1191 3124 1275 3180 vel
1306 3124 1499 3181 hilaris
1524 3124 1714 3180 eadem
1747 3123 1934 3196 regina
1957 3122 2120 3179 hodie

518 3211 719 3271 fuisset
745 3215 958 3283 eﬂ'ecta,
1000 3217 1222 3288 quando
1265 3233 1403 3297 crux
1442 3216 1726 3274 Dominica
1771 3232 1994 3273 sursum
2046 3217 2116 3272 de

522 3314 671 3363 terra
694 3309 980 3367 videbatur
1002 3319 1207 3379 erecta,
1233 3313 1418 3369 nullus
1443 3312 1673 3368 omnino
1710 3311 1911 3383 poterit
1952 3311 2114 3377 scire,

524 3400 634 3456 nisi
660 3401 755 3472 qui
786 3401 842 3456 in
888 3402 1031 3459 libro
1065 3404 1188 3471 vita:
1227 3414 1435 3475 septem
1477 3405 1759 3477 signacula
1792 3404 1944 3459 solus
1966 3403 2120 3459 novit

523 3493 755 3561 aperire.
793 3492 949 3549 Unde
996 3504 1057 3551 ut
1081 3498 1228 3567 q-tod
1271 3498 1418 3554 bono
1450 3499 1751 3568 inemptum
1789 3507 1876 3553 est
1931 3498 2119 3554 omine

525 3585 673 3640 bono
694 3587 1039 3644 clauderetur
1070 3599 1124 3645 et
1150 3591 1276 3658 ﬁne,
1308 3592 1535 3664 dignum
1569 3591 1670 3647 fuit
1726 3600 1787 3647 ut
1810 3592 2120 3662 pulcherri—

527 3692 681 3733 mum
706 3678 843 3736 illud
869 3681 1078 3738 donum
1119 3684 1507 3754 pulcherrima:
1545 3685 1786 3756 primum
1813 3680 2127 3741 deferretur

530 3769 757 3840 reginae,
812 3782 1085 3843 quatenus
1113 3776 1302 3846 gratia:
1329 3766 1571 3833 caelestis
1613 3766 1939 3839 archisterio
1968 3771 2121 3850 prior

524 3870 675 3918 esset
699 3863 753 3917 in
784 3863 952 3934 dono,
975 3882 1099 3946 quin
1127 3867 1305 3937 major
1333 3875 1453 3925 erat
1489 3868 1740 3939 imperio.

1145 4002 1391 4059 CAPUT.
1412 3988 1505 4059 1x.

525 4112 744 4182 Quanto
770 4112 899 4168 cleri
931 4124 982 4168 et
1006 4114 1199 4190 populi
1233 4115 1412 4190 studio
1449 4123 1499 4190 et
1529 4114 1814 4171 alacritate
1849 4126 2122 4190 exceptum

546 4195 553 4203 ‘
969 4185 1040 4240 sit
1069 4186 1227 4241 vitale
1249 4187 1422 4241 crucis
1457 4186 1678 4258 lignum.

592 4299 818 4355 Interim
849 4308 1055 4368 autem,
1091 4299 1222 4355 dum
1262 4316 1360 4371 per
1394 4310 1637 4357 salutare
1680 4303 2004 4375 mysterium
2040 4321 2122 4360 re-

522 4393 696 4464 spexit
735 4391 994 4448 Dominus
1028 4409 1186 4464 super
1227 4394 1368 4465 filios
1404 4393 1679 4449 hominum
1716 4394 1898 4466 (Psal,
1920 4397 2119 4469 xxx"),

520 4484 698 4559 turbae
719 4487 1167 4544 concurrentium
1200 4488 1526 4558 populorum
1565 4487 1621 4542 in
1666 4488 1887 4560 hymnis
1907 4499 1964 4544 ct
1989 4504 2124 4545 con,

522 4576 862 4654 fessionibus
892 4579 1290 4645 benedicebant
1323 4579 1617 4636 Dominum
1642 4597 1655 4634 :
1689 4581 1917 4652 insuper
1947 4581 2117 4638 etiam

524 4684 631 4761 pro
661 4673 957 4727 ‘salutando
979 4681 1224 4742 ejusdem
1248 4675 1508 4730 salutaris
1535 4682 1724 4745 gratia:
1757 4688 1960 4742 ioculo,
1984 4690 2118 4730 con-

527 4763 691 4843 tinuo
718 4762 865 4832 facta
901 4774 987 4821 est
1032 4765 1218 4821 latitia
1266 4782 1467 4838 magna
1518 4766 1573 4831 in
1608 4767 1831 4838 populo.
1879 4766 2118 4833 Exclusa

526 4855 677 4923 enim
709 4854 937 4925 antiqua
962 4854 1275 4912 Judmorum
1310 4858 1559 4931 perﬁdia,
1593 4858 1854 4929 spiritalis
1882 4859 1956 4915 ibi
1982 4875 2117 4929 can-7

526 4945 625 5021 tici
655 4946 867 5003 cithara
905 4954 962 5005 et
995 4945 1134 5018 lyra,
1177 4955 1495 5019 tympanum
1543 4951 1823 5007 resonavit
1859 4967 1925 5007 ac
1953 4950 2116 5019 tibia;

526 5040 793 5115 quoniam
828 5046 888 5095 ut
914 5038 1130 5119 nullius.
1145 5038 1517 5120 professionis
1532 5052 1628 5099 aut
1656 5043 1836 5101 aetatis
1872 5058 2117 5116 congrua

528 5131 606 5207 ibi
639 5133 857 5213 deesset
878 5148 1136 5209 persona,
1176 5134 1306 5205 illuc
1331 5136 1548 5195 vicinus
1569 5148 1624 5195 et
1643 5138 1843 5207 incola,
1871 5138 2117 5212 peregri-

528 5239 638 5303 pus
685 5227 930 5303 accurrit
967 5235 1024 5285 ct
1074 5227 1284 5284 advena
1316 5244 1331 5281 :
1370 5237 1431 5286 ut
1465 5230 1611 5287 sicut
1638 5232 1822 5290 nullus
1859 5248 2053 5289 eorum
2085 5248 2118 5288 a

514 5318 697 5388 .culpa
722 5318 1010 5377 videbatur
1032 5321 1296 5379 immunis
1312 5364 1329 5390 ,
1353 5321 1435 5379 sic
1459 5324 1648 5379 eadem
1674 5326 1848 5397 gratia
1874 5326 2119 5398 singula-

532 5410 619 5489 ris
634 5414 894 5471 omnibus
916 5417 1094 5487 possit
1117 5428 1242 5474 esse
1259 5417 1589 5479 communis.
1603 5417 1856 5486 Quantus
1888 5419 1963 5476 ibi
1986 5435 2119 5479 con-

531 5518 737 5574 cimus
761 5515 910 5564 esset
933 5508 1172 5580 gentium
1183 5517 1239 5567 et
1250 5507 1579 5581 populorum
1611 5508 1818 5577 laetitia,
1840 5509 2119 5581 percipere

529 5611 645 5669 non
676 5606 859 5668 potest
895 5601 1118 5659 auditus
1159 5602 1411 5671 aurium,
1460 5617 1563 5659 nec
1606 5600 1761 5658 visus
1796 5602 2115 5672 oculorum;

532 5690 797 5773 quoniam
826 5709 1019 5750 omnes
1045 5695 1139 5766 qui
1172 5696 1420 5766 aderant,
1457 5704 1670 5753 tantum
1719 5694 1797 5752 ibi
1836 5695 2117 5767 gaudium,

534 5776 861 5873 Mque
904 5784 1517 5873 imbue-redripudium,
1553 5800 1612 5847 ut
1657 5797 1876 5873 propter
1904 5787 2120 5857 videndi

2212 508 2475 566 studium.
2508 505 2634 577 Ubi,
2689 507 2821 571 dum
2864 505 3000 562 alter
3028 506 3255 563 alterius
3281 506 3553 562 invidebat
3579 506 3743 564 velad—

2211 602 2330 669 tati,
2355 601 2553 658 aemula
2583 599 2747 656 [iebat
2771 599 3015 655 charitas
3042 598 3316 666 charitati,
3348 598 3564 670 quando
3594 600 3656 655 ad
3682 602 3743 655 vi-

2209 694 2442 752 dendam
2465 693 2712 765 ejusdem
2738 692 2981 749 caelestis
3014 692 3259 765 mysterii
3281 692 3613 765 dignitatem,
3643 694 3743 749 cha-

2210 788 2348 843 ritas
2373 786 2539 857 coepit
2568 784 2847 842 retardare
2871 784 3217 840 charitatcm.
3240 782 3285 840 0
3316 784 3582 841 laudabile
3598 785 3748 843 divor-

2210 881 2373 949 tium,
2402 889 2458 936 et
2486 878 2810 936 admirabile
2835 877 3251 944 commercium,
3278 877 3331 932 in
3350 891 3465 947 quo
3492 892 3670 934 cursus
3685 894 3750 934 ve.

2210 974 2414 1031 locium
2430 988 2661 1030 cursum
2702 971 3005 1029 retardavit
3035 969 3318 1038 inertium,
3364 970 3461 1025 ubi
3484 970 3603 1026 licet
3636 971 3751 1027 velo-

2212 1067 2389 1125 ciores
2415 1065 2620 1138 quique
2658 1063 2940 1122 retardare
2976 1063 3295 1120 viderentur
3327 1062 3553 1132 inertes,
3576 1062 3755 1134 utrique

2214 1165 2396 1215 tamen
2428 1158 2620 1230 gratiae
2649 1157 2746 1214 Dei
2780 1172 3129 1229 nequaquam
3159 1156 3490 1218 videbantur
3527 1165 3751 1227 experta.

2212 1248 2343 1318 Sed,
2376 1249 2505 1321 quia
2533 1249 2778 1306 nondum
2823 1248 3046 1305 fuerant
3070 1248 3334 1304 virtutem
3382 1256 3582 1309 sancta
3611 1248 3755 1304 crucis

2212 1332 2451 1412 experti,
2517 1341 2641 1407 ideo
2711 1341 2863 1399 iners
2915 1340 3112 1409 veloci,
3170 1348 3227 1396 et
3277 1339 3442 1395 velox
3489 1340 3756 1395 adhaerebat

2213 1431 2399 1498 inerti,
2449 1440 2511 1486 ut
2540 1431 2677 1487 alter
2718 1430 2876 1486 alteri
2906 1445 2974 1486 eo
3007 1429 3193 1485 minus
3236 1428 3519 1485 videretur
3554 1429 3754 1493 inertior,

2214 1538 2326 1594 quo
2366 1523 2435 1578 ad
2476 1522 2806 1578 currendum
2846 1522 2995 1577 viam
3025 1522 3164 1579 alter
3211 1521 3389 1581 altero
3427 1520 3632 1575 volebat
3664 1536 3756 1577 esse

2214 1613 2492 1670 solertior.
2533 1611 2687 1668 Sicut
2725 1611 2873 1668 enim
2923 1610 3240 1673 contristari
3280 1619 3563 1680 eruperant
3603 1608 3755 1673 Judai,

2215 1706 2346 1761 dum
2394 1705 2450 1760 in
2496 1705 2644 1777 ligno
2675 1703 2964 1768 Dominico
3001 1703 3254 1767 viderunt
3294 1702 3527 1775 gloriam
3570 1700 3757 1769 Dci;ita

2144 1778 2188 1833 Β
2214 1796 2567 1854 Christianus
2599 1797 2823 1870 gavisus
2850 1803 2939 1854 est
2964 1796 3221 1868 populus,
3245 1795 3474 1867 quando
3513 1793 3643 1849 idem
3671 1808 3758 1849 ce-

2214 1890 2370 1972 lestis
2422 1889 2672 1962 mysterii
2724 1889 2881 1959 visus
2913 1897 3001 1953 est
3031 1887 3269 1958 loculus.
3302 1886 3386 1943 lbi
3423 1886 3760 1959 proculdubio

2215 1984 2426 2041 alacres
2456 1999 2523 2039 ac
2551 1982 2792 2051 ﬂebiles,
2826 1982 2903 2041 ibi
2941 1980 3114 2040 fortes
3135 1983 3346 2055 quique
3384 1995 3672 2037 convenere
3699 1979 3760 2034 vel

2215 2076 2442 2145 debiles,
2474 2075 2607 2135 dum
2634 2093 2731 2148 per
2755 2076 3004 2139 diversas
3040 2084 3410 2147 utrarumque
3428 2075 3762 2145 partiumsor-

2217 2176 2320 2235 tes,
2359 2165 2633 2233 flebilibus
2684 2165 2909 2221 adunati
2953 2174 3084 2222 sunt
3141 2165 3379 2231 alacres,
3440 2172 3499 2220 et
3542 2162 3763 2231 debilibus

2216 2257 2409 2314 fortes.
2441 2257 2521 2315 lbi
2558 2258 2724 2316 etiam
2756 2257 2884 2314 caici
2934 2266 2989 2314 ct
3037 2257 3220 2315 claudi
3271 2256 3479 2312 divina:
3522 2254 3761 2312 coadunatt

2218 2360 2347 2407 sunt
2368 2351 2543 2419 laudi,
2563 2366 2629 2407 ac
2648 2350 2696 2407 si
2731 2350 2941 2423 aliquis
2978 2366 3080 2406 eos
3117 2350 3301 2406 verbis
3344 2349 3457 2405 illis
3490 2347 3765 2419 evangelici;

2220 2444 2476 2499 invitaret
2497 2443 2649 2513 illuc,
2676 2442 3115 2515 quibusjdictum
3139 2451 3225 2499 est
3250 2459 3265 2495 :
3294 2440 3479 2497 (Σωεω
3505 2450 3555 2496 et
3592 2438 3764 2494 claudos

2231 2535 2479 2595 introduc
2520 2536 2621 2593 huc
2645 2534 2798 2608 (Luc.
2826 2536 2963 2607 xiv).
3001 2533 3298 2601 Praeterea,
3338 2533 3434 2589 ubi
3472 2533 3614 2589 surdi
3640 2529 3766 2601 quili-

2220 2628 2312 2684 bet
2332 2644 2398 2684 ac
2424 2629 2586 2696 muti,
2614 2628 2852 2699 propria:
2878 2627 2952 2684 ibi
2970 2620 3345 2683 insidiabatur
3360 2625 3676 2692 saluti,dum
3693 2638 3765 2693 pro

2220 2710 2393 2797 gratia
2418 2721 2565 2780 illius
2593 2721 2861 2777 advenere
2897 2719 3257 2786 illuc’devoti,
3305 2719 3405 2790 qui
3443 2717 3637 2775 surdos
3672 2715 3766 2770 iecit

2220 2809 2411 2879 audire
2437 2818 2493 2865 et
2517 2819 2701 2866 mutos
2733 2809 2884 2881 loqui
2915 2808 3114 2883 (Marc.
3147 2810 3265 2881 vn).
3330 2807 3518 2875 Unde,
3554 2804 3764 2878 quoniam

2222 2903 2292 2963 ad
2322 2903 2613 2959 videndum
2660 2903 2845 2960 crucis
2885 2902 3276 2960 sacratissima:
3321 2901 3588 2968 loculum,
3626 2898 3765 2956 clem

2222 2996 2466 3071 undique
2486 3005 2611 3068 post
2631 2997 2860 3065 clerum,
2885 3005 2942 3053 et
2960 2996 3198 3077 populus
3224 2996 3475 3052 accurrit
3497 3002 3614 3067 post
3634 3006 3766 3064 popu-

2222 3089 2359 3158 lum,
2385 3088 2589 3144 mirum
2612 3105 2723 3145 non
2757 3098 2862 3158 est,
2893 3088 2941 3145 si
2965 3098 3118 3145 tanta
3139 3088 3442 3144 multitudo
3468 3086 3765 3160 populorum.

2148 3156 2196 3220 ο
2224 3156 2382 3254 Ωυειέί
2409 3180 2477 3237 de
2508 3196 2641 3254 gyro
2684 3156 3001 3245 vertebatur
3040 3197 3097 3238 in
3142 3196 3368 3253 gyrum,
3406 3156 3504 3236 ubi
3539 3156 3609 3235 'cx
3646 3175 3768 3233 coiti-

2223 3274 2381 3331 sione
2411 3274 2697 3330 turbarum
2722 3274 2806 3330 vir
2839 3274 3068 3349 impegit
3088 3274 3381 3330 mulierem
3416 3283 3474 3329 et
3510 3270 3684 3328 mulier
3708 3266 3767 3321 vi-

2223 3384 2370 3424 rum.
2403 3365 2507 3423 Ubi
2537 3367 2684 3423 enim
2706 3367 2890 3425 clerus
2917 3377 2973 3423 ct
2995 3366 3235 3439 populus
3258 3366 3484 3439 agmine
3504 3358 3765 3435 conglobati

2224 3468 2355 3529 sunt
2409 3460 2571 3527 miro,
2614 3459 2749 3531 quid
2798 3457 3010 3532 profuit
3069 3459 3117 3515 si
3169 3458 3391 3515 vicinus
3449 3456 3580 3513 inibi
3620 3464 3668 3511 et
3706 3450 3767 3505 τὶῖ

2222 3551 2410 3628 uxori,
2438 3560 2492 3608 ct
2519 3566 2658 3607 uxor
2682 3552 2988 3608 adhaeserat
3015 3554 3157 3620 viro,
3179 3551 3424 3607 maxime
3445 3565 3567 3605 cum
3587 3556 3767 3616 uterque

2220 3663 2412 3717 eorum
2439 3648 2574 3704 inibi
2597 3649 2785 3705 (livino
2814 3648 3127 3715 submissus
3156 3646 3381 3713 honori,
3414 3655 3473 3703 et
3506 3657 3633 3701 uxor
3652 3641 3763 3702 viro,

2222 3751 2279 3799 et
2304 3742 2389 3797 vir
2421 3741 2690 3798 invideret
2731 3740 2935 3796 uxori?
2965 3739 3091 3807 Pro-
3113 3739 3427 3809 salutando
3449 3736 3638 3793 etenim
3676 3730 3765 3785 the-

2220 3835 2377 3895 sauri
2403 3834 2653 3905 ejusdem
2676 3832 3059 3908 pretiosissimi
3083 3833 3265 3888 loculo
3285 3831 3553 3902 strepitus
3574 3827 3711 3883 fiebat
3724 3823 3765 3879 il

2223 3924 2401 3994 clero,
2429 3924 2697 3980 tumultus
2725 3924 2778 3978 in
2814 3922 3037 3994 populo,
3077 3922 3207 3978 dum
3242 3937 3342 3993 pro
3386 3921 3579 3978 festina
3617 3914 3765 3973 visits-

2226 4015 2377 4093 tione
2400 4015 2648 4087 ejusdem
2676 4015 2914 4086 superni,
2948 4013 3234 4085 germinis,
3278 4023 3333 4068 et
3374 4011 3545 4069 divini
3584 4007 3764 4065 seminis

2222 4109 2395 4171 sudor
2421 4108 2599 4179 erupit
2621 4108 2675 4180 in
2700 4107 2852 4174 viris,
2872 4107 3045 4178 pudor
3072 4107 3126 4162 in
3159 4104 3404 4163 feminis.
3433 4103 3533 4160 Ubi
3566 4102 3673 4158 licet
3691 4100 3764 4159 hac

2224 4210 2280 4257 et
2308 4199 2434 4261 illac
2456 4186 2689 4271 populus
2711 4199 2985 4254 videretur
3020 4208 3169 4254 stare
3185 4211 3286 4268 pro
3310 4211 3493 4263 muro,
3531 4192 3689 4255 adhuc
3709 4198 3762 4243 ta-

2224 4306 2351 4367 men
2401 4300 2555 4364 pater
2600 4292 2840 4348 accurrit
2871 4306 3001 4347 cum
3040 4290 3176 4359 filio,
3220 4298 3398 4346 mater
3416 4301 3551 4344 cum
3591 4294 3759 4356 puero:

2225 4384 2430 4456 quibus
2467 4384 2595 4459 licet
2635 4383 2818 4459 infans
2847 4384 3073 4456 vagiens
3098 4382 3247 4450 domi
3271 4380 3583 4455 servaretur
3611 4379 3660 4433 in
3693 4389 3762 4430 ωο

2224 4480 2336 4547 nis,
2368 4480 2438 4536 ab
2465 4479 2657 4536 eadem
2684 4490 2865 4536 tamen
2886 4478 3071 4535 laetitia
3104 4478 3291 4534 nullus
3317 4490 3514 4532 eorum
3547 4486 3660 4543 esse
3691 4481 3761 4521 νο·

2225 4571 2376 4645 iebat
2404 4558 2690 4628 immunis.
2724 4569 2795 4628 Ut
2814 4570 2963 4627 enim
2993 4571 3131 4626 alter
3152 4584 3266 4641 prae
3293 4570 3470 4627 altero
3508 4563 3655 4622 vitale
3677 4573 3761 4617 cer-

2226 4673 2384 4722 neret
2413 4665 2758 4740 mysterium,
2788 4663 2926 4721 alter
2957 4662 3185 4739 alterius
3210 4662 3380 4743 erepit
3420 4659 3665 4732 impedire
3692 4653 3760 4706 de

2225 4755 2491 4828 siderium
2527 4756 2719 4829 :quia,
2744 4757 2890 4825 sicut
2924 4756 2981 4811 in
3022 4755 3304 4832 exsequiis
3356 4754 3636 4821 cbarorum
3659 4746 3759 4801 aitet

2225 4864 2340 4920 pra:
2361 4849 2535 4905 altero
2553 4849 2645 4920 pia
2677 4849 2967 4905 devotione
2995 4857 3248 4919 jungitur
3293 4848 3643 4903 aditeretrum
3660 4880 3674 4909 ,
3700 4848 3759 4891 εκ

2227 4942 2296 4998 ad
2337 4940 2767 5013 divinumilluu
2801 4940 3127 5013 obsequium
3166 4950 3306 5017 alter
3347 4940 3574 5015 alterum
3597 4926 3758 4990 studuit

2226 5034 2531 5106 prtevenire
2588 5050 2683 5105 per
2724 5033 3073 5107 alterutrum.
3111 5032 3191 5088 lbi
3244 5047 3445 5105 quippe
3474 5039 3603 5101 alter
3637 5019 3757 5080 alteri

2227 5126 2451 5200 longam
2478 5124 2684 5199 fecerat
2706 5142 2944 5203 moram,
2973 5126 3106 5182 dum
3141 5125 3212 5181 ab
3247 5125 3349 5197 hac
3377 5122 3550 5197 gratia
3576 5112 3755 5174 viduli:

2228 5221 2367 5278 alter
2386 5221 2620 5289 alterum
2647 5220 2718 5276 ab
2739 5220 2877 5276 hora
2897 5218 3189 5276 cohibebat
3218 5218 3273 5273 in
3296 5218 3487 5273 horam
3507 5233 3522 5284 ;
3544 5212 3676 5284 quia,
3708 5203 3754 5259 li-

2226 5324 2315 5374 cet
2343 5315 2412 5372 ad
2436 5315 2546 5372 hoc
2579 5313 2954 5385 spectaculum
2983 5318 3340 5369 concurreret
3360 5308 3536 5373 omnis
3559 5314 3699 5362 sexus
3714 5304 3753 5352 α

2227 5418 2384 5478 aetas,
2416 5409 2565 5466 soliti
2594 5416 2779 5464 tamen
2800 5407 3051 5475 incessus
3071 5404 3302 5477 quilibet
3326 5403 3538 5458 illorum
3565 5390 3752 5454 excessi!

2226 5512 2420 5561 metas.
2459 5500 2617 5558 Unde
2667 5508 2937 5573 quantum
2982 5497 3239 5565 maeroris
3280 5496 3579 5557 habuerunt
3600 5494 3749 5581 omne?

2223 5594 2320 5667 qui
2371 5595 2621 5665 aberant,
2671 5591 2750 5648 illi
2798 5589 3145 5657 solummodo
3201 5596 3451 5661 poterant
3481 5584 3632 5644 scire,
3678 5588 3747 5667 ut"

2224 5664 2454 5745 aderant
2483 5706 2496 5743 :
2534 5684 2775 5758 maxime
2817 5699 2944 5741 cum
2985 5698 3052 5739 eo
3106 5681 3303 5756 majori
3335 5678 3545 5749 tristitia

2224 5782 2610 5850 sorbcrentur,
2667 5777 2763 5851 qui
2809 5777 3035 5835 aberant
3049 5817 3064 5847 ,
3136 5774 3248 5849 quo
3316 5767 3553 5844 ampliori
3605 5758 3743 5819 latitia
