3960 6316
163 340 283 400 961

1099 334 1187 391 DE
1224 332 1457 391 LAUDE
1496 332 1582 390 ET
1623 328 1757 391 INV.
1802 328 1862 390 s‘.
1902 323 2177 393 CRUCIS.
2250 371 2288 382 -
2324 337 2452 396 LIB.
2491 338 2556 398 tt.
2626 284 2631 289 1

3344 339 3461 403 962

159 459 424 521 viderant
472 454 596 514 illos
642 454 944 527 tripudiare
1005 453 1098 525 qui
1163 453 1410 510 aderant.
1469 452 1576 509 Sed
1616 468 1782 533 nemo
1812 454 1855 512 Α
1886 454 2039 530 (Luc.
2068 455 2168 526 vi);
2194 455 2274 513 sic
2301 456 2357 512 ln
2396 456 2695 514 incredulis
2732 457 2880 515 risus
2910 458 3000 517 ille
3017 459 3348 534 quandoque
3373 462 3461 518 vl-

159 552 411 629 fortasse
452 547 523 606 de
573 547 665 604 his
711 546 914 618 quibus
949 545 1190 629 caelestis
1246 544 1552 617 magisterii
1586 545 1758 602 disci-

155 646 321 717 plina
344 626 580 716 praafuit,
602 643 661 698 in
691 640 914 697 consilio
944 626 1215 711 justorttm
1252 648 1304 696 et
1344 641 1758 711 congregatione

154 739 350 812 (Psol.
382 739 474 812 οι)
504 739 707 797 ibidem
740 737 937 808 defuit,
958 738 1222 810 quoniam
1253 739 1432 810 major
1468 753 1598 795 eum
1633 739 1760 796 inde

152 846 334 901 pana
380 831 796 902 constringeret,
853 829 1125 902 siquidem
1168 828 1243 885 ibi
1292 831 1360 886 de
1395 830 1590 887 eodem
1626 846 1759 889 con-

150 921 336 981 ventu
368 923 559 987 deesse
591 923 951 996 contingeret.
978 922 1057 979 lbi
1080 922 1227 979 enim
1260 924 1399 983 alter
1424 923 1663 981 alterum
1684 938 1752 981 eo

149 1014 471 1073 studiosius
518 1016 587 1072 ad
630 1014 767 1073 illud
801 1015 968 1086 coapit
998 1014 1301 1087 praevenire
1351 1014 1754 1087 spectaculum,

148 1120 278 1177 quo
307 1106 444 1162 alter
467 1118 580 1177 prae
607 1102 781 1163 altero
817 1104 1064 1161 divinum
1094 1105 1267 1161 voluit
1291 1114 1546 1176 spectare
1581 1104 1755 1161 mira-

146 1199 375 1268 culum,
410 1198 504 1254 ubi
537 1213 673 1255 crux
717 1197 1090 1255 sacratissima
1140 1196 1409 1254 Dominici
1456 1197 1750 1270 sanguinis

144 1289 378 1362 liquore
398 1297 625 1346 cruenta
674 1290 745 1357 ab
786 1288 990 1346 llelcna‘
1026 1288 1214 1362 regina
1245 1288 1510 1348 divinitus
1552 1288 1756 1362 legitur

141 1397 288 1441 esse
310 1381 536 1440 nudata.

782 1482 1014 1552 CAPUT
1050 1489 1121 1552 ι.

141 1576 620 1655 ῥυεωοάηιοάιίηι
649 1584 715 1643 de
738 1584 799 1659 δ.
834 1589 1006 1659 erucis
1033 1587 1228 1659 honore
1255 1590 1437 1659 etiam
1453 1588 1601 1659 nobis
1620 1604 1755 1659 gau-

216 1660 485 1727 dendum,
536 1668 587 1715 et
616 1658 744 1731 quid
786 1659 926 1713 inter
962 1656 1300 1715 Christianos
1334 1656 1385 1715 el
1405 1656 1637 1715 Judazos'
1667 1660 1752 1714 in-

218 1732 403 1787 'ersit.

216 1833 433 1906 Verum
462 1847 591 1904 licet
611 1860 715 1903 nos
743 1861 869 1903 cum
895 1834 1006 1902 illis
1031 1854 1097 1902 ea
1129 1845 1218 1902 die
1241 1837 1604 1917 corporaliter
1633 1862 1744 1903 non

135 1946 425 2008 essemus,
467 1940 660 1996 eodem
713 1948 895 1996 tamen
948 1939 1148 2010 gaudio
1195 1955 1309 2011 quo
1342 1928 1418 1994 illi
1470 1940 1585 2009 jam
1643 1952 1746 1997 nos

136 2035 394 2108 gaudere
439 2034 731 2098 debemus;
783 2032 913 2105 quia
960 2034 1089 2090 licet
1132 2033 1406 2106 corporali
1455 2034 1744 2104 praesentia

136 2116 216 2183 ibi
255 2125 562 2183 fuissemus
584 2123 859 2193 absentes,
883 2125 938 2181 in
967 2141 1197 2198 corpore
1229 2135 1413 2191 tamen
1435 2125 1641 2182 Christi
1662 2127 1745 2184 eis

135 2218 396 2289 quodam
425 2216 591 2273 modo
627 2216 954 2273 videbamur
988 2232 1110 2272 esse
1147 2225 1467 2288 prmsentes.
1510 2215 1743 2273 Partieié

134 2309 373 2381 patione
393 2308 538 2365 enim
563 2307 828 2379 spiritalis
852 2307 1055 2364 laetitiae
1081 2314 1137 2363 et
1156 2306 1545 2364 exsultationis
1567 2316 1629 2363 ea
1652 2306 1743 2364 die

134 2418 249 2459 nos
293 2402 424 2469 illis,
464 2408 520 2457 et
546 2394 624 2456 illi
655 2401 886 2456 aderant.
931 2399 1111 2467 nobis,
1146 2399 1409 2471 quoniam
1445 2399 1501 2455 in
1535 2400 1743 2457 unitate

133 2490 413 2553 Ecclesiae
448 2499 573 2551 cuin
605 2495 688 2575 eis
735 2495 852 2566 ipse
900 2510 1002 2551 nos
1039 2494 1277 2550 habebat
1316 2482 1372 2549 in
1416 2510 1499 2561 se,
1538 2494 1632 2565 qui
1674 2494 1742 2557 de

133 2589 340 2646 electis
371 2589 487 2645 suis
510 2587 578 2643 ad
615 2574 863 2655 Patrem,
900 2576 1053 2655 Volo,
1080 2586 1257 2659 inquit
1284 2596 1341 2641 ut
1363 2574 1469 2640 sint
1502 2592 1665 2641 unum
1684 2588 1771 2667 in:

136 2700 221 2738 me
246 2737 262 2750 ,
303 2683 442 2737 sicut
471 2692 520 2737 et
554 2699 648 2754 ego
682 2678 736 2737 in
775 2691 825 2737 te
856 2668 1038 2753 (Joan.
1077 2680 1215 2752 xxi).
1262 2667 1402 2737 Ecce
1429 2686 1595 2752 quam
1638 2680 1745 2737 for-

136 2784 426 2841 tunatum,
452 2775 563 2831 imo
591 2776 739 2847 quod
783 2774 1118 2831 fortunatius
1151 2782 1236 2831 est
1272 2774 1521 2830 omnium
1562 2773 1739 2832 fortu—

136 2871 264 2939 nio,
304 2870 451 2942 quod
482 2869 593 2926 Deo
620 2880 676 2926 et
702 2870 915 2926 homini
948 2862 1031 2927 sic
1059 2886 1170 2926 una
1204 2870 1355 2939 unio,
1391 2879 1448 2926 et
1470 2870 1549 2927 sic
1583 2887 1767 2945 com-_

135 2960 338 3016 munis
355 2968 535 3016 exstat
566 2958 905 3027 communio,
930 2959 1257 3015 uteamdem
1288 2959 1547 3015 unionem
1574 2960 1740 3015 homo

136 3045 348 3110 habeat
374 3053 428 3107 in
465 3051 599 3120 Deo,
630 3061 686 3109 et
709 3052 857 3108 Deus
878 3051 933 3106 in
962 3051 1208 3119 homine,
1239 3068 1406 3123 quam
1442 3068 1644 3124 corpus
1685 3053 1738 3109 in

135 3148 347 3219 capite,
386 3146 473 3203 vel
520 3146 787 3218 caput'in
838 3160 1090 3217 corpore.
1151 3144 1292 3217 Quia
1363 3143 1513 3203 enim
1572 3155 1806 3229 caputc

134 3234 352 3296 Christi
400 3239 474 3295 sit
517 3239 684 3307 Deus,
726 3248 781 3295 et
811 3248 978 3311 caput
1003 3237 1265 3296 Ecclesiae
1293 3237 1571 3305 Christus,
1612 3238 1737 3295 inde

138 3333 486 3405 permaxime
512 3332 733 3403 probari
761 3340 961 3404 potest,
991 3332 1046 3387 in
1076 3348 1189 3403 quo
1209 3330 1413 3388 dicitur
1453 3350 1467 3386 :
1496 3330 1600 3399 Qui
1638 3330 1737 3385 nd-

137 3418 311 3481 haeret
331 3413 580 3491 Domino,
635 3441 772 3479 unus
810 3424 1035 3495 spiritus
1074 3432 1152 3478 est
1192 3421 1248 3493 (Ι
1280 3422 1405 3479 Cor.
1446 3422 1545 3494 vt).
1583 3421 1737 3479 Unde

138 3517 412 3589 scriptum
458 3525 544 3575 est
599 3518 750 3590 quod
793 3515 990 3583 Judaei,
1046 3532 1079 3573 a
1139 3512 1471 3572 Christianis
1530 3515 1585 3570 in
1633 3515 1739 3572 hac

140 3612 353 3668 unione
376 3600 558 3678 divisi,
591 3624 622 3667 a‘
652 3622 882 3682 corpore
917 3608 1175 3667 Ecclesim
1223 3623 1455 3679 prorsus
1485 3607 1739 3664 videntur

140 3701 373 3770 abscisi,
404 3701 669 3773 quoniam
694 3696 764 3757 de
802 3701 1065 3774 mysterio
1106 3700 1287 3757 crucis
1319 3710 1374 3757 et
1410 3700 1738 3756 incarnatio-

138 3798 231 3853 nis
277 3795 487 3852 Christi
525 3795 673 3851 aliud
714 3794 961 3851 sentiunt
1006 3794 1109 3862 illi,
1150 3802 1205 3851 et
1238 3794 1388 3851 aliud
1429 3794 1541 3850 isti.
1583 3793 1739 3851 Sicut

138 3887 293 3943 enim
323 3901 448 3955 nos,
471 3901 573 3957 pro
607 3884 971 3941 informandis
992 3885 1234 3941 ﬁdelium
1278 3885 1589 3953 animabus,
1626 3894 1738 3943 tres

140 3960 412 4050 personas
461 3977 738 4044 credimus
772 3986 830 4043 et
869 3993 1041 4034 unum
1088 3976 1257 4034 Deum
1296 3977 1621 4046 adoramus,
1663 3978 1738 4033 ita

139 4062 320 4128 Judaei
361 4079 585 4127 econtra
614 4086 674 4126 se
700 4068 754 4125 in
789 4070 955 4133 aliam
990 4068 1228 4125 formam
1272 4071 1416 4126 male
1463 4069 1738 4126 credendo

141 4168 540 4231 transmutant,
568 4163 698 4219 dum
729 4161 785 4217 in
812 4161 926 4219 Deo
958 4178 1125 4217 unam
1155 4176 1448 4234 personam
1481 4161 1735 4231 adorant,

140 4268 196 4319 et
260 4258 400 4313 duas
441 4256 578 4313 alias
606 4254 867 4325 refutant.
921 4248 1030 4311 Sed
1088 4254 1390 4310 notandum
1455 4254 1735 4326 estquod,

140 4354 275 4411 licet
330 4350 439 4407 alio
492 4349 658 4406 modo
724 4349 952 4406 credant
1004 4338 1326 4415 Christiani,
1373 4354 1429 4403 et
1485 4346 1594 4403 alio
1639 4344 1757 4429 Ju-~

138 4444 271 4513 dzi,
320 4453 551 4515 uterque
607 4450 790 4501 tamen
846 4441 1058 4498 cultum
1114 4440 1284 4497 unius
1332 4436 1538 4496 habent
1598 4437 1735 4508 Dei,

1860 551 2103 617 debitur,
2133 549 2202 605 de
2229 562 2342 621 quo
2371 550 2640 621 scriptum
2671 559 2795 607 est:
2832 551 2989 608 Risus
3043 553 3226 610 dolore
3265 557 3458 612 misce-

1861 645 2006 707 bitur
2054 641 2237 715 (Prov.
2273 642 2411 716 xxv).
2463 640 2531 698 Et
2587 642 2733 711 ideo,
2784 651 2845 698 ut
2882 660 2986 701 nos
3029 646 3288 718 gaudium
3320 647 3455 704 illud

1859 735 2104 808 spiritale
2139 734 2299 792 bonis
2337 750 2554 806 semper
2607 735 2820 792 meritis
2865 735 3204 808 all'ectemus,
3242 741 3310 797 de
3341 746 3458 812 quo"

1857 825 2143 884 Iacobus:
2186 825 2373 895 Omne,
2419 827 2619 899 inquit,
2674 822 2931 900 gaudium
2971 833 3296 900 existimate,
3338 833 3456 904 fra-

1862 927 1988 987 tres,
2021 935 2145 974 cum
2183 918 2242 973 in
2281 918 2460 975 varias
2509 921 2825 977 tentationes
2868 910 3167 979 incideritis
3211 923 3353 996 (Jac.
3386 926 3452 996 ι).

1857 1011 2125 1068 orandum
2142 1020 2228 1068 est
2251 1020 2314 1068 ut
2347 1025 2445 1084 per
2482 1013 2715 1086 gratiam
2751 1013 3063 1073 Divinitatis
3083 1017 3454 1086 plenumillud

1856 1104 2118 1176 gaudium
2165 1120 2383 1176 semper
2434 1112 2656 1162 maneat
2686 1107 2742 1162 in
2784 1107 2967 1175 nobis,
2990 1108 3058 1164 de
3088 1104 3473 1179 quo.Verilas

1854 1197 2180 1269 discipulis:
2213 1195 2483 1254 Gaudium
2513 1198 2737 1272 (inquit)
2781 1210 3012 1255 vestrum
3051 1217 3203 1256 nemo
3242 1200 3389 1257 tollet
3424 1220 3457 1257 a

1854 1289 1999 1346 vobis
2028 1288 2210 1353 (Joan.
2248 1290 2413 1363 xm).

2457 1404 2690 1462 CAPUT
2746 1404 2842 1462 XI.

1924 1493 2004 1551 De
2039 1496 2435 1575 comparatione
2473 1493 2819 1579 Constantini
2845 1507 2894 1552 et
2948 1478 3168 1552 IIelem’e
3189 1497 3377 1553 matris

2588 1585 2723 1639 ejus.

1923 1658 2068 1733 Ergo
2105 1676 2231 1716 cum
2288 1661 2689 1733 aliquantulum
2738 1660 2852 1732 jam
2913 1678 3107 1735 sumus
3164 1662 3453 1721 sententiae

1851 1750 2054 1821 prioris
2077 1751 2253 1820 obliti,
2281 1753 2413 1809 dum
2436 1753 2678 1824 perfidia:
2713 1752 3026 1810 Judaeorum
3060 1754 3210 1825 justa
3233 1755 3448 1812 ratione

1851 1845 2191 1903 conabamur
2224 1847 2421 1914 obniti,
2450 1847 2677 1919 dignum
2701 1855 2888 1915 estut,
2909 1847 3052 1903 sicut
3099 1848 3154 1902 in
3206 1848 3445 1905 abscon-

1848 1937 2000 2011 sione
2028 1938 2161 2010 ligni
2186 1938 2457 1995 Dominici
2512 1938 2769 1994 duritiam
2807 1938 3022 1994 illorum
3074 1940 3209 1995 satis
3251 1955 3449 1997 sumus

1846 2029 2092 2101 experti,
2119 2030 2192 2086 ita
2222 2045 2371 2097 nunc
2395 2029 2463 2085 ad
2514 2027 2941 2085 Constantinum
2971 2038 3026 2085 et
3051 2026 3308 2084 llelenam
3330 2029 3447 2100 pri-

1846 2121 1990 2177 stina
2037 2122 2337 2178 debeamus
2385 2121 2637 2177 oratione
2686 2121 2905 2178 reverti.
2945 2119 3073 2192 lpse’
3111 2121 3258 2176 enim
3300 2120 3447 2194 signi

1843 2214 2084 2272 (scelestis
2115 2215 2416 2273 instructus
2438 2214 2787 2282 archistcrio,
2823 2216 3037 2286 primus
3066 2215 3313 2270 omnium
3365 2215 3447 2269 in-

1843 2308 2124 2380 quirenda:
2146 2308 2330 2364 crucis
2356 2306 2582 2364 ardebat
2610 2306 2903 2375 desiderio,
2937 2307 3030 2363 sed
3062 2315 3245 2363 tamen
3298 2323 3445 2362 nunc

1843 2402 2002 2473 bona:
2031 2402 2341 2458 voluntatis
2379 2399 2632 2456 allectum
2690 2407 2865 2455 mater
2900 2400 3048 2456 illius
3094 2400 3348 2472 perduxit
3374 2399 3448 2456 ad

1840 2484 2112 2553 ell‘ectum.
2145 2492 2438 2550 Sciendum
2466 2503 2550 2549 est
2571 2508 2810 2565 namque
2835 2493 3005 2564 quod,
3029 2502 3319 2565 postquam
3347 2507 3446 2563 per

1843 2570 1985 2644 bona
2011 2603 2177 2659 opera
2205 2586 2384 2643 oratio
2406 2601 2597 2641 eorum
2637 2579 2779 2641 facta
2816 2595 2902 2642 est
2929 2586 3153 2653 munda,
3179 2586 3234 2641 in
3265 2584 3445 2656 inqui‘

1840 2680 2041 2737 sitione
2071 2679 2203 2751 ligni
2226 2670 2485 2734 salutaris
2534 2677 2625 2733 ille
2669 2674 2847 2734 factus
2882 2687 2967 2734 est
2994 2678 3226 2749 primus,
3263 2685 3319 2733 et
3348 2676 3443 2734 illa

1841 2772 2100 2829 secunda.
2135 2770 2275 2838 Quia
2315 2770 2444 2826 licet
2489 2769 2831 2826 invenienda:
2867 2769 3063 2841 crucis~
3094 2786 3202 2825 una
3224 2769 3449 2827 duobus

1839 2876 1986 2923 esset
2025 2864 2277 2930 intentio,
2337 2862 2509 2919 ﬁlium
2538 2872 2720 2919 tamen
2757 2862 3062 2935 inquisitio,
3115 2870 3171 2918 et
3212 2872 3444 2920 matrem

1839 2956 2152 3012 nobilitavit
2181 2952 2445 3011 inventio.
2480 2950 2619 3009 Dum
2661 2953 2809 3010 enim
2864 2954 3041 3009 eidem
3097 2953 3445 3026 inquisitioni

1839 3057 2070 3118 uterque
2088 3040 2318 3118 operam
2362 3046 2532 3114 dedit,
2572 3045 2782 3118 lignum
2831 3047 3014 3101 crucis
3062 3045 3209 3102 illius
3256 3046 3442 3119 inqui-

1840 3137 1986 3207 sivit,
2043 3150 2217 3193 mater
2272 3137 2498 3206 invenit,
2547 3152 2689 3208 quae,
2722 3136 2851 3192 dum
2894 3152 2995 3208 pro
3040 3132 3228 3193 eadem
3266 3144 3437 3195 causa

1842 3229 2309 3305 terrarum‘ccepit
2345 3228 2537 3284 rimari
2584 3226 2879 3299 profunda,
2942 3227 3261 3285 inventione
3296 3228 3441 3287 facta

1838 3332 1923 3381 est
1949 3323 2148 3395 prima,
2170 3330 2225 3378 et
2273 3321 2331 3377 in
2389 3319 2751 3392 inquisitione
2801 3306 3063 3377 secunda.
3101 3319 3259 3378 Unde
3298 3322 3430 3379 licet

1838 3424 2045 3486 aeterno
2074 3430 2184 3470 non
2246 3412 2585 3486 incognitum
2627 3412 2700 3469 sit
2749 3410 2900 3468 Patri
2940 3422 3138 3483 utrum
3172 3413 3437 3486 majorem

1837 3507 2201 3564 reverentiam
2228 3506 2526 3563 debeamus
2554 3504 2666 3560 lilio
2687 3520 2757 3561 an
2780 3505 2977 3574 matri;
3032 3522 3134 3562 nos
3164 3515 3344 3563 tamen
3380 3506 3437 3564 in

1839 3600 1982 3672 ipso,
2017 3599 2113 3671 qui
2157 3614 2372 3669 semper
2404 3604 2532 3653 vota
2566 3596 2792 3669 respicit
2844 3598 3158 3667 humilium,
3206 3600 3439 3671 majoris

1839 3690 2021 3746 meriti
2049 3680 2325 3745 Credimus
2343 3697 2572 3746 matrem
2620 3703 2755 3757 esse
2794 3704 2959 3760 quam
3007 3689 3201 3746 lilium.
3234 3689 3341 3746 Sed
3365 3699 3440 3746 ta-

1839 3799 1966 3865 men
2016 3782 2258 3854 aliquam
2293 3783 2658 3839 reverentiam
2700 3780 2827 3838 inde
2887 3781 3152 3838 debemus
3194 3783 3439 3854 utrique,

1839 3875 1989 3948 quod
2008 3876 2125 3947 jam
2157 3884 2386 3947 uterque
2407 3891 2598 3933 eorum
2625 3875 2849 3947 praemia
2879 3875 3106 3930 sortitus
3147 3885 3231 3931 est
3256 3875 3382 3932 vita:
3419 3894 3438 3932 ξ

1839 3954 2115 4040 quamvis,
2145 3968 2285 4022 sicut
2329 3968 2485 4023 stella
2547 3966 2612 4022 ab
2660 3966 2817 4022 stella
2860 3966 3040 4038 (li/fert
3091 3964 3440 4041 claritate(I

1840 4060 1965 4117 Cor.
1990 4061 2116 4128 xv),
2152 4061 2233 4117 sic
2262 4070 2438 4117 mater
2464 4077 2493 4117 a
2534 4062 2646 4117 lilio
2684 4061 3007 4117 meritorum
3030 4060 3242 4118 dill‘erat
3275 4076 3441 4117 enor-

1838 4153 2047 4209 mitate.
2081 4153 2137 4209 Si
2158 4153 2304 4208 enim
2324 4163 2474 4226 gesta
2492 4154 2780 4225 utriusque
2803 4153 3039 4210 velimus
3057 4169 3289 4226 pensare
3306 4154 3440 4211 sub-

1839 4244 2010 4313 tilius,
2039 4261 2226 4301 coram
2268 4244 2379 4302 Deo
2407 4246 2634 4318 majoris
2651 4245 2812 4319 pretii
2841 4245 3085 4303 creditur
3110 4253 3287 4302 mater
3311 4262 3439 4304 esse

1838 4352 2005 4409 quam
2040 4337 2221 4406 ﬁlius;
2257 4338 2410 4410 quia,
2440 4347 2729 4410 postquam
2753 4339 2974 4410 utrique
2998 4339 3206 4396 caelesti
3233 4355 3433 4396 recon-

1838 4428 2008 4486 ciliati
2036 4438 2166 4486 sunt
2181 4427 2400 4504 [Patri],
2419 4430 2476 4485 in
2506 4429 2894 4486 construendis
2914 4429 3163 4486 ecclesiis
3194 4429 3289 4486 Dei
3320 4447 3441 4487 ma-

138 4538 297 4611 quis,
325 4536 579 4609 quamvis
661 4534 731 4592 de
787 4534 1051 4608 mysterio
1106 4533 1289 4590 crucis
1332 4531 1479 4590 aliud
1542 4531 1743 4590 sentiat

1845 4537 1949 4594 gna
1975 4538 2106 4578 cura
2146 4521 2281 4588 lilio,
2336 4522 2432 4578 sed
2492 4521 2670 4592 major
2723 4521 2902 4577 inerat
2935 4522 3120 4577 matri.
3174 4520 3444 4590 Quamvis

138 4630 499 4687 Christianus
563 4636 620 4685 et
672 4627 824 4685 aliud
885 4624 1147 4695 Iudaeus,
1214 4625 1284 4682 ab
1363 4633 1601 4705 utroque
1660 4633 1758 4687 ta-.

142 4738 273 4779 men
325 4738 473 4779 unus
518 4721 718 4778 colitur
757 4720 925 4777 Deus.
974 4717 1104 4787 Sed,
1143 4718 1407 4791 quoniam
1454 4718 1511 4773 in
1561 4725 1740 4776 morte

144 4813 452 4872 Salvatoris
487 4830 632 4870 unus
662 4844 663 4847 η
690 4812 974 4879 innoxius,
1014 4820 1069 4867 et
1105 4811 1248 4868 alius
1287 4819 1375 4869 est
1424 4824 1574 4879 reus,
1623 4827 1738 4869 non

144 4902 428 4966 immerito
475 4908 716 4981 gaudere
772 4906 935 4963 debet
1002 4904 1356 4987 Christianus
1379 4926 1388 4935 ·
1411 4913 1467 4961 et
1551 4906 1740 4978 lugere

144 4994 393 5070 indutus,
422 5009 486 5056 ut
529 5015 600 5056 ex
628 4998 794 5058 hante
830 4998 917 5055 vel
956 4997 1115 5054 malai
1144 4997 1361 5053 arboris
1394 4996 1607 5077 fructu,
1637 5013 1739 5069 pro

147 5094 413 5168 mysterio
434 5092 639 5160 crucis,
659 5106 806 5149 unus
822 5090 898 5148 sit
916 5090 972 5145 in
995 5090 1218 5162 gaudio,
1234 5098 1289 5145 et
1310 5086 1453 5145 alius
1479 5090 1533 5144 in
1562 5090 1737 5146 luctu.

147 5178 217 5243 Et
239 5187 378 5243 bene
412 5184 636 5257 quidem
676 5183 1025 5241 credentibus
1055 5182 1311 5240 convenit
1348 5192 1403 5238 et
1450 5198 1562 5238 non
1612 5197 1739 5239 cre-

148 5279 430 5347 dentibus,
462 5285 527 5334 ut
546 5286 601 5335 et
635 5275 716 5333 illi
742 5276 970 5349 gaudere
999 5292 1119 5330 cum
1141 5275 1514 5348 gaudentibus,
1552 5283 1601 5330 et
1645 5275 1738 5332 isti

149 5373 382 5430 debeant
405 5373 531 5443 ﬂere
560 5387 685 5437 cum
713 5370 961 5441 ﬂentibus
992 5368 1168 5438 (Rom.
1207 5368 1331 5441 xu),
1362 5368 1646 5439 quoniam,
1678 5376 1740 5423 ut

151 5465 448 5538 Apostolus
474 5464 607 5521 dicit
637 5482 652 5520 :
678 5461 905 5519 Verbum
926 5463 1099 5517 crucis
1136 5461 1472 5534 pereuntibus
1504 5461 1742 5516 stultitia

151 5569 227 5615 est
254 5578 272 5616 :
299 5560 383 5615 his
397 5567 575 5615 autem
595 5560 686 5631 qui
708 5557 842 5613 salut
870 5557 1028 5628 fiunt,
1054 5551 1117 5611 id
1136 5564 1214 5611 est
1242 5556 1413 5624 nobis,
1438 5556 1606 5610 uirtus
1641 5553 1744 5609 Dei

151 5661 227 5708 est
260 5651 314 5723 (1
343 5651 469 5709 Cor.
502 5650 565 5723 ι).
599 5649 759 5708 Unde
799 5649 1004 5706 mirum
1040 5665 1151 5705 non
1189 5657 1274 5705 est
1310 5648 1478 5721 quod,
1515 5647 1659 5704 sicut
1682 5646 1740 5703 in

154 5746 502 5803 credentibus
525 5746 698 5801 risum
724 5744 878 5799 illum
904 5742 961 5797 in
992 5742 1179 5800 futuro
1217 5741 1490 5808 videbitis,
1523 5741 1591 5796 de
1625 5754 1751 5813 quo‘

156 5836 371 5896 Veritas
394 5858 407 5893 :
435 5836 977 5911 Beati,(inquit),qui
1003 5852 1141 5891 nunc
1162 5835 1326 5906 ﬂetis,
1349 5836 1476 5906 quia
1494 5831 1737 5889 ridebitis

1844 4614 1993 4679 enim
2020 4614 2166 4671 ﬁlius
2179 4615 2382 4672 multas
2406 4615 2668 4672 ecclesias
2692 4613 2749 4669 in
2785 4612 2995 4671 Graecia
3035 4616 3441 4673 construxisset

1845 4722 1911 4764 ac
1928 4706 2125 4778 Roma,
2141 4710 2342 4782 quibus
2374 4709 2430 4765 in
2460 4708 2737 4766 thesauris
2778 4716 2834 4765 et
2881 4708 3099 4767 allodils
3147 4710 3321 4766 multa
3353 4726 3443 4766 re-

1845 4802 1987 4876 galia
2017 4803 2249 4861 contulit
2267 4803 2443 4871 dona;
2474 4812 2649 4859 mater
2666 4812 2872 4870 tamen,
2906 4812 2970 4858 ut
2997 4803 3181 4860 adhuc
3220 4800 3439 4860 diversa

1844 4884 2163 4952 sanctorum
2200 4902 2470 4954 testantur
2490 4895 2773 4969 martyris,
2801 4895 2977 4953 multo
3023 4897 3209 4969 plures
3258 4896 3440 4953 eccle-

1839 4987 1954 5046 sias
1976 4988 2035 5044 in
2066 4988 2254 5045 Galliis
2272 4987 2561 5045 tedillcavit
2580 5003 2646 5044 ac
2671 4986 2849 5061 Syria.
2880 4985 3231 5060 Quapropter
3262 4978 3449 5044 eccch

1839 5079 1935 5137 size
1956 5082 2012 5137 in
2032 5081 2301 5138 honorem
2346 5081 2467 5153 ejus
2518 5079 2630 5139 Deo
2674 5081 2879 5154 ubique
2899 5089 3129 5138 sacratae
3168 5080 3307 5161 bene
3349 5087 3439 5135 te-

1839 5183 2055 5255 stantur
2087 5185 2292 5247 quanta
2348 5191 2535 5233 coram
2578 5174 2814 5231 Domino
2860 5174 3063 5245 polleat
3110 5174 3438 5242 sanctitate;

1846 5271 2085 5328 maxime
2132 5287 2259 5328 cum
2302 5271 2443 5329 bene
2499 5272 2637 5328 sciat
2685 5272 2799 5328 sola
2838 5268 3149 5338 Divinjtatis
3194 5267 3439 5340 antiquae

1846 5364 2075 5421 scientia
2109 5364 2290 5435 qualis
2304 5376 2398 5421 aut
2422 5362 2736 5434 quanta'sit
2763 5360 3026 5417 sanctitas
3045 5358 3167 5430 ejus
3209 5369 3266 5414 et
3317 5372 3439 5413 ma-

1847 5455 2179 5529 gniﬁcentia.
2226 5452 2402 5521 Unde,
2454 5469 2581 5510 cum
2633 5452 2809 5508 virtus
2858 5449 3166 5506 sanctitatis
3208 5449 3329 5521 ejus
3362 5448 3441 5505 sit

1845 5557 2019 5617 tanta,
2048 5557 2108 5606 ut
2127 5548 2326 5605 merito
2353 5549 2496 5604 inter
2523 5547 2661 5603 alios
2718 5554 2941 5602 sanctos
2982 5552 3039 5600 et
3080 5544 3196 5615 ipsa
3240 5556 3438 5600 nume-

1845 5647 1997 5696 retur
2017 5648 2229 5710 sancta,
2265 5640 2615 5695 mirum‘non
2654 5644 2740 5693 est
2778 5636 2947 5709 quod,
2985 5635 3129 5692 sicut
3153 5635 3436 5707 catalogus

1798 5746 1803 5749 ‘
1844 5741 2161 5790 sanctorum
2221 5733 2360 5790 solet
2407 5730 2609 5801 ubique
2656 5729 2867 5798 testari,
2933 5727 3202 5786 festivitas
3245 5727 3367 5799 ejus
3400 5741 3439 5785 ει

1844 5824 2006 5883 nobis
2027 5836 2450 5901 annuahsemper
2469 5822 2633 5882 debet
2657 5810 2998 5881 revolutione
3019 5820 3302 5879 celebrari.
3328 5817 3437 5878 Sed
3468 5879 3473 5885 _
