3912 6422
465 311 573 371 963

1396 304 1785 365 BERENGOSI
1819 304 2114 363 ABBATIS
2153 304 2213 361 S.
2256 303 2507 360 MAXIM!
2546 304 2828 361 TREVIR.

3628 315 3724 372 964

466 388 729 501 quoniam
759 425 819 482 in
846 425 1039 483 eodem
1076 424 1326 496 catalogo
1372 423 1439 480 de
1490 424 1601 479 ﬁlio
1648 424 1769 495 ejus
1793 423 1942 479 nulla
1978 430 2064 479 est
2090 423 2137 481 Λ
2165 422 2387 494 regibus
2438 421 2532 492 qui
2566 409 2799 477 Romani
2850 431 3001 479 ortus
3036 424 3413 482 monarchiam
3466 428 3729 490 studiosis-

466 521 698 595 mentio,
726 520 822 576 sed
864 512 1040 590 magis
1078 516 1345 575 menloria
1390 510 1537 572 illius
1583 512 1840 571 omnibus
1884 513 2063 571 modis

469 612 604 671 inibi
639 611 960 667 obliteratur
981 608 1201 665 silentio
1223 651 1238 677 ,
1272 608 1395 664 ideo
1417 616 1476 663 ut
1498 608 1552 662 in
1577 608 1797 679 regione
1811 607 2061 662 vivorum

470 713 525 759 et
550 704 664 776 ipse
693 698 1032 775 complaecat
1055 700 1189 769 Deo,
1218 717 1444 757 necesse
1456 710 1541 757 est
1561 696 1622 756 ut
1656 700 1834 756 oratio
1861 699 1956 755 ﬁat
1994 698 2064 756 ab

470 790 717 853 Ecclesia
732 796 800 851 ad
829 790 998 869 Deum
1020 808 1121 865 pro
1148 808 1215 848 eo
1239 790 1336 865 (ει).
1366 791 1506 847 Cum
1528 791 1672 845 enim
1702 791 1754 844 in
1777 787 2063 861 prresentis

467 890 713 946 ecclesiae
734 876 1013 943 domicilio
1062 885 1267 941 festivae
1297 884 1661 941 solemnitatis
1682 883 1915 939 oﬁicium
1942 897 2062 938 ma-

470 975 541 1039 tri
568 977 750 1054 potius
772 980 1032 1036 debeatur
1058 995 1223 1050 quam
1248 977 1389 1045 tilio;
1416 977 1538 1033 ideo
1567 977 1623 1031 in
1654 975 1879 1047 agendis
1917 991 2065 1030 mor-

470 1085 691 1134 tuorum
720 1073 1111 1145 providendum
1141 1080 1227 1128 est
1273 1071 1508 1136 cunctis,
1540 1068 1602 1125 ut
1644 1069 1968 1124 memoriam
1996 1068 2063 1122 ﬁ-

469 1168 530 1223 lii
582 1166 838 1222 studeant
897 1164 1100 1220 habere
1151 1178 1275 1217 cum
1346 1160 1640 1217 defunctis.
1702 1157 1941 1216 Proinde
1995 1158 2064 1214 ad

468 1257 933 1316 reconciliandum
1012 1254 1168 1311 nobis
1234 1253 1407 1309 Deum
1470 1251 1889 1333 Patrem,jnon
1948 1252 2063 1323 jam

468 1351 723 1406 eumdem
765 1349 936 1404 ﬁlium
962 1347 1224 1404 debemus
1252 1361 1432 1413 orare,
1480 1345 1574 1401 sed
1624 1353 1856 1399 matrem
1877 1385 1892 1411 ,
1923 1359 2064 1413 qua-

471 1451 630 1497 tenus
668 1442 783 1512 ipsa
818 1455 932 1497 sua:
980 1438 1366 1496 sacratissima;
1407 1436 1821 1493 intercessionis
1859 1434 2064 1490 auxilio

469 1549 655 1589 coram
701 1531 811 1589 Deo
864 1532 1025 1588 nobis
1087 1531 1418 1602 suffragetur
1466 1538 1521 1586 et
1579 1529 1711 1585 ﬁlio.
1745 1528 1885 1596 Quia
1915 1527 2063 1583 enim

471 1627 642 1686 multa
685 1635 813 1681 sunt
868 1626 1012 1680 mala
1062 1640 1185 1696 quae
1238 1624 1491 1690 fecimus,
1544 1623 1664 1678 ideo
1686 1638 1788 1677 nos
1825 1629 1878 1677 et
1909 1622 2063 1677 illum

468 1718 874 1774 studiosissime
923 1717 1186 1773 debemus
1219 1716 1464 1786 ejusdem
1496 1714 1744 1770 mulieris
1776 1730 2061 1770 commcn-

2166 514 2305 570 sime
2327 513 2530 570 divinis
2553 513 2886 583 mancipavit
2908 512 3142 585 legibus.
3171 512 3330 572 Unde
3355 518 3609 589 quoniam
3637 521 3729 578 huc

2159 606 2402 678 jnsmodi
2433 606 2689 677 operibus
2720 604 2976 677 etfugavit
3002 623 3035 662 a
3065 623 3125 663 se
3172 623 3391 664 omnem
3428 621 3729 681 petestatem

2166 698 2396 766 inimici,
2424 715 2535 754 non
2559 697 2851 765 immerito,
2902 699 3005 755 etsi
3040 716 3147 754 non
3179 709 3423 770 sanctus,
3447 702 3622 772 justus
3657 717 3723 762 ta.

2166 807 2288 846 men
2316 800 2530 862 poterat
2562 791 2668 846 dici
2695 809 2709 858 ;
2736 790 2993 862 quoniam
3018 792 3084 847 ad
3119 796 3427 864 exemplum
3453 795 3585 866 justi
3605 798 3730 856 illius

2165 883 2277 939 Deo
2308 898 2524 954 semper
2566 884 2749 939 vivere
2802 884 3028 955 cupivit,
3054 885 3120 940 de
3167 903 3278 956 quo
3309 887 3573 958 scriptum
3616 902 3728 948 est:

2164 974 2353 1031 Justus
2381 993 2446 1031 ea:
2461 976 2567 1047 ﬁde
2594 977 2719 1031 vivit
2751 975 2957 1047 (Galat.
2994 978 3098 1049 ιιι).
3139 976 3195 1033 Si
3228 979 3355 1049 quis
3384 981 3528 1035 enim
3572 982 3622 1037 in
3662 986 3733 1039 hi-

2166 1069 2351 1125 storiis
2380 1078 2530 1140 gesta
2561 1069 2708 1125 illius
2764 1069 3079 1143 diligentius
3112 1082 3343 1142 quaerat,
3377 1072 3517 1129 bene
3556 1074 3735 1132 videbit

2165 1162 2311 1233 quod
2343 1161 2487 1217 idem
2509 1161 2616 1231 vir,
2656 1163 2757 1217 etsi
2779 1179 2887 1218 non
2914 1172 3159 1231 sanctus,
3190 1172 3374 1220 tamen
3388 1165 3576 1236 justus
3601 1179 3729 1236 erat2

2164 1255 2424 1326 quoniam
2446 1256 2696 1327 exemplo
2713 1255 2849 1327 justi
2876 1256 3024 1313 illius
3055 1258 3205 1313 vitiis
3226 1267 3349 1314 erat
3392 1258 3655 1329 inﬁrmus,
3688 1233 3736 1319 ei

2166 1350 2363 1403 virtute
2388 1346 2669 1416 robitstus,
2699 1349 2767 1405 de
2794 1365 2904 1420 quo
2920 1350 3123 1406 dicitur
3160 1370 3173 1405 :
3204 1349 3271 1405 In
3311 1354 3568 1407 memoria
3597 1364 3733 1411 ceter-

2165 1457 2233 1493 na
2257 1441 2359 1494 erit
2383 1442 2564 1512 justus
2595 1440 2771 1513 (Psal.
2800 1440 2935 1512 cxn).
2962 1441 3027 1498 Et
3050 1443 3312 1514 quoniam
3351 1454 3529 1500 mater
3546 1447 3655 1517 ejus
3691 1458 3737 1505 et

2164 1529 2279 1601 ipse
2304 1531 2532 1587 virtutes
2562 1531 3052 1601 habuerantmille,
3113 1548 3225 1589 non
3274 1534 3556 1590 immerito
3603 1538 3735 1609 justa

2164 1622 2267 1677 fuit
2294 1623 2409 1690 illa,
2430 1623 2616 1694 justus
2639 1632 2695 1679 et
2725 1624 2842 1692 ille;
2870 1624 2965 1680 sed
2982 1625 3185 1696 justior
3233 1626 3345 1681 illa.
3376 1625 3533 1683 Unde
3555 1631 3734 1688 mirum

2164 1733 2274 1773 non
2299 1725 2383 1774 est
2405 1719 2572 1789 quod,
2608 1719 2751 1775 sicut
2779 1720 2925 1777 ﬁlius
2947 1730 3133 1793 typum
3159 1721 3294 1793 justi
3323 1721 3476 1777 illius
3522 1723 3576 1779 in
3600 1731 3736 1783 tetet-

466 1810 596 1866 dare
621 1810 905 1882 precibus,
938 1808 1191 1880 quamvis
1212 1806 1440 1863 dubium
1496 1823 1606 1862 non
1666 1806 1741 1862 sit
1777 1806 1910 1877 quin
1961 1820 2063 1877 pro
2096 1794 2139 1854 Β
2168 1826 2298 1866 num
2325 1810 2567 1879 habebit,
2592 1812 2660 1867 de
2680 1828 2791 1883 quo
2806 1812 3070 1885 scriptum
3101 1823 3185 1870 est
3226 1834 3240 1870 :
3276 1812 3471 1869 Justus
3493 1826 3549 1870 ut
3579 1818 3736 1888 palma

466 1902 579 1959 tilio
602 1919 703 1959 suo
741 1918 806 1959 eo
831 1902 1132 1959 studiosius
1160 1909 1281 1957 oret
1314 1909 1488 1956 mater
1517 1901 1655 1971 ipsa,
1684 1916 1806 1971 quae
1839 1899 2059 1971 genuit,

464 2010 576 2066 quo
607 1992 749 2051 idem
778 1994 922 2051 ﬁlius
953 2012 1062 2050 non
1089 1993 1143 2049 in
1175 1993 1341 2061 vitiis,
1384 1992 1479 2050 sed
1524 1993 1580 2048 in
1603 1992 1806 2049 virtute
1867 2006 2063 2049 conse.‘

467 2092 606 2147 nuit.
631 2090 699 2148 Et
719 2108 829 2147 non
860 2089 1135 2145 immerito
1160 2088 1379 2162 quidem
1425 2103 1528 2144 nos
1581 2097 1635 2143 et
1690 2087 1844 2142 illum
1884 2086 2062 2141 eidetn

368 2224 377 2233 .
467 2184 734 2240 debemus
764 2183 1150 2239 commendare
1199 2182 1397 2249 viduae,
1430 2186 1485 2237 ut
1516 2195 1616 2252 pro
1661 2179 1822 2236 nobis
1866 2188 1920 2235 et
1970 2178 2063 2234 illo

469 2272 642 2327 Deum
676 2271 1060 2338 exerareyelit
1085 2271 1326 2340 assidue,
1357 2268 1593 2326 maxime
1616 2286 1743 2326 cum
1801 2268 1871 2325 ad
1909 2270 2065 2325 obse-

466 2363 657 2436 quium
681 2380 843 2421 suum
870 2364 993 2420 inde
1047 2380 1148 2419 nos
1199 2364 1376 2435 magis
1416 2363 1593 2435 possit
1615 2360 1817 2418 habere
1839 2370 2064 2434 Sponta-

467 2474 621 2524 neos,
650 2456 696 2514 si
725 2473 850 2513 cum
880 2456 1071 2513 eodem
1109 2456 1223 2512 ﬁlio
1266 2472 1368 2513 suo
1410 2456 1666 2528 precibus
1709 2455 1823 2513 suis
1875 2455 2063 2512 dome-

465 2550 867 2605 sticostucatur
903 2556 957 2604 et
977 2555 1289 2603 extraneos.
1320 2545 1459 2615 Quia
1485 2547 1632 2603 enim
1667 2548 1934 2603 sententia
1971 2547 2063 2604 illa

469 2642 635 2697 rebus
657 2651 742 2697 est
762 2657 980 2713 magna,
1011 2649 1066 2696 et
1093 2641 1275 2698 verbis
1300 2641 1521 2714 exigua,
1579 2640 1635 2696 in
1694 2656 1803 2712 qua
1853 2641 2062 2697 dictum

465 2740 549 2788 est
576 2751 590 2789 :
628 2729 859 2786 Multum
883 2732 1019 2787 valet
1043 2732 1343 2803 deprecatio
1386 2732 1523 2802 justi
1567 2732 1789 2786 assidua
1812 2731 1953 2804 (Jac.
1979 2732 2058 2804 v),

468 2840 697 2882 necesse
730 2835 815 2905 est
842 2835 901 2879 ut
939 2825 1058 2895 ipsa
1120 2839 1221 2895 pro
1249 2823 1409 2879 nobis
1457 2826 1511 2880 et
1550 2823 1663 2880 ﬁlio
1685 2839 1788 2880 suo
1843 2826 1959 2896 jam
1997 2842 2062 2884 eo

467 2917 777 2989 supplicare
801 2917 1055 2990 dignetur
1086 2912 1350 2972 humilius
1368 2960 1385 2986 ,
1422 2933 1532 2989 quo
1549 2916 1753 2988 juStior
1774 2927 2064 2975 enarratur

468 3016 645 3064 mater
682 3023 802 3063 esse
830 3024 995 3080 quam
1023 3005 1189 3064 ﬁlius.
1214 3000 1371 3064 Unde
1414 3019 1474 3063 ut
1521 3009 1690 3064 nobis
1735 3018 1790 3065 ct
1819 3009 1896 3064 illi
1924 3009 2063 3067 bene

468 3100 542 3155 sit
563 3100 617 3155 in
640 3100 895 3172 praesenti
918 3101 1119 3157 saaculo
1149 3101 1283 3156 etin
1306 3100 1514 3169 futuro,
1540 3112 1639 3173 pro
1685 3102 1845 3160 nobis
1893 3114 1947 3159 et
1967 3105 2061 3161 illo

467 3190 638 3248 Deum
669 3209 883 3266 semper
913 3208 1072 3249 orare
1093 3192 1356 3248 debemus
1410 3192 1466 3248 in
1492 3193 1750 3261 obscuro,
1788 3202 2059 3264 quaternis

466 3284 640 3357 gratia
667 3302 832 3357 quam
861 3285 1049 3341 electis
1080 3284 1197 3340 suis
1234 3284 1325 3339 hic
1361 3285 1687 3355 prazparavit
1706 3293 1761 3339 et
1786 3285 1881 3353 ibi,
1913 3302 2059 3343 nun-

464 3394 634 3450 quam
657 3378 815 3433 nobis
836 3377 1009 3448 possit
1032 3376 1224 3433 deesse
1250 3390 1348 3430 nec
1370 3375 1493 3430 sibi.
1523 3374 1716 3431 Adhuc
1766 3377 1952 3445 etiam,
1992 3390 2061 3434 ne

470 3485 715 3540 unquam
739 3467 1029 3523 animabus
1061 3466 1266 3523 nostris
1293 3465 1437 3521 desit
1462 3466 1699 3537 requies,
1740 3475 1836 3522 aut
1856 3478 2056 3539 carpo-

468 3559 621 3616 ribus
642 3560 818 3631 quies,
838 3575 936 3631 pro
958 3558 1116 3614 nobis
1159 3565 1215 3613 et
1264 3558 1358 3612 illo
1396 3546 1509 3612 Deo
1536 3558 1844 3628 supplicare
1891 3560 2060 3615 debe-

469 3669 595 3708 mus
622 3669 720 3723 per
743 3653 988 3724 singulos
1010 3650 1147 3717 dies,
1191 3660 1249 3705 ut
1280 3651 1413 3721 ipse,
1439 3650 1533 3720 qui
1559 3649 1711 3705 dives
1739 3660 1822 3706 est
1855 3651 1911 3706 iu
1932 3666 2062 3723 pro-

468 3744 673 3812 missis,
698 3753 753 3800 ct
781 3745 947 3801 ditior
967 3744 1024 3799 in
1055 3742 1234 3810 donis,
1269 3741 1573 3797 secundum
1617 3742 1837 3800 divitias
1873 3744 2062 3816 gloria:

468 3855 583 3895 suae
650 3839 754 3895 sibi
833 3838 1159 3894 misereatur
1222 3845 1276 3892 et
1368 3834 1550 3891 nobis.
1609 3833 1715 3892 Sed
1795 3837 2059 3908 quoniam

467 3931 585 4003 ipse
610 3940 735 4002 post
760 3939 993 3986 mortem
1030 3944 1187 3986 suam
1246 3928 1340 3983 diu
1394 3926 1628 3985 fortasse
1675 3927 1792 4000 jam
1844 3929 1967 3997 luit,
2010 3930 2059 3986 si

467 4023 617 4096 quod
648 4024 704 4079 in
734 4039 801 4079 eo
822 4030 1107 4094 peccatum
1132 4025 1257 4077 ante
1286 4029 1518 4077 mortem
1545 4020 1669 4091 fuit,
1710 4022 1936 4095 dignum
1977 4035 2060 4081 est

468 4126 530 4172 ut
550 4131 650 4188 pro
673 4116 833 4172 nobis
863 4114 998 4186 ipsis
1042 4112 1154 4171 Deo
1200 4124 1415 4186 semper
1469 4130 1536 4170 co
1558 4116 1901 4186 propensiori
1929 4132 2059 4188 sup-

467 4208 735 4279 plicemus
758 4208 1024 4273 oratione,
1055 4222 1165 4278 quo
1190 4206 1302 4278 jam
1347 4205 1435 4263 ille
1461 4206 1715 4263 fortassis
1742 4215 1827 4263 est
1869 4208 1924 4262 in
1970 4223 2059 4264 re-

466 4299 616 4372 quie,
647 4307 700 4354 et
735 4316 834 4355 nos
880 4299 935 4354 in
982 4299 1187 4354 labore.
1248 4297 1316 4353 Et
1395 4299 1657 4370 quoniam
1715 4300 1832 4371 ipse
1862 4298 2059 4356 futura:

465 4393 667 4464 quietis
688 4391 988 4463 plenariam
1020 4391 1262 4447 nondum
1315 4390 1481 4447 habet
1520 4390 1928 4463 perfectionem,
1962 4394 2056 4450 scd

2163 1903 2373 1973 [lorebit
2402 1902 2582 1976 (I’sal.
2618 1905 2729 1977 XCI)
2752 1924 2767 1975 ;
2793 1902 2903 1962 ita’
2938 1917 2991 1963 et
3013 1917 3186 1965 mater
3252 1911 3595 1967 diVersarum
3643 1912 3738 1967 vir-

2166 1995 2340 2051 tutum
2370 1998 2543 2069 gratia
2564 1997 2828 2067 formosa,
2861 2011 2972 2055 non
2993 2000 3108 2071 jam
3156 2001 3423 2059 deformis
3479 2013 3539 2058 ut
3579 2003 3734 2073 spina,

2163 2088 2259 2144 sed
2285 2087 2514 2158 pulchra
2541 2087 2757 2145 videtur
2781 2096 2843 2147 ut
2871 2106 3017 2148 rosa.
3075 2090 3184 2148 Sed
3230 2094 3357 2149 licet
3406 2096 3511 2166 pro
3546 2094 3735 2150 diversa

2163 2174 2428 2251 qualitate
2467 2180 2785 2235 meritorum
2815 2196 2955 2237 rosae
2987 2182 3096 2238 sint
3129 2191 3457 2256 martyrum,
3496 2193 3621 2251 ete.,
3643 2185 3737 2239 lilia

2163 2270 2541 2327 confessor-um
2562 2315 2576 2337 ,
2605 2281 2786 2326 tamen
2807 2317 2820 2338 ,
2835 2272 2963 2343 quia
2982 2289 3080 2344 per
3098 2275 3575 2331 mortiﬁcationem
3598 2276 3739 2331 vitio-

2163 2380 2287 2419 rum
2318 2364 2480 2420 corda
2510 2379 2699 2419 eorum
2733 2364 2877 2421 vitiis
2905 2375 3063 2421 erant
3087 2368 3313 2435 sterilia,
3346 2376 3401 2423 et
3421 2368 3621 2424 virtute
3662 2384 3740 2440 ge-

2162 2471 2381 2525 nerosa,
2412 2472 2519 2513 non
2553 2458 2828 2513 immerito
2874 2458 2989 2530 jam
3032 2458 3178 2516 ﬁlius
3221 2460 3439 2525 ﬁorebit
3461 2468 3526 2516 ut
3560 2461 3738 2532 palma,

2162 2556 2217 2604 et
2248 2556 2419 2603 mater
2449 2556 2511 2604 ut
2532 2564 2676 2604 rosa.
2701 2548 2895 2604 Adhuc
2915 2550 3077 2604 etiam
3107 2565 3205 2620 per
3228 2551 3468 2621 antiqua:
3496 2548 3740 2604 Divinitas

2163 2640 2234 2694 tis
2265 2640 2555 2698 consilidm
2586 2640 2731 2698 Illius
2763 2651 2822 2697 ut
2844 2642 3011 2710 oliva,
3066 2652 3115 2698 et
3151 2650 3325 2698 mater
3368 2642 3583 2698 ﬁorebit
3612 2651 3666 2697 ut
3686 2642 3741 2696 li-

2162 2733 2319 2801 lium,
2357 2735 2616 2805 quoniam
2640 2734 2876 2791 decurso
2902 2735 3016 2806 jam
3046 2735 3173 2791 vitae
3210 2735 3497 2807 prmSentis
3547 2735 3737 2801 exsilio,-

2163 2840 2365 2880 corona
2392 2825 2620 2895 justitia:
2650 2840 2751 2880 nec
2772 2826 2935 2880 matri
2954 2834 3133 2897 potest
3150 2826 3340 2882 deesse
3369 2842 3471 2882 nec
3510 2826 3638 2881 ﬁlio.
3683 2824 3739 2885 Et

2164 2925 2272 2970 nun
2298 2915 2577 2971 immerito
2601 2923 2749 2971 tanta
2789 2917 3040 2973 mercede
3068 2925 3200 2973 sunt
3222 2917 3396 2990 digni,
3428 2919 3627 2988 quibus
3664 2917 3737 2971 inJ

2164 3009 2348 3086 ventio
2380 3007 2651 3065 Dominici
2674 3016 2948 3064 reservata
2972 3017 3056 3065 est
3096 3009 3224 3080 ligni
3246 3028 3259 3076 ;
3285 3010 3543 3080 quamvis
3583 3018 3739 3064 mater

2165 3106 2289 3156 eum
2319 3100 2432 3156 ﬁlio
2463 3109 2628 3155 tanta:
2656 3100 2969 3156 dilectionis
3010 3099 3190 3157 foedus
3216 3101 3408 3169 iniret,
3440 3110 3501 3157 ut
3552 3103 3740 3173 lignum

2165 3192 2297 3248 illud
2322 3191 2467 3248 ﬁlius
2496 3192 2817 3264 inquireret,
2841 3199 2897 3248 et
2923 3202 3097 3249 mater
3125 3192 3411 3249 inveniret.
3444 3192 3594 3250 Licet
3613 3193 3740 3249 enim

2163 3284 2229 3339 ad
2263 3284 2650 3355 inquirendum
2681 3284 2862 3341 erucis
2892 3284 3193 3341 Dominica:
3245 3286 3507 3341 vexillum
3550 3286 3635 3341 ille
3685 3286 3741 3339 il-

2162 3379 2293 3446 lam,
2315 3385 2370 3433 et
2397 3376 2489 3432 illa
2519 3376 2830 3433 ittcitaverit
2864 3377 3017 3432 illum
3042 3419 3057 3445 ,
3107 3384 3341 3449 uterque
3378 3385 3559 3433 tamen
3610 3376 3738 3447 quod

2161 3470 2313 3543 pium
2359 3478 2478 3525 erat
2546 3469 2818 3541 implevit,
2862 3470 2995 3526 dum
3036 3470 3283 3525 eamdem
3328 3487 3550 3527 crucem
3611 3468 3738 3524 titius

2162 3562 2435 3635 quaesivit,
2459 3569 2513 3617 et
2539 3571 2712 3617 mater
2734 3561 2961 3617 invenit.
2990 3560 3147 3617 Unde
3174 3562 3459 3618 sciendum
3487 3571 3569 3618 est
3599 3561 3732 3633 quia,

2162 3657 2208 3712 si
2235 3656 2378 3711 idem
2410 3655 2556 3711 ﬁlius
2586 3656 2871 3725 prtcmium
2938 3655 3065 3710 inde
3115 3655 3278 3711 debet
3320 3655 3522 3710 habere
3563 3654 3736 3710 condi-6

2162 3766 2352 3823 gnum,
2376 3749 2523 3821 quod
2555 3749 2670 3820 ipse
2694 3747 2996 3804 Dominicae
3017 3748 3202 3804 crucis
3230 3748 3447 3820 primus
3494 3747 3726 3819 inquisie-

2162 3851 2248 3899 rat
2268 3842 2497 3911 lignum,
2530 3841 2703 3896 multo
2725 3840 2991 3911 majorem
3018 3840 3249 3912 gloriam
3274 3849 3452 3895 mater
3490 3840 3601 3910 ipsa
3624 3855 3735 3911 pro-

2161 3936 2383 4003 meruit,
2407 3950 2530 4006 qua:
2556 3932 2820 3989 hodierna
2850 3933 2939 3990 die
2981 3933 3190 4005 lignum
3223 3932 3569 3988 Dominicum
3593 3932 3733 3987 nobis

2161 4029 2436 4100 eleganter
2455 4026 2686 4098 aperuit.
2718 4024 2785 4080 Et
2809 4026 2855 4082 si
2903 4025 3073 4098 gloria
3112 4036 3167 4080 et
3197 4026 3406 4081 honore
3459 4026 3615 4097 digna
3660 4034 3733 4079 est

2161 4121 2273 4188 illa,
2308 4136 2430 4191 qua:
2454 4133 2672 4176 crucem
2696 4117 2923 4187 invenit,
2972 4116 3145 4173 multo
3188 4118 3364 4189 magis
3399 4117 3731 4173 honorandus

2160 4224 2243 4271 cst
2268 4214 2376 4280 ille,
2409 4212 2501 4284 qui
2527 4224 2629 4266 nos
2645 4211 2699 4266 in
2722 4226 2886 4267 cruce
2907 4210 3155 4277 redemit,
3187 4209 3450 4280 quoniam
3480 4210 3534 4265 in
3559 4208 3729 4265 eodem

2160 4308 2328 4379 ligno,
2360 4306 2507 4377 quod
2535 4305 2625 4360 illa
2647 4304 2807 4360 nobis
2828 4303 2991 4360 hodie
3011 4303 3253 4359 revelare
3274 4304 3581 4370 consuevit,
3608 4317 3726 4373 opus

2159 4407 2364 4455 nostra:
2390 4397 2782 4470 redemptionis
2824 4396 2915 4452 ille
2943 4395 3231 4467 dignanter
3277 4395 3543 4466 implevit.
3593 4392 3726 4450 Unde

467 4482 750 4539 nobiscqu
777 4483 960 4555 potius
984 4484 1263 4538 meliorem
1294 4482 1474 4538 adhuc
1495 4490 1677 4553 sperat
1697 4482 1941 4539 invenire
1967 4498 2055 4539 re-
2086 4501 2131 4556 ι)
2156 4493 2284 4566 quia
2315 4508 2414 4563 pro
2438 4492 2648 4546 honore
2669 4490 2816 4545 illius
2844 4488 3089 4561 quotidie
3136 4489 3409 4544 viviﬁcam
3455 4489 3725 4545 adoramus

463 4579 881 4647 surrectionem,
907 4576 1179 4655 orandum
1209 4584 1295 4633 est
1344 4575 1503 4631 nobis
1548 4584 1611 4631 ut
1656 4575 1773 4647 ipse
1815 4575 1910 4646 qui
1954 4590 2053 4648 per

464 4671 786 4742 sanguinem
809 4686 971 4726 suum
997 4668 1225 4725 viviﬁcae
1273 4668 1456 4724 erucis
1472 4667 1667 4739 {voluit
1710 4667 2053 4725 sanetiticare

461 4762 741 4829 vexillum,
774 4761 843 4817 ad
866 4762 1161 4834 perfectam
1187 4761 1431 4833 requiem
1463 4777 1564 4817 nos
1592 4760 1853 4832 perducat
1872 4777 2052 4831 quan-

462 4854 644 4928 doque
669 4867 722 4912 et
753 4857 925 4911 illum.
961 4855 1255 4911 Sciendum
1278 4861 1363 4909 est
1403 4856 1549 4909 enim
1599 4854 1728 4926 quia
1783 4854 1910 4911 licet
1964 4855 2052 4911 ille

460 4948 588 5005 talis
610 4964 677 5004 ac
698 4957 885 5005 tantus
911 4964 1022 5003 non
1053 4947 1125 5003 sit
1151 4962 1219 5001 ex
1246 4945 1662 5015 imperfectione
1702 4948 2048 5015 meritorum,

460 5050 524 5096 ut
544 5041 707 5113 digne
729 5037 1038 5112 computari
1094 5037 1271 5109 possit
1321 5037 1377 5092 in
1428 5054 1656 5094 numero
1702 5046 2047 5108 sanctorum,

459 5149 588 5189 vere
612 5144 793 5191 tamen
820 5143 873 5189 et
901 5135 1107 5204 absque
1130 5130 1280 5187 omni
1314 5129 1651 5187 dubitatione
1699 5141 1906 5203 partem
1947 5132 2046 5186 ba-

459 5226 609 5282 bebit
639 5227 693 5281 in
717 5225 1216 5294 consiliojustorum
1237 5231 1285 5280 et
1300 5225 1703 5295 congregatione
1727 5221 1901 5292 (Psal.
1933 5228 2045 5291 cx).

461 5316 529 5374 Et
559 5336 669 5374 non
713 5318 988 5374 immerito
1041 5317 1285 5389 quidem,
1318 5317 1447 5390 quia
1477 5317 1606 5373 licet
1660 5311 1948 5386 Philippus
1997 5322 2051 5369 et

460 5412 649 5480 Caius,
677 5411 788 5468 duo
808 5411 864 5467 hi
889 5411 1234 5467 solummodo
1276 5426 1431 5482 reges
1483 5416 1609 5464 ante
1658 5406 1834 5473 illum,
1885 5404 2050 5460 Chri-

461 5504 676 5563 stianus
716 5504 929 5576 primus
984 5512 1104 5558 erat
1150 5519 1218 5559 ex
1278 5500 1492 5561 cunctis
1538 5497 1964 5569 imperatoribus
1993 5507 2048 5553 et

2158 4601 2397 4651 crucem,
2417 4584 2511 4655 qui
2538 4585 2668 4640 olim
2686 4583 2741 4638 in
2758 4599 2921 4640 cruce
2956 4590 3173 4637 noctem
3196 4581 3249 4636 in
3265 4581 3408 4637 diem
3432 4589 3487 4637 et
3498 4581 3724 4636 tenebras

2157 4680 2401 4735 vertebat
2440 4678 2493 4732 in
2546 4679 2725 4733 lucem
2750 4719 2765 4744 ,
2803 4678 3073 4732 orandum
3116 4686 3200 4731 est
3221 4675 3381 4730 nobis
3411 4683 3473 4730 ut
3501 4689 3594 4745 per
3623 4673 3723 4745 glo-

2156 4771 2360 4829 riosam
2385 4772 2628 4842 ejusdem
2660 4773 2840 4826 crucis
2855 4768 3243 4826 sacratissinue
3265 4769 3547 4834 virtutem,
3568 4777 3721 4837 quan-

2157 4866 2337 4936 doque
2370 4864 2531 4921 nobis
2566 4864 2874 4919 animarum
2907 4863 3175 4932 requiem,
3213 4869 3268 4917 et
3285 4876 3432 4916 nunc
3453 4870 3718 4930 corporum

2157 4954 2413 5028 dignetur
2433 4957 2638 5011 donare
2666 4956 2926 5022 salutem;
2958 4963 3230 5026 quatenus
3253 4965 3352 5024 per
3397 4953 3617 5025 gratiam
3646 4949 3717 5019 ip-

2157 5047 2293 5115 sius,
2323 5057 2378 5103 et
2417 5056 2547 5103 tunc
2575 5063 2605 5103 a
2641 5048 2839 5118 pmnis,
2871 5055 2924 5101 et
2946 5062 3093 5102 nunc
3135 5045 3356 5100 liberari
3382 5054 3715 5100 mereamura

2156 5139 2416 5211 peccatis,
2443 5138 2571 5208 quia
2603 5139 2655 5191 in
2687 5154 2777 5191 ara
2802 5137 2983 5193 erucis
3010 5137 3251 5207 seipsum
3280 5136 3477 5191 obtulit
3504 5134 3606 5189 Deo
3620 5131 3712 5185 Pa-

2152 5233 2221 5289 tri
2254 5231 2604 5294 sacriﬁcium,
2624 5231 2677 5285 in
2706 5231 2925 5285 odorem
2952 5230 3261 5296 suavitatis,
3298 5227 3461 5285 Iesus
3490 5226 3711 5282 Christus

2153 5325 2419 5381 Dominus
2446 5333 2649 5389 noster,
2691 5323 2933 5393 quicum
2991 5321 3153 5379 Patre
3192 5332 3248 5377 et
3294 5321 3499 5395 Spiritu
3545 5324 3711 5376 sancto

2154 5417 2284 5473 vivit
2304 5428 2358 5474 et
2380 5426 2571 5489 regnat
2588 5417 2641 5470 in
2668 5416 2865 5471 smcula
2891 5414 3239 5471 saeculorum.

465 5778 478 5791 ι
534 5707 612 5780 (1)
640 5707 1035 5762 Constantinus
1065 5704 1313 5777 Magnus,
1346 5702 1562 5762 tametsi
1601 5701 1881 5775 piissimus
1911 5702 2184 5773 princeps,
2214 5702 2455 5760 nondum
2515 5709 2695 5757 tamen
2742 5699 2809 5755 ab
2859 5698 3100 5755 Ecclesia
3147 5696 3392 5752 Romana
3418 5694 3606 5750 relatus
3640 5691 3710 5743 est

463 5787 521 5834 in
544 5787 857 5834 sanctorum
882 5793 1190 5833 numerum.
