3960 6316
64 301 248 361 963

1032 299 1121 356 DE
1153 293 1387 357 LAUDE
1423 296 1513 355 ΕΤ
1547 296 1685 356 ων.
1729 297 1789 356 S.
1825 296 2105 357 CRUGIS.
2146 329 2222 341 —
2254 297 2385 356 LIB.
2424 297 2510 355 ΙΙΙε

1163 430 1200 465 ι,
1396 429 1445 435 -.
1612 430 1680 437 ..

2679 444 3414 473 *ωψσε-ι..

1016 639 1481 757 INCIPIT
1556 662 1915 753 LIBER
1988 656 2507 755 TERTIUS

1257 880 1348 937 DE
1385 877 1826 939 CONSTANTIO
1863 868 1954 933 ET
1996 876 2277 933 HELENA

420 1063 1035 1127 PREFATIUNCULA
1068 1059 1445 1119 AUCTORIS.

190 1164 482 1232 Quoniam
512 1162 576 1217 de
601 1160 896 1216 inventione
920 1164 1121 1211 sancta:
1142 1154 1337 1220 crucis,
1381 1152 1575 1223 fratres
1610 1148 1732 1203 cha-

91 1258 373 1324 rissimi,
396 1254 640 1327 qua’dam
651 1252 771 1322 jam
800 1250 1036 1304 diximus
1058 1288 1073 1315 ,
1104 1246 1169 1301 de
1194 1244 1506 1301 Constantio
1533 1249 1585 1296 et
1620 1239 1734 1294 He-

83 1349 287 1418 lena,
313 1365 405 1419 per
428 1361 556 1417 quos
586 1345 797 1399 inventa
817 1350 893 1397 est
916 1354 1068 1406 crux,
1102 1338 1285 1408 aliqua
1306 1336 1561 1400 dicemus,
1592 1349 1731 1404 qua-

83 1451 293 1496 tenus
320 1441 377 1495 in
427 1438 610 1510 operis-
649 1436 807 1507 hujus
849 1435 983 1489 serie
1030 1440 1145 1503 post
1185 1429 1471 1484 materiam
1490 1435 1731 1480 auctores

82 1529 711 1605 prodanturmaterite.
736 1526 969 1598 Dignum
991 1524 1180 1595 quippe
1194 1529 1271 1576 est
1295 1530 1354 1574 ut
1376 1517 1515 1591 [qui]
1530 1518 1594 1571 de
1615 1517 1733 1588 ipsa

82 1625 438 1679 inventione
460 1635 680 1693 agamus
709 1614 981 1691 [egimus],
1007 1614 1073 1668 de
1103 1610 1463 1667 inventoribus
1483 1609 1597 1680 ejus
1624 1608 1732 1662 ali-

85 1718 234 1792 qua
255 1717 450 1788 aﬂ'erre
464 1711 765 1778 debeamus,
783 1716 863 1777 ut,
881 1710 1065 1780 agnita
1082 1705 1254 1779 gloria
1272 1720 1452 1759 eorum
1469 1712 1517 1757 et
1533 1702 1735 1774 magni-

84 1810 377 1883 ﬁcentia,
397 1806 586 1879 melius
613 1796 682 1859 ad
704 1810 894 1858 rwtera
916 1800 1215 1872 prwcedens
1248 1805 1430 1851 currat
1449 1795 1729 1850 sententia.

652 1892 885 1952 CAPUT
920 1889 1213 1948 PRIMUM.

321 1990 391 2048 Ut
416 1990 763 2048 Constantius
791 1987 861 2044 D.
890 1986 1149 2042 Helenam
1173 1983 1275 2038 sibi
1288 1981 1551 2054 junxerit.

182 2084 566 2143 Cdnstantius
588 2097 719 2155 ergo
741 2082 924 2138 Czesar
943 2122 959 2149 ,
983 2078 1079 2150 qui
1117 2075 1332 2133 Claudii
1384 2072 1732 2146 imperatoris

93 2193 312 2250 ncpcs
332 2182 452 2231 erat
475 2188 543 2230 ex
577 2173 710 2242 ﬁlia,
743 2173 880 2229 bella
911 2182 1126 2241 semper
1148 2167 1368 2224 hostilia
1397 2168 1521 2238 plus
1557 2166 1731 2221 male-

92 2271 216 2326 bat
254 2284 428 2340 quam
450 2265 655 2334 civilia,
676 2274 739 2321 ut
760 2265 915 2321 bellis
957 2263 1250 2319 hostilibus
1279 2261 1522 2317 civilium
1555 2260 1730 2315 bello-

1760 1060 1809 1118 A
1833 1066 1956 1114 erat
1988 1057 2217 1126 nobilis,
2244 1067 2302 1114 et
2323 1057 2449 1114 ideo
2469 1057 2727 1128 nobilior,
2774 1059 2848 1116 ita
2873 1069 2928 1117 et
2953 1062 3043 1118 ille
3077 1063 3297 1125 sibimet
3328 1068 3437 1129 fuit

1839 1150 2008 1217 utilis,
2037 1159 2091 1207 et
2114 1149 2344 1221 imperio
2394 1151 2599 1207 utilior.
2633 1150 2726 1208 llle
2751 1153 2895 1209 enim
2944 1157 3104 1226 quasi
3160 1159 3228 1215 ad
3257 1161 3440 1221 instar

1836 1243 2042 1313 speculi
2071 1242 2300 1298 humani
2329 1243 2518 1299 radius
2541 1243 2645 1300 fuit
2678 1246 2913 1317 imperii,
2940 1249 2998 1303 in
3024 1249 3113 1306 his
3142 1266 3267 1323 quae
3298 1251 3433 1312 sunt

1836 1334 2046 1390 saeculi.
2077 1333 2204 1391 Haec
2238 1343 2420 1390 autem
2442 1336 2596 1391 radio
2617 1336 2743 1393 fidei
2781 1339 2979 1395 divinae
3016 1357 3075 1397 se
3110 1343 3434 1415 imprimens

1834 1429 1962 1501 legi,
1995 1428 2279 1499 speculum
2309 1436 2429 1485 erat
2458 1428 2702 1502 imperii,
2732 1432 2787 1485 in
2817 1432 2901 1488 his
2923 1450 3045 1504 qum
3064 1446 3192 1493 sunt
3222 1441 3433 1509 saeculi,

1834 1521 1965 1578 etin
1986 1521 2074 1578 bis
2102 1538 2226 1592 qua:
2252 1521 2370 1577 Dei.
2396 1522 2463 1578 Et
2490 1524 2613 1579 ideo
2654 1525 2939 1582 nobilitate
2973 1529 3207 1598 mentis,
3262 1549 3432 1603 quam

1833 1612 2017 1668 divina
2051 1612 2157 1668 sibi
2180 1614 2505 1685 praerogavit
2530 1616 2763 1683 sanctio,
2812 1618 2988 1674 inulto
3022 1621 3257 1678 nobilior
3281 1625 3432 1681 vidc-

1832 1703 1994 1759 batur
2015 1701 2371 1771 Constantio;
2401 1704 2530 1775 quia
2563 1720 2662 1775 per
2711 1709 3152 1767 Inaestimabilem
3175 1729 3431 1785 superna:

1831 1794 2051 1866 pietatis
2102 1794 2422 1865 ellicaciam,
2462 1797 2805 1879 nobilitatem
2866 1803 3097 1872 mentis,
3148 1821 3313 1876 quam
3336 1807 3429 1864 ille

1831 1900 1941 1941 non
1982 1885 2174 1941 habuit
2197 1901 2296 1957 per
2322 1896 2602 1959 naturam,
2657 1891 2764 1948 ista
2825 1895 3028 1950 meruit
3075 1897 3279 1954 habere
3330 1915 3432 1969 per

1831 1977 2086 2048 gratiam.
2121 1974 2296 2060 Unde,
2311 1979 2574 2051 quoniam
2595 1980 2740 2037 idem
2767 1982 3123 2043 Constantius
3150 2004 3429 2060 nusquam

1831 2070 2009 2144 amori
2042 2085 2145 2126 suo
2171 2079 2283 2127 tam
2323 2072 2643 2130 delectabile
2690 2083 2908 2146 poterat
2951 2076 3198 2135 invenire.
3249 2080 3427 2137 sulfu-

1831 2161 2002 2233 gium,
2033 2164 2235 2219 mirum
2267 2181 2378 2221 non
2405 2173 2492 2222 est
2520 2166 2668 2237 quod
2692 2176 2804 2224 tam
2840 2169 3043 2226 nobilis
3076 2171 3161 2226 vir
3193 2181 3304 2227 tam
3332 2187 3431 2228 nc-

1829 2254 1994 2310 bilem
2019 2254 2278 2311 feminam
2308 2257 2414 2313 sibi
2438 2258 2670 2314 sociavit
2702 2259 2759 2315 in
2804 2261 3145 2334 conjugium.
3195 2262 3272 2320 De
3294 2281 3430 2336 qua,

96 2368 259 2419 rum
292 2362 511 2418 illorum
540 2360 855 2418 decurtaret
887 2365 1090 2424 metas,
1132 2356 1198 2411 de
1218 2355 1419 2426 quibus
1461 2355 1728 2425 scriptum
1760 2422 1797 2430 ﬂ
1832 2347 1976 2404 sicut
2014 2348 2245 2405 historia
2293 2350 2454 2407 nobis
2500 2351 2715 2408 intonat
2766 2354 3044 2424 subtilius,
3072 2372 3171 2427 per
3195 2358 3433 2430 gratiam

99 2462 281 2511 θεῖε
1402 2503 1409 2507 .

281 2535 467 2601 Altera
488 2543 607 2615 jam
649 2542 840 2598 teritur
870 2538 1023 2595 bellis
1050 2537 1293 2593 civilibus
1323 2546 1473 2593 tutas.

104 2617 296 2697 unde
359 2647 414 2694 et
456 2638 511 2692 in
558 2635 747 2692 ordine
807 2633 943 2690 vicis
992 2648 1107 2688 sua:
1142 2630 1376 2686 militum
1413 2628 1516 2684 sibi
1568 2643 1731 2684 assus

106 2745 298 2791 mens
327 2732 639 2804 collegium,
678 2730 782 2786 hac
827 2737 882 2784 et
930 2727 1055 2783 illac
1109 2724 1313 2780 bellum
1359 2722 1525 2796 gessit
1575 2737 1727 2794 egre-

107 2829 311 2902 gium,
341 2827 470 2883 dum
494 2824 767 2897 publicam
797 2837 913 2878 rem
954 2819 1174 2892 publico
1219 2815 1518 2873 defendens
1557 2815 1732 2887 magi-

108 2916 330 2985 sterio,
356 2918 557 2973 multas
577 2915 822 2972 civitates
863 2921 919 2969 et
960 2910 1274 2985 provincias
1316 2907 1566 2964 Romano
1594 2909 1729 2964 sub-

104 3011 346 3082 jngavit
376 3010 625 3080 imperio.
650 3008 766 3077 Qua
788 3008 855 3064 de
874 3022 1042 3062 causa
1071 3004 1289 3074 copiosa
1326 3018 1453 3057 cum
1486 3001 1729 3056 exercitu

114 3105 174 3158 in
196 3104 416 3160 Gallias
447 3100 722 3173 profectus
746 3109 830 3157 est
851 3115 882 3155 a
910 3098 1104 3164 lloma,
1122 3098 1223 3151 hac
1246 3103 1301 3150 et
1348 3093 1475 3149 illac
1518 3091 1732 3147 rebelli-

111 3196 235 3251 bus
264 3194 447 3249 intulit
473 3209 645 3257 arma,
692 3191 1031 3263 supplicibus
1078 3190 1243 3255 dona,
1277 3195 1338 3242 ut
1388 3200 1489 3257 pro
1523 3182 1728 3253 dispari

115 3288 354 3343 actione
380 3286 744 3358 singulorum,
768 3284 955 3353 dispar
984 3281 1065 3337 eis
1095 3289 1242 3336 esset
1276 3288 1331 3333 et
1355 3276 1528 3350 gratia
1550 3276 1727 3331 dono-

113 3396 281 3434 rum.
308 3377 463 3433 Unde
510 3386 563 3432 et
614 3393 678 3433 eo
731 3375 983 3446 ampliori
1036 3373 1328 3429 dilectione
1370 3370 1658 3426 tenebatur
1695 3384 1727 3422 a

117 3469 328 3536 Gallis,
356 3483 466 3539 quo
497 3467 855 3538 superborum
878 3473 997 3520 erat
1016 3478 1176 3519 mons
1211 3471 1265 3518 et
1292 3463 1583 3517 humilium
1608 3463 1726 3517 val-

119 3563 215 3630 lis,
248 3562 382 3617 dum
397 3559 747 3632 reprimendo
776 3574 994 3625 exosos,
1015 3569 1069 3613 et
1098 3555 1446 3628 provehendo
1476 3556 1725 3623 dilectos,

120 3655 303 3725 erepit
328 3654 584 3709 edomare
606 3650 867 3718 tumidos,
913 3659 967 3705 et
1026 3650 1240 3705 elevare
1287 3647 1585 3719 subjectos.
1637 3648 1730 3704 Sic

1755 2422 1803 2483 Β
1831 2439 1928 2497 Dei
1951 2449 2062 2496 tam
2092 2457 2328 2515 magnus
2357 2452 2414 2497 et
2442 2443 2883 2502 illustrissnobis
2926 2422 3089 2505 datus
3128 2422 3223 2505 est
3256 2449 3428 2519 filius,

1831 2533 1927 2605 qui
1949 2541 2005 2589 et
2024 2534 2457 2605 praecedentibus
2480 2537 2703 2608 regibus
2736 2541 3013 2609 posterior
3044 2558 3155 2597 non
3179 2552 3329 2599 esset
3356 2544 3428 2600 ad

1829 2628 2108 2695 virtutem,
2141 2635 2196 2683 et
2218 2627 2683 2699 subsequentibus
2706 2633 2951 2690 anterior
2980 2644 3127 2691 esset
3171 2636 3240 2692 ad
3274 2637 3426 2693 salu-

1830 2730 1962 2777 tem.
2003 2720 2071 2776 Et
2101 2722 2225 2778 ideo
2263 2724 2458 2781 beatus
2495 2732 2616 2778 erat
2657 2724 2742 2779 vir
2771 2725 2866 2796 qui
2897 2726 3061 2782 talem
3110 2726 3283 2783 filium
3321 2729 3426 2785 ba-

1828 2814 1950 2871 buit
1978 2835 1990 2871 :
2024 2817 2183 2872 beata
2213 2820 2377 2875 etiam
2408 2817 2629 2884 mulier,
2652 2832 2777 2888 quae
2816 2826 3017 2889 praeter
3057 2819 3208 2875 hunc
3242 2821 3425 2876 virum

1828 2919 1953 2981 post
1975 2912 2146 2967 alium
2178 2929 2290 2969 non
2318 2914 2482 2970 abiit!
2515 2914 2612 2970 sed
2635 2914 2725 2970 ille
2752 2914 2927 2970 multo
2952 2922 3136 2986 posset
3160 2914 3427 2970 ﬁeribea-

1828 3002 1956 3071 tier,
1982 3004 2029 3059 si
2054 3020 2151 3074 per
2169 3005 2410 3062 fructum
2433 3006 2663 3078 justitiaa
2684 3007 2844 3063 vellet
2878 3022 3004 3063 esse
3038 3006 3295 3064 feracior.
3322 3005 3425 3062 Fe-

1827 3094 1904 3148 lix
1931 3103 2112 3151 tamen
2134 3099 2543 3168 quodammodo
2566 3099 2703 3155 tanti
2734 3099 2833 3154 lilii
2863 3101 3047 3169 pater!
3074 3099 3205 3156 felix
3228 3108 3347 3157 erat
3367 3108 3426 3155 et

1829 3190 2035 3242 mater!
2079 3190 2175 3245 sed
2200 3189 2477 3247 feliciores
2503 3191 2818 3247 viderentur
2847 3192 3086 3261 utrique,
3121 3192 3298 3262 sijam
3323 3208 3426 3262 pa-

1827 3278 1962 3334 riter
1984 3280 2291 3351 potirentur
2315 3284 2541 3354 prtemio
2561 3272 2837 3340 vitanSed
2860 3292 3040 3340 tamen
3068 3300 3165 3355 per
3191 3280 3425 3356 gratian‘l

1826 3371 2047 3429 virtutis
2098 3373 2501 3445 cujuscunque,
2537 3374 2667 3430 felix
2722 3382 2954 3446 uterque
3004 3375 3291 3431 videbatur
3336 3384 3424 3432 ut-

1827 3478 2064 3535 cunque,
2100 3465 2361 3535 quoniam
2392 3465 2663 3522 sicutille
2691 3463 2821 3533 felix
2876 3466 3159 3536 temporali
3216 3467 3420 3523 virtute

1830 3556 1914 3611 vel
1942 3554 2202 3624 victoria;
2233 3558 2308 3611 ita
2334 3566 2391 3613 et
2418 3557 2524 3612 ista
2568 3555 2696 3612 felix
2726 3565 2844 3613 erat
2889 3556 3220 3626 sempiterna
3249 3558 3426 3627 gratia

1828 3656 1883 3703 et
1911 3648 2104 3719 gloria.
2141 3647 2293 3705 Unde
2321 3659 2376 3704 et
2397 3665 2495 3720 per
2532 3649 2765 3720 gratiam
2798 3647 3177 3719 cujuscunque
3204 3649 3424 3706 virtutis

118 3762 266 3818 ergo
290 3744 810 3840 mstquaquallias
837 3743 964 3798 hinc
981 3751 1035 3798 et
1056 3742 1208 3797 illinc
1232 3741 1437 3812 ubique
1477 3753 1731 3813 peragra-
1754 3781 1795 3840 Ο
1828 3754 1894 3794 ex
1925 3749 2078 3810 parte
2108 3740 2236 3796 felix
2261 3742 2374 3808 illa,
2398 3740 2526 3798 felix
2575 3741 2685 3809 ille,
2737 3740 2867 3796 felix
2888 3748 3008 3795 erat
3029 3749 3296 3813 uterque;
3326 3740 3426 3797 sed

118 3840 226 3907 vit,
277 3840 496 3895 tandem
541 3838 610 3893 ad
660 3836 1004 3892 Trevericam
1052 3836 1242 3891 urbem
1296 3834 1725 3891 famosissimum

121 3930 449 3997 declinavit,
480 3945 604 4001 qua:
635 3938 765 3984 tunc
786 3927 1045 3998 temporis
1089 3942 1158 3982 eo
1207 3925 1417 3983 divitiis
1463 3935 1519 3983 et
1560 3927 1727 3983 rebus

121 4034 251 4080 erat
272 4023 601 4095 opulentior,
623 4035 733 4093 quo
756 4021 926 4076 armis
944 4030 999 4076 et
1018 4019 1285 4076 militibus
1304 4020 1589 4077 videbatur
1602 4035 1727 4077 esse

123 4115 430 4187 potentior.
465 4113 617 4170 Licet
641 4112 787 4168 enim
838 4109 997 4166 fortis
1020 4120 1166 4166 esset
1217 4124 1285 4165 ex
1322 4110 1619 4180 provinciis
1671 4119 1727 4166 et

123 4205 449 4262 civitatibus
472 4205 716 4276 undique
730 4202 1129 4277 adjacentibus,
1159 4201 1344 4257 divina
1373 4209 1557 4256 tamen
1598 4216 1725 4271 gra-

124 4300 200 4353 tla
226 4296 427 4353 fortior
467 4306 587 4353 erat
626 4314 658 4353 a
727 4284 1115 4363 credentibus;
1179 4295 1419 4349 maxime
1460 4308 1585 4348 cum
1628 4290 1726 4364 per

124 4392 352 4448 beatum
374 4389 705 4447 Eucharium
730 4406 796 4447 ac
837 4391 1018 4447 socios
1048 4389 1169 4461 ejus
1211 4388 1287 4444 ita
1329 4387 1532 4443 sterilis
1578 4394 1725 4442 esset

124 4484 461 4551 idololatria,
490 4492 544 4539 et
565 4483 670 4540 fide
696 4482 950 4552 fecunda,
983 4482 1132 4554 quod
1175 4495 1287 4536 non
1315 4478 1591 4534 immerito
1618 4476 1723 4533 Ro-

125 4590 215 4629 ma
244 4575 545 4631 vocabatur
594 4574 855 4631 secunda.
911 4573 1134 4630 Interim
1165 4579 1381 4638 autem,
1423 4570 1555 4625 dum
1582 4568 1723 4625 Con-

125 4667 366 4721 stantius
410 4664 722 4721 Romanum
785 4666 1078 4736 imperium
1121 4679 1218 4735 per
1254 4662 1460 4719 Gallias
1518 4660 1723 4731 ubique

124 4758 394 4825 dilatavit,
417 4760 631 4814 beatam
668 4760 927 4814 Helenam
963 4758 1228 4829 virginem
1256 4771 1357 4827 pro
1406 4754 1574 4810 nimia
1595 4750 1729 4824 pul-L'

126 4851 458 4919 cbritudine,
487 4867 653 4923 quam
681 4852 936 4918 habebat,
975 4850 1213 4917 amavit;
1239 4849 1367 4920 quia
1398 4864 1508 4912 non
1540 4846 1720 4902 solum

127 4943 357 5013 pulchra
384 4950 503 4999 erat
528 4946 649 5001 visu
677 4953 1013 5016 aspectuque
1037 4941 1396 5007 delectabilis,
1432 4938 1528 4995 sed
1552 4939 1717 4995 etiam

129 5035 300 5105 gloria
333 5043 393 5091 et
426 5035 635 5093 honore
652 5037 835 5108 magis
878 5034 1167 5091 videbatur
1211 5031 1570 5088 admirabilis.
1627 5031 1722 5087 Sic

1827 3848 1894 3889 eo
1943 3834 2080 3889 alter
2125 3835 2297 3891 altero
2348 3834 2580 3906 felicior,
2606 3853 2717 3908 quo
2748 3838 2804 3893 in
2830 3838 2951 3910 lege
2988 3835 3085 3892 Dei
3139 3835 3422 3892 videbatur

1825 3943 1949 3984 esse
1977 3928 2226 4000 peritior.
2260 3928 2329 3985 Et
2348 3930 2473 3987 licet
2503 3931 2647 3986 idem
2675 3932 2779 4001 vir,
2835 3931 2932 4003 qui
2974 3929 3211 3986 Romani
3271 3928 3426 3985 orbis

1824 4030 1942 4077 erat
1967 4022 2275 4092 speculum,
2306 4021 2436 4079 felix
2464 4033 2612 4079 esset
2637 4032 2904 4095 quantum
2927 4023 2997 4079 ad
3022 4021 3307 4088 Simulum,
3324 4036 3424 4091 per

1826 4113 1931 4168 hoc
1952 4121 2155 4180 tamen,
2173 4112 2321 4184 quod
2337 4113 2391 4168 in
2416 4114 2592 4170 oculis
2618 4113 2715 4169 Dei
2730 4114 2906 4187 caligo
2922 4112 3227 4186 paganismi
3244 4108 3425 4186 [eum]

1824 4204 2229 4275 deuigraverat,
2290 4220 2639 4277 nequaquam
2690 4206 2817 4263 felix
2855 4216 2975 4264 erat
3026 4214 3297 4278 quantum
3351 4204 3424 4261 ad

1822 4295 2016 4351 Deum.
2044 4295 2149 4351 Sed
2184 4297 2230 4352 si
2257 4298 2668 4368 quodammodo
2698 4308 2879 4370 potest
2903 4280 3144 4356 'concedi
3189 4296 3421 4369 quodin

1820 4389 2009 4459 aliquo
2039 4388 2175 4466 felix
2197 4390 2413 4446 dicatur
2447 4407 2546 4462 per
2576 4393 2810 4463 gratiam
2853 4391 2975 4460 Dei,
3020 4393 3195 4449 multo
3239 4400 3424 4448 tamen

1821 4481 2033 4538 felicior
2049 4476 2374 4550 exstitisset,
2398 4484 2445 4539 si
2475 4485 2557 4539 ad'
2582 4485 2742 4540 ﬁdem
2789 4496 2917 4540 cum
2968 4485 3199 4540 muliere
3224 4494 3421 4555 perve~

1820 4576 2014 4643 uisset,
2038 4577 2302 4647 quoniam
2333 4576 2459 4633 inde
2506 4579 2687 4649 magis
2734 4576 3177 4649 prosperioribus
3232 4585 3424 4647 posset

1819 4670 2025 4741 pollere
2085 4672 2456 4739 successibus,
2513 4672 2560 4727 si
2599 4686 2697 4743 per
2725 4671 2887 4727 fidem
2944 4671 3155 4728 Christi
3200 4670 3424 4728 cautius

1820 4765 2132 4821 consuleret
2156 4764 2490 4821 immanibus
2523 4767 2866 4822 excessibus.

2446 4856 2677 4914 CAPUT
2715 4859 2779 4917 11.

1933 4949 2004 5006 D.
2035 4949 2254 5007 Helena:
2274 4944 2477 5023 generis
2502 4953 2834 5009 nobilitatem
2870 4972 2989 5027 qua
3019 4962 3297 5010 testentur.

1890 5039 2215 5098 Econtrario
2247 5050 2430 5098 autem
2457 5042 2658 5099 mulier
2680 5044 2771 5099 illa
2812 5045 3079 5115 pretiosa,
3113 5058 3225 5099 non
3251 5040 3423 5097 modo

129 5128 313 5199 igitur,
364 5129 495 5185 dum
548 5129 603 5184 in
634 5129 776 5185 hanc
805 5142 921 5184 rem
967 5137 1144 5183 totum
1191 5126 1436 5181 animum
1463 5136 1519 5179 et
1540 5132 1714 5179 totum

1828 5149 2039 5207 genere,
2077 5136 2172 5191 sed
2190 5137 2354 5191 etiam
2399 5136 2601 5193 virtute
2640 5138 2930 5193 videbatur
2963 5151 3249 5208 generosa,
3280 5134 3415 5191 dum

131 5220 477 5290 impendebat
525 5220 791 5289 studium,
839 5220 1057 5275 tandem
1107 5217 1339 5274 amabile
1394 5226 1720 5287 prosecutus

131 5314 484 5383 desiderium,
535 5331 656 5372 eam
713 5315 816 5371 sibi
871 5314 1103 5371 sociavit
1146 5314 1201 5368 in
1240 5313 1579 5369 connubium
1609 5330 1624 5368 :
1653 5314 1722 5370 de
1770 5331 1779 5339 ·

133 5421 257 5478 qua,
290 5415 350 5462 ut
374 5408 556 5464 divina
584 5408 925 5480 providentia
963 5405 1371 5478 prmordinavit,
1403 5404 1598 5472 lilium,
1625 5405 1723 5476 qui

131 5497 522 5557 Constantinus
560 5500 788 5575 Magnus
847 5501 1151 5567 dicebatur,
1205 5499 1503 5571 generavit.
1563 5498 1721 5556 Unde

132 5610 253 5652 cum
278 5596 472 5651 melior
499 5604 644 5652 esset
671 5594 912 5664 Galerio,
934 5603 989 5650 et
1022 5594 1258 5650 nobilior
1285 5593 1489 5649 Chloro
1517 5602 1571 5649 et
1606 5592 1715 5665 Cy-

134 5703 215 5754 ro,
234 5689 435 5743 mirum
488 5703 596 5743 non
643 5699 725 5746 est
758 5688 904 5761 quod
959 5697 1071 5743 tam
1095 5687 1297 5742 nobilis
1346 5686 1548 5742 femina
1603 5696 1715 5741 tam

136 5781 296 5837 nobili
313 5781 518 5839 sociata
540 5791 622 5840 est
647 5784 800 5852 viro;
846 5784 1129 5852 quoniam,
1172 5781 1313 5838 sicut
1340 5780 1459 5853 ipsa
1482 5780 1716 5860 _mundo

1816 5232 1916 5299 per
1938 5230 2168 5300 gratiam
2196 5228 2293 5285 Dei
2338 5230 2731 5301 omnipotentis
2782 5230 3126 5286 nobilitatem
3163 5227 3414 5298 corporis
3464 5226 3471 5235 ’

1815 5320 2101 5375 nobilitate
2125 5336 2339 5390 semper
2358 5321 2552 5375 extulit
2586 5321 2806 5376 mentis.
2835 5319 3010 5385 Unde,
3048 5318 3173 5374 licet
3208 5318 3266 5372 in
3319 5316 3412 5370 hi-

1816 5412 2004 5468 storiis
2026 5421 2317 5482 parentum
2348 5413 2495 5470 illius
2541 5428 2807 5485 generosa
2851 5413 3077 5468 sileatur
3128 5410 3408 5477 nobilitas,

1815 5506 2159 5561 nobilitatem
2191 5514 2373 5563 tamen
2407 5507 2528 5578 ejus
2561 5507 2708 5577 apud
2757 5505 3012 5562 Treviros
3052 5501 3410 5560 aedificiorum

1817 5613 2044 5655 suorum
2084 5599 2264 5654 adhuc
2326 5598 2553 5669 antiqua
2581 5606 2816 5654 testatur
2836 5597 3114 5670 gentilitas
3145 5614 3159 5650 :
3188 5594 3281 5649 ubi
3312 5609 3411 5663 pa-

1817 5676 2118 5747 vimentum
2142 5691 2338 5747 domus
2377 5691 2523 5745 illius
2544 5691 2715 5747 variis
2751 5690 3117 5747 marmoribus
3141 5695 3196 5744 et
3244 5686 3409 5740 Pario

1817 5785 2094 5860 quondam
2146 5785 2324 5859 lapide
2377 5793 2608 5842 stratum
2652 5785 2791 5844 bene
2839 5784 3078 5843 declarat
3140 5791 3410 5858 quantum
