  <div class='ocr_page' id='page_1' title='image "/cluster/home/n/w/nwhite01/storage/ocr_20150623/160/hvd.32044015473846/485.png"; bbox 0 0 3912 6478; ppageno 0'>
   <div class='ocr_carea' id='block_1_1' title="bbox 514 372 619 431">
    <p class='ocr_par' dir='ltr' id='par_1_1' title="bbox 514 372 619 431">
     <span class='ocr_line' id='line_1_1' title="bbox 514 372 619 431; baseline -0.038 1"><span class='ocrx_word' id='word_1_1' title='bbox 514 372 619 431; x_wconf 81' lang='lat'><strong>067</strong></span> 
     </span>
    </p>
   </div>
   <div class='ocr_carea' id='block_1_2' title="bbox 509 479 2100 559">
    <p class='ocr_par' dir='ltr' id='par_1_2' title="bbox 509 479 2100 559">
     <span class='ocr_line' id='line_1_2' title="bbox 509 479 2100 559; baseline -0.006 -16"><span class='ocrx_word' id='word_1_2' title='bbox 509 488 588 542; x_wconf 80' lang='lat' dir='ltr'><strong>ibi</strong></span> <span class='ocrx_word' id='word_1_3' title='bbox 619 501 731 559; x_wconf 84' lang='lat' dir='ltr'><strong>pra</strong></span> <span class='ocrx_word' id='word_1_4' title='bbox 755 485 878 543; x_wconf 88' lang='lat' dir='ltr'><strong>aliis</strong></span> <span class='ocrx_word' id='word_1_5' title='bbox 900 485 1177 542; x_wconf 74' lang='lat' dir='ltr'><strong>videretur</strong></span> <span class='ocrx_word' id='word_1_6' title='bbox 1216 482 1419 538; x_wconf 87' lang='lat' dir='ltr'><strong>habere</strong></span> <span class='ocrx_word' id='word_1_7' title='bbox 1465 480 1782 552; x_wconf 78' lang='lat' dir='ltr'><strong>primatum.</strong></span> <span class='ocrx_word' id='word_1_8' title='bbox 1833 479 2100 557; x_wconf 82' lang='lat' dir='ltr'><strong>Praterea</strong></span> 
     </span>
    </p>
   </div>
   <div class='ocr_carea' id='block_1_3' title="bbox 511 571 2100 650">
    <p class='ocr_par' dir='ltr' id='par_1_3' title="bbox 511 571 2100 650">
     <span class='ocr_line' id='line_1_3' title="bbox 511 571 2100 650; baseline -0.007 -16"><span class='ocrx_word' id='word_1_9' title='bbox 511 595 644 634; x_wconf 87' lang='lat' dir='ltr'><strong>vero</strong></span> <span class='ocrx_word' id='word_1_10' title='bbox 667 580 798 650; x_wconf 80' lang='lat' dir='ltr'><strong>ipsa</strong></span> <span class='ocrx_word' id='word_1_11' title='bbox 838 578 1092 649; x_wconf 73' lang='lat' dir='ltr'><strong>planities</strong></span> <span class='ocrx_word' id='word_1_12' title='bbox 1129 575 1402 648; x_wconf 76' lang='lat' dir='ltr'><strong>parietum</strong></span> <span class='ocrx_word' id='word_1_13' title='bbox 1431 572 1581 628; x_wconf 84' lang='lat' dir='ltr'><strong>fulvo</strong></span> <span class='ocrx_word' id='word_1_14' title='bbox 1610 588 1746 627; x_wconf 90' lang='lat' dir='ltr'><strong>auro</strong></span> <span class='ocrx_word' id='word_1_15' title='bbox 1775 572 1924 627; x_wconf 89' lang='lat' dir='ltr'><strong>velut</strong></span> <span class='ocrx_word' id='word_1_16' title='bbox 1967 571 2100 643; x_wconf 85' lang='lat' dir='ltr'><strong>hya-</strong></span> 
     </span>
    </p>
   </div>
   <div class='ocr_carea' id='block_1_4' title="bbox 511 662 2100 740">
    <p class='ocr_par' dir='ltr' id='par_1_4' title="bbox 511 662 2100 740">
     <span class='ocr_line' id='line_1_4' title="bbox 511 662 2100 740; baseline -0.006 -12"><span class='ocrx_word' id='word_1_17' title='bbox 511 673 760 729; x_wconf 91' lang='lat' dir='ltr'><strong>cinthino</strong></span> <span class='ocrx_word' id='word_1_18' title='bbox 820 681 969 727; x_wconf 82' lang='lat' dir='ltr'><strong>textu</strong></span> <span class='ocrx_word' id='word_1_19' title='bbox 1019 670 1248 740; x_wconf 91' lang='lat' dir='ltr'><strong>depicta</strong></span> <span class='ocrx_word' id='word_1_20' title='bbox 1279 668 1448 723; x_wconf 89' lang='lat' dir='ltr'><strong>bene</strong></span> <span class='ocrx_word' id='word_1_21' title='bbox 1478 665 1820 722; x_wconf 84' lang='lat' dir='ltr'><strong>testabantur</strong></span> <span class='ocrx_word' id='word_1_22' title='bbox 1865 662 2100 734; x_wconf 85' lang='lat' dir='ltr'><strong>insignia</strong></span> 
     </span>
    </p>
   </div>
   <div class='ocr_carea' id='block_1_5' title="bbox 404 755 2099 833">
    <p class='ocr_par' dir='ltr' id='par_1_5' title="bbox 404 755 2099 833">
     <span class='ocr_line' id='line_1_5' title="bbox 404 755 2099 833; baseline -0.006 -14"><span class='ocrx_word' id='word_1_23' title='bbox 404 803 409 808; x_wconf 80' lang='grc'><strong>-</strong></span> <span class='ocrx_word' id='word_1_24' title='bbox 511 764 814 819; x_wconf 80' lang='lat' dir='ltr'><strong>nobilitatis</strong></span> <span class='ocrx_word' id='word_1_25' title='bbox 858 764 979 833; x_wconf 85' lang='lat' dir='ltr'><strong>ejus</strong></span> <span class='ocrx_word' id='word_1_26' title='bbox 1024 759 1259 827; x_wconf 81' lang='lat' dir='ltr'><strong>invicta,</strong></span> <span class='ocrx_word' id='word_1_27' title='bbox 1301 759 1528 830; x_wconf 88' lang='lat' dir='ltr'><strong>insuper</strong></span> <span class='ocrx_word' id='word_1_28' title='bbox 1581 759 1745 813; x_wconf 91' lang='lat' dir='ltr'><strong>etiam</strong></span> <span class='ocrx_word' id='word_1_29' title='bbox 1774 755 2099 826; x_wconf 88' lang='lat' dir='ltr'><strong>pradiorum</strong></span> 
     </span>
    </p>
   </div>
   <div class='ocr_carea' id='block_1_6' title="bbox 508 847 2099 926">
    <p class='ocr_par' dir='ltr' id='par_1_6' title="bbox 508 847 2099 926">
     <span class='ocr_line' id='line_1_6' title="bbox 508 847 2099 926; baseline -0.006 -16"><span class='ocrx_word' id='word_1_30' title='bbox 508 855 630 926; x_wconf 87' lang='lat' dir='ltr'><strong>ejus</strong></span> <span class='ocrx_word' id='word_1_31' title='bbox 651 855 822 924; x_wconf 86' lang='lat' dir='ltr'><strong>cepia</strong></span> <span class='ocrx_word' id='word_1_32' title='bbox 848 851 1108 910; x_wconf 85' lang='lat' dir='ltr'><strong>Ecclesiis</strong></span> <span class='ocrx_word' id='word_1_33' title='bbox 1145 851 1238 907; x_wconf 88' lang='lat' dir='ltr'><strong>Dei</strong></span> <span class='ocrx_word' id='word_1_34' title='bbox 1255 852 1387 907; x_wconf 93' lang='lat' dir='ltr'><strong>olim</strong></span> <span class='ocrx_word' id='word_1_35' title='bbox 1415 850 1656 921; x_wconf 91' lang='lat' dir='ltr'><strong>undique</strong></span> <span class='ocrx_word' id='word_1_36' title='bbox 1703 849 1912 903; x_wconf 85' lang='lat' dir='ltr'><strong>collata</strong></span> <span class='ocrx_word' id='word_1_37' title='bbox 1963 847 2099 902; x_wconf 87' lang='lat' dir='ltr'><strong>bene</strong></span> 
     </span>
    </p>
   </div>
   <div class='ocr_carea' id='block_1_7' title="bbox 507 937 2097 1014">
    <p class='ocr_par' dir='ltr' id='par_1_7' title="bbox 507 937 2097 1014">
     <span class='ocr_line' id='line_1_7' title="bbox 507 937 2097 1014; baseline -0.006 -14"><span class='ocrx_word' id='word_1_38' title='bbox 507 945 792 1000; x_wconf 86' lang='lat' dir='ltr'><strong>declarant</strong></span> <span class='ocrx_word' id='word_1_39' title='bbox 841 959 1007 1014; x_wconf 91' lang='lat' dir='ltr'><strong>quam</strong></span> <span class='ocrx_word' id='word_1_40' title='bbox 1040 943 1385 998; x_wconf 86' lang='lat' dir='ltr'><strong>nobilissima</strong></span> <span class='ocrx_word' id='word_1_41' title='bbox 1407 940 1624 1012; x_wconf 81' lang='lat' dir='ltr'><strong>generis</strong></span> <span class='ocrx_word' id='word_1_42' title='bbox 1670 939 1898 1009; x_wconf 87' lang='lat' dir='ltr'><strong>polleret</strong></span> <span class='ocrx_word' id='word_1_43' title='bbox 1947 937 2097 992; x_wconf 89' lang='lat' dir='ltr'><strong>anti-</strong></span> 
     </span>
    </p>
   </div>
   <div class='ocr_carea' id='block_1_8' title="bbox 507 1031 2096 1106">
    <p class='ocr_par' dir='ltr' id='par_1_8' title="bbox 507 1031 2096 1106">
     <span class='ocr_line' id='line_1_8' title="bbox 507 1031 2096 1106; baseline -0.004 -16"><span class='ocrx_word' id='word_1_44' title='bbox 507 1036 734 1106; x_wconf 88' lang='lat' dir='ltr'><strong>quitate.</strong></span> <span class='ocrx_word' id='word_1_45' title='bbox 768 1033 877 1090; x_wconf 86' lang='lat' dir='ltr'><strong>Sed</strong></span> <span class='ocrx_word' id='word_1_46' title='bbox 907 1045 960 1089; x_wconf 90' lang='lat' dir='ltr'><strong>et</strong></span> <span class='ocrx_word' id='word_1_47' title='bbox 990 1035 1170 1089; x_wconf 83' lang='lat' dir='ltr'><strong>cubile</strong></span> <span class='ocrx_word' id='word_1_48' title='bbox 1197 1035 1370 1104; x_wconf 85' lang='lat' dir='ltr'><strong>ipsius</strong></span> <span class='ocrx_word' id='word_1_49' title='bbox 1395 1032 1579 1088; x_wconf 90' lang='lat' dir='ltr'><strong>aureis</strong></span> <span class='ocrx_word' id='word_1_50' title='bbox 1603 1031 1736 1086; x_wconf 89' lang='lat' dir='ltr'><strong>setis</strong></span> <span class='ocrx_word' id='word_1_51' title='bbox 1768 1031 2096 1084; x_wconf 88' lang='lat' dir='ltr'><strong>instructum</strong></span> 
     </span>
    </p>
   </div>
   <div class='ocr_carea' id='block_1_9' title="bbox 506 1121 2098 1200">
    <p class='ocr_par' dir='ltr' id='par_1_9' title="bbox 506 1121 2098 1200">
     <span class='ocr_line' id='line_1_9' title="bbox 506 1121 2098 1200; baseline -0.004 -18"><span class='ocrx_word' id='word_1_52' title='bbox 506 1136 560 1183; x_wconf 92' lang='lat' dir='ltr'><strong>et</strong></span> <span class='ocrx_word' id='word_1_53' title='bbox 586 1127 928 1200; x_wconf 80' lang='lat' dir='ltr'><strong>insignitum,</strong></span> <span class='ocrx_word' id='word_1_54' title='bbox 963 1126 1300 1182; x_wconf 89' lang='lat' dir='ltr'><strong>nobilitatem</strong></span> <span class='ocrx_word' id='word_1_55' title='bbox 1337 1124 1744 1196; x_wconf 76' lang='lat' dir='ltr'><strong>quodammddo</strong></span> <span class='ocrx_word' id='word_1_56' title='bbox 1769 1122 1821 1177; x_wconf 89' lang='lat' dir='ltr'><strong>in</strong></span> <span class='ocrx_word' id='word_1_57' title='bbox 1835 1137 1918 1189; x_wconf 79' lang='lat' dir='ltr'><strong>ea;</strong></span> <span class='ocrx_word' id='word_1_58' title='bbox 1940 1121 2098 1192; x_wconf 86' lang='lat' dir='ltr'><strong>quasi</strong></span> 
     </span>
    </p>
   </div>
   <div class='ocr_carea' id='block_1_10' title="bbox 507 1213 2098 1291">
    <p class='ocr_par' dir='ltr' id='par_1_10' title="bbox 507 1213 2098 1291">
     <span class='ocr_line' id='line_1_10' title="bbox 507 1213 2098 1291; baseline -0.004 -17"><span class='ocrx_word' id='word_1_59' title='bbox 507 1219 881 1277; x_wconf 83' lang='lat' dir='ltr'><strong>Romanorum</strong></span> <span class='ocrx_word' id='word_1_60' title='bbox 910 1220 1213 1274; x_wconf 87' lang='lat' dir='ltr'><strong>testabatur</strong></span> <span class='ocrx_word' id='word_1_61' title='bbox 1261 1217 1566 1291; x_wconf 73' lang='lat' dir='ltr'><strong>Quiritum,</strong></span> <span class='ocrx_word' id='word_1_62' title='bbox 1618 1215 1857 1272; x_wconf 77' lang='lat' dir='ltr'><strong>maxime</strong></span> <span class='ocrx_word' id='word_1_63' title='bbox 1881 1229 2006 1270; x_wconf 89' lang='lat' dir='ltr'><strong>cum</strong></span> <span class='ocrx_word' id='word_1_64' title='bbox 2028 1213 2098 1269; x_wconf 88' lang='lat' dir='ltr'><strong>ab</strong></span> 
     </span>
    </p>
   </div>
   <div class='ocr_carea' id='block_1_11' title="bbox 506 1305 2099 1382">
    <p class='ocr_par' dir='ltr' id='par_1_11' title="bbox 506 1305 2099 1382">
     <span class='ocr_line' id='line_1_11' title="bbox 506 1305 2099 1382; baseline -0.004 -14"><span class='ocrx_word' id='word_1_65' title='bbox 506 1321 632 1369; x_wconf 91' lang='lat' dir='ltr'><strong>ortu</strong></span> <span class='ocrx_word' id='word_1_66' title='bbox 659 1313 792 1368; x_wconf 88' lang='lat' dir='ltr'><strong>solis</strong></span> <span class='ocrx_word' id='word_1_67' title='bbox 816 1315 989 1382; x_wconf 81' lang='lat' dir='ltr'><strong>usque</strong></span> <span class='ocrx_word' id='word_1_68' title='bbox 1011 1311 1096 1367; x_wconf 64' lang='lat' dir='ltr'><strong>at?</strong></span> <span class='ocrx_word' id='word_1_69' title='bbox 1109 1312 1304 1366; x_wconf 87' lang='lat' dir='ltr'><strong>ultima</strong></span> <span class='ocrx_word' id='word_1_70' title='bbox 1353 1309 1523 1382; x_wconf 87' lang='lat' dir='ltr'><strong>Thyle</strong></span> <span class='ocrx_word' id='word_1_71' title='bbox 1562 1309 1728 1364; x_wconf 87' lang='lat' dir='ltr'><strong>cubili</strong></span> <span class='ocrx_word' id='word_1_72' title='bbox 1765 1307 1892 1362; x_wconf 88' lang='lat' dir='ltr'><strong>huic</strong></span> <span class='ocrx_word' id='word_1_73' title='bbox 1921 1305 2099 1362; x_wconf 87' lang='lat' dir='ltr'><strong>simile</strong></span> 
     </span>
    </p>
   </div>
   <div class='ocr_carea' id='block_1_12' title="bbox 506 1387 2096 1475">
    <p class='ocr_par' dir='ltr' id='par_1_12' title="bbox 506 1387 2096 1475">
     <span class='ocr_line' id='line_1_12' title="bbox 506 1387 2096 1475; baseline -0.003 -16"><span class='ocrx_word' id='word_1_74' title='bbox 506 1421 617 1460; x_wconf 90' lang='lat' dir='ltr'><strong>non</strong></span> <span class='ocrx_word' id='word_1_75' title='bbox 641 1387 1088 1475; x_wconf 32' lang='lat' dir='ltr'><strong>possct&#39;inveniri</strong></span> <span class='ocrx_word' id='word_1_76' title='bbox 1109 1404 1320 1472; x_wconf 88' lang='lat' dir='ltr'><strong>cubile;</strong></span> <span class='ocrx_word' id='word_1_77' title='bbox 1374 1403 1505 1474; x_wconf 84' lang='lat' dir='ltr'><strong>quia</strong></span> <span class='ocrx_word' id='word_1_78' title='bbox 1559 1401 1874 1458; x_wconf 88' lang='lat' dir='ltr'><strong>cubiculum</strong></span> <span class='ocrx_word' id='word_1_79' title='bbox 1914 1395 2096 1455; x_wconf 79' lang='lat' dir='ltr'><strong>cordis</strong></span> 
     </span>
    </p>
   </div>
   <div class='ocr_carea' id='block_1_13' title="bbox 505 1490 2095 1565">
    <p class='ocr_par' dir='ltr' id='par_1_13' title="bbox 505 1490 2095 1565">
     <span class='ocr_line' id='line_1_13' title="bbox 505 1490 2095 1565; baseline -0.004 -15"><span class='ocrx_word' id='word_1_80' title='bbox 505 1496 592 1550; x_wconf 88' lang='lat' dir='ltr'><strong>sui</strong></span> <span class='ocrx_word' id='word_1_81' title='bbox 623 1496 996 1551; x_wconf 77' lang='lat' dir='ltr'><strong>cubicularius</strong></span> <span class='ocrx_word' id='word_1_82' title='bbox 1019 1495 1108 1550; x_wconf 91' lang='lat' dir='ltr'><strong>ille</strong></span> <span class='ocrx_word' id='word_1_83' title='bbox 1148 1494 1297 1550; x_wconf 92' lang='lat' dir='ltr'><strong>nulla</strong></span> <span class='ocrx_word' id='word_1_84' title='bbox 1327 1508 1569 1565; x_wconf 85' lang='lat' dir='ltr'><strong>unquam</strong></span> <span class='ocrx_word' id='word_1_85' title='bbox 1627 1491 1931 1562; x_wconf 81' lang='lat' dir='ltr'><strong>inquinavit</strong></span> <span class='ocrx_word' id='word_1_86' title='bbox 1975 1490 2095 1560; x_wconf 88' lang='lat' dir='ltr'><strong>po&#39;l-</strong></span> 
     </span>
    </p>
   </div>
   <div class='ocr_carea' id='block_1_14' title="bbox 505 1584 2093 1658">
    <p class='ocr_par' dir='ltr' id='par_1_14' title="bbox 505 1584 2093 1658">
     <span class='ocr_line' id='line_1_14' title="bbox 505 1584 2093 1658; baseline -0.004 -16"><span class='ocrx_word' id='word_1_87' title='bbox 505 1587 734 1656; x_wconf 90' lang='lat' dir='ltr'><strong>lutione,</strong></span> <span class='ocrx_word' id='word_1_88' title='bbox 763 1589 830 1643; x_wconf 92' lang='lat' dir='ltr'><strong>de</strong></span> <span class='ocrx_word' id='word_1_89' title='bbox 855 1603 966 1658; x_wconf 89' lang='lat' dir='ltr'><strong>quo</strong></span> <span class='ocrx_word' id='word_1_90' title='bbox 993 1588 1261 1657; x_wconf 88' lang='lat' dir='ltr'><strong>scriptum</strong></span> <span class='ocrx_word' id='word_1_91' title='bbox 1292 1595 1378 1643; x_wconf 91' lang='lat' dir='ltr'><strong>est</strong></span> <span class='ocrx_word' id='word_1_92' title='bbox 1406 1605 1419 1642; x_wconf 89' lang='lat'>:</span> <span class='ocrx_word' id='word_1_93' title='bbox 1454 1585 1522 1640; x_wconf 90' lang='lat' dir='ltr'><strong>In</strong></span> <span class='ocrx_word' id='word_1_94' title='bbox 1564 1584 1732 1639; x_wconf 77' lang='lat' dir='ltr'><strong>cubili</strong></span> <span class='ocrx_word' id='word_1_95' title='bbox 1771 1599 1866 1638; x_wconf 78' lang='lat' dir='ltr'><strong>suo</strong></span> <span class='ocrx_word' id='word_1_96' title='bbox 1917 1584 2093 1637; x_wconf 76' lang='lat' dir='ltr'><strong>astitit</strong></span> 
     </span>
    </p>
   </div>
   <div class='ocr_carea' id='block_1_15' title="bbox 501 1667 2093 1751">
    <p class='ocr_par' dir='ltr' id='par_1_15' title="bbox 501 1667 2093 1751">
     <span class='ocr_line' id='line_1_15' title="bbox 501 1667 2093 1751; baseline -0.002 -17"><span class='ocrx_word' id='word_1_97' title='bbox 501 1680 644 1734; x_wconf 85' lang='lat' dir='ltr'><strong>omni</strong></span> <span class='ocrx_word' id='word_1_98' title='bbox 672 1680 769 1735; x_wconf 74' lang='lat' dir='ltr'><strong>via:</strong></span> <span class='ocrx_word' id='word_1_99' title='bbox 827 1697 931 1733; x_wconf 86' lang='lat' dir='ltr'><strong>non</strong></span> <span class='ocrx_word' id='word_1_100' title='bbox 998 1680 1147 1734; x_wconf 75' lang='lat' dir='ltr'><strong>bona:</strong></span> <span class='ocrx_word' id='word_1_101' title='bbox 1181 1675 1356 1751; x_wconf 79' lang='lat' dir='ltr'><strong>(Psal.</strong></span> <span class='ocrx_word' id='word_1_102' title='bbox 1402 1667 1590 1746; x_wconf 68' lang='lat' dir='ltr'><strong>xxxv).</strong></span> <span class='ocrx_word' id='word_1_103' title='bbox 1622 1677 1727 1731; x_wconf 82' lang='lat' dir='ltr'><strong>Sed</strong></span> <span class='ocrx_word' id='word_1_104' title='bbox 1755 1677 1873 1730; x_wconf 85' lang='lat' dir='ltr'><strong>hac</strong></span> <span class='ocrx_word' id='word_1_105' title='bbox 1892 1675 2093 1731; x_wconf 78' lang='lat' dir='ltr'><strong>fortas-</strong></span> 
     </span>
    </p>
   </div>
   <div class='ocr_carea' id='block_1_16' title="bbox 499 1756 2094 1841">
    <p class='ocr_par' dir='ltr' id='par_1_16' title="bbox 499 1756 2094 1841">
     <span class='ocr_line' id='line_1_16' title="bbox 499 1756 2094 1841; baseline -0.003 -16"><span class='ocrx_word' id='word_1_106' title='bbox 499 1770 578 1826; x_wconf 88' lang='lat' dir='ltr'><strong>sis</strong></span> <span class='ocrx_word' id='word_1_107' title='bbox 615 1763 801 1825; x_wconf 80' lang='lat' dir='ltr'><strong>omnia</strong></span> <span class='ocrx_word' id='word_1_108' title='bbox 832 1771 1220 1841; x_wconf 81' lang='lat' dir='ltr'><strong>contingebant</strong></span> <span class='ocrx_word' id='word_1_109' title='bbox 1253 1771 1305 1824; x_wconf 91' lang='lat' dir='ltr'><strong>in</strong></span> <span class='ocrx_word' id='word_1_110' title='bbox 1331 1770 1530 1841; x_wconf 76' lang='lat' dir='ltr'><strong>ﬁgura;</strong></span> <span class='ocrx_word' id='word_1_111' title='bbox 1562 1756 1896 1840; x_wconf 37' lang='lat' dir='ltr'><strong>qua-regina</strong></span> <span class='ocrx_word' id='word_1_112' title='bbox 1922 1774 2094 1839; x_wconf 59' lang='lat' dir='ltr'><strong>quan;</strong></span> 
     </span>
    </p>
   </div>
   <div class='ocr_carea' id='block_1_17' title="bbox 496 1857 2092 1931">
    <p class='ocr_par' dir='ltr' id='par_1_17' title="bbox 496 1857 2092 1931">
     <span class='ocr_line' id='line_1_17' title="bbox 496 1857 2092 1931; baseline -0.001 -15"><span class='ocrx_word' id='word_1_113' title='bbox 496 1861 679 1931; x_wconf 82' lang='lat' dir='ltr'><strong>doque</strong></span> <span class='ocrx_word' id='word_1_114' title='bbox 709 1860 892 1916; x_wconf 82' lang='lat' dir='ltr'><strong>futura</strong></span> <span class='ocrx_word' id='word_1_115' title='bbox 918 1862 1021 1916; x_wconf 88' lang='lat' dir='ltr'><strong>hoc</strong></span> <span class='ocrx_word' id='word_1_116' title='bbox 1051 1861 1252 1916; x_wconf 86' lang='lat' dir='ltr'><strong>habere</strong></span> <span class='ocrx_word' id='word_1_117' title='bbox 1280 1861 1444 1930; x_wconf 80' lang='lat' dir='ltr'><strong>capit</strong></span> <span class='ocrx_word' id='word_1_118' title='bbox 1471 1875 1538 1914; x_wconf 82' lang='lat' dir='ltr'><strong>ex</strong></span> <span class='ocrx_word' id='word_1_119' title='bbox 1553 1859 1748 1931; x_wconf 88' lang='lat' dir='ltr'><strong>gratia,</strong></span> <span class='ocrx_word' id='word_1_120' title='bbox 1773 1857 1919 1928; x_wconf 88' lang='lat' dir='ltr'><strong>quod</strong></span> <span class='ocrx_word' id='word_1_121' title='bbox 1941 1858 2092 1928; x_wconf 89' lang='lat' dir='ltr'><strong>prius</strong></span> 
     </span>
    </p>
   </div>
   <div class='ocr_carea' id='block_1_18' title="bbox 499 1949 2092 2024">
    <p class='ocr_par' dir='ltr' id='par_1_18' title="bbox 499 1949 2092 2024">
     <span class='ocr_line' id='line_1_18' title="bbox 499 1949 2092 2024; baseline -0.001 -18"><span class='ocrx_word' id='word_1_122' title='bbox 499 1951 735 2008; x_wconf 86' lang='lat' dir='ltr'><strong>habebat</strong></span> <span class='ocrx_word' id='word_1_123' title='bbox 759 1968 826 2009; x_wconf 86' lang='lat' dir='ltr'><strong>ex</strong></span> <span class='ocrx_word' id='word_1_124' title='bbox 855 1961 1070 2020; x_wconf 80' lang='lat' dir='ltr'><strong>natura,</strong></span> <span class='ocrx_word' id='word_1_125' title='bbox 1095 1953 1225 2024; x_wconf 91' lang='lat' dir='ltr'><strong>quia</strong></span> <span class='ocrx_word' id='word_1_126' title='bbox 1250 1961 1541 2023; x_wconf 84' lang='lat' dir='ltr'><strong>postquam</strong></span> <span class='ocrx_word' id='word_1_127' title='bbox 1580 1951 1648 2007; x_wconf 89' lang='lat' dir='ltr'><strong>ad</strong></span> <span class='ocrx_word' id='word_1_128' title='bbox 1695 1951 1858 2006; x_wconf 88' lang='lat' dir='ltr'><strong>iidem</strong></span> <span class='ocrx_word' id='word_1_129' title='bbox 1885 1949 2092 2006; x_wconf 88' lang='lat' dir='ltr'><strong>Christi</strong></span> 
     </span>
    </p>
   </div>
   <div class='ocr_carea' id='block_1_19' title="bbox 497 2039 2090 2116">
    <p class='ocr_par' dir='ltr' id='par_1_19' title="bbox 497 2039 2090 2116">
     <span class='ocr_line' id='line_1_19' title="bbox 497 2039 2090 2116; baseline -0.001 -16"><span class='ocrx_word' id='word_1_130' title='bbox 497 2060 739 2114; x_wconf 90' lang='lat' dir='ltr'><strong>superno</strong></span> <span class='ocrx_word' id='word_1_131' title='bbox 765 2047 967 2100; x_wconf 91' lang='lat' dir='ltr'><strong>meruit</strong></span> <span class='ocrx_word' id='word_1_132' title='bbox 1012 2046 1259 2100; x_wconf 80' lang='lat' dir='ltr'><strong>revocari</strong></span> <span class='ocrx_word' id='word_1_133' title='bbox 1290 2041 1595 2116; x_wconf 78' lang='lat' dir='ltr'><strong>juvamine,</strong></span> <span class='ocrx_word' id='word_1_134' title='bbox 1652 2039 1976 2099; x_wconf 85' lang='lat' dir='ltr'><strong>ornamenta</strong></span> <span class='ocrx_word' id='word_1_135' title='bbox 2002 2043 2090 2099; x_wconf 90' lang='lat' dir='ltr'><strong>di-</strong></span> 
     </span>
    </p>
   </div>
   <div class='ocr_carea' id='block_1_20' title="bbox 495 2135 2089 2207">
    <p class='ocr_par' dir='ltr' id='par_1_20' title="bbox 495 2135 2089 2207">
     <span class='ocr_line' id='line_1_20' title="bbox 495 2135 2089 2207; baseline -0.001 -17"><span class='ocrx_word' id='word_1_136' title='bbox 495 2135 721 2207; x_wconf 88' lang='lat' dir='ltr'><strong>gnitatis</strong></span> <span class='ocrx_word' id='word_1_137' title='bbox 743 2151 1024 2207; x_wconf 85' lang='lat' dir='ltr'><strong>corporea</strong></span> <span class='ocrx_word' id='word_1_138' title='bbox 1041 2135 1205 2191; x_wconf 82' lang='lat' dir='ltr'><strong>traxit</strong></span> <span class='ocrx_word' id='word_1_139' title='bbox 1227 2135 1295 2191; x_wconf 88' lang='lat' dir='ltr'><strong>ad</strong></span> <span class='ocrx_word' id='word_1_140' title='bbox 1334 2135 1564 2191; x_wconf 85' lang='lat' dir='ltr'><strong>salutem</strong></span> <span class='ocrx_word' id='word_1_141' title='bbox 1594 2135 1811 2200; x_wconf 83' lang='lat' dir='ltr'><strong>anima,</strong></span> <span class='ocrx_word' id='word_1_142' title='bbox 1866 2135 1998 2189; x_wconf 92' lang='lat' dir='ltr'><strong>dum</strong></span> <span class='ocrx_word' id='word_1_143' title='bbox 2035 2137 2089 2188; x_wconf 90' lang='lat' dir='ltr'><strong>in</strong></span> 
     </span>
    </p>
   </div>
   <div class='ocr_carea' id='block_1_21' title="bbox 497 2226 2091 2300">
    <p class='ocr_par' dir='ltr' id='par_1_21' title="bbox 497 2226 2091 2300">
     <span class='ocr_line' id='line_1_21' title="bbox 497 2226 2091 2300; baseline 0 -18"><span class='ocrx_word' id='word_1_144' title='bbox 497 2228 820 2284; x_wconf 80' lang='lat' dir='ltr'><strong>inventiOne</strong></span> <span class='ocrx_word' id='word_1_145' title='bbox 847 2237 1052 2286; x_wconf 87' lang='lat' dir='ltr'><strong>sancta</strong></span> <span class='ocrx_word' id='word_1_146' title='bbox 1087 2229 1288 2297; x_wconf 71' lang='lat' dir='ltr'><strong>crucis,</strong></span> <span class='ocrx_word' id='word_1_147' title='bbox 1342 2244 1442 2300; x_wconf 88' lang='lat' dir='ltr'><strong>pro</strong></span> <span class='ocrx_word' id='word_1_148' title='bbox 1495 2228 1738 2282; x_wconf 89' lang='lat' dir='ltr'><strong>humano</strong></span> <span class='ocrx_word' id='word_1_149' title='bbox 1791 2226 2091 2282; x_wconf 81' lang='lat' dir='ltr'><strong>laberando</strong></span> 
     </span>
    </p>
   </div>
   <div class='ocr_carea' id='block_1_22' title="bbox 483 2317 2091 2390">
    <p class='ocr_par' dir='ltr' id='par_1_22' title="bbox 483 2317 2091 2390">
     <span class='ocr_line' id='line_1_22' title="bbox 483 2317 2091 2390; baseline -0.001 -17"><span class='ocrx_word' id='word_1_150' title='bbox 483 2319 695 2386; x_wconf 86' lang='lat' dir='ltr'><strong>salute,</strong></span> <span class='ocrx_word' id='word_1_151' title='bbox 719 2319 956 2390; x_wconf 86' lang='lat' dir='ltr'><strong>gloriosa</strong></span> <span class='ocrx_word' id='word_1_152' title='bbox 989 2318 1151 2375; x_wconf 85' lang='lat' dir='ltr'><strong>ﬁebat</strong></span> <span class='ocrx_word' id='word_1_153' title='bbox 1179 2335 1247 2374; x_wconf 83' lang='lat' dir='ltr'><strong>ex</strong></span> <span class='ocrx_word' id='word_1_154' title='bbox 1295 2320 1402 2375; x_wconf 91' lang='lat' dir='ltr'><strong>hoc</strong></span> <span class='ocrx_word' id='word_1_155' title='bbox 1456 2333 1640 2389; x_wconf 70' lang='lat' dir='ltr'><strong>Opere,</strong></span> <span class='ocrx_word' id='word_1_156' title='bbox 1681 2317 1775 2374; x_wconf 91' lang='lat' dir='ltr'><strong>sed</strong></span> <span class='ocrx_word' id='word_1_157' title='bbox 1801 2317 2091 2388; x_wconf 87' lang='lat' dir='ltr'><strong>gloriosior</strong></span> 
     </span>
    </p>
   </div>
   <div class='ocr_carea' id='block_1_23' title="bbox 493 2410 2086 2483">
    <p class='ocr_par' dir='ltr' id='par_1_23' title="bbox 493 2410 2086 2483">
     <span class='ocr_line' id='line_1_23' title="bbox 493 2410 2086 2483; baseline -0.001 -19"><span class='ocrx_word' id='word_1_158' title='bbox 493 2410 694 2466; x_wconf 91' lang='lat' dir='ltr'><strong>virtute</strong></span> <span class='ocrx_word' id='word_1_159' title='bbox 727 2451 741 2466; x_wconf 94' lang='lat'><strong><em>.</em></strong></span> <span class='ocrx_word' id='word_1_160' title='bbox 775 2428 826 2466; x_wconf 84' lang='lat' dir='ltr'><strong>In</strong></span> <span class='ocrx_word' id='word_1_161' title='bbox 855 2420 1044 2483; x_wconf 85' lang='lat' dir='ltr'><strong>typum</strong></span> <span class='ocrx_word' id='word_1_162' title='bbox 1089 2412 1299 2468; x_wconf 81' lang='lat' dir='ltr'><strong>scilicet</strong></span> <span class='ocrx_word' id='word_1_163' title='bbox 1326 2410 1584 2468; x_wconf 86' lang='lat' dir='ltr'><strong>Ecclesia</strong></span> <span class='ocrx_word' id='word_1_164' title='bbox 1630 2410 1722 2465; x_wconf 92' lang='lat' dir='ltr'><strong>illa</strong></span> <span class='ocrx_word' id='word_1_165' title='bbox 1749 2410 2086 2465; x_wconf 89' lang='lat' dir='ltr'><strong>diversarum</strong></span> 
     </span>
    </p>
   </div>
   <div class='ocr_carea' id='block_1_24' title="bbox 490 2502 2084 2584">
    <p class='ocr_par' dir='ltr' id='par_1_24' title="bbox 490 2502 2084 2584">
     <span class='ocr_line' id='line_1_24' title="bbox 490 2502 2084 2584; baseline 0 -27"><span class='ocrx_word' id='word_1_166' title='bbox 490 2502 756 2560; x_wconf 68' lang='lat' dir='ltr'><strong>&#39;virtutum</strong></span> <span class='ocrx_word' id='word_1_167' title='bbox 788 2505 937 2561; x_wconf 90' lang='lat' dir='ltr'><strong>intus</strong></span> <span class='ocrx_word' id='word_1_168' title='bbox 973 2506 1230 2584; x_wconf 79' lang='lat' dir='ltr'><strong>decorata</strong></span> <span class='ocrx_word' id='word_1_169' title='bbox 1255 2504 1621 2576; x_wconf 78' lang='lat' dir='ltr'><strong>dignitate-,de</strong></span> <span class='ocrx_word' id='word_1_170' title='bbox 1651 2519 1760 2575; x_wconf 91' lang='lat' dir='ltr'><strong>qua</strong></span> <span class='ocrx_word' id='word_1_171' title='bbox 1784 2503 2084 2574; x_wconf 86' lang='lat' dir='ltr'><strong>scriptum:</strong></span> 
     </span>
    </p>
   </div>
   <div class='ocr_carea' id='block_1_25' title="bbox 490 2593 2088 2668">
    <p class='ocr_par' dir='ltr' id='par_1_25' title="bbox 490 2593 2088 2668">
     <span class='ocr_line' id='line_1_25' title="bbox 490 2593 2088 2668; baseline 0 -21"><span class='ocrx_word' id='word_1_172' title='bbox 490 2593 677 2648; x_wconf 73' lang='lat' dir='ltr'><strong>Astitit</strong></span> <span class='ocrx_word' id='word_1_173' title='bbox 707 2597 887 2668; x_wconf 78' lang='lat' dir='ltr'><strong>regina</strong></span> <span class='ocrx_word' id='word_1_174' title='bbox 910 2614 942 2651; x_wconf 75' lang='grc' dir='ltr'><strong>α</strong></span> <span class='ocrx_word' id='word_1_175' title='bbox 965 2596 1168 2652; x_wconf 66' lang='grc' dir='ltr'><strong>άεὲινίε</strong></span> <span class='ocrx_word' id='word_1_176' title='bbox 1188 2598 1244 2650; x_wconf 85' lang='lat' dir='ltr'><strong>in</strong></span> <span class='ocrx_word' id='word_1_177' title='bbox 1273 2597 1460 2650; x_wconf 73' lang='lat' dir='ltr'><strong>vestitu</strong></span> <span class='ocrx_word' id='word_1_178' title='bbox 1481 2596 1761 2662; x_wconf 73' lang='lat' dir='ltr'><strong>deaurato,</strong></span> <span class='ocrx_word' id='word_1_179' title='bbox 1784 2593 2088 2648; x_wconf 78' lang='lat' dir='ltr'><strong>circumda-</strong></span> 
     </span>
    </p>
   </div>
   <div class='ocr_carea' id='block_1_26' title="bbox 490 2685 2086 2760">
    <p class='ocr_par' dir='ltr' id='par_1_26' title="bbox 490 2685 2086 2760">
     <span class='ocr_line' id='line_1_26' title="bbox 490 2685 2086 2760; baseline 0.002 -20"><span class='ocrx_word' id='word_1_180' title='bbox 490 2694 546 2740; x_wconf 75' lang='lat' dir='ltr'><strong>ta</strong></span> <span class='ocrx_word' id='word_1_181' title='bbox 572 2688 825 2741; x_wconf 82' lang='lat' dir='ltr'><strong>varietate</strong></span> <span class='ocrx_word' id='word_1_182' title='bbox 860 2687 1038 2759; x_wconf 55' lang='lat' dir='ltr'><strong>(Psal;</strong></span> <span class='ocrx_word' id='word_1_183' title='bbox 1066 2687 1236 2760; x_wconf 61' lang='grc' dir='ltr'><strong>κων).</strong></span> <span class='ocrx_word' id='word_1_184' title='bbox 1271 2686 1446 2755; x_wconf 79' lang='lat' dir='ltr'><strong>Unde;</strong></span> <span class='ocrx_word' id='word_1_185' title='bbox 1464 2687 1726 2759; x_wconf 90' lang='lat' dir='ltr'><strong>quoniam</strong></span> <span class='ocrx_word' id='word_1_186' title='bbox 1755 2685 2086 2742; x_wconf 83' lang='lat' dir='ltr'><strong>intrinsecus</strong></span> 
     </span>
    </p>
   </div>
   <div class='ocr_carea' id='block_1_27' title="bbox 490 2779 2086 2860">
    <p class='ocr_par' dir='ltr' id='par_1_27' title="bbox 490 2779 2086 2860">
     <span class='ocr_line' id='line_1_27' title="bbox 490 2779 2086 2860; baseline 0.002 -27"><span class='ocrx_word' id='word_1_187' title='bbox 490 2779 657 2836; x_wconf 75' lang='lat' dir='ltr'><strong>tantis</strong></span> <span class='ocrx_word' id='word_1_188' title='bbox 701 2796 766 2836; x_wconf 91' lang='lat' dir='ltr'><strong>ac</strong></span> <span class='ocrx_word' id='word_1_189' title='bbox 813 2781 1018 2838; x_wconf 78' lang='lat' dir='ltr'><strong>talibds</strong></span> <span class='ocrx_word' id='word_1_190' title='bbox 1073 2781 1328 2838; x_wconf 87' lang='lat' dir='ltr'><strong>decorata</strong></span> <span class='ocrx_word' id='word_1_191' title='bbox 1392 2781 1498 2838; x_wconf 82' lang='lat' dir='ltr'><strong>luit</strong></span> <span class='ocrx_word' id='word_1_192' title='bbox 1534 2780 1848 2860; x_wconf 84' lang='lat' dir='ltr'><strong>virtutibus,</strong></span> <span class='ocrx_word' id='word_1_193' title='bbox 1881 2779 2086 2836; x_wconf 89' lang='lat' dir='ltr'><strong>idcirco</strong></span> 
     </span>
    </p>
   </div>
   <div class='ocr_carea' id='block_1_28' title="bbox 490 2871 2081 2944">
    <p class='ocr_par' dir='ltr' id='par_1_28' title="bbox 490 2871 2081 2944">
     <span class='ocr_line' id='line_1_28' title="bbox 490 2871 2081 2944; baseline 0.001 -17"><span class='ocrx_word' id='word_1_194' title='bbox 490 2888 586 2944; x_wconf 90' lang='lat' dir='ltr'><strong>per</strong></span> <span class='ocrx_word' id='word_1_195' title='bbox 617 2874 800 2929; x_wconf 91' lang='lat' dir='ltr'><strong>omnia</strong></span> <span class='ocrx_word' id='word_1_196' title='bbox 858 2875 914 2930; x_wconf 92' lang='lat' dir='ltr'><strong>in</strong></span> <span class='ocrx_word' id='word_1_197' title='bbox 968 2875 1226 2931; x_wconf 89' lang='lat' dir='ltr'><strong>omnibus</strong></span> <span class='ocrx_word' id='word_1_198' title='bbox 1263 2873 1465 2930; x_wconf 82' lang='lat' dir='ltr'><strong>divinis</strong></span> <span class='ocrx_word' id='word_1_199' title='bbox 1490 2874 1739 2944; x_wconf 86' lang='lat' dir='ltr'><strong>placebat</strong></span> <span class='ocrx_word' id='word_1_200' title='bbox 1779 2871 2081 2940; x_wconf 82' lang='lat' dir='ltr'><strong>Obtutibus;</strong></span> 
     </span>
    </p>
   </div>
   <div class='ocr_carea' id='block_1_29' title="bbox 485 2963 2084 3038">
    <p class='ocr_par' dir='ltr' id='par_1_29' title="bbox 485 2963 2084 3038">
     <span class='ocr_line' id='line_1_29' title="bbox 485 2963 2084 3038; baseline 0.002 -19"><span class='ocrx_word' id='word_1_201' title='bbox 485 2964 616 3035; x_wconf 85' lang='lat' dir='ltr'><strong>quia</strong></span> <span class='ocrx_word' id='word_1_202' title='bbox 643 2981 770 3020; x_wconf 88' lang='lat' dir='ltr'><strong>vero</strong></span> <span class='ocrx_word' id='word_1_203' title='bbox 817 2965 999 3037; x_wconf 84' lang='lat' dir='ltr'><strong>specie</strong></span> <span class='ocrx_word' id='word_1_204' title='bbox 1050 2983 1150 3022; x_wconf 90' lang='lat' dir='ltr'><strong>sua</strong></span> <span class='ocrx_word' id='word_1_205' title='bbox 1199 2974 1255 3022; x_wconf 92' lang='lat' dir='ltr'><strong>et</strong></span> <span class='ocrx_word' id='word_1_206' title='bbox 1312 2966 1720 3038; x_wconf 88' lang='lat' dir='ltr'><strong>pulchritudine</strong></span> <span class='ocrx_word' id='word_1_207' title='bbox 1775 2963 2084 3022; x_wconf 80' lang='lat' dir='ltr'><strong>forinsecus</strong></span> 
     </span>
    </p>
   </div>
   <div class='ocr_carea' id='block_1_30' title="bbox 484 3056 2082 3128">
    <p class='ocr_par' dir='ltr' id='par_1_30' title="bbox 484 3056 2082 3128">
     <span class='ocr_line' id='line_1_30' title="bbox 484 3056 2082 3128; baseline 0.002 -17"><span class='ocrx_word' id='word_1_208' title='bbox 484 3065 604 3113; x_wconf 90' lang='lat' dir='ltr'><strong>erat</strong></span> <span class='ocrx_word' id='word_1_209' title='bbox 661 3067 850 3114; x_wconf 84' lang='lat' dir='ltr'><strong>ornata</strong></span> <span class='ocrx_word' id='word_1_210' title='bbox 872 3099 888 3128; x_wconf 85' lang='lat'><strong>,</strong></span> <span class='ocrx_word' id='word_1_211' title='bbox 967 3058 1089 3116; x_wconf 85' lang='lat' dir='ltr'><strong>ideo</strong></span> <span class='ocrx_word' id='word_1_212' title='bbox 1126 3060 1248 3115; x_wconf 79' lang='lat' dir='ltr'><strong>viro</strong></span> <span class='ocrx_word' id='word_1_213' title='bbox 1318 3062 1420 3116; x_wconf 80' lang='lat' dir='ltr'><strong>suo</strong></span> <span class='ocrx_word' id='word_1_214' title='bbox 1461 3058 1784 3125; x_wconf 88' lang='lat' dir='ltr'><strong>Constantio</strong></span> <span class='ocrx_word' id='word_1_215' title='bbox 1828 3056 2082 3114; x_wconf 86' lang='lat' dir='ltr'><strong>amabilis</strong></span> 
     </span>
    </p>
   </div>
   <div class='ocr_carea' id='block_1_31' title="bbox 1441 357 2868 420">
    <p class='ocr_par' dir='ltr' id='par_1_31' title="bbox 1441 357 2868 420">
     <span class='ocr_line' id='line_1_31' title="bbox 1441 357 2868 420; baseline -0.003 0"><span class='ocrx_word' id='word_1_216' title='bbox 1441 361 1826 420; x_wconf 83' lang='lat' dir='ltr'><strong>BERENGOSI</strong></span> <span class='ocrx_word' id='word_1_217' title='bbox 1864 359 2157 417; x_wconf 79' lang='lat' dir='ltr'><strong>ABBA&#39;I‘IS</strong></span> <span class='ocrx_word' id='word_1_218' title='bbox 2197 359 2255 415; x_wconf 82' lang='lat' dir='ltr'><strong>S.</strong></span> <span class='ocrx_word' id='word_1_219' title='bbox 2295 358 2546 416; x_wconf 61' lang='lat' dir='ltr'><strong>MAXIM!</strong></span> <span class='ocrx_word' id='word_1_220' title='bbox 2584 357 2868 416; x_wconf 82' lang='lat' dir='ltr'><strong>TREVIR.</strong></span> 
     </span>
    </p>
   </div>
   <div class='ocr_carea' id='block_1_32' title="bbox 3636 375 3716 430">
    <p class='ocr_par' dir='ltr' id='par_1_32' title="bbox 3636 375 3716 430">
     <span class='ocr_line' id='line_1_32' title="bbox 3636 375 3716 430; baseline 0 0"><span class='ocrx_word' id='word_1_221' title='bbox 3636 375 3716 430; x_wconf 74' lang='lat'><strong>068</strong></span> 
     </span>
    </p>
   </div>
   <div class='ocr_carea' id='block_1_33' title="bbox 2130 473 3720 558">
    <p class='ocr_par' dir='ltr' id='par_1_33' title="bbox 2130 473 3720 558">
     <span class='ocr_line' id='line_1_33' title="bbox 2130 473 3720 558; baseline 0.011 -28"><span class='ocrx_word' id='word_1_222' title='bbox 2130 484 2174 540; x_wconf 84' lang='grc' dir='ltr'><strong>Α</strong></span> <span class='ocrx_word' id='word_1_223' title='bbox 2205 475 2362 531; x_wconf 87' lang='lat' dir='ltr'><strong>beata</strong></span> <span class='ocrx_word' id='word_1_224' title='bbox 2383 473 2581 530; x_wconf 87' lang='lat' dir='ltr'><strong>Helena</strong></span> <span class='ocrx_word' id='word_1_225' title='bbox 2603 475 2706 531; x_wconf 89' lang='lat' dir='ltr'><strong>sibi</strong></span> <span class='ocrx_word' id='word_1_226' title='bbox 2723 483 2808 532; x_wconf 90' lang='lat' dir='ltr'><strong>est</strong></span> <span class='ocrx_word' id='word_1_227' title='bbox 2823 473 3083 532; x_wconf 86' lang='lat' dir='ltr'><strong>societate</strong></span> <span class='ocrx_word' id='word_1_228' title='bbox 3097 476 3720 558; x_wconf 65' lang='lat' dir='ltr'><strong>conjunctamtquaprius</strong></span> 
     </span>
    </p>
   </div>
   <div class='ocr_carea' id='block_1_34' title="bbox 2205 567 3721 641">
    <p class='ocr_par' dir='ltr' id='par_1_34' title="bbox 2205 567 3721 641">
     <span class='ocr_line' id='line_1_34' title="bbox 2205 567 3721 641; baseline 0.009 -20"><span class='ocrx_word' id='word_1_229' title='bbox 2205 569 2258 622; x_wconf 93' lang='lat' dir='ltr'><strong>in</strong></span> <span class='ocrx_word' id='word_1_230' title='bbox 2288 567 2491 638; x_wconf 86' lang='lat' dir='ltr'><strong>palatio</strong></span> <span class='ocrx_word' id='word_1_231' title='bbox 2525 567 2846 623; x_wconf 88' lang='lat' dir='ltr'><strong>obscuriore</strong></span> <span class='ocrx_word' id='word_1_232' title='bbox 2890 568 3291 639; x_wconf 91' lang='lat' dir='ltr'><strong>aliquantulum</strong></span> <span class='ocrx_word' id='word_1_233' title='bbox 3319 573 3598 641; x_wconf 89' lang='lat' dir='ltr'><strong>potiebatur</strong></span> <span class='ocrx_word' id='word_1_234' title='bbox 3625 595 3721 636; x_wconf 78' lang='lat' dir='ltr'><strong>ma-</strong></span> 
     </span>
    </p>
   </div>
   <div class='ocr_carea' id='block_1_35' title="bbox 2202 659 3721 735">
    <p class='ocr_par' dir='ltr' id='par_1_35' title="bbox 2202 659 3721 735">
     <span class='ocr_line' id='line_1_35' title="bbox 2202 659 3721 735; baseline 0.01 -22"><span class='ocrx_word' id='word_1_235' title='bbox 2202 661 2446 732; x_wconf 75' lang='lat' dir='ltr'><strong>gisterio,</strong></span> <span class='ocrx_word' id='word_1_236' title='bbox 2478 659 2674 715; x_wconf 90' lang='lat' dir='ltr'><strong>deinde</strong></span> <span class='ocrx_word' id='word_1_237' title='bbox 2721 675 2908 716; x_wconf 90' lang='lat' dir='ltr'><strong>secum</strong></span> <span class='ocrx_word' id='word_1_238' title='bbox 2950 668 3007 716; x_wconf 92' lang='lat' dir='ltr'><strong>et</strong></span> <span class='ocrx_word' id='word_1_239' title='bbox 3053 662 3399 718; x_wconf 88' lang='lat' dir='ltr'><strong>matrimonio</strong></span> <span class='ocrx_word' id='word_1_240' title='bbox 3429 668 3660 735; x_wconf 86' lang='lat' dir='ltr'><strong>potiretur</strong></span> <span class='ocrx_word' id='word_1_241' title='bbox 3680 667 3721 729; x_wconf 78' lang='lat' dir='ltr'><strong>ei</strong></span> 
     </span>
    </p>
   </div>
   <div class='ocr_carea' id='block_1_36' title="bbox 2204 742 3720 826">
    <p class='ocr_par' dir='ltr' id='par_1_36' title="bbox 2204 742 3720 826">
     <span class='ocr_line' id='line_1_36' title="bbox 2204 742 3720 826; baseline 0.007 -21"><span class='ocrx_word' id='word_1_242' title='bbox 2204 752 2450 822; x_wconf 86' lang='lat' dir='ltr'><strong>imperio.</strong></span> <span class='ocrx_word' id='word_1_243' title='bbox 2479 742 2711 822; x_wconf 84' lang='lat' dir='ltr'><strong>Dignum</strong></span> <span class='ocrx_word' id='word_1_244' title='bbox 2736 752 2936 823; x_wconf 87' lang='lat' dir='ltr'><strong>quippe</strong></span> <span class='ocrx_word' id='word_1_245' title='bbox 2968 751 3069 807; x_wconf 79' lang='lat' dir='ltr'><strong>fuit</strong></span> <span class='ocrx_word' id='word_1_246' title='bbox 3095 761 3156 808; x_wconf 90' lang='lat' dir='ltr'><strong>ut</strong></span> <span class='ocrx_word' id='word_1_247' title='bbox 3179 769 3246 808; x_wconf 87' lang='lat' dir='ltr'><strong>eo</strong></span> <span class='ocrx_word' id='word_1_248' title='bbox 3272 755 3506 826; x_wconf 90' lang='lat' dir='ltr'><strong>ampliori</strong></span> <span class='ocrx_word' id='word_1_249' title='bbox 3533 774 3634 814; x_wconf 83' lang='lat' dir='ltr'><strong>eam</strong></span> <span class='ocrx_word' id='word_1_250' title='bbox 3654 763 3720 818; x_wconf 83' lang='lat' dir='ltr'><strong>di-&#39;</strong></span> 
     </span>
    </p>
   </div>
   <div class='ocr_carea' id='block_1_37' title="bbox 2201 846 3721 925">
    <p class='ocr_par' dir='ltr' id='par_1_37' title="bbox 2201 846 3721 925">
     <span class='ocr_line' id='line_1_37' title="bbox 2201 846 3721 925; baseline 0.007 -28"><span class='ocrx_word' id='word_1_251' title='bbox 2201 846 2459 915; x_wconf 83' lang='lat' dir='ltr'><strong>gnaretur</strong></span> <span class='ocrx_word' id='word_1_252' title='bbox 2488 846 2716 911; x_wconf 84' lang='lat' dir='ltr'><strong>honore,</strong></span> <span class='ocrx_word' id='word_1_253' title='bbox 2743 859 2854 915; x_wconf 93' lang='lat' dir='ltr'><strong>quo</strong></span> <span class='ocrx_word' id='word_1_254' title='bbox 2875 846 2991 916; x_wconf 91' lang='lat' dir='ltr'><strong>jam</strong></span> <span class='ocrx_word' id='word_1_255' title='bbox 3021 851 3210 902; x_wconf 87' lang='lat' dir='ltr'><strong>secum</strong></span> <span class='ocrx_word' id='word_1_256' title='bbox 3237 846 3423 922; x_wconf 88' lang='lat' dir='ltr'><strong>didicit</strong></span> <span class='ocrx_word' id='word_1_257' title='bbox 3466 849 3518 904; x_wconf 88' lang='lat' dir='ltr'><strong>in</strong></span> <span class='ocrx_word' id='word_1_258' title='bbox 3557 854 3721 925; x_wconf 84' lang='lat' dir='ltr'><strong>quiete,</strong></span> 
     </span>
    </p>
   </div>
   <div class='ocr_carea' id='block_1_38' title="bbox 2199 932 3718 1007">
    <p class='ocr_par' dir='ltr' id='par_1_38' title="bbox 2199 932 3718 1007">
     <span class='ocr_line' id='line_1_38' title="bbox 2199 932 3718 1007; baseline 0.007 -17"><span class='ocrx_word' id='word_1_259' title='bbox 2199 935 2345 1006; x_wconf 73' lang='lat' dir='ltr'><strong>Quod</strong></span> <span class='ocrx_word' id='word_1_260' title='bbox 2376 952 2474 1006; x_wconf 91' lang='lat' dir='ltr'><strong>pro</strong></span> <span class='ocrx_word' id='word_1_261' title='bbox 2499 951 2566 990; x_wconf 91' lang='lat' dir='ltr'><strong>eo</strong></span> <span class='ocrx_word' id='word_1_262' title='bbox 2595 937 2747 1006; x_wconf 90' lang='lat' dir='ltr'><strong>prius</strong></span> <span class='ocrx_word' id='word_1_263' title='bbox 2773 945 3049 1007; x_wconf 90' lang='lat' dir='ltr'><strong>pateretur</strong></span> <span class='ocrx_word' id='word_1_264' title='bbox 3069 938 3126 992; x_wconf 91' lang='lat' dir='ltr'><strong>in</strong></span> <span class='ocrx_word' id='word_1_265' title='bbox 3154 932 3368 1006; x_wconf 86' lang='lat' dir='ltr'><strong>labore;</strong></span> <span class='ocrx_word' id='word_1_266' title='bbox 3398 942 3609 998; x_wconf 78' lang='lat' dir='ltr'><strong>maxime</strong></span> <span class='ocrx_word' id='word_1_267' title='bbox 3623 945 3718 1002; x_wconf 84' lang='lat' dir='ltr'><strong>cuni</strong></span> 
     </span>
    </p>
   </div>
   <div class='ocr_carea' id='block_1_39' title="bbox 2199 1028 3722 1107">
    <p class='ocr_par' dir='ltr' id='par_1_39' title="bbox 2199 1028 3722 1107">
     <span class='ocr_line' id='line_1_39' title="bbox 2199 1028 3722 1107; baseline 0.005 -24"><span class='ocrx_word' id='word_1_268' title='bbox 2199 1029 2381 1083; x_wconf 90' lang='lat' dir='ltr'><strong>omnis</strong></span> <span class='ocrx_word' id='word_1_269' title='bbox 2415 1029 2571 1083; x_wconf 75' lang='lat' dir='ltr'><strong>labor</strong></span> <span class='ocrx_word' id='word_1_270' title='bbox 2602 1028 2782 1098; x_wconf 75' lang='lat' dir='ltr'><strong>gravis</strong></span> <span class='ocrx_word' id='word_1_271' title='bbox 2813 1030 3040 1084; x_wconf 90' lang='lat' dir='ltr'><strong>omnino</strong></span> <span class='ocrx_word' id='word_1_272' title='bbox 3085 1030 3355 1096; x_wconf 90' lang='lat' dir='ltr'><strong>videatur,</strong></span> <span class='ocrx_word' id='word_1_273' title='bbox 3386 1032 3486 1087; x_wconf 87' lang='lat' dir='ltr'><strong>nisi</strong></span> <span class='ocrx_word' id='word_1_274' title='bbox 3530 1035 3611 1104; x_wconf 90' lang='lat' dir='ltr'><strong>qui</strong></span> <span class='ocrx_word' id='word_1_275' title='bbox 3649 1053 3722 1107; x_wconf 88' lang='lat' dir='ltr'><strong>per</strong></span> 
     </span>
    </p>
   </div>
   <div class='ocr_carea' id='block_1_40' title="bbox 2199 1116 3721 1188">
    <p class='ocr_par' dir='ltr' id='par_1_40' title="bbox 2199 1116 3721 1188">
     <span class='ocr_line' id='line_1_40' title="bbox 2199 1116 3721 1188; baseline 0.007 -17"><span class='ocrx_word' id='word_1_276' title='bbox 2199 1117 2429 1188; x_wconf 87' lang='lat' dir='ltr'><strong>gratiam</strong></span> <span class='ocrx_word' id='word_1_277' title='bbox 2455 1116 2850 1173; x_wconf 90' lang='lat' dir='ltr'><strong>consolationis</strong></span> <span class='ocrx_word' id='word_1_278' title='bbox 2877 1118 2931 1172; x_wconf 92' lang='lat' dir='ltr'><strong>in</strong></span> <span class='ocrx_word' id='word_1_279' title='bbox 2953 1117 3306 1175; x_wconf 78' lang='lat' dir='ltr'><strong>tribulatione</strong></span> <span class='ocrx_word' id='word_1_280' title='bbox 3328 1119 3542 1176; x_wconf 81' lang='lat' dir='ltr'><strong>levatur.</strong></span> <span class='ocrx_word' id='word_1_281' title='bbox 3559 1122 3721 1182; x_wconf 86' lang='lat' dir='ltr'><strong>Deinde</strong></span> 
     </span>
    </p>
   </div>
   <div class='ocr_carea' id='block_1_41' title="bbox 2197 1206 3725 1281">
    <p class='ocr_par' dir='ltr' id='par_1_41' title="bbox 2197 1206 3725 1281">
     <span class='ocr_line' id='line_1_41' title="bbox 2197 1206 3725 1281; baseline 0.007 -16"><span class='ocrx_word' id='word_1_282' title='bbox 2197 1206 2328 1266; x_wconf 77' lang='lat' dir='ltr'><strong>vero</strong></span> <span class='ocrx_word' id='word_1_283' title='bbox 2357 1225 2482 1266; x_wconf 91' lang='lat' dir='ltr'><strong>cum</strong></span> <span class='ocrx_word' id='word_1_284' title='bbox 2507 1211 2650 1266; x_wconf 90' lang='lat' dir='ltr'><strong>inter</strong></span> <span class='ocrx_word' id='word_1_285' title='bbox 2673 1211 2815 1266; x_wconf 90' lang='lat' dir='ltr'><strong>duos</strong></span> <span class='ocrx_word' id='word_1_286' title='bbox 2837 1209 3133 1281; x_wconf 83' lang='lat' dir='ltr'><strong>Augustos,</strong></span> <span class='ocrx_word' id='word_1_287' title='bbox 3163 1210 3534 1268; x_wconf 90' lang='lat' dir='ltr'><strong>Constantium</strong></span> <span class='ocrx_word' id='word_1_288' title='bbox 3558 1216 3725 1276; x_wconf 83' lang='lat' dir='ltr'><strong>scilicet</strong></span> 
     </span>
    </p>
   </div>
   <div class='ocr_carea' id='block_1_42' title="bbox 2197 1301 3722 1376">
    <p class='ocr_par' dir='ltr' id='par_1_42' title="bbox 2197 1301 3722 1376">
     <span class='ocr_line' id='line_1_42' title="bbox 2197 1301 3722 1376; baseline 0.005 -18"><span class='ocrx_word' id='word_1_289' title='bbox 2197 1311 2250 1358; x_wconf 89' lang='lat' dir='ltr'><strong>et</strong></span> <span class='ocrx_word' id='word_1_290' title='bbox 2277 1301 2578 1370; x_wconf 84' lang='lat' dir='ltr'><strong>Galerium,</strong></span> <span class='ocrx_word' id='word_1_291' title='bbox 2621 1302 2855 1358; x_wconf 81' lang='lat' dir='ltr'><strong>Romani</strong></span> <span class='ocrx_word' id='word_1_292' title='bbox 2901 1304 3053 1359; x_wconf 89' lang='lat' dir='ltr'><strong>orbis</strong></span> <span class='ocrx_word' id='word_1_293' title='bbox 3100 1303 3432 1360; x_wconf 81' lang='lat' dir='ltr'><strong>divideretur</strong></span> <span class='ocrx_word' id='word_1_294' title='bbox 3459 1308 3722 1376; x_wconf 87' lang='lat' dir='ltr'><strong>imperium.</strong></span> 
     </span>
    </p>
   </div>
   <div class='ocr_carea' id='block_1_43' title="bbox 2197 1389 3728 1471">
    <p class='ocr_par' dir='ltr' id='par_1_43' title="bbox 2197 1389 3728 1471">
     <span class='ocr_line' id='line_1_43' title="bbox 2197 1389 3728 1471; baseline 0.007 -24"><span class='ocrx_word' id='word_1_295' title='bbox 2197 1392 2469 1466; x_wconf 91' lang='lat' dir='ltr'><strong>Illyricum</strong></span> <span class='ocrx_word' id='word_1_296' title='bbox 2519 1401 2575 1451; x_wconf 91' lang='lat' dir='ltr'><strong>et</strong></span> <span class='ocrx_word' id='word_1_297' title='bbox 2599 1394 2730 1452; x_wconf 88' lang='lat' dir='ltr'><strong>Asia</strong></span> <span class='ocrx_word' id='word_1_298' title='bbox 2777 1394 3014 1464; x_wconf 72' lang='lat' dir='ltr'><strong>Galerio;</strong></span> <span class='ocrx_word' id='word_1_299' title='bbox 3051 1395 3237 1452; x_wconf 79' lang='lat' dir='ltr'><strong>Africa</strong></span> <span class='ocrx_word' id='word_1_300' title='bbox 3282 1389 3412 1452; x_wconf 77' lang='lat' dir='ltr'><strong>vero</strong></span> <span class='ocrx_word' id='word_1_301' title='bbox 3455 1406 3506 1452; x_wconf 89' lang='lat' dir='ltr'><strong>et</strong></span> <span class='ocrx_word' id='word_1_302' title='bbox 3550 1397 3728 1471; x_wconf 82' lang='lat' dir='ltr'><strong>Europa</strong></span> 
     </span>
    </p>
   </div>
   <div class='ocr_carea' id='block_1_44' title="bbox 2194 1490 3724 1566">
    <p class='ocr_par' dir='ltr' id='par_1_44' title="bbox 2194 1490 3724 1566">
     <span class='ocr_line' id='line_1_44' title="bbox 2194 1490 3724 1566; baseline 0.003 -20"><span class='ocrx_word' id='word_1_303' title='bbox 2194 1505 2425 1547; x_wconf 87' lang='lat' dir='ltr'><strong>evenere</strong></span> <span class='ocrx_word' id='word_1_304' title='bbox 2459 1490 2803 1548; x_wconf 85' lang='lat' dir='ltr'><strong>Constantio.</strong></span> <span class='ocrx_word' id='word_1_305' title='bbox 2835 1490 2976 1546; x_wconf 93' lang='lat' dir='ltr'><strong>Cum</strong></span> <span class='ocrx_word' id='word_1_306' title='bbox 3021 1502 3206 1547; x_wconf 89' lang='lat' dir='ltr'><strong>autem</strong></span> <span class='ocrx_word' id='word_1_307' title='bbox 3252 1508 3320 1548; x_wconf 76' lang='lat' dir='ltr'><strong>ex</strong></span> <span class='ocrx_word' id='word_1_308' title='bbox 3352 1493 3542 1549; x_wconf 83' lang='lat' dir='ltr'><strong>divina</strong></span> <span class='ocrx_word' id='word_1_309' title='bbox 3569 1495 3724 1566; x_wconf 85' lang='lat' dir='ltr'><strong>digna-</strong></span> 
     </span>
    </p>
   </div>
   <div class='ocr_carea' id='block_1_45' title="bbox 2197 1583 3729 1656">
    <p class='ocr_par' dir='ltr' id='par_1_45' title="bbox 2197 1583 3729 1656">
     <span class='ocr_line' id='line_1_45' title="bbox 2197 1583 3729 1656; baseline 0.004 -16"><span class='ocrx_word' id='word_1_310' title='bbox 2197 1583 2363 1640; x_wconf 83' lang='lat' dir='ltr'><strong>tionis</strong></span> <span class='ocrx_word' id='word_1_311' title='bbox 2392 1585 2753 1656; x_wconf 87' lang='lat' dir='ltr'><strong>permissione</strong></span> <span class='ocrx_word' id='word_1_312' title='bbox 2780 1585 2866 1640; x_wconf 88' lang='lat' dir='ltr'><strong>vel</strong></span> <span class='ocrx_word' id='word_1_313' title='bbox 2893 1599 2997 1656; x_wconf 91' lang='lat' dir='ltr'><strong>ope</strong></span> <span class='ocrx_word' id='word_1_314' title='bbox 3025 1601 3170 1641; x_wconf 89' lang='lat' dir='ltr'><strong>unus</strong></span> <span class='ocrx_word' id='word_1_315' title='bbox 3195 1585 3502 1656; x_wconf 65' lang='lat' dir='ltr'><strong>praesideret</strong></span> <span class='ocrx_word' id='word_1_316' title='bbox 3530 1586 3670 1653; x_wconf 75' lang='lat' dir='ltr'><strong>Asia,</strong></span> <span class='ocrx_word' id='word_1_317' title='bbox 3687 1599 3729 1646; x_wconf 90' lang='lat' dir='ltr'><strong>et</strong></span> 
     </span>
    </p>
   </div>
   <div class='ocr_carea' id='block_1_46' title="bbox 2195 1674 3728 1746">
    <p class='ocr_par' dir='ltr' id='par_1_46' title="bbox 2195 1674 3728 1746">
     <span class='ocr_line' id='line_1_46' title="bbox 2195 1674 3728 1746; baseline 0.003 -16"><span class='ocrx_word' id='word_1_318' title='bbox 2195 1675 2335 1730; x_wconf 90' lang='lat' dir='ltr'><strong>alius</strong></span> <span class='ocrx_word' id='word_1_319' title='bbox 2358 1675 2608 1746; x_wconf 84' lang='lat' dir='ltr'><strong>Europa,</strong></span> <span class='ocrx_word' id='word_1_320' title='bbox 2631 1674 2836 1731; x_wconf 82' lang='lat' dir='ltr'><strong>factum</strong></span> <span class='ocrx_word' id='word_1_321' title='bbox 2865 1683 2950 1732; x_wconf 91' lang='lat' dir='ltr'><strong>est</strong></span> <span class='ocrx_word' id='word_1_322' title='bbox 2974 1684 3036 1730; x_wconf 91' lang='lat' dir='ltr'><strong>ut</strong></span> <span class='ocrx_word' id='word_1_323' title='bbox 3049 1676 3406 1732; x_wconf 82' lang='lat' dir='ltr'><strong>Constantius</strong></span> <span class='ocrx_word' id='word_1_324' title='bbox 3425 1692 3487 1732; x_wconf 93' lang='lat' dir='ltr'><strong>eo</strong></span> <span class='ocrx_word' id='word_1_325' title='bbox 3505 1674 3728 1734; x_wconf 86' lang='lat' dir='ltr'><strong>minorem</strong></span> 
     </span>
    </p>
   </div>
   <div class='ocr_carea' id='block_1_47' title="bbox 2197 1764 3730 1841">
    <p class='ocr_par' dir='ltr' id='par_1_47' title="bbox 2197 1764 3730 1841">
     <span class='ocr_line' id='line_1_47' title="bbox 2197 1764 3730 1841; baseline 0.003 -19"><span class='ocrx_word' id='word_1_326' title='bbox 2197 1764 2617 1823; x_wconf 88' lang='lat' dir='ltr'><strong>sollicitudinem</strong></span> <span class='ocrx_word' id='word_1_327' title='bbox 2647 1766 2715 1823; x_wconf 91' lang='lat' dir='ltr'><strong>de</strong></span> <span class='ocrx_word' id='word_1_328' title='bbox 2743 1765 2892 1824; x_wconf 86' lang='lat' dir='ltr'><strong>Italis</strong></span> <span class='ocrx_word' id='word_1_329' title='bbox 2920 1767 3145 1823; x_wconf 89' lang='lat' dir='ltr'><strong>haberet</strong></span> <span class='ocrx_word' id='word_1_330' title='bbox 3187 1777 3241 1823; x_wconf 92' lang='lat' dir='ltr'><strong>et</strong></span> <span class='ocrx_word' id='word_1_331' title='bbox 3265 1766 3434 1833; x_wconf 81' lang='lat' dir='ltr'><strong>Afris,</strong></span> <span class='ocrx_word' id='word_1_332' title='bbox 3465 1784 3565 1839; x_wconf 91' lang='lat' dir='ltr'><strong>quo</strong></span> <span class='ocrx_word' id='word_1_333' title='bbox 3591 1771 3730 1841; x_wconf 86' lang='lat' dir='ltr'><strong>majo-</strong></span> 
     </span>
    </p>
   </div>
   <div class='ocr_carea' id='block_1_48' title="bbox 2199 1857 3730 1930">
    <p class='ocr_par' dir='ltr' id='par_1_48' title="bbox 2199 1857 3730 1930">
     <span class='ocr_line' id='line_1_48' title="bbox 2199 1857 3730 1930; baseline 0.004 -17"><span class='ocrx_word' id='word_1_334' title='bbox 2199 1874 2313 1914; x_wconf 88' lang='lat' dir='ltr'><strong>rem</strong></span> <span class='ocrx_word' id='word_1_335' title='bbox 2338 1874 2529 1914; x_wconf 89' lang='lat' dir='ltr'><strong>curam</strong></span> <span class='ocrx_word' id='word_1_336' title='bbox 2562 1859 2631 1915; x_wconf 93' lang='lat' dir='ltr'><strong>de</strong></span> <span class='ocrx_word' id='word_1_337' title='bbox 2671 1857 2931 1930; x_wconf 83' lang='lat' dir='ltr'><strong>Hispanis</strong></span> <span class='ocrx_word' id='word_1_338' title='bbox 2969 1860 3204 1916; x_wconf 84' lang='lat' dir='ltr'><strong>habebat</strong></span> <span class='ocrx_word' id='word_1_339' title='bbox 3239 1869 3294 1916; x_wconf 92' lang='lat' dir='ltr'><strong>et</strong></span> <span class='ocrx_word' id='word_1_340' title='bbox 3334 1859 3518 1917; x_wconf 88' lang='lat' dir='ltr'><strong>Gallis.</strong></span> <span class='ocrx_word' id='word_1_341' title='bbox 3548 1861 3730 1919; x_wconf 83' lang='lat' dir='ltr'><strong>Interim</strong></span> 
     </span>
    </p>
   </div>
   <div class='ocr_carea' id='block_1_49' title="bbox 2190 1941 3730 2021">
    <p class='ocr_par' dir='ltr' id='par_1_49' title="bbox 2190 1941 3730 2021">
     <span class='ocr_line' id='line_1_49' title="bbox 2190 1941 3730 2021; baseline 0.002 -16"><span class='ocrx_word' id='word_1_342' title='bbox 2190 1964 2322 2005; x_wconf 89' lang='lat' dir='ltr'><strong>vero</strong></span> <span class='ocrx_word' id='word_1_343' title='bbox 2349 1949 2768 2020; x_wconf 87' lang='lat' dir='ltr'><strong>Constantinus,</strong></span> <span class='ocrx_word' id='word_1_344' title='bbox 2800 1950 2946 2006; x_wconf 85' lang='lat' dir='ltr'><strong>ﬁlius</strong></span> <span class='ocrx_word' id='word_1_345' title='bbox 2970 1950 3111 2021; x_wconf 84' lang='lat' dir='ltr'><strong>ejus,</strong></span> <span class='ocrx_word' id='word_1_346' title='bbox 3136 1949 3328 2006; x_wconf 77' lang='lat' dir='ltr'><strong>oﬁiciis</strong></span> <span class='ocrx_word' id='word_1_347' title='bbox 3359 1941 3534 2021; x_wconf 75' lang='lat' dir='ltr'><strong>aptus,</strong></span> <span class='ocrx_word' id='word_1_348' title='bbox 3566 1961 3615 2006; x_wconf 88' lang='lat' dir='ltr'><strong>et</strong></span> <span class='ocrx_word' id='word_1_349' title='bbox 3649 1954 3730 2008; x_wconf 87' lang='lat' dir='ltr'><strong>ho-</strong></span> 
     </span>
    </p>
   </div>
   <div class='ocr_carea' id='block_1_50' title="bbox 2190 2041 3731 2113">
    <p class='ocr_par' dir='ltr' id='par_1_50' title="bbox 2190 2041 3731 2113">
     <span class='ocr_line' id='line_1_50' title="bbox 2190 2041 3731 2113; baseline 0.004 -17"><span class='ocrx_word' id='word_1_350' title='bbox 2190 2041 2433 2098; x_wconf 84' lang='lat' dir='ltr'><strong>minibus</strong></span> <span class='ocrx_word' id='word_1_351' title='bbox 2462 2050 2739 2113; x_wconf 75' lang='lat' dir='ltr'><strong>acceptus;</strong></span> <span class='ocrx_word' id='word_1_352' title='bbox 2787 2043 3044 2100; x_wconf 89' lang='lat' dir='ltr'><strong>consultu</strong></span> <span class='ocrx_word' id='word_1_353' title='bbox 3090 2053 3315 2100; x_wconf 90' lang='lat' dir='ltr'><strong>senatus</strong></span> <span class='ocrx_word' id='word_1_354' title='bbox 3359 2060 3391 2100; x_wconf 89' lang='lat' dir='ltr'><strong>a</strong></span> <span class='ocrx_word' id='word_1_355' title='bbox 3417 2043 3655 2102; x_wconf 78' lang='lat' dir='ltr'><strong>Romanis</strong></span> <span class='ocrx_word' id='word_1_356' title='bbox 3687 2048 3731 2102; x_wconf 89' lang='lat' dir='ltr'><strong>in</strong></span> 
     </span>
    </p>
   </div>
   <div class='ocr_carea' id='block_1_51' title="bbox 2189 2131 3732 2211">
    <p class='ocr_par' dir='ltr' id='par_1_51' title="bbox 2189 2131 3732 2211">
     <span class='ocr_line' id='line_1_51' title="bbox 2189 2131 3732 2211; baseline 0.005 -23"><span class='ocrx_word' id='word_1_357' title='bbox 2189 2131 2460 2190; x_wconf 71' lang='lat' dir='ltr'><strong>Caesarem</strong></span> <span class='ocrx_word' id='word_1_358' title='bbox 2485 2143 2570 2191; x_wconf 74' lang='lat' dir='ltr'><strong>eSt</strong></span> <span class='ocrx_word' id='word_1_359' title='bbox 2595 2135 2823 2205; x_wconf 72' lang='lat' dir='ltr'><strong>electus,</strong></span> <span class='ocrx_word' id='word_1_360' title='bbox 2847 2136 3109 2207; x_wconf 90' lang='lat' dir='ltr'><strong>quoniam</strong></span> <span class='ocrx_word' id='word_1_361' title='bbox 3145 2153 3245 2207; x_wconf 90' lang='lat' dir='ltr'><strong>pro</strong></span> <span class='ocrx_word' id='word_1_362' title='bbox 3266 2137 3468 2193; x_wconf 89' lang='lat' dir='ltr'><strong>virtute</strong></span> <span class='ocrx_word' id='word_1_363' title='bbox 3490 2138 3732 2211; x_wconf 85' lang='lat' dir='ltr'><strong>utriusque</strong></span> 
     </span>
    </p>
   </div>
   <div class='ocr_carea' id='block_1_52' title="bbox 2189 2225 3730 2300">
    <p class='ocr_par' dir='ltr' id='par_1_52' title="bbox 2189 2225 3730 2300">
     <span class='ocr_line' id='line_1_52' title="bbox 2189 2225 3730 2300; baseline 0.005 -22"><span class='ocrx_word' id='word_1_364' title='bbox 2189 2225 2415 2298; x_wconf 87' lang='lat' dir='ltr'><strong>dignum</strong></span> <span class='ocrx_word' id='word_1_365' title='bbox 2458 2228 2538 2282; x_wconf 90' lang='lat' dir='ltr'><strong>eis</strong></span> <span class='ocrx_word' id='word_1_366' title='bbox 2568 2227 2852 2284; x_wconf 87' lang='lat' dir='ltr'><strong>videbatur</strong></span> <span class='ocrx_word' id='word_1_367' title='bbox 2875 2237 2928 2284; x_wconf 92' lang='lat' dir='ltr'><strong>et</strong></span> <span class='ocrx_word' id='word_1_368' title='bbox 2947 2228 3159 2299; x_wconf 88' lang='lat' dir='ltr'><strong>justum</strong></span> <span class='ocrx_word' id='word_1_369' title='bbox 3195 2239 3255 2285; x_wconf 89' lang='lat' dir='ltr'><strong>ut</strong></span> <span class='ocrx_word' id='word_1_370' title='bbox 3288 2238 3346 2285; x_wconf 90' lang='lat' dir='ltr'><strong>et</strong></span> <span class='ocrx_word' id='word_1_371' title='bbox 3376 2230 3518 2285; x_wconf 89' lang='lat' dir='ltr'><strong>ﬁlius</strong></span> <span class='ocrx_word' id='word_1_372' title='bbox 3547 2247 3730 2300; x_wconf 88' lang='lat' dir='ltr'><strong>promo-</strong></span> 
     </span>
    </p>
   </div>
   <div class='ocr_carea' id='block_1_53' title="bbox 2190 2319 3732 2393">
    <p class='ocr_par' dir='ltr' id='par_1_53' title="bbox 2190 2319 3732 2393">
     <span class='ocr_line' id='line_1_53' title="bbox 2190 2319 3732 2393; baseline 0.004 -20"><span class='ocrx_word' id='word_1_373' title='bbox 2190 2327 2406 2376; x_wconf 82' lang='lat' dir='ltr'><strong>veretur</strong></span> <span class='ocrx_word' id='word_1_374' title='bbox 2433 2319 2487 2374; x_wconf 91' lang='lat' dir='ltr'><strong>in</strong></span> <span class='ocrx_word' id='word_1_375' title='bbox 2515 2319 2810 2388; x_wconf 83' lang='lat' dir='ltr'><strong>Casarcm,</strong></span> <span class='ocrx_word' id='word_1_376' title='bbox 2859 2329 2915 2375; x_wconf 93' lang='lat' dir='ltr'><strong>et</strong></span> <span class='ocrx_word' id='word_1_377' title='bbox 2944 2333 3098 2390; x_wconf 87' lang='lat' dir='ltr'><strong>pater</strong></span> <span class='ocrx_word' id='word_1_378' title='bbox 3127 2321 3181 2375; x_wconf 91' lang='lat' dir='ltr'><strong>in</strong></span> <span class='ocrx_word' id='word_1_379' title='bbox 3212 2320 3541 2393; x_wconf 81' lang='lat' dir='ltr'><strong>Augustum.</strong></span> <span class='ocrx_word' id='word_1_380' title='bbox 3571 2321 3622 2377; x_wconf 90' lang='lat' dir='ltr'><strong>In</strong></span> <span class='ocrx_word' id='word_1_381' title='bbox 3646 2339 3732 2392; x_wconf 84' lang='lat' dir='ltr'><strong>qua</strong></span> 
     </span>
    </p>
   </div>
   <div class='ocr_carea' id='block_1_54' title="bbox 2187 2402 3732 2484">
    <p class='ocr_par' dir='ltr' id='par_1_54' title="bbox 2187 2402 3732 2484">
     <span class='ocr_line' id='line_1_54' title="bbox 2187 2402 3732 2484; baseline 0.001 -18"><span class='ocrx_word' id='word_1_382' title='bbox 2187 2407 2626 2467; x_wconf 84' lang='lat' dir='ltr'><strong>videlicetvirtus</strong></span> <span class='ocrx_word' id='word_1_383' title='bbox 2639 2411 2823 2466; x_wconf 83' lang='lat' dir='ltr'><strong>divina</strong></span> <span class='ocrx_word' id='word_1_384' title='bbox 2847 2411 2986 2467; x_wconf 90' lang='lat' dir='ltr'><strong>bene</strong></span> <span class='ocrx_word' id='word_1_385' title='bbox 3015 2402 3311 2467; x_wconf 80' lang='lat' dir='ltr'><strong>declaravit</strong></span> <span class='ocrx_word' id='word_1_386' title='bbox 3338 2414 3392 2466; x_wconf 93' lang='lat' dir='ltr'><strong>in</strong></span> <span class='ocrx_word' id='word_1_387' title='bbox 3422 2428 3486 2467; x_wconf 91' lang='lat' dir='ltr'><strong>eo</strong></span> <span class='ocrx_word' id='word_1_388' title='bbox 3509 2415 3622 2484; x_wconf 89' lang='lat' dir='ltr'><strong>quia</strong></span> <span class='ocrx_word' id='word_1_389' title='bbox 3645 2429 3732 2468; x_wconf 90' lang='lat' dir='ltr'><strong>non</strong></span> 
     </span>
    </p>
   </div>
   <div class='ocr_carea' id='block_1_55' title="bbox 2159 2502 3734 2575">
    <p class='ocr_par' dir='ltr' id='par_1_55' title="bbox 2159 2502 3734 2575">
     <span class='ocr_line' id='line_1_55' title="bbox 2159 2502 3734 2575; baseline 0 -17"><span class='ocrx_word' id='word_1_390' title='bbox 2159 2512 2269 2558; x_wconf 91' lang='lat' dir='ltr'><strong>-est</strong></span> <span class='ocrx_word' id='word_1_391' title='bbox 2312 2511 2555 2572; x_wconf 85' lang='lat' dir='ltr'><strong>potestas</strong></span> <span class='ocrx_word' id='word_1_392' title='bbox 2609 2503 2715 2557; x_wconf 88' lang='lat' dir='ltr'><strong>nisi</strong></span> <span class='ocrx_word' id='word_1_393' title='bbox 2746 2512 2776 2557; x_wconf 92' lang='lat' dir='ltr'><strong>a</strong></span> <span class='ocrx_word' id='word_1_394' title='bbox 2813 2502 2946 2569; x_wconf 83' lang='lat' dir='ltr'><strong>Deo,-</strong></span> <span class='ocrx_word' id='word_1_395' title='bbox 2988 2503 3116 2558; x_wconf 93' lang='lat' dir='ltr'><strong>dum</strong></span> <span class='ocrx_word' id='word_1_396' title='bbox 3149 2519 3245 2574; x_wconf 92' lang='lat' dir='ltr'><strong>per</strong></span> <span class='ocrx_word' id='word_1_397' title='bbox 3282 2519 3542 2558; x_wconf 89' lang='lat' dir='ltr'><strong>arcanum</strong></span> <span class='ocrx_word' id='word_1_398' title='bbox 3579 2505 3734 2575; x_wconf 79' lang='lat' dir='ltr'><strong>utique</strong></span> 
     </span>
    </p>
   </div>
   <div class='ocr_carea' id='block_1_56' title="bbox 2188 2594 3734 2666">
    <p class='ocr_par' dir='ltr' id='par_1_56' title="bbox 2188 2594 3734 2666">
     <span class='ocr_line' id='line_1_56' title="bbox 2188 2594 3734 2666; baseline 0.001 -16"><span class='ocrx_word' id='word_1_399' title='bbox 2188 2594 2499 2651; x_wconf 87' lang='lat' dir='ltr'><strong>Divinitatis</strong></span> <span class='ocrx_word' id='word_1_400' title='bbox 2523 2595 2788 2650; x_wconf 82' lang='lat' dir='ltr'><strong>auxilium</strong></span> <span class='ocrx_word' id='word_1_401' title='bbox 2823 2595 3014 2650; x_wconf 89' lang='lat' dir='ltr'><strong>eodem</strong></span> <span class='ocrx_word' id='word_1_402' title='bbox 3057 2604 3300 2666; x_wconf 88' lang='lat' dir='ltr'><strong>tempore</strong></span> <span class='ocrx_word' id='word_1_403' title='bbox 3332 2595 3388 2650; x_wconf 92' lang='lat' dir='ltr'><strong>in</strong></span> <span class='ocrx_word' id='word_1_404' title='bbox 3413 2611 3520 2666; x_wconf 89' lang='lat' dir='ltr'><strong>quo</strong></span> <span class='ocrx_word' id='word_1_405' title='bbox 3550 2611 3734 2666; x_wconf 85' lang='lat' dir='ltr'><strong>promo-</strong></span> 
     </span>
    </p>
   </div>
   <div class='ocr_carea' id='block_1_57' title="bbox 2183 2687 3734 2758">
    <p class='ocr_par' dir='ltr' id='par_1_57' title="bbox 2183 2687 3734 2758">
     <span class='ocr_line' id='line_1_57' title="bbox 2183 2687 3734 2758; baseline 0 -16"><span class='ocrx_word' id='word_1_406' title='bbox 2183 2687 2340 2742; x_wconf 80' lang='lat' dir='ltr'><strong>verat</strong></span> <span class='ocrx_word' id='word_1_407' title='bbox 2380 2695 2611 2758; x_wconf 82' lang='lat' dir='ltr'><strong>patrem,</strong></span> <span class='ocrx_word' id='word_1_408' title='bbox 2642 2688 2996 2758; x_wconf 89' lang='lat' dir='ltr'><strong>promovebat</strong></span> <span class='ocrx_word' id='word_1_409' title='bbox 3043 2695 3098 2743; x_wconf 90' lang='lat' dir='ltr'><strong>et</strong></span> <span class='ocrx_word' id='word_1_410' title='bbox 3139 2688 3334 2742; x_wconf 83' lang='lat' dir='ltr'><strong>ﬁlium.</strong></span> <span class='ocrx_word' id='word_1_411' title='bbox 3375 2688 3446 2742; x_wconf 82' lang='lat' dir='ltr'><strong>At</strong></span> <span class='ocrx_word' id='word_1_412' title='bbox 3483 2698 3734 2758; x_wconf 84' lang='lat' dir='ltr'><strong>postquam</strong></span> 
     </span>
    </p>
   </div>
   <div class='ocr_carea' id='block_1_58' title="bbox 2185 2778 3735 2852">
    <p class='ocr_par' dir='ltr' id='par_1_58' title="bbox 2185 2778 3735 2852">
     <span class='ocr_line' id='line_1_58' title="bbox 2185 2778 3735 2852; baseline 0 -17"><span class='ocrx_word' id='word_1_413' title='bbox 2185 2778 2578 2836; x_wconf 85' lang='lat' dir='ltr'><strong>Constantinus</strong></span> <span class='ocrx_word' id='word_1_414' title='bbox 2593 2779 2901 2835; x_wconf 89' lang='lat' dir='ltr'><strong>Romanum</strong></span> <span class='ocrx_word' id='word_1_415' title='bbox 2922 2780 3220 2851; x_wconf 83' lang='lat' dir='ltr'><strong>imperium</strong></span> <span class='ocrx_word' id='word_1_416' title='bbox 3238 2781 3452 2852; x_wconf 88' lang='lat' dir='ltr'><strong>aliquot</strong></span> <span class='ocrx_word' id='word_1_417' title='bbox 3477 2783 3624 2836; x_wconf 90' lang='lat' dir='ltr'><strong>annis</strong></span> <span class='ocrx_word' id='word_1_418' title='bbox 3647 2791 3735 2835; x_wconf 84' lang='lat' dir='ltr'><strong>tam</strong></span> 
     </span>
    </p>
   </div>
   <div class='ocr_carea' id='block_1_59' title="bbox 2185 2870 3735 2944">
    <p class='ocr_par' dir='ltr' id='par_1_59' title="bbox 2185 2870 3735 2944">
     <span class='ocr_line' id='line_1_59' title="bbox 2185 2870 3735 2944; baseline 0 -17"><span class='ocrx_word' id='word_1_419' title='bbox 2185 2870 2311 2928; x_wconf 83' lang='lat' dir='ltr'><strong>forti</strong></span> <span class='ocrx_word' id='word_1_420' title='bbox 2348 2888 2514 2944; x_wconf 91' lang='lat' dir='ltr'><strong>quam</strong></span> <span class='ocrx_word' id='word_1_421' title='bbox 2571 2872 2718 2930; x_wconf 77' lang='lat' dir='ltr'><strong>felici</strong></span> <span class='ocrx_word' id='word_1_422' title='bbox 2765 2873 2965 2928; x_wconf 91' lang='lat' dir='ltr'><strong>virtute</strong></span> <span class='ocrx_word' id='word_1_423' title='bbox 3009 2872 3271 2939; x_wconf 80' lang='lat' dir='ltr'><strong>defendit,</strong></span> <span class='ocrx_word' id='word_1_424' title='bbox 3325 2873 3508 2928; x_wconf 88' lang='lat' dir='ltr'><strong>adhuc</strong></span> <span class='ocrx_word' id='word_1_425' title='bbox 3552 2874 3735 2944; x_wconf 83' lang='lat' dir='ltr'><strong>qualem</strong></span> 
     </span>
    </p>
   </div>
   <div class='ocr_carea' id='block_1_60' title="bbox 2183 2965 3735 3038">
    <p class='ocr_par' dir='ltr' id='par_1_60' title="bbox 2183 2965 3735 3038">
     <span class='ocr_line' id='line_1_60' title="bbox 2183 2965 3735 3038; baseline -0.002 -18"><span class='ocrx_word' id='word_1_426' title='bbox 2183 2965 2429 3021; x_wconf 85' lang='lat' dir='ltr'><strong>animum</strong></span> <span class='ocrx_word' id='word_1_427' title='bbox 2477 2981 2605 3038; x_wconf 88' lang='lat' dir='ltr'><strong>erga</strong></span> <span class='ocrx_word' id='word_1_428' title='bbox 2639 2965 3033 3036; x_wconf 87' lang='lat' dir='ltr'><strong>rempublicam</strong></span> <span class='ocrx_word' id='word_1_429' title='bbox 3073 2965 3297 3021; x_wconf 88' lang='lat' dir='ltr'><strong>haberet</strong></span> <span class='ocrx_word' id='word_1_430' title='bbox 3351 2965 3602 3030; x_wconf 79' lang='lat' dir='ltr'><strong>ostendit,</strong></span> <span class='ocrx_word' id='word_1_431' title='bbox 3628 2965 3735 3019; x_wconf 81' lang='lat' dir='ltr'><strong>dum</strong></span> 
     </span>
    </p>
   </div>
   <div class='ocr_carea' id='block_1_61' title="bbox 2182 3053 3733 3131">
    <p class='ocr_par' dir='ltr' id='par_1_61' title="bbox 2182 3053 3733 3131">
     <span class='ocr_line' id='line_1_61' title="bbox 2182 3053 3733 3131; baseline -0.003 -16"><span class='ocrx_word' id='word_1_432' title='bbox 2182 3073 2284 3130; x_wconf 92' lang='lat' dir='ltr'><strong>pro</strong></span> <span class='ocrx_word' id='word_1_433' title='bbox 2309 3057 2643 3130; x_wconf 81' lang='lat' dir='ltr'><strong>acquirenda</strong></span> <span class='ocrx_word' id='word_1_434' title='bbox 2674 3058 2903 3129; x_wconf 85' lang='lat' dir='ltr'><strong>majoris</strong></span> <span class='ocrx_word' id='word_1_435' title='bbox 2931 3057 3119 3131; x_wconf 81' lang='lat' dir='ltr'><strong>gloria</strong></span> <span class='ocrx_word' id='word_1_436' title='bbox 3149 3053 3358 3114; x_wconf 73' lang='lat' dir='ltr'><strong>corona</strong></span> <span class='ocrx_word' id='word_1_437' title='bbox 3389 3058 3562 3112; x_wconf 85' lang='lat' dir='ltr'><strong>valida</strong></span> <span class='ocrx_word' id='word_1_438' title='bbox 3596 3060 3733 3111; x_wconf 82' lang='lat' dir='ltr'><strong>manu</strong></span> 
     </span>
    </p>
   </div>
   <div class='ocr_carea' id='block_1_62' title="bbox 2127 1828 2168 1887">
    <p class='ocr_par' dir='ltr' id='par_1_62' title="bbox 2127 1828 2168 1887">
     <span class='ocr_line' id='line_1_62' title="bbox 2127 1828 2168 1887; baseline 0 0"><span class='ocrx_word' id='word_1_439' title='bbox 2127 1828 2168 1887; x_wconf 86' lang='grc' dir='ltr'><strong>Β</strong></span> 
     </span>
    </p>
   </div>
   <div class='ocr_carea' id='block_1_63' title="bbox 483 3150 3263 3255">
    <p class='ocr_par' dir='ltr' id='par_1_63' title="bbox 483 3150 3263 3255">
     <span class='ocr_line' id='line_1_63' title="bbox 483 3150 3263 3255; baseline 0.001 -51"><span class='ocrx_word' id='word_1_440' title='bbox 483 3151 778 3207; x_wconf 86' lang='lat' dir='ltr'><strong>videbatur</strong></span> <span class='ocrx_word' id='word_1_441' title='bbox 798 3161 852 3208; x_wconf 95' lang='lat' dir='ltr'><strong>et</strong></span> <span class='ocrx_word' id='word_1_442' title='bbox 874 3160 1048 3224; x_wconf 86' lang='lat' dir='ltr'><strong>grata,</strong></span> <span class='ocrx_word' id='word_1_443' title='bbox 1072 3152 1334 3224; x_wconf 83' lang='lat' dir='ltr'><strong>quoniam</strong></span> <span class='ocrx_word' id='word_1_444' title='bbox 1372 3153 1601 3209; x_wconf 87' lang='lat' dir='ltr'><strong>interna</strong></span> <span class='ocrx_word' id='word_1_445' title='bbox 1655 3151 1874 3223; x_wconf 88' lang='lat' dir='ltr'><strong>pietatis</strong></span> <span class='ocrx_word' id='word_1_446' title='bbox 1914 3159 1970 3207; x_wconf 92' lang='lat' dir='ltr'><strong>et</strong></span> <span class='ocrx_word' id='word_1_447' title='bbox 2009 3159 2080 3206; x_wconf 64' lang='lat' dir='ltr'><strong>ai</strong></span> <span class='ocrx_word' id='word_1_448' title='bbox 2104 3192 2150 3255; x_wconf 65' lang='grc' dir='ltr'><strong>Ο</strong></span> <span class='ocrx_word' id='word_1_449' title='bbox 2181 3151 2363 3208; x_wconf 89' lang='lat' dir='ltr'><strong>denuo</strong></span> <span class='ocrx_word' id='word_1_450' title='bbox 2394 3151 2464 3207; x_wconf 94' lang='lat' dir='ltr'><strong>ad</strong></span> <span class='ocrx_word' id='word_1_451' title='bbox 2491 3150 2696 3208; x_wconf 87' lang='lat' dir='ltr'><strong>Gallias</strong></span> <span class='ocrx_word' id='word_1_452' title='bbox 2722 3151 2978 3224; x_wconf 85' lang='lat' dir='ltr'><strong>migravit</strong></span> <span class='ocrx_word' id='word_1_453' title='bbox 3006 3167 3037 3207; x_wconf 88' lang='lat' dir='ltr'><strong>a</strong></span> <span class='ocrx_word' id='word_1_454' title='bbox 3067 3151 3263 3206; x_wconf 85' lang='lat' dir='ltr'><strong>Roma.</strong></span> 
     </span>
    </p>
   </div>
   <div class='ocr_carea' id='block_1_64' title="bbox 482 3245 2074 3315">
    <p class='ocr_par' dir='ltr' id='par_1_64' title="bbox 482 3245 2074 3315">
     <span class='ocr_line' id='line_1_64' title="bbox 482 3245 2074 3315; baseline 0 -17"><span class='ocrx_word' id='word_1_455' title='bbox 482 3255 652 3300; x_wconf 85' lang='lat' dir='ltr'><strong>terna</strong></span> <span class='ocrx_word' id='word_1_456' title='bbox 680 3245 1104 3315; x_wconf 88' lang='lat' dir='ltr'><strong>pulchritudinis</strong></span> <span class='ocrx_word' id='word_1_457' title='bbox 1129 3246 1203 3301; x_wconf 79' lang='lat' dir='ltr'><strong>ita</strong></span> <span class='ocrx_word' id='word_1_458' title='bbox 1233 3245 1501 3301; x_wconf 79' lang='lat' dir='ltr'><strong>instructa</strong></span> <span class='ocrx_word' id='word_1_459' title='bbox 1542 3253 1630 3302; x_wconf 89' lang='lat' dir='ltr'><strong>est</strong></span> <span class='ocrx_word' id='word_1_460' title='bbox 1667 3259 1883 3311; x_wconf 85' lang='lat' dir='ltr'><strong>norma,</strong></span> <span class='ocrx_word' id='word_1_461' title='bbox 1915 3249 1977 3299; x_wconf 91' lang='lat' dir='ltr'><strong>ut</strong></span> <span class='ocrx_word' id='word_1_462' title='bbox 2017 3251 2074 3298; x_wconf 92' lang='lat' dir='ltr'><strong>et</strong></span> 
     </span>
    </p>
   </div>
   <div class='ocr_carea' id='block_1_65' title="bbox 484 3323 2075 3406">
    <p class='ocr_par' dir='ltr' id='par_1_65' title="bbox 484 3323 2075 3406">
     <span class='ocr_line' id='line_1_65' title="bbox 484 3323 2075 3406; baseline 0 -17"><span class='ocrx_word' id='word_1_463' title='bbox 484 3323 596 3390; x_wconf 78' lang='lat' dir='ltr'><strong>Deo</strong></span> <span class='ocrx_word' id='word_1_464' title='bbox 629 3336 866 3406; x_wconf 90' lang='lat' dir='ltr'><strong>placeret</strong></span> <span class='ocrx_word' id='word_1_465' title='bbox 885 3336 940 3391; x_wconf 90' lang='lat' dir='ltr'><strong>in</strong></span> <span class='ocrx_word' id='word_1_466' title='bbox 968 3337 1152 3392; x_wconf 88' lang='lat' dir='ltr'><strong>anima</strong></span> <span class='ocrx_word' id='word_1_467' title='bbox 1203 3344 1260 3392; x_wconf 89' lang='lat' dir='ltr'><strong>et</strong></span> <span class='ocrx_word' id='word_1_468' title='bbox 1281 3335 1605 3392; x_wconf 88' lang='lat' dir='ltr'><strong>Constantio</strong></span> <span class='ocrx_word' id='word_1_469' title='bbox 1643 3334 1700 3390; x_wconf 92' lang='lat' dir='ltr'><strong>in</strong></span> <span class='ocrx_word' id='word_1_470' title='bbox 1727 3333 1926 3390; x_wconf 56' lang='lat' dir='ltr'><strong>format</strong></span> <span class='ocrx_word' id='word_1_471' title='bbox 1973 3331 2075 3389; x_wconf 68' lang='lat' dir='ltr'><strong>Seo&#39;</strong></span> 
     </span>
    </p>
   </div>
   <div class='ocr_carea' id='block_1_66' title="bbox 482 3423 2073 3500">
    <p class='ocr_par' dir='ltr' id='par_1_66' title="bbox 482 3423 2073 3500">
     <span class='ocr_line' id='line_1_66' title="bbox 482 3423 2073 3500; baseline -0.001 -18"><span class='ocrx_word' id='word_1_472' title='bbox 482 3428 726 3483; x_wconf 88' lang='lat' dir='ltr'><strong>cundum</strong></span> <span class='ocrx_word' id='word_1_473' title='bbox 757 3428 1071 3499; x_wconf 89' lang='lat' dir='ltr'><strong>opinionem</strong></span> <span class='ocrx_word' id='word_1_474' title='bbox 1095 3428 1243 3484; x_wconf 92' lang='lat' dir='ltr'><strong>enim</strong></span> <span class='ocrx_word' id='word_1_475' title='bbox 1273 3428 1441 3500; x_wconf 86' lang='lat' dir='ltr'><strong>vulgi,</strong></span> <span class='ocrx_word' id='word_1_476' title='bbox 1469 3435 1524 3484; x_wconf 89' lang='lat' dir='ltr'><strong>et</strong></span> <span class='ocrx_word' id='word_1_477' title='bbox 1549 3427 1833 3482; x_wconf 84' lang='lat' dir='ltr'><strong>veritatem</strong></span> <span class='ocrx_word' id='word_1_478' title='bbox 1865 3425 1965 3493; x_wconf 89' lang='lat' dir='ltr'><strong>rei,</strong></span> <span class='ocrx_word' id='word_1_479' title='bbox 1990 3423 2073 3481; x_wconf 80' lang='lat' dir='ltr'><strong>of-</strong></span> 
     </span>
    </p>
   </div>
   <div class='ocr_carea' id='block_1_67' title="bbox 483 3516 2073 3591">
    <p class='ocr_par' dir='ltr' id='par_1_67' title="bbox 483 3516 2073 3591">
     <span class='ocr_line' id='line_1_67' title="bbox 483 3516 2073 3591; baseline -0.001 -16"><span class='ocrx_word' id='word_1_480' title='bbox 483 3520 816 3575; x_wconf 85' lang='lat' dir='ltr'><strong>ﬁciosa&#39;erat</strong></span> <span class='ocrx_word' id='word_1_481' title='bbox 844 3520 898 3574; x_wconf 90' lang='lat' dir='ltr'><strong>in</strong></span> <span class='ocrx_word' id='word_1_482' title='bbox 927 3519 1194 3591; x_wconf 91' lang='lat' dir='ltr'><strong>obsequio</strong></span> <span class='ocrx_word' id='word_1_483' title='bbox 1232 3520 1357 3587; x_wconf 87' lang='lat' dir='ltr'><strong>viri,</strong></span> <span class='ocrx_word' id='word_1_484' title='bbox 1408 3519 1504 3575; x_wconf 88' lang='lat' dir='ltr'><strong>sed</strong></span> <span class='ocrx_word' id='word_1_485' title='bbox 1557 3517 1852 3575; x_wconf 81' lang='lat' dir='ltr'><strong>oﬁiciosior</strong></span> <span class='ocrx_word' id='word_1_486' title='bbox 1878 3516 1947 3573; x_wconf 91' lang='lat' dir='ltr'><strong>ad</strong></span> <span class='ocrx_word' id='word_1_487' title='bbox 1973 3516 2073 3573; x_wconf 74' lang='grc' dir='ltr'><strong>σι)-</strong></span> 
     </span>
    </p>
   </div>
   <div class='ocr_carea' id='block_1_68' title="bbox 481 3601 2072 3683">
    <p class='ocr_par' dir='ltr' id='par_1_68' title="bbox 481 3601 2072 3683">
     <span class='ocr_line' id='line_1_68' title="bbox 481 3601 2072 3683; baseline -0.001 -16"><span class='ocrx_word' id='word_1_488' title='bbox 481 3612 737 3683; x_wconf 83' lang='lat' dir='ltr'><strong>sequium</strong></span> <span class='ocrx_word' id='word_1_489' title='bbox 765 3611 899 3679; x_wconf 84' lang='lat' dir='ltr'><strong>Dei;</strong></span> <span class='ocrx_word' id='word_1_490' title='bbox 928 3612 1189 3682; x_wconf 90' lang='lat' dir='ltr'><strong>quoniam</strong></span> <span class='ocrx_word' id='word_1_491' title='bbox 1225 3629 1380 3668; x_wconf 88' lang='lat' dir='ltr'><strong>amor</strong></span> <span class='ocrx_word' id='word_1_492' title='bbox 1401 3601 1710 3668; x_wconf 81' lang='lat' dir='ltr'><strong>Constantii</strong></span> <span class='ocrx_word' id='word_1_493' title='bbox 1749 3604 1806 3667; x_wconf 84' lang='lat' dir='ltr'><strong>et</strong></span> <span class='ocrx_word' id='word_1_494' title='bbox 1849 3611 1948 3668; x_wconf 91' lang='lat' dir='ltr'><strong>Dei</strong></span> <span class='ocrx_word' id='word_1_495' title='bbox 1995 3610 2072 3667; x_wconf 90' lang='lat' dir='ltr'><strong>ita</strong></span> 
     </span>
    </p>
   </div>
   <div class='ocr_carea' id='block_1_69' title="bbox 481 3693 2072 3774">
    <p class='ocr_par' dir='ltr' id='par_1_69' title="bbox 481 3693 2072 3774">
     <span class='ocr_line' id='line_1_69' title="bbox 481 3693 2072 3774; baseline 0 -16"><span class='ocrx_word' id='word_1_496' title='bbox 481 3703 537 3758; x_wconf 90' lang='lat' dir='ltr'><strong>in</strong></span> <span class='ocrx_word' id='word_1_497' title='bbox 555 3703 719 3759; x_wconf 87' lang='lat' dir='ltr'><strong>corde</strong></span> <span class='ocrx_word' id='word_1_498' title='bbox 750 3693 896 3758; x_wconf 87' lang='lat' dir='ltr'><strong>illius</strong></span> <span class='ocrx_word' id='word_1_499' title='bbox 925 3703 1126 3774; x_wconf 89' lang='lat' dir='ltr'><strong>duplici</strong></span> <span class='ocrx_word' id='word_1_500' title='bbox 1163 3705 1376 3760; x_wconf 90' lang='lat' dir='ltr'><strong>ratione</strong></span> <span class='ocrx_word' id='word_1_501' title='bbox 1403 3702 1508 3759; x_wconf 85' lang='lat' dir='ltr'><strong>fuit</strong></span> <span class='ocrx_word' id='word_1_502' title='bbox 1548 3703 1863 3769; x_wconf 90' lang='lat' dir='ltr'><strong>distinctus,</strong></span> <span class='ocrx_word' id='word_1_503' title='bbox 1907 3711 1969 3758; x_wconf 88' lang='lat' dir='ltr'><strong>ut</strong></span> <span class='ocrx_word' id='word_1_504' title='bbox 2017 3711 2072 3758; x_wconf 91' lang='lat' dir='ltr'><strong>et</strong></span> 
     </span>
    </p>
   </div>
   <div class='ocr_carea' id='block_1_70' title="bbox 479 3793 2070 3863">
    <p class='ocr_par' dir='ltr' id='par_1_70' title="bbox 479 3793 2070 3863">
     <span class='ocr_line' id='line_1_70' title="bbox 479 3793 2070 3863; baseline 0 -13"><span class='ocrx_word' id='word_1_505' title='bbox 479 3793 806 3852; x_wconf 89' lang='lat' dir='ltr'><strong>Constantio</strong></span> <span class='ocrx_word' id='word_1_506' title='bbox 827 3795 1088 3863; x_wconf 76' lang='lat' dir='ltr'><strong>exterius,</strong></span> <span class='ocrx_word' id='word_1_507' title='bbox 1117 3804 1171 3852; x_wconf 89' lang='lat' dir='ltr'><strong>et</strong></span> <span class='ocrx_word' id='word_1_508' title='bbox 1198 3795 1307 3851; x_wconf 90' lang='lat' dir='ltr'><strong>Deo</strong></span> <span class='ocrx_word' id='word_1_509' title='bbox 1334 3795 1660 3851; x_wconf 81' lang='lat' dir='ltr'><strong>subderetur</strong></span> <span class='ocrx_word' id='word_1_510' title='bbox 1690 3795 1940 3851; x_wconf 88' lang='lat' dir='ltr'><strong>interius.</strong></span> <span class='ocrx_word' id='word_1_511' title='bbox 1965 3793 2070 3861; x_wconf 83' lang='lat' dir='ltr'><strong>Qui</strong></span> 
     </span>
    </p>
   </div>
   <div class='ocr_carea' id='block_1_71' title="bbox 426 3887 2068 3962">
    <p class='ocr_par' dir='ltr' id='par_1_71' title="bbox 426 3887 2068 3962">
     <span class='ocr_line' id='line_1_71' title="bbox 426 3887 2068 3962; baseline 0.001 -21"><span class='ocrx_word' id='word_1_512' title='bbox 426 3935 430 3941; x_wconf 91' lang='lat'><em>.</em></span> <span class='ocrx_word' id='word_1_513' title='bbox 478 3890 838 3947; x_wconf 88' lang='lat' dir='ltr'><strong>Constantius</strong></span> <span class='ocrx_word' id='word_1_514' title='bbox 856 3899 1146 3962; x_wconf 88' lang='lat' dir='ltr'><strong>postquam</strong></span> <span class='ocrx_word' id='word_1_515' title='bbox 1176 3890 1230 3945; x_wconf 91' lang='lat' dir='ltr'><strong>in</strong></span> <span class='ocrx_word' id='word_1_516' title='bbox 1260 3889 1450 3946; x_wconf 86' lang='lat' dir='ltr'><strong>Galliis</strong></span> <span class='ocrx_word' id='word_1_517' title='bbox 1491 3888 1709 3959; x_wconf 84' lang='lat' dir='ltr'><strong>negotia</strong></span> <span class='ocrx_word' id='word_1_518' title='bbox 1763 3887 1890 3943; x_wconf 88' lang='lat' dir='ltr'><strong>belli</strong></span> <span class='ocrx_word' id='word_1_519' title='bbox 1940 3903 2068 3958; x_wconf 88' lang='lat' dir='ltr'><strong>par-</strong></span> 
     </span>
    </p>
   </div>
   <div class='ocr_carea' id='block_1_72' title="bbox 480 3979 2070 4054">
    <p class='ocr_par' dir='ltr' id='par_1_72' title="bbox 480 3979 2070 4054">
     <span class='ocr_line' id='line_1_72' title="bbox 480 3979 2070 4054; baseline -0.001 -17"><span class='ocrx_word' id='word_1_520' title='bbox 480 3983 578 4038; x_wconf 89' lang='lat' dir='ltr'><strong>tim</strong></span> <span class='ocrx_word' id='word_1_521' title='bbox 603 3984 720 4054; x_wconf 90' lang='lat' dir='ltr'><strong>ipse</strong></span> <span class='ocrx_word' id='word_1_522' title='bbox 740 3983 1031 4054; x_wconf 85' lang='lat' dir='ltr'><strong>disposuit,</strong></span> <span class='ocrx_word' id='word_1_523' title='bbox 1058 3982 1256 4054; x_wconf 87' lang='lat' dir='ltr'><strong>partim</strong></span> <span class='ocrx_word' id='word_1_524' title='bbox 1289 3982 1412 4037; x_wconf 90' lang='lat' dir='ltr'><strong>aliis</strong></span> <span class='ocrx_word' id='word_1_525' title='bbox 1464 3981 1801 4050; x_wconf 81' lang='lat' dir='ltr'><strong>disponenda</strong></span> <span class='ocrx_word' id='word_1_526' title='bbox 1836 3979 2070 4036; x_wconf 89' lang='lat' dir='ltr'><strong>commi-</strong></span> 
     </span>
    </p>
   </div>
   <div class='ocr_carea' id='block_1_73' title="bbox 479 4073 2068 4143">
    <p class='ocr_par' dir='ltr' id='par_1_73' title="bbox 479 4073 2068 4143">
     <span class='ocr_line' id='line_1_73' title="bbox 479 4073 2068 4143; baseline -0.002 -13"><span class='ocrx_word' id='word_1_527' title='bbox 479 4075 599 4142; x_wconf 83' lang='lat' dir='ltr'><strong>sit,</strong></span> <span class='ocrx_word' id='word_1_528' title='bbox 637 4076 856 4130; x_wconf 88' lang='lat' dir='ltr'><strong>tandem</strong></span> <span class='ocrx_word' id='word_1_529' title='bbox 909 4091 1032 4130; x_wconf 90' lang='lat' dir='ltr'><strong>cum</strong></span> <span class='ocrx_word' id='word_1_530' title='bbox 1085 4075 1202 4130; x_wconf 90' lang='lat' dir='ltr'><strong>suis</strong></span> <span class='ocrx_word' id='word_1_531' title='bbox 1241 4073 1706 4130; x_wconf 87' lang='lat' dir='ltr'><strong>commilitonibus</strong></span> <span class='ocrx_word' id='word_1_532' title='bbox 1755 4088 1926 4143; x_wconf 85' lang='lat' dir='ltr'><strong>genus</strong></span> <span class='ocrx_word' id='word_1_533' title='bbox 1968 4077 2068 4143; x_wconf 83' lang='lat' dir='ltr'><strong>pa-</strong></span> 
     </span>
    </p>
   </div>
   <div class='ocr_carea' id='block_1_74' title="bbox 477 4160 2070 4237">
    <p class='ocr_par' dir='ltr' id='par_1_74' title="bbox 477 4160 2070 4237">
     <span class='ocr_line' id='line_1_74' title="bbox 477 4160 2070 4237; baseline 0 -15"><span class='ocrx_word' id='word_1_534' title='bbox 477 4166 754 4237; x_wconf 83' lang='lat' dir='ltr'><strong>triamque</strong></span> <span class='ocrx_word' id='word_1_535' title='bbox 782 4160 992 4233; x_wconf 84' lang='lat' dir='ltr'><strong>revisit,</strong></span> <span class='ocrx_word' id='word_1_536' title='bbox 1031 4176 1092 4221; x_wconf 90' lang='lat' dir='ltr'><strong>ut</strong></span> <span class='ocrx_word' id='word_1_537' title='bbox 1113 4181 1178 4222; x_wconf 88' lang='lat' dir='ltr'><strong>eo</strong></span> <span class='ocrx_word' id='word_1_538' title='bbox 1202 4165 1466 4236; x_wconf 87' lang='lat' dir='ltr'><strong>majorem</strong></span> <span class='ocrx_word' id='word_1_539' title='bbox 1520 4164 1781 4234; x_wconf 90' lang='lat' dir='ltr'><strong>triumphi</strong></span> <span class='ocrx_word' id='word_1_540' title='bbox 1813 4165 2070 4222; x_wconf 88' lang='lat' dir='ltr'><strong>laurealis</strong></span> 
     </span>
    </p>
   </div>
   <div class='ocr_carea' id='block_1_75' title="bbox 477 4257 2070 4334">
    <p class='ocr_par' dir='ltr' id='par_1_75' title="bbox 477 4257 2070 4334">
     <span class='ocr_line' id='line_1_75' title="bbox 477 4257 2070 4334; baseline 0.001 -24"><span class='ocrx_word' id='word_1_541' title='bbox 477 4259 746 4328; x_wconf 90' lang='lat' dir='ltr'><strong>reciperet</strong></span> <span class='ocrx_word' id='word_1_542' title='bbox 779 4274 1063 4334; x_wconf 79' lang='lat' dir='ltr'><strong>coronam,</strong></span> <span class='ocrx_word' id='word_1_543' title='bbox 1094 4273 1346 4329; x_wconf 90' lang='lat' dir='ltr'><strong>quocum</strong></span> <span class='ocrx_word' id='word_1_544' title='bbox 1377 4257 1571 4328; x_wconf 89' lang='lat' dir='ltr'><strong>majori</strong></span> <span class='ocrx_word' id='word_1_545' title='bbox 1601 4257 1781 4327; x_wconf 90' lang='lat' dir='ltr'><strong>palma</strong></span> <span class='ocrx_word' id='word_1_546' title='bbox 1829 4257 2070 4313; x_wconf 88' lang='lat' dir='ltr'><strong>victoria</strong></span> 
     </span>
    </p>
   </div>
   <div class='ocr_carea' id='block_1_76' title="bbox 476 4347 2070 4421">
    <p class='ocr_par' dir='ltr' id='par_1_76' title="bbox 476 4347 2070 4421">
     <span class='ocr_line' id='line_1_76' title="bbox 476 4347 2070 4421; baseline 0.001 -17"><span class='ocrx_word' id='word_1_547' title='bbox 476 4347 546 4404; x_wconf 89' lang='lat' dir='ltr'><strong>de</strong></span> <span class='ocrx_word' id='word_1_548' title='bbox 570 4349 760 4406; x_wconf 88' lang='lat' dir='ltr'><strong>Galliis</strong></span> <span class='ocrx_word' id='word_1_549' title='bbox 802 4365 1054 4407; x_wconf 88' lang='lat' dir='ltr'><strong>reversus</strong></span> <span class='ocrx_word' id='word_1_550' title='bbox 1080 4358 1165 4407; x_wconf 91' lang='lat' dir='ltr'><strong>est</strong></span> <span class='ocrx_word' id='word_1_551' title='bbox 1211 4349 1462 4404; x_wconf 80' lang='lat' dir='ltr'><strong>Romam.</strong></span> <span class='ocrx_word' id='word_1_552' title='bbox 1496 4347 1602 4404; x_wconf 90' lang='lat' dir='ltr'><strong>Sed</strong></span> <span class='ocrx_word' id='word_1_553' title='bbox 1651 4349 1774 4405; x_wconf 89' lang='lat' dir='ltr'><strong>licet</strong></span> <span class='ocrx_word' id='word_1_554' title='bbox 1821 4349 2070 4421; x_wconf 82' lang='lat' dir='ltr'><strong>ignotum</strong></span> 
     </span>
    </p>
   </div>
   <div class='ocr_carea' id='block_1_77' title="bbox 477 4439 2067 4500">
    <p class='ocr_par' dir='ltr' id='par_1_77' title="bbox 477 4439 2067 4500">
     <span class='ocr_line' id='line_1_77' title="bbox 477 4439 2067 4500; baseline -0.002 -2"><span class='ocrx_word' id='word_1_555' title='bbox 477 4442 551 4498; x_wconf 90' lang='lat' dir='ltr'><strong>sit</strong></span> <span class='ocrx_word' id='word_1_556' title='bbox 578 4442 739 4500; x_wconf 89' lang='lat' dir='ltr'><strong>nobis</strong></span> <span class='ocrx_word' id='word_1_557' title='bbox 767 4451 952 4498; x_wconf 90' lang='lat' dir='ltr'><strong>utrum</strong></span> <span class='ocrx_word' id='word_1_558' title='bbox 988 4443 1148 4500; x_wconf 89' lang='lat' dir='ltr'><strong>beata</strong></span> <span class='ocrx_word' id='word_1_559' title='bbox 1177 4440 1383 4498; x_wconf 83' lang='lat' dir='ltr'><strong>Helena</strong></span> <span class='ocrx_word' id='word_1_560' title='bbox 1425 4457 1551 4497; x_wconf 91' lang='lat' dir='ltr'><strong>cum</strong></span> <span class='ocrx_word' id='word_1_561' title='bbox 1575 4440 1767 4497; x_wconf 90' lang='lat' dir='ltr'><strong>eodem</strong></span> <span class='ocrx_word' id='word_1_562' title='bbox 1793 4439 2067 4496; x_wconf 89' lang='lat' dir='ltr'><strong>Constan-</strong></span> 
     </span>
    </p>
   </div>
   <div class='ocr_carea' id='block_1_78' title="bbox 2791 3266 3150 3326">
    <p class='ocr_par' dir='ltr' id='par_1_78' title="bbox 2791 3266 3150 3326">
     <span class='ocr_line' id='line_1_78' title="bbox 2791 3266 3150 3326; baseline 0 -2"><span class='ocrx_word' id='word_1_563' title='bbox 2791 3266 3021 3326; x_wconf 86' lang='lat' dir='ltr'><strong>CAPUT</strong></span> <span class='ocrx_word' id='word_1_564' title='bbox 3059 3267 3150 3325; x_wconf 79' lang='lat' dir='ltr'><strong>IV;</strong></span> 
     </span>
    </p>
   </div>
   <div class='ocr_carea' id='block_1_79' title="bbox 2179 3349 3736 3420">
    <p class='ocr_par' dir='ltr' id='par_1_79' title="bbox 2179 3349 3736 3420">
     <span class='ocr_line' id='line_1_79' title="bbox 2179 3349 3736 3420; baseline -0.004 -1"><span class='ocrx_word' id='word_1_565' title='bbox 2179 3349 2246 3419; x_wconf 82' lang='lat' dir='ltr'><strong>Ut</strong></span> <span class='ocrx_word' id='word_1_566' title='bbox 2296 3362 2642 3420; x_wconf 74' lang='lat' dir='ltr'><strong>Constantius</strong></span> <span class='ocrx_word' id='word_1_567' title='bbox 2698 3363 2962 3420; x_wconf 74' lang='lat' dir='ltr'><strong>superatis</strong></span> <span class='ocrx_word' id='word_1_568' title='bbox 3014 3361 3290 3416; x_wconf 82' lang='lat' dir='ltr'><strong>Germanis</strong></span> <span class='ocrx_word' id='word_1_569' title='bbox 3348 3369 3402 3415; x_wconf 83' lang='lat' dir='ltr'><strong>et</strong></span> <span class='ocrx_word' id='word_1_570' title='bbox 3458 3359 3736 3415; x_wconf 72' lang='lat' dir='ltr'><strong>Britonibus</strong></span> 
     </span>
    </p>
   </div>
   <div class='ocr_carea' id='block_1_80' title="bbox 2317 3432 3616 3506">
    <p class='ocr_par' dir='ltr' id='par_1_80' title="bbox 2317 3432 3616 3506">
     <span class='ocr_line' id='line_1_80' title="bbox 2317 3432 3616 3506; baseline -0.003 -17"><span class='ocrx_word' id='word_1_571' title='bbox 2317 3435 2529 3501; x_wconf 83' lang='lat' dir='ltr'><strong>abierit,</strong></span> <span class='ocrx_word' id='word_1_572' title='bbox 2556 3443 2713 3506; x_wconf 81' lang='lat' dir='ltr'><strong>atque</strong></span> <span class='ocrx_word' id='word_1_573' title='bbox 2736 3432 3146 3489; x_wconf 83' lang='lat' dir='ltr'><strong>Constantinum</strong></span> <span class='ocrx_word' id='word_1_574' title='bbox 3167 3432 3315 3503; x_wconf 83' lang='lat' dir='ltr'><strong>lepra</strong></span> <span class='ocrx_word' id='word_1_575' title='bbox 3345 3433 3616 3486; x_wconf 79' lang='lat' dir='ltr'><strong>invaserit.</strong></span> 
     </span>
    </p>
   </div>
   <div class='ocr_carea' id='block_1_81' title="bbox 2245 3517 3738 3596">
    <p class='ocr_par' dir='ltr' id='par_1_81' title="bbox 2245 3517 3738 3596">
     <span class='ocr_line' id='line_1_81' title="bbox 2245 3517 3738 3596; baseline -0.003 -16"><span class='ocrx_word' id='word_1_576' title='bbox 2245 3521 2348 3580; x_wconf 87' lang='lat' dir='ltr'><strong>Ubi</strong></span> <span class='ocrx_word' id='word_1_577' title='bbox 2375 3525 2626 3596; x_wconf 86' lang='lat' dir='ltr'><strong>quamvis</strong></span> <span class='ocrx_word' id='word_1_578' title='bbox 2658 3517 2945 3596; x_wconf 83' lang='lat' dir='ltr'><strong>tyrannide</strong></span> <span class='ocrx_word' id='word_1_579' title='bbox 2975 3523 3199 3594; x_wconf 86' lang='lat' dir='ltr'><strong>antiqua</strong></span> <span class='ocrx_word' id='word_1_580' title='bbox 3243 3530 3299 3577; x_wconf 91' lang='lat' dir='ltr'><strong>et</strong></span> <span class='ocrx_word' id='word_1_581' title='bbox 3341 3522 3634 3578; x_wconf 87' lang='lat' dir='ltr'><strong>rebellione</strong></span> <span class='ocrx_word' id='word_1_582' title='bbox 3656 3537 3738 3575; x_wconf 84' lang='lat' dir='ltr'><strong>no-</strong></span> 
     </span>
    </p>
   </div>
   <div class='ocr_carea' id='block_1_82' title="bbox 2172 3615 3735 3688">
    <p class='ocr_par' dir='ltr' id='par_1_82' title="bbox 2172 3615 3735 3688">
     <span class='ocr_line' id='line_1_82' title="bbox 2172 3615 3735 3688; baseline -0.004 -16"><span class='ocrx_word' id='word_1_583' title='bbox 2172 3617 2311 3673; x_wconf 77' lang='lat' dir='ltr'><strong>vella</strong></span> <span class='ocrx_word' id='word_1_584' title='bbox 2340 3632 2473 3688; x_wconf 85' lang='lat' dir='ltr'><strong>gens</strong></span> <span class='ocrx_word' id='word_1_585' title='bbox 2497 3615 2794 3672; x_wconf 84' lang='lat' dir='ltr'><strong>Britannia</strong></span> <span class='ocrx_word' id='word_1_586' title='bbox 2838 3625 2892 3671; x_wconf 88' lang='lat' dir='ltr'><strong>et</strong></span> <span class='ocrx_word' id='word_1_587' title='bbox 2919 3615 3230 3672; x_wconf 84' lang='lat' dir='ltr'><strong>Germania</strong></span> <span class='ocrx_word' id='word_1_588' title='bbox 3253 3616 3440 3672; x_wconf 93' lang='lat' dir='ltr'><strong>denuo</strong></span> <span class='ocrx_word' id='word_1_589' title='bbox 3473 3620 3595 3671; x_wconf 88' lang='lat' dir='ltr'><strong>eum</strong></span> <span class='ocrx_word' id='word_1_590' title='bbox 3618 3628 3735 3668; x_wconf 82' lang='lat' dir='ltr'><strong>nova</strong></span> 
     </span>
    </p>
   </div>
   <div class='ocr_carea' id='block_1_83' title="bbox 2172 3704 3738 3778">
    <p class='ocr_par' dir='ltr' id='par_1_83' title="bbox 2172 3704 3738 3778">
     <span class='ocr_line' id='line_1_83' title="bbox 2172 3704 3738 3778; baseline -0.001 -16"><span class='ocrx_word' id='word_1_591' title='bbox 2172 3707 2474 3762; x_wconf 88' lang='lat' dir='ltr'><strong>concitaret</strong></span> <span class='ocrx_word' id='word_1_592' title='bbox 2499 3706 2566 3761; x_wconf 91' lang='lat' dir='ltr'><strong>ad</strong></span> <span class='ocrx_word' id='word_1_593' title='bbox 2614 3707 2775 3773; x_wconf 89' lang='lat' dir='ltr'><strong>bella,</strong></span> <span class='ocrx_word' id='word_1_594' title='bbox 2805 3705 2922 3778; x_wconf 87' lang='lat' dir='ltr'><strong>ipse</strong></span> <span class='ocrx_word' id='word_1_595' title='bbox 2962 3714 3146 3762; x_wconf 90' lang='lat' dir='ltr'><strong>tamen</strong></span> <span class='ocrx_word' id='word_1_596' title='bbox 3181 3721 3246 3761; x_wconf 92' lang='lat' dir='ltr'><strong>eo</strong></span> <span class='ocrx_word' id='word_1_597' title='bbox 3285 3707 3497 3762; x_wconf 90' lang='lat' dir='ltr'><strong>minori</strong></span> <span class='ocrx_word' id='word_1_598' title='bbox 3532 3715 3612 3761; x_wconf 92' lang='lat' dir='ltr'><strong>est</strong></span> <span class='ocrx_word' id='word_1_599' title='bbox 3633 3704 3738 3760; x_wconf 90' lang='lat' dir='ltr'><strong>inde</strong></span> 
     </span>
    </p>
   </div>
   <div class='ocr_carea' id='block_1_84' title="bbox 2174 3797 3736 3869">
    <p class='ocr_par' dir='ltr' id='par_1_84' title="bbox 2174 3797 3736 3869">
     <span class='ocr_line' id='line_1_84' title="bbox 2174 3797 3736 3869; baseline -0.002 -16"><span class='ocrx_word' id='word_1_600' title='bbox 2174 3798 2394 3854; x_wconf 88' lang='lat' dir='ltr'><strong>tristitia</strong></span> <span class='ocrx_word' id='word_1_601' title='bbox 2426 3799 2685 3869; x_wconf 81' lang='lat' dir='ltr'><strong>repletus,</strong></span> <span class='ocrx_word' id='word_1_602' title='bbox 2710 3813 2820 3869; x_wconf 90' lang='lat' dir='ltr'><strong>quo</strong></span> <span class='ocrx_word' id='word_1_603' title='bbox 2843 3799 2910 3852; x_wconf 88' lang='lat' dir='ltr'><strong>ad</strong></span> <span class='ocrx_word' id='word_1_604' title='bbox 2934 3799 3391 3868; x_wconf 89' lang='lat' dir='ltr'><strong>triumphandum</strong></span> <span class='ocrx_word' id='word_1_605' title='bbox 3435 3799 3486 3853; x_wconf 89' lang='lat' dir='ltr'><strong>ei</strong></span> <span class='ocrx_word' id='word_1_606' title='bbox 3517 3797 3736 3854; x_wconf 80' lang='lat' dir='ltr'><strong>adfuitet</strong></span> 
     </span>
    </p>
   </div>
   <div class='ocr_carea' id='block_1_85' title="bbox 2171 3888 3737 3960">
    <p class='ocr_par' dir='ltr' id='par_1_85' title="bbox 2171 3888 3737 3960">
     <span class='ocr_line' id='line_1_85' title="bbox 2171 3888 3737 3960; baseline -0.001 -14"><span class='ocrx_word' id='word_1_607' title='bbox 2171 3892 2445 3947; x_wconf 72' lang='lat' dir='ltr'><strong>exercitus</strong></span> <span class='ocrx_word' id='word_1_608' title='bbox 2485 3906 2660 3946; x_wconf 89' lang='lat' dir='ltr'><strong>novus</strong></span> <span class='ocrx_word' id='word_1_609' title='bbox 2704 3898 2759 3946; x_wconf 90' lang='lat' dir='ltr'><strong>et</strong></span> <span class='ocrx_word' id='word_1_610' title='bbox 2805 3888 3071 3960; x_wconf 85' lang='lat' dir='ltr'><strong>sapientia</strong></span> <span class='ocrx_word' id='word_1_611' title='bbox 3101 3900 3276 3946; x_wconf 89' lang='lat' dir='ltr'><strong>vetus.</strong></span> <span class='ocrx_word' id='word_1_612' title='bbox 3323 3889 3550 3947; x_wconf 88' lang='lat' dir='ltr'><strong>Interim</strong></span> <span class='ocrx_word' id='word_1_613' title='bbox 3579 3899 3737 3945; x_wconf 87' lang='lat' dir='ltr'><strong>autem</strong></span> 
     </span>
    </p>
   </div>
   <div class='ocr_carea' id='block_1_86' title="bbox 2171 3981 3738 4053">
    <p class='ocr_par' dir='ltr' id='par_1_86' title="bbox 2171 3981 3738 4053">
     <span class='ocr_line' id='line_1_86' title="bbox 2171 3981 3738 4053; baseline -0.001 -15"><span class='ocrx_word' id='word_1_614' title='bbox 2171 3981 2564 4038; x_wconf 82' lang='lat' dir='ltr'><strong>Constantinus</strong></span> <span class='ocrx_word' id='word_1_615' title='bbox 2592 3982 2760 4049; x_wconf 77' lang='lat' dir='ltr'><strong>ﬁlius;</strong></span> <span class='ocrx_word' id='word_1_616' title='bbox 2789 3981 2843 4036; x_wconf 90' lang='lat' dir='ltr'><strong>in</strong></span> <span class='ocrx_word' id='word_1_617' title='bbox 2876 3981 3139 4038; x_wconf 85' lang='lat' dir='ltr'><strong>Romanis</strong></span> <span class='ocrx_word' id='word_1_618' title='bbox 3168 3982 3424 4053; x_wconf 88' lang='lat' dir='ltr'><strong>partibus</strong></span> <span class='ocrx_word' id='word_1_619' title='bbox 3449 3982 3738 4052; x_wconf 85' lang='lat' dir='ltr'><strong>relinquens</strong></span> 
     </span>
    </p>
   </div>
   <div class='ocr_carea' id='block_1_87' title="bbox 2171 4072 3737 4144">
    <p class='ocr_par' dir='ltr' id='par_1_87' title="bbox 2171 4072 3737 4144">
     <span class='ocr_line' id='line_1_87' title="bbox 2171 4072 3737 4144; baseline 0.001 -17"><span class='ocrx_word' id='word_1_620' title='bbox 2171 4083 2426 4140; x_wconf 87' lang='lat' dir='ltr'><strong>matrem,</strong></span> <span class='ocrx_word' id='word_1_621' title='bbox 2459 4072 2698 4128; x_wconf 90' lang='lat' dir='ltr'><strong>mirabili</strong></span> <span class='ocrx_word' id='word_1_622' title='bbox 2729 4082 2846 4128; x_wconf 90' lang='lat' dir='ltr'><strong>arte</strong></span> <span class='ocrx_word' id='word_1_623' title='bbox 2868 4073 2922 4128; x_wconf 91' lang='lat' dir='ltr'><strong>in</strong></span> <span class='ocrx_word' id='word_1_624' title='bbox 2953 4073 3157 4129; x_wconf 88' lang='lat' dir='ltr'><strong>Gallias</strong></span> <span class='ocrx_word' id='word_1_625' title='bbox 3187 4082 3523 4144; x_wconf 88' lang='lat' dir='ltr'><strong>prosecutus</strong></span> <span class='ocrx_word' id='word_1_626' title='bbox 3551 4083 3630 4130; x_wconf 85' lang='lat' dir='ltr'><strong>est</strong></span> <span class='ocrx_word' id='word_1_627' title='bbox 3655 4089 3737 4143; x_wconf 84' lang='lat' dir='ltr'><strong>pa-</strong></span> 
     </span>
    </p>
   </div>
   <div class='ocr_carea' id='block_1_88' title="bbox 2173 4165 3737 4239">
    <p class='ocr_par' dir='ltr' id='par_1_88' title="bbox 2173 4165 3737 4239">
     <span class='ocr_line' id='line_1_88' title="bbox 2173 4165 3737 4239; baseline 0 -19"><span class='ocrx_word' id='word_1_628' title='bbox 2173 4171 2338 4233; x_wconf 86' lang='lat' dir='ltr'><strong>trem;</strong></span> <span class='ocrx_word' id='word_1_629' title='bbox 2368 4173 2429 4221; x_wconf 91' lang='lat' dir='ltr'><strong>ut</strong></span> <span class='ocrx_word' id='word_1_630' title='bbox 2455 4175 2608 4236; x_wconf 88' lang='lat' dir='ltr'><strong>pater</strong></span> <span class='ocrx_word' id='word_1_631' title='bbox 2633 4166 2760 4222; x_wconf 81' lang='lat' dir='ltr'><strong>eum</strong></span> <span class='ocrx_word' id='word_1_632' title='bbox 2791 4165 2903 4222; x_wconf 89' lang='lat' dir='ltr'><strong>ﬁlio</strong></span> <span class='ocrx_word' id='word_1_633' title='bbox 2925 4182 2990 4222; x_wconf 90' lang='lat' dir='ltr'><strong>eo</strong></span> <span class='ocrx_word' id='word_1_634' title='bbox 3018 4165 3232 4229; x_wconf 81' lang='lat' dir='ltr'><strong>facilius</strong></span> <span class='ocrx_word' id='word_1_635' title='bbox 3273 4169 3576 4239; x_wconf 86' lang='lat' dir='ltr'><strong>tyrannica</strong></span> <span class='ocrx_word' id='word_1_636' title='bbox 3615 4167 3737 4222; x_wconf 85' lang='lat' dir='ltr'><strong>resi-</strong></span> 
     </span>
    </p>
   </div>
   <div class='ocr_carea' id='block_1_89' title="bbox 2172 4256 3736 4328">
    <p class='ocr_par' dir='ltr' id='par_1_89' title="bbox 2172 4256 3736 4328">
     <span class='ocr_line' id='line_1_89' title="bbox 2172 4256 3736 4328; baseline -0.001 -16"><span class='ocrx_word' id='word_1_637' title='bbox 2172 4265 2338 4323; x_wconf 77' lang='lat' dir='ltr'><strong>steret</strong></span> <span class='ocrx_word' id='word_1_638' title='bbox 2365 4257 2528 4327; x_wconf 87' lang='lat' dir='ltr'><strong>parti,</strong></span> <span class='ocrx_word' id='word_1_639' title='bbox 2560 4272 2671 4327; x_wconf 89' lang='lat' dir='ltr'><strong>quo</strong></span> <span class='ocrx_word' id='word_1_640' title='bbox 2694 4256 2841 4313; x_wconf 80' lang='lat' dir='ltr'><strong>illius</strong></span> <span class='ocrx_word' id='word_1_641' title='bbox 2867 4257 3030 4328; x_wconf 78' lang='lat' dir='ltr'><strong>patri,</strong></span> <span class='ocrx_word' id='word_1_642' title='bbox 3065 4268 3120 4313; x_wconf 87' lang='lat' dir='ltr'><strong>et</strong></span> <span class='ocrx_word' id='word_1_643' title='bbox 3139 4274 3230 4315; x_wconf 87' lang='lat' dir='ltr'><strong>ars</strong></span> <span class='ocrx_word' id='word_1_644' title='bbox 3257 4270 3603 4314; x_wconf 87' lang='lat' dir='ltr'><strong>succurreret</strong></span> <span class='ocrx_word' id='word_1_645' title='bbox 3630 4256 3736 4312; x_wconf 92' lang='lat' dir='ltr'><strong>arti.</strong></span> 
     </span>
    </p>
   </div>
   <div class='ocr_carea' id='block_1_90' title="bbox 2171 4339 3739 4423">
    <p class='ocr_par' dir='ltr' id='par_1_90' title="bbox 2171 4339 3739 4423">
     <span class='ocr_line' id='line_1_90' title="bbox 2171 4339 3739 4423; baseline -0.001 -19"><span class='ocrx_word' id='word_1_646' title='bbox 2171 4339 2308 4416; x_wconf 85' lang='lat' dir='ltr'><strong>Quia</strong></span> <span class='ocrx_word' id='word_1_647' title='bbox 2334 4349 2480 4406; x_wconf 92' lang='lat' dir='ltr'><strong>enim</strong></span> <span class='ocrx_word' id='word_1_648' title='bbox 2508 4358 2738 4420; x_wconf 89' lang='lat' dir='ltr'><strong>uterque</strong></span> <span class='ocrx_word' id='word_1_649' title='bbox 2763 4350 2994 4406; x_wconf 87' lang='lat' dir='ltr'><strong>callidus</strong></span> <span class='ocrx_word' id='word_1_650' title='bbox 3023 4352 3139 4406; x_wconf 87' lang='lat' dir='ltr'><strong>erat</strong></span> <span class='ocrx_word' id='word_1_651' title='bbox 3168 4351 3390 4422; x_wconf 88' lang='lat' dir='ltr'><strong>ingenio</strong></span> <span class='ocrx_word' id='word_1_652' title='bbox 3420 4360 3476 4407; x_wconf 91' lang='lat' dir='ltr'><strong>et</strong></span> <span class='ocrx_word' id='word_1_653' title='bbox 3505 4349 3739 4423; x_wconf 86' lang='lat' dir='ltr'><strong>providus</strong></span> 
     </span>
    </p>
   </div>
   <div class='ocr_carea' id='block_1_91' title="bbox 2171 4439 3738 4512">
    <p class='ocr_par' dir='ltr' id='par_1_91' title="bbox 2171 4439 3738 4512">
     <span class='ocr_line' id='line_1_91' title="bbox 2171 4439 3738 4512; baseline 0 -18"><span class='ocrx_word' id='word_1_654' title='bbox 2171 4439 2226 4496; x_wconf 88' lang='lat' dir='ltr'><strong>in</strong></span> <span class='ocrx_word' id='word_1_655' title='bbox 2253 4441 2505 4509; x_wconf 90' lang='lat' dir='ltr'><strong>consilio,</strong></span> <span class='ocrx_word' id='word_1_656' title='bbox 2535 4441 2658 4496; x_wconf 91' lang='lat' dir='ltr'><strong>ideo</strong></span> <span class='ocrx_word' id='word_1_657' title='bbox 2680 4449 2870 4497; x_wconf 91' lang='lat' dir='ltr'><strong>mutuo</strong></span> <span class='ocrx_word' id='word_1_658' title='bbox 2897 4442 3183 4498; x_wconf 88' lang='lat' dir='ltr'><strong>cbaritatis</strong></span> <span class='ocrx_word' id='word_1_659' title='bbox 3213 4441 3396 4498; x_wconf 84' lang='lat' dir='ltr'><strong>olIicio</strong></span> <span class='ocrx_word' id='word_1_660' title='bbox 3422 4443 3571 4499; x_wconf 89' lang='lat' dir='ltr'><strong>ﬁlius</strong></span> <span class='ocrx_word' id='word_1_661' title='bbox 3594 4439 3738 4512; x_wconf 56' lang='lat' dir='ltr'><strong>patri;</strong></span> 
     </span>
    </p>
   </div>
   <div class='ocr_carea' id='block_1_92' title="bbox 478 4529 3738 4607">
    <p class='ocr_par' dir='ltr' id='par_1_92' title="bbox 478 4529 3738 4607">
     <span class='ocr_line' id='line_1_92' title="bbox 478 4529 3738 4607; baseline -0.002 -17"><span class='ocrx_word' id='word_1_662' title='bbox 478 4534 554 4591; x_wconf 92' lang='lat' dir='ltr'><strong>tio</strong></span> <span class='ocrx_word' id='word_1_663' title='bbox 580 4536 825 4603; x_wconf 90' lang='lat' dir='ltr'><strong>abiisset,</strong></span> <span class='ocrx_word' id='word_1_664' title='bbox 849 4551 919 4592; x_wconf 88' lang='lat' dir='ltr'><strong>an</strong></span> <span class='ocrx_word' id='word_1_665' title='bbox 947 4545 1166 4607; x_wconf 90' lang='lat' dir='ltr'><strong>propter</strong></span> <span class='ocrx_word' id='word_1_666' title='bbox 1187 4533 1608 4590; x_wconf 88' lang='lat' dir='ltr'><strong>teneritudinem</strong></span> <span class='ocrx_word' id='word_1_667' title='bbox 1641 4532 1796 4604; x_wconf 91' lang='lat' dir='ltr'><strong>pueri</strong></span> <span class='ocrx_word' id='word_1_668' title='bbox 1844 4532 1901 4587; x_wconf 91' lang='lat' dir='ltr'><strong>in</strong></span> <span class='ocrx_word' id='word_1_669' title='bbox 1929 4529 2061 4588; x_wconf 87' lang='lat' dir='ltr'><strong>Gal-</strong></span> <span class='ocrx_word' id='word_1_670' title='bbox 2091 4542 2141 4602; x_wconf 83' lang='grc' dir='ltr'><strong>ι)</strong></span> <span class='ocrx_word' id='word_1_671' title='bbox 2165 4542 2220 4590; x_wconf 89' lang='lat' dir='ltr'><strong>et</strong></span> <span class='ocrx_word' id='word_1_672' title='bbox 2251 4541 2402 4604; x_wconf 89' lang='lat' dir='ltr'><strong>pater</strong></span> <span class='ocrx_word' id='word_1_673' title='bbox 2423 4542 2738 4590; x_wconf 89' lang='lat' dir='ltr'><strong>occurreret</strong></span> <span class='ocrx_word' id='word_1_674' title='bbox 2773 4533 2904 4602; x_wconf 83' lang='lat' dir='ltr'><strong>ﬁlio,</strong></span> <span class='ocrx_word' id='word_1_675' title='bbox 2933 4541 2993 4589; x_wconf 93' lang='lat' dir='ltr'><strong>ut</strong></span> <span class='ocrx_word' id='word_1_676' title='bbox 3012 4549 3078 4590; x_wconf 93' lang='lat' dir='ltr'><strong>eo</strong></span> <span class='ocrx_word' id='word_1_677' title='bbox 3103 4533 3300 4591; x_wconf 81' lang='lat' dir='ltr'><strong>fortius</strong></span> <span class='ocrx_word' id='word_1_678' title='bbox 3322 4551 3460 4606; x_wconf 88' lang='lat' dir='ltr'><strong>pars</strong></span> <span class='ocrx_word' id='word_1_679' title='bbox 3489 4533 3738 4606; x_wconf 80' lang='lat' dir='ltr'><strong>Opprime-</strong></span> 
     </span>
    </p>
   </div>
   <div class='ocr_carea' id='block_1_93' title="bbox 474 4621 2061 4703">
    <p class='ocr_par' dir='ltr' id='par_1_93' title="bbox 474 4621 2061 4703">
     <span class='ocr_line' id='line_1_93' title="bbox 474 4621 2061 4703; baseline -0.001 -25"><span class='ocrx_word' id='word_1_680' title='bbox 474 4624 563 4682; x_wconf 90' lang='lat' dir='ltr'><strong>liis</strong></span> <span class='ocrx_word' id='word_1_681' title='bbox 597 4625 971 4693; x_wconf 83' lang='lat' dir='ltr'><strong>remansisset,</strong></span> <span class='ocrx_word' id='word_1_682' title='bbox 996 4626 1144 4682; x_wconf 84' lang='lat' dir='ltr'><strong>credi</strong></span> <span class='ocrx_word' id='word_1_683' title='bbox 1171 4633 1354 4680; x_wconf 91' lang='lat' dir='ltr'><strong>tamen</strong></span> <span class='ocrx_word' id='word_1_684' title='bbox 1391 4631 1572 4695; x_wconf 90' lang='lat' dir='ltr'><strong>potest</strong></span> <span class='ocrx_word' id='word_1_685' title='bbox 1594 4623 1740 4694; x_wconf 92' lang='lat' dir='ltr'><strong>quod</strong></span> <span class='ocrx_word' id='word_1_686' title='bbox 1768 4621 1854 4703; x_wconf 81' lang='lat' dir='ltr'><strong>vel</strong></span> <span class='ocrx_word' id='word_1_687' title='bbox 1875 4636 1942 4677; x_wconf 93' lang='lat' dir='ltr'><strong>eo</strong></span> <span class='ocrx_word' id='word_1_688' title='bbox 1973 4629 2061 4676; x_wconf 88' lang='lat' dir='ltr'><strong>tu-</strong></span> 
     </span>
    </p>
   </div>
   <div class='ocr_carea' id='block_1_94' title="bbox 474 4711 2063 4784">
    <p class='ocr_par' dir='ltr' id='par_1_94' title="bbox 474 4711 2063 4784">
     <span class='ocr_line' id='line_1_94' title="bbox 474 4711 2063 4784; baseline -0.001 -14"><span class='ocrx_word' id='word_1_689' title='bbox 474 4716 588 4771; x_wconf 89' lang='lat' dir='ltr'><strong>tius</strong></span> <span class='ocrx_word' id='word_1_690' title='bbox 611 4732 737 4772; x_wconf 89' lang='lat' dir='ltr'><strong>cum</strong></span> <span class='ocrx_word' id='word_1_691' title='bbox 761 4731 828 4772; x_wconf 90' lang='lat' dir='ltr'><strong>eo</strong></span> <span class='ocrx_word' id='word_1_692' title='bbox 843 4716 1103 4782; x_wconf 88' lang='lat' dir='ltr'><strong>abducta,</strong></span> <span class='ocrx_word' id='word_1_693' title='bbox 1132 4715 1218 4771; x_wconf 90' lang='lat' dir='ltr'><strong>vel</strong></span> <span class='ocrx_word' id='word_1_694' title='bbox 1238 4730 1304 4772; x_wconf 90' lang='lat' dir='ltr'><strong>eo</strong></span> <span class='ocrx_word' id='word_1_695' title='bbox 1327 4714 1490 4770; x_wconf 90' lang='lat' dir='ltr'><strong>citius</strong></span> <span class='ocrx_word' id='word_1_696' title='bbox 1521 4721 1647 4784; x_wconf 90' lang='lat' dir='ltr'><strong>post</strong></span> <span class='ocrx_word' id='word_1_697' title='bbox 1676 4727 1802 4768; x_wconf 90' lang='lat' dir='ltr'><strong>eum</strong></span> <span class='ocrx_word' id='word_1_698' title='bbox 1831 4720 1915 4768; x_wconf 92' lang='lat' dir='ltr'><strong>est</strong></span> <span class='ocrx_word' id='word_1_699' title='bbox 1943 4711 2063 4769; x_wconf 89' lang='lat' dir='ltr'><strong>sine</strong></span> 
     </span>
    </p>
   </div>
   <div class='ocr_carea' id='block_1_95' title="bbox 473 4803 2062 4879">
    <p class='ocr_par' dir='ltr' id='par_1_95' title="bbox 473 4803 2062 4879">
     <span class='ocr_line' id='line_1_95' title="bbox 473 4803 2062 4879; baseline -0.001 -18"><span class='ocrx_word' id='word_1_700' title='bbox 473 4822 671 4879; x_wconf 88' lang='lat' dir='ltr'><strong>magna</strong></span> <span class='ocrx_word' id='word_1_701' title='bbox 695 4807 955 4864; x_wconf 89' lang='lat' dir='ltr'><strong>dilatione</strong></span> <span class='ocrx_word' id='word_1_702' title='bbox 1010 4807 1210 4874; x_wconf 88' lang='lat' dir='ltr'><strong>delata,</strong></span> <span class='ocrx_word' id='word_1_703' title='bbox 1257 4821 1381 4877; x_wconf 84' lang='lat' dir='ltr'><strong>qua</strong></span> <span class='ocrx_word' id='word_1_704' title='bbox 1410 4821 1522 4877; x_wconf 88' lang='lat' dir='ltr'><strong>pra</strong></span> <span class='ocrx_word' id='word_1_705' title='bbox 1555 4805 1768 4860; x_wconf 71' lang='lat' dir='ltr'><strong>caeteris</strong></span> <span class='ocrx_word' id='word_1_706' title='bbox 1812 4803 2062 4860; x_wconf 90' lang='lat' dir='ltr'><strong>mulieri-</strong></span> 
     </span>
    </p>
   </div>
   <div class='ocr_carea' id='block_1_96' title="bbox 471 4897 2058 4972">
    <p class='ocr_par' dir='ltr' id='par_1_96' title="bbox 471 4897 2058 4972">
     <span class='ocr_line' id='line_1_96' title="bbox 471 4897 2058 4972; baseline -0.002 -17"><span class='ocrx_word' id='word_1_707' title='bbox 471 4899 578 4956; x_wconf 89' lang='lat' dir='ltr'><strong>bus</strong></span> <span class='ocrx_word' id='word_1_708' title='bbox 607 4901 676 4957; x_wconf 91' lang='lat' dir='ltr'><strong>ab</strong></span> <span class='ocrx_word' id='word_1_709' title='bbox 705 4901 823 4971; x_wconf 82' lang='lat' dir='ltr'><strong>ipse</strong></span> <span class='ocrx_word' id='word_1_710' title='bbox 844 4901 1018 4972; x_wconf 86' lang='lat' dir='ltr'><strong>magis</strong></span> <span class='ocrx_word' id='word_1_711' title='bbox 1047 4907 1166 4956; x_wconf 89' lang='lat' dir='ltr'><strong>erat</strong></span> <span class='ocrx_word' id='word_1_712' title='bbox 1185 4907 1388 4955; x_wconf 87' lang='lat' dir='ltr'><strong>amata.</strong></span> <span class='ocrx_word' id='word_1_713' title='bbox 1422 4897 1762 4954; x_wconf 89' lang='lat' dir='ltr'><strong>Credendum</strong></span> <span class='ocrx_word' id='word_1_714' title='bbox 1784 4905 1869 4953; x_wconf 90' lang='lat' dir='ltr'><strong>est</strong></span> <span class='ocrx_word' id='word_1_715' title='bbox 1897 4897 2058 4952; x_wconf 88' lang='lat' dir='ltr'><strong>etiam</strong></span> 
     </span>
    </p>
   </div>
   <div class='ocr_carea' id='block_1_97' title="bbox 470 4989 2058 5064">
    <p class='ocr_par' dir='ltr' id='par_1_97' title="bbox 470 4989 2058 5064">
     <span class='ocr_line' id='line_1_97' title="bbox 470 4989 2058 5064; baseline -0.003 -17"><span class='ocrx_word' id='word_1_716' title='bbox 470 4991 621 5063; x_wconf 90' lang='lat' dir='ltr'><strong>quod</strong></span> <span class='ocrx_word' id='word_1_717' title='bbox 667 4992 1106 5064; x_wconf 88' lang='lat' dir='ltr'><strong>quandocunque</strong></span> <span class='ocrx_word' id='word_1_718' title='bbox 1157 4991 1287 5046; x_wconf 85' lang='lat' dir='ltr'><strong>illuc</strong></span> <span class='ocrx_word' id='word_1_719' title='bbox 1339 4989 1503 5045; x_wconf 76' lang='lat' dir='ltr'><strong>fuerit</strong></span> <span class='ocrx_word' id='word_1_720' title='bbox 1567 4989 1822 5056; x_wconf 90' lang='lat' dir='ltr'><strong>adducta,</strong></span> <span class='ocrx_word' id='word_1_721' title='bbox 1875 4989 2058 5044; x_wconf 90' lang='lat' dir='ltr'><strong>statim</strong></span> 
     </span>
    </p>
   </div>
   <div class='ocr_carea' id='block_1_98' title="bbox 470 5081 2060 5154">
    <p class='ocr_par' dir='ltr' id='par_1_98' title="bbox 470 5081 2060 5154">
     <span class='ocr_line' id='line_1_98' title="bbox 470 5081 2060 5154; baseline -0.003 -15"><span class='ocrx_word' id='word_1_722' title='bbox 470 5083 638 5154; x_wconf 79' lang='lat' dir='ltr'><strong>regiis</strong></span> <span class='ocrx_word' id='word_1_723' title='bbox 659 5084 999 5140; x_wconf 87' lang='lat' dir='ltr'><strong>ornamentis</strong></span> <span class='ocrx_word' id='word_1_724' title='bbox 1019 5099 1086 5140; x_wconf 92' lang='lat' dir='ltr'><strong>ac</strong></span> <span class='ocrx_word' id='word_1_725' title='bbox 1105 5082 1414 5154; x_wconf 89' lang='lat' dir='ltr'><strong>sumptibus</strong></span> <span class='ocrx_word' id='word_1_726' title='bbox 1441 5089 1524 5138; x_wconf 90' lang='lat' dir='ltr'><strong>est</strong></span> <span class='ocrx_word' id='word_1_727' title='bbox 1551 5083 1806 5138; x_wconf 89' lang='lat' dir='ltr'><strong>decenter</strong></span> <span class='ocrx_word' id='word_1_728' title='bbox 1855 5081 2060 5136; x_wconf 85' lang='lat' dir='ltr'><strong>nutrita</strong></span> 
     </span>
    </p>
   </div>
   <div class='ocr_carea' id='block_1_99' title="bbox 468 5174 2062 5248">
    <p class='ocr_par' dir='ltr' id='par_1_99' title="bbox 468 5174 2062 5248">
     <span class='ocr_line' id='line_1_99' title="bbox 468 5174 2062 5248; baseline -0.002 -16"><span class='ocrx_word' id='word_1_729' title='bbox 468 5184 526 5232; x_wconf 88' lang='lat' dir='ltr'><strong>et</strong></span> <span class='ocrx_word' id='word_1_730' title='bbox 550 5177 838 5248; x_wconf 81' lang='lat' dir='ltr'><strong>diligenter</strong></span> <span class='ocrx_word' id='word_1_731' title='bbox 867 5177 1155 5243; x_wconf 89' lang='lat' dir='ltr'><strong>instructa,</strong></span> <span class='ocrx_word' id='word_1_732' title='bbox 1184 5183 1246 5231; x_wconf 90' lang='lat' dir='ltr'><strong>ut</strong></span> <span class='ocrx_word' id='word_1_733' title='bbox 1280 5176 1426 5231; x_wconf 90' lang='lat' dir='ltr'><strong>sicut</strong></span> <span class='ocrx_word' id='word_1_734' title='bbox 1444 5175 1664 5246; x_wconf 86' lang='lat' dir='ltr'><strong>elegans</strong></span> <span class='ocrx_word' id='word_1_735' title='bbox 1691 5183 1810 5230; x_wconf 88' lang='lat' dir='ltr'><strong>erat</strong></span> <span class='ocrx_word' id='word_1_736' title='bbox 1857 5175 1912 5230; x_wconf 92' lang='lat' dir='ltr'><strong>in</strong></span> <span class='ocrx_word' id='word_1_737' title='bbox 1962 5174 2062 5229; x_wconf 85' lang='lat' dir='ltr'><strong>ha-</strong></span> 
     </span>
    </p>
   </div>
   <div class='ocr_carea' id='block_1_100' title="bbox 468 5265 2060 5339">
    <p class='ocr_par' dir='ltr' id='par_1_100' title="bbox 468 5265 2060 5339">
     <span class='ocr_line' id='line_1_100' title="bbox 468 5265 2060 5339; baseline 0 -18"><span class='ocrx_word' id='word_1_738' title='bbox 468 5265 584 5322; x_wconf 92' lang='lat' dir='ltr'><strong>bitu</strong></span> <span class='ocrx_word' id='word_1_739' title='bbox 605 5277 658 5323; x_wconf 90' lang='lat' dir='ltr'><strong>et</strong></span> <span class='ocrx_word' id='word_1_740' title='bbox 682 5268 980 5339; x_wconf 88' lang='lat' dir='ltr'><strong>elegantior</strong></span> <span class='ocrx_word' id='word_1_741' title='bbox 999 5267 1056 5322; x_wconf 91' lang='lat' dir='ltr'><strong>in</strong></span> <span class='ocrx_word' id='word_1_742' title='bbox 1107 5267 1292 5333; x_wconf 89' lang='lat' dir='ltr'><strong>vultu,</strong></span> <span class='ocrx_word' id='word_1_743' title='bbox 1359 5267 1437 5322; x_wconf 90' lang='lat' dir='ltr'><strong>ita</strong></span> <span class='ocrx_word' id='word_1_744' title='bbox 1486 5267 1622 5324; x_wconf 90' lang='lat' dir='ltr'><strong>nihil</strong></span> <span class='ocrx_word' id='word_1_745' title='bbox 1665 5266 1769 5323; x_wconf 91' lang='lat' dir='ltr'><strong>sibi</strong></span> <span class='ocrx_word' id='word_1_746' title='bbox 1814 5266 1881 5322; x_wconf 92' lang='lat' dir='ltr'><strong>de</strong></span> <span class='ocrx_word' id='word_1_747' title='bbox 1908 5265 2060 5337; x_wconf 85' lang='lat' dir='ltr'><strong>regio</strong></span> 
     </span>
    </p>
   </div>
   <div class='ocr_carea' id='block_1_101' title="bbox 469 5357 1266 5428">
    <p class='ocr_par' dir='ltr' id='par_1_101' title="bbox 469 5357 1266 5428">
     <span class='ocr_line' id='line_1_101' title="bbox 469 5357 1266 5428; baseline 0 -17"><span class='ocrx_word' id='word_1_748' title='bbox 469 5366 690 5428; x_wconf 85' lang='lat' dir='ltr'><strong>sumptu</strong></span> <span class='ocrx_word' id='word_1_749' title='bbox 725 5357 940 5413; x_wconf 89' lang='lat' dir='ltr'><strong>deesset</strong></span> <span class='ocrx_word' id='word_1_750' title='bbox 975 5365 1072 5412; x_wconf 89' lang='lat' dir='ltr'><strong>aut</strong></span> <span class='ocrx_word' id='word_1_751' title='bbox 1097 5357 1266 5412; x_wconf 90' lang='lat' dir='ltr'><strong>cultu.</strong></span> 
     </span>
    </p>
   </div>
   <div class='ocr_carea' id='block_1_102' title="bbox 1083 5468 1443 5525">
    <p class='ocr_par' dir='ltr' id='par_1_102' title="bbox 1083 5468 1443 5525">
     <span class='ocr_line' id='line_1_102' title="bbox 1083 5468 1443 5525; baseline 0.006 -2"><span class='ocrx_word' id='word_1_752' title='bbox 1083 5468 1315 5524; x_wconf 73' lang='lat' dir='ltr'><strong>CAPUT</strong></span> <span class='ocrx_word' id='word_1_753' title='bbox 1354 5468 1443 5525; x_wconf 94' lang='lat' dir='ltr'><strong>III.</strong></span> 
     </span>
    </p>
   </div>
   <div class='ocr_carea' id='block_1_103' title="bbox 471 5561 2054 5618">
    <p class='ocr_par' dir='ltr' id='par_1_103' title="bbox 471 5561 2054 5618">
     <span class='ocr_line' id='line_1_103' title="bbox 471 5561 2054 5618; baseline -0.001 0"><span class='ocrx_word' id='word_1_754' title='bbox 471 5561 541 5618; x_wconf 84' lang='lat' dir='ltr'><strong>Ut</strong></span> <span class='ocrx_word' id='word_1_755' title='bbox 563 5562 824 5618; x_wconf 83' lang='lat' dir='ltr'><strong>Helenam</strong></span> <span class='ocrx_word' id='word_1_756' title='bbox 867 5564 1103 5618; x_wconf 83' lang='lat' dir='ltr'><strong>leaitimo</strong></span> <span class='ocrx_word' id='word_1_757' title='bbox 1139 5563 1240 5616; x_wconf 78' lang='lat' dir='ltr'><strong>sibi</strong></span> <span class='ocrx_word' id='word_1_758' title='bbox 1280 5563 1619 5618; x_wconf 86' lang='lat' dir='ltr'><strong>matrimonio</strong></span> <span class='ocrx_word' id='word_1_759' title='bbox 1660 5562 1880 5616; x_wconf 82' lang='lat' dir='ltr'><strong>sociarit</strong></span> <span class='ocrx_word' id='word_1_760' title='bbox 1912 5561 2054 5618; x_wconf 86' lang='lat' dir='ltr'><strong>Con-</strong></span> 
     </span>
    </p>
   </div>
   <div class='ocr_carea' id='block_1_104' title="bbox 534 5632 2055 5759">
    <p class='ocr_par' dir='ltr' id='par_1_104' title="bbox 534 5632 2055 5759">
     <span class='ocr_line' id='line_1_104' title="bbox 534 5632 2055 5758; baseline 0.001 -71"><span class='ocrx_word' id='word_1_761' title='bbox 534 5635 788 5758; x_wconf 50' lang='lat' dir='ltr'><strong>sfantius,</strong></span> <span class='ocrx_word' id='word_1_762' title='bbox 819 5645 867 5690; x_wconf 87' lang='lat' dir='ltr'><strong>et</strong></span> <span class='ocrx_word' id='word_1_763' title='bbox 894 5632 957 5690; x_wconf 79' lang='lat' dir='ltr'><strong>de</strong></span> <span class='ocrx_word' id='word_1_764' title='bbox 981 5650 1164 5689; x_wconf 86' lang='lat' dir='ltr'><strong>eorum</strong></span> <span class='ocrx_word' id='word_1_765' title='bbox 1201 5635 1318 5703; x_wconf 78' lang='lat' dir='ltr'><strong>ﬁlio</strong></span> <span class='ocrx_word' id='word_1_766' title='bbox 1349 5634 1696 5691; x_wconf 75' lang='lat' dir='ltr'><strong>Constantino</strong></span> <span class='ocrx_word' id='word_1_767' title='bbox 1726 5632 1936 5690; x_wconf 71' lang='lat' dir='ltr'><strong>Casare</strong></span> <span class='ocrx_word' id='word_1_768' title='bbox 1963 5634 2055 5688; x_wconf 87' lang='lat' dir='ltr'><strong>de-</strong></span> 
     </span>
     <span class='ocr_line' id='line_1_105' title="bbox 537 5715 762 5759; baseline 0.004 -1"><span class='ocrx_word' id='word_1_769' title='bbox 537 5721 564 5758; x_wconf 91' lang='lat' dir='ltr'><strong>c</strong></span> <span class='ocrx_word' id='word_1_770' title='bbox 589 5715 762 5759; x_wconf 85' lang='lat' dir='ltr'><strong>arato.</strong></span> 
     </span>
    </p>
   </div>
   <div class='ocr_carea' id='block_1_105' title="bbox 532 5815 2053 5898">
    <p class='ocr_par' dir='ltr' id='par_1_105' title="bbox 532 5815 2053 5898">
     <span class='ocr_line' id='line_1_106' title="bbox 532 5815 2053 5898; baseline 0.005 -24"><span class='ocrx_word' id='word_1_771' title='bbox 532 5815 823 5880; x_wconf 68' lang='lat' dir='ltr'><strong>theodora</strong></span> <span class='ocrx_word' id='word_1_772' title='bbox 879 5832 1091 5896; x_wconf 88' lang='lat' dir='ltr'><strong>autem,</strong></span> <span class='ocrx_word' id='word_1_773' title='bbox 1145 5823 1452 5887; x_wconf 77' lang='lat' dir='ltr'><strong>Constantii</strong></span> <span class='ocrx_word' id='word_1_774' title='bbox 1509 5840 1713 5898; x_wconf 76' lang='lat' dir='ltr'><strong>uxore,</strong></span> <span class='ocrx_word' id='word_1_775' title='bbox 1776 5823 2053 5896; x_wconf 82' lang='lat' dir='ltr'><strong>defuncta,</strong></span> 
     </span>
    </p>
   </div>
   <div class='ocr_carea' id='block_1_106' title="bbox 2163 4623 3740 4696">
    <p class='ocr_par' dir='ltr' id='par_1_106' title="bbox 2163 4623 3740 4696">
     <span class='ocr_line' id='line_1_107' title="bbox 2163 4623 3740 4696; baseline -0.001 -17"><span class='ocrx_word' id='word_1_776' title='bbox 2163 4633 2248 4681; x_wconf 91' lang='lat' dir='ltr'><strong>ret</strong></span> <span class='ocrx_word' id='word_1_777' title='bbox 2283 4633 2490 4696; x_wconf 90' lang='lat' dir='ltr'><strong>partem</strong></span> <span class='ocrx_word' id='word_1_778' title='bbox 2517 4640 2627 4696; x_wconf 91' lang='lat' dir='ltr'><strong>quo</strong></span> <span class='ocrx_word' id='word_1_779' title='bbox 2659 4624 2911 4682; x_wconf 88' lang='lat' dir='ltr'><strong>callidius</strong></span> <span class='ocrx_word' id='word_1_780' title='bbox 2939 4641 3030 4682; x_wconf 89' lang='lat' dir='ltr'><strong>ars</strong></span> <span class='ocrx_word' id='word_1_781' title='bbox 3055 4625 3335 4682; x_wconf 89' lang='lat' dir='ltr'><strong>deluderet</strong></span> <span class='ocrx_word' id='word_1_782' title='bbox 3367 4635 3572 4683; x_wconf 55' lang='lat' dir='ltr'><strong>artem;</strong></span> <span class='ocrx_word' id='word_1_783' title='bbox 3613 4623 3740 4679; x_wconf 83' lang='lat' dir='ltr'><strong>Inter</strong></span> 
     </span>
    </p>
   </div>
   <div class='ocr_carea' id='block_1_107' title="bbox 2165 4716 3738 4796">
    <p class='ocr_par' dir='ltr' id='par_1_107' title="bbox 2165 4716 3738 4796">
     <span class='ocr_line' id='line_1_108' title="bbox 2165 4716 3738 4796; baseline -0.001 -24"><span class='ocrx_word' id='word_1_784' title='bbox 2165 4716 2284 4772; x_wconf 84' lang='lat' dir='ltr'><strong>hac</strong></span> <span class='ocrx_word' id='word_1_785' title='bbox 2315 4727 2446 4772; x_wconf 85' lang='lat' dir='ltr'><strong>vero</strong></span> <span class='ocrx_word' id='word_1_786' title='bbox 2494 4717 2620 4772; x_wconf 90' lang='lat' dir='ltr'><strong>licet</strong></span> <span class='ocrx_word' id='word_1_787' title='bbox 2660 4718 3058 4773; x_wconf 86' lang='lat' dir='ltr'><strong>Constantinus</strong></span> <span class='ocrx_word' id='word_1_788' title='bbox 3097 4717 3152 4772; x_wconf 91' lang='lat' dir='ltr'><strong>in</strong></span> <span class='ocrx_word' id='word_1_789' title='bbox 3185 4719 3423 4788; x_wconf 85' lang='lat' dir='ltr'><strong>negotiis</strong></span> <span class='ocrx_word' id='word_1_790' title='bbox 3444 4718 3578 4796; x_wconf 86' lang='lat' dir='ltr'><strong>belli</strong></span> <span class='ocrx_word' id='word_1_791' title='bbox 3607 4717 3738 4771; x_wconf 76' lang='lat' dir='ltr'><strong>mira</strong></span> 
     </span>
    </p>
   </div>
   <div class='ocr_carea' id='block_1_108' title="bbox 2165 4808 3738 4880">
    <p class='ocr_par' dir='ltr' id='par_1_108' title="bbox 2165 4808 3738 4880">
     <span class='ocr_line' id='line_1_109' title="bbox 2165 4808 3738 4880; baseline -0.002 -15"><span class='ocrx_word' id='word_1_792' title='bbox 2165 4808 2308 4865; x_wconf 79' lang='lat' dir='ltr'><strong>foret</strong></span> <span class='ocrx_word' id='word_1_793' title='bbox 2358 4809 2671 4865; x_wconf 76' lang='lat' dir='ltr'><strong>calliditatis</strong></span> <span class='ocrx_word' id='word_1_794' title='bbox 2714 4818 2768 4864; x_wconf 89' lang='lat' dir='ltr'><strong>et</strong></span> <span class='ocrx_word' id='word_1_795' title='bbox 2815 4809 3151 4864; x_wconf 79' lang='lat' dir='ltr'><strong>admiranda</strong></span> <span class='ocrx_word' id='word_1_796' title='bbox 3201 4809 3570 4878; x_wconf 73' lang='lat' dir='ltr'><strong>fortitudinis,</strong></span> <span class='ocrx_word' id='word_1_797' title='bbox 3621 4820 3738 4880; x_wconf 78' lang='lat' dir='ltr'><strong>gens</strong></span> 
     </span>
    </p>
   </div>
   <div class='ocr_carea' id='block_1_109' title="bbox 2166 4899 3735 4964">
    <p class='ocr_par' dir='ltr' id='par_1_109' title="bbox 2166 4899 3735 4964">
     <span class='ocr_line' id='line_1_110' title="bbox 2166 4899 3735 4964; baseline -0.003 -8"><span class='ocrx_word' id='word_1_798' title='bbox 2166 4908 2349 4957; x_wconf 85' lang='lat' dir='ltr'><strong>tamen</strong></span> <span class='ocrx_word' id='word_1_799' title='bbox 2380 4899 2674 4956; x_wconf 85' lang='lat' dir='ltr'><strong>Britannia</strong></span> <span class='ocrx_word' id='word_1_800' title='bbox 2699 4910 2753 4956; x_wconf 91' lang='lat' dir='ltr'><strong>et</strong></span> <span class='ocrx_word' id='word_1_801' title='bbox 2776 4900 3084 4956; x_wconf 82' lang='lat' dir='ltr'><strong>Germania</strong></span> <span class='ocrx_word' id='word_1_802' title='bbox 3103 4900 3246 4957; x_wconf 78' lang='lat' dir='ltr'><strong>facta</strong></span> <span class='ocrx_word' id='word_1_803' title='bbox 3269 4911 3356 4957; x_wconf 91' lang='lat' dir='ltr'><strong>est</strong></span> <span class='ocrx_word' id='word_1_804' title='bbox 3383 4902 3437 4957; x_wconf 91' lang='lat' dir='ltr'><strong>ei</strong></span> <span class='ocrx_word' id='word_1_805' title='bbox 3467 4918 3571 4957; x_wconf 90' lang='lat' dir='ltr'><strong>uva</strong></span> <span class='ocrx_word' id='word_1_806' title='bbox 3594 4900 3735 4964; x_wconf 78' lang='lat' dir='ltr'><strong>fellis,</strong></span> 
     </span>
    </p>
   </div>
   <div class='ocr_carea' id='block_1_110' title="bbox 2167 4993 3737 5066">
    <p class='ocr_par' dir='ltr' id='par_1_110' title="bbox 2167 4993 3737 5066">
     <span class='ocr_line' id='line_1_111' title="bbox 2167 4993 3737 5066; baseline -0.003 -16"><span class='ocrx_word' id='word_1_807' title='bbox 2167 5002 2222 5050; x_wconf 88' lang='lat' dir='ltr'><strong>et</strong></span> <span class='ocrx_word' id='word_1_808' title='bbox 2245 4993 2439 5051; x_wconf 88' lang='lat' dir='ltr'><strong>bo‘trus</strong></span> <span class='ocrx_word' id='word_1_809' title='bbox 2465 4994 2866 5061; x_wconf 85' lang='lat' dir='ltr'><strong>amaritudinis,</strong></span> <span class='ocrx_word' id='word_1_810' title='bbox 2895 4994 3026 5049; x_wconf 88' lang='lat' dir='ltr'><strong>dum</strong></span> <span class='ocrx_word' id='word_1_811' title='bbox 3059 4994 3116 5048; x_wconf 92' lang='lat' dir='ltr'><strong>in</strong></span> <span class='ocrx_word' id='word_1_812' title='bbox 3159 4994 3241 5050; x_wconf 91' lang='lat' dir='ltr'><strong>eis</strong></span> <span class='ocrx_word' id='word_1_813' title='bbox 3284 5011 3380 5066; x_wconf 91' lang='lat' dir='ltr'><strong>per</strong></span> <span class='ocrx_word' id='word_1_814' title='bbox 3406 4993 3737 5066; x_wconf 87' lang='lat' dir='ltr'><strong>septennium</strong></span> 
     </span>
    </p>
   </div>
   <div class='ocr_carea' id='block_1_111' title="bbox 2169 5086 3739 5159">
    <p class='ocr_par' dir='ltr' id='par_1_111' title="bbox 2169 5086 3739 5159">
     <span class='ocr_line' id='line_1_112' title="bbox 2169 5086 3739 5159; baseline -0.003 -17"><span class='ocrx_word' id='word_1_815' title='bbox 2169 5094 2353 5144; x_wconf 88' lang='lat' dir='ltr'><strong>mo‘ras</strong></span> <span class='ocrx_word' id='word_1_816' title='bbox 2394 5088 2522 5143; x_wconf 88' lang='lat' dir='ltr'><strong>belli</strong></span> <span class='ocrx_word' id='word_1_817' title='bbox 2561 5087 2952 5154; x_wconf 89' lang='lat' dir='ltr'><strong>continuando,</strong></span> <span class='ocrx_word' id='word_1_818' title='bbox 2999 5087 3246 5145; x_wconf 89' lang='lat' dir='ltr'><strong>Romano</strong></span> <span class='ocrx_word' id='word_1_819' title='bbox 3274 5101 3372 5144; x_wconf 88' lang='lat' dir='ltr'><strong>eos</strong></span> <span class='ocrx_word' id='word_1_820' title='bbox 3399 5089 3634 5159; x_wconf 89' lang='lat' dir='ltr'><strong>imperio</strong></span> <span class='ocrx_word' id='word_1_821' title='bbox 3659 5086 3739 5140; x_wconf 64' lang='lat' dir='ltr'><strong>vis</strong></span> 
     </span>
    </p>
   </div>
   <div class='ocr_carea' id='block_1_112' title="bbox 2167 5179 3737 5254">
    <p class='ocr_par' dir='ltr' id='par_1_112' title="bbox 2167 5179 3737 5254">
     <span class='ocr_line' id='line_1_113' title="bbox 2167 5179 3737 5254; baseline -0.003 -16"><span class='ocrx_word' id='word_1_822' title='bbox 2167 5183 2401 5253; x_wconf 90' lang='lat' dir='ltr'><strong>septimo</strong></span> <span class='ocrx_word' id='word_1_823' title='bbox 2427 5182 2813 5254; x_wconf 87' lang='lat' dir='ltr'><strong>subjugaverat</strong></span> <span class='ocrx_word' id='word_1_824' title='bbox 2849 5197 3015 5236; x_wconf 90' lang='lat' dir='ltr'><strong>anno.</strong></span> <span class='ocrx_word' id='word_1_825' title='bbox 3062 5181 3154 5237; x_wconf 89' lang='lat' dir='ltr'><strong>Sic</strong></span> <span class='ocrx_word' id='word_1_826' title='bbox 3179 5182 3343 5254; x_wconf 87' lang='lat' dir='ltr'><strong>igitur</strong></span> <span class='ocrx_word' id='word_1_827' title='bbox 3367 5182 3587 5237; x_wconf 83' lang='lat' dir='ltr'><strong>devicta</strong></span> <span class='ocrx_word' id='word_1_828' title='bbox 3614 5179 3737 5235; x_wconf 88' lang='lat' dir='ltr'><strong>Ger-</strong></span> 
     </span>
    </p>
   </div>
   <div class='ocr_carea' id='block_1_113' title="bbox 2165 5274 3736 5341">
    <p class='ocr_par' dir='ltr' id='par_1_113' title="bbox 2165 5274 3736 5341">
     <span class='ocr_line' id='line_1_114' title="bbox 2165 5274 3736 5341; baseline -0.004 -11"><span class='ocrx_word' id='word_1_829' title='bbox 2165 5274 2350 5330; x_wconf 87' lang='lat' dir='ltr'><strong>mania</strong></span> <span class='ocrx_word' id='word_1_830' title='bbox 2384 5283 2439 5331; x_wconf 91' lang='lat' dir='ltr'><strong>et</strong></span> <span class='ocrx_word' id='word_1_831' title='bbox 2484 5275 2826 5341; x_wconf 87' lang='lat' dir='ltr'><strong>Alemannia,</strong></span> <span class='ocrx_word' id='word_1_832' title='bbox 2864 5275 3079 5329; x_wconf 82' lang='lat' dir='ltr'><strong>tandem</strong></span> <span class='ocrx_word' id='word_1_833' title='bbox 3107 5275 3282 5330; x_wconf 88' lang='lat' dir='ltr'><strong>victor</strong></span> <span class='ocrx_word' id='word_1_834' title='bbox 3307 5274 3562 5329; x_wconf 89' lang='lat' dir='ltr'><strong>omnium</strong></span> <span class='ocrx_word' id='word_1_835' title='bbox 3600 5285 3736 5328; x_wconf 88' lang='lat' dir='ltr'><strong>mor-</strong></span> 
     </span>
    </p>
   </div>
   <div class='ocr_carea' id='block_1_114' title="bbox 2116 5364 3735 5436">
    <p class='ocr_par' dir='ltr' id='par_1_114' title="bbox 2116 5364 3735 5436">
     <span class='ocr_line' id='line_1_115' title="bbox 2116 5364 3735 5436; baseline -0.004 -16"><span class='ocrx_word' id='word_1_836' title='bbox 2116 5392 2120 5397; x_wconf 82' lang='lat'><strong>~</strong></span> <span class='ocrx_word' id='word_1_837' title='bbox 2164 5374 2293 5422; x_wconf 91' lang='lat' dir='ltr'><strong>tuus</strong></span> <span class='ocrx_word' id='word_1_838' title='bbox 2331 5373 2387 5422; x_wconf 91' lang='lat' dir='ltr'><strong>et</strong></span> <span class='ocrx_word' id='word_1_839' title='bbox 2423 5365 2666 5436; x_wconf 88' lang='lat' dir='ltr'><strong>sepultus</strong></span> <span class='ocrx_word' id='word_1_840' title='bbox 2695 5373 2779 5420; x_wconf 91' lang='lat' dir='ltr'><strong>est</strong></span> <span class='ocrx_word' id='word_1_841' title='bbox 2817 5365 2870 5418; x_wconf 92' lang='lat' dir='ltr'><strong>in</strong></span> <span class='ocrx_word' id='word_1_842' title='bbox 2896 5365 3204 5433; x_wconf 83' lang='lat' dir='ltr'><strong>Britannia;</strong></span> <span class='ocrx_word' id='word_1_843' title='bbox 3253 5364 3543 5435; x_wconf 88' lang='lat' dir='ltr'><strong>ﬁliumque</strong></span> <span class='ocrx_word' id='word_1_844' title='bbox 3587 5373 3735 5418; x_wconf 86' lang='lat' dir='ltr'><strong>suum</strong></span> 
     </span>
    </p>
   </div>
   <div class='ocr_carea' id='block_1_115' title="bbox 2158 5455 3732 5529">
    <p class='ocr_par' dir='ltr' id='par_1_115' title="bbox 2158 5455 3732 5529">
     <span class='ocr_line' id='line_1_116' title="bbox 2158 5455 3732 5529; baseline -0.002 -17"><span class='ocrx_word' id='word_1_845' title='bbox 2158 5455 2576 5512; x_wconf 88' lang='lat' dir='ltr'><strong>Constantinum</strong></span> <span class='ocrx_word' id='word_1_846' title='bbox 2617 5459 2684 5512; x_wconf 85' lang='lat' dir='ltr'><strong>ad</strong></span> <span class='ocrx_word' id='word_1_847' title='bbox 2714 5457 3036 5512; x_wconf 76' lang='lat' dir='ltr'><strong>Romuleam</strong></span> <span class='ocrx_word' id='word_1_848' title='bbox 3084 5459 3326 5529; x_wconf 86' lang='lat' dir='ltr'><strong>dirigens</strong></span> <span class='ocrx_word' id='word_1_849' title='bbox 3371 5459 3585 5522; x_wconf 86' lang='lat' dir='ltr'><strong>sedem,</strong></span> <span class='ocrx_word' id='word_1_850' title='bbox 3631 5466 3732 5511; x_wconf 88' lang='lat' dir='ltr'><strong>tam</strong></span> 
     </span>
    </p>
   </div>
   <div class='ocr_carea' id='block_1_116' title="bbox 2159 5545 3729 5619">
    <p class='ocr_par' dir='ltr' id='par_1_116' title="bbox 2159 5545 3729 5619">
     <span class='ocr_line' id='line_1_117' title="bbox 2159 5545 3729 5619; baseline -0.001 -18"><span class='ocrx_word' id='word_1_851' title='bbox 2159 5545 2391 5603; x_wconf 86' lang='lat' dir='ltr'><strong>Romani</strong></span> <span class='ocrx_word' id='word_1_852' title='bbox 2424 5548 2637 5618; x_wconf 87' lang='lat' dir='ltr'><strong>imperii</strong></span> <span class='ocrx_word' id='word_1_853' title='bbox 2665 5565 2830 5618; x_wconf 89' lang='lat' dir='ltr'><strong>quam</strong></span> <span class='ocrx_word' id='word_1_854' title='bbox 2859 5547 3158 5603; x_wconf 85' lang='lat' dir='ltr'><strong>Galliarum</strong></span> <span class='ocrx_word' id='word_1_855' title='bbox 3193 5549 3414 5619; x_wconf 89' lang='lat' dir='ltr'><strong>reliquit</strong></span> <span class='ocrx_word' id='word_1_856' title='bbox 3444 5548 3729 5603; x_wconf 81' lang='lat' dir='ltr'><strong>baredem.</strong></span> 
     </span>
    </p>
   </div>
   <div class='ocr_carea' id='block_1_117' title="bbox 2155 5639 3735 5712">
    <p class='ocr_par' dir='ltr' id='par_1_117' title="bbox 2155 5639 3735 5712">
     <span class='ocr_line' id='line_1_118' title="bbox 2155 5639 3735 5712; baseline -0.003 -16"><span class='ocrx_word' id='word_1_857' title='bbox 2155 5639 2552 5696; x_wconf 87' lang='lat' dir='ltr'><strong>Constantinus</strong></span> <span class='ocrx_word' id='word_1_858' title='bbox 2583 5649 2786 5707; x_wconf 91' lang='lat' dir='ltr'><strong>autem,</strong></span> <span class='ocrx_word' id='word_1_859' title='bbox 2842 5649 3134 5710; x_wconf 85' lang='lat' dir='ltr'><strong>postquam</strong></span> <span class='ocrx_word' id='word_1_860' title='bbox 3184 5641 3238 5696; x_wconf 90' lang='lat' dir='ltr'><strong>in</strong></span> <span class='ocrx_word' id='word_1_861' title='bbox 3292 5640 3485 5696; x_wconf 87' lang='lat' dir='ltr'><strong>Galliis</strong></span> <span class='ocrx_word' id='word_1_862' title='bbox 3532 5642 3735 5712; x_wconf 81' lang='lat' dir='ltr'><strong>negotia</strong></span> 
     </span>
    </p>
   </div>
   <div class='ocr_carea' id='block_1_118' title="bbox 2156 5723 3733 5804">
    <p class='ocr_par' dir='ltr' id='par_1_118' title="bbox 2156 5723 3733 5804">
     <span class='ocr_line' id='line_1_119' title="bbox 2156 5723 3733 5804; baseline -0.003 -17"><span class='ocrx_word' id='word_1_863' title='bbox 2156 5732 2312 5804; x_wconf 86' lang='lat' dir='ltr'><strong>regni</strong></span> <span class='ocrx_word' id='word_1_864' title='bbox 2338 5732 2681 5804; x_wconf 88' lang='lat' dir='ltr'><strong>disponebat,</strong></span> <span class='ocrx_word' id='word_1_865' title='bbox 2721 5742 2782 5787; x_wconf 92' lang='lat' dir='ltr'><strong>ut</strong></span> <span class='ocrx_word' id='word_1_866' title='bbox 2810 5734 3003 5804; x_wconf 89' lang='lat' dir='ltr'><strong>potuit,</strong></span> <span class='ocrx_word' id='word_1_867' title='bbox 3037 5741 3099 5788; x_wconf 90' lang='lat' dir='ltr'><strong>ut</strong></span> <span class='ocrx_word' id='word_1_868' title='bbox 3134 5733 3319 5789; x_wconf 89' lang='lat' dir='ltr'><strong>statim</strong></span> <span class='ocrx_word' id='word_1_869' title='bbox 3345 5723 3604 5788; x_wconf 81' lang='lat' dir='ltr'><strong>reversus</strong></span> <span class='ocrx_word' id='word_1_870' title='bbox 3632 5730 3733 5784; x_wconf 90' lang='lat' dir='ltr'><strong>Ro-</strong></span> 
     </span>
    </p>
   </div>
   <div class='ocr_carea' id='block_1_119' title="bbox 2158 5824 3732 5924">
    <p class='ocr_par' dir='ltr' id='par_1_119' title="bbox 2158 5824 3732 5924">
     <span class='ocr_line' id='line_1_120' title="bbox 2158 5824 3732 5924; baseline -0.001 -42"><span class='ocrx_word' id='word_1_871' title='bbox 2158 5841 2328 5924; x_wconf 51' lang='lat' dir='ltr'><strong>mam,</strong></span> <span class='ocrx_word' id='word_1_872' title='bbox 2365 5824 2490 5898; x_wconf 87' lang='lat' dir='ltr'><strong>quis</strong></span> <span class='ocrx_word' id='word_1_873' title='bbox 2525 5827 2609 5883; x_wconf 81' lang='lat' dir='ltr'><strong>vel</strong></span> <span class='ocrx_word' id='word_1_874' title='bbox 2638 5827 2817 5899; x_wconf 87' lang='lat' dir='ltr'><strong>qualis</strong></span> <span class='ocrx_word' id='word_1_875' title='bbox 2853 5826 3073 5886; x_wconf 78' lang='lat' dir='ltr'><strong>futurus</strong></span> <span class='ocrx_word' id='word_1_876' title='bbox 3114 5835 3262 5888; x_wconf 88' lang='lat' dir='ltr'><strong>esset</strong></span> <span class='ocrx_word' id='word_1_877' title='bbox 3305 5827 3572 5899; x_wconf 91' lang='lat' dir='ltr'><strong>innotuit,</strong></span> <span class='ocrx_word' id='word_1_878' title='bbox 3612 5826 3732 5882; x_wconf 89' lang='lat' dir='ltr'><strong>dum</strong></span> 
     </span>
    </p>
   </div>
  </div>
