  <div class='ocr_page' id='page_1' title='image "/cluster/home/n/w/nwhite01/storage/ocr_20150623/160/hvd.32044015473846/486.png"; bbox 0 0 3960 6316; ppageno 0'>
   <div class='ocr_carea' id='block_1_1' title="bbox 1085 328 2568 400">
    <p class='ocr_par' dir='ltr' id='par_1_1' title="bbox 1085 328 2568 400">
     <span class='ocr_line' id='line_1_1' title="bbox 1085 328 2568 400; baseline -0.001 -2"><span class='ocrx_word' id='word_1_1' title='bbox 1085 342 1174 398; x_wconf 89' lang='lat' dir='ltr'><strong>DE</strong></span> <span class='ocrx_word' id='word_1_2' title='bbox 1205 341 1438 400; x_wconf 86' lang='lat' dir='ltr'><strong>LAUDE</strong></span> <span class='ocrx_word' id='word_1_3' title='bbox 1477 341 1565 399; x_wconf 87' lang='lat' dir='ltr'><strong>ET</strong></span> <span class='ocrx_word' id='word_1_4' title='bbox 1603 340 1740 398; x_wconf 85' lang='lat' dir='ltr'><strong>INV.</strong></span> <span class='ocrx_word' id='word_1_5' title='bbox 1786 339 1844 397; x_wconf 92' lang='lat' dir='ltr'><strong>S.</strong></span> <span class='ocrx_word' id='word_1_6' title='bbox 1885 337 2159 397; x_wconf 82' lang='lat' dir='ltr'><strong>CRUCIS.</strong></span> <span class='ocrx_word' id='word_1_7' title='bbox 2195 328 2269 381; x_wconf 46' lang='lat'><strong>#4</strong></span> <span class='ocrx_word' id='word_1_8' title='bbox 2308 339 2438 399; x_wconf 82' lang='lat' dir='ltr'><strong>LIB.</strong></span> <span class='ocrx_word' id='word_1_9' title='bbox 2479 337 2568 397; x_wconf 80' lang='lat' dir='ltr'><strong>ll].</strong></span> 
     </span>
    </p>
   </div>
   <div class='ocr_carea' id='block_1_2' title="bbox 3329 343 3435 401">
    <p class='ocr_par' dir='ltr' id='par_1_2' title="bbox 3329 343 3435 401">
     <span class='ocr_line' id='line_1_2' title="bbox 3329 343 3435 401; baseline 0 0"><span class='ocrx_word' id='word_1_10' title='bbox 3329 343 3435 401; x_wconf 84' lang='lat'><strong>970</strong></span> 
     </span>
    </p>
   </div>
   <div class='ocr_carea' id='block_1_3' title="bbox 145 455 3430 538">
    <p class='ocr_par' dir='ltr' id='par_1_3' title="bbox 145 455 3430 538">
     <span class='ocr_line' id='line_1_3' title="bbox 145 455 3430 538; baseline -0.001 -19"><span class='ocrx_word' id='word_1_11' title='bbox 145 481 262 538; x_wconf 80' lang='lat' dir='ltr'><strong>per</strong></span> <span class='ocrx_word' id='word_1_12' title='bbox 280 461 712 519; x_wconf 64' lang='lat' dir='ltr'><strong>inaestimabilem</strong></span> <span class='ocrx_word' id='word_1_13' title='bbox 745 459 979 533; x_wconf 76' lang='lat' dir='ltr'><strong>gratiam</strong></span> <span class='ocrx_word' id='word_1_14' title='bbox 1008 461 1246 517; x_wconf 90' lang='lat' dir='ltr'><strong>coelestis</strong></span> <span class='ocrx_word' id='word_1_15' title='bbox 1273 459 1601 527; x_wconf 88' lang='lat' dir='ltr'><strong>archisterii,</strong></span> <span class='ocrx_word' id='word_1_16' title='bbox 1622 467 1748 530; x_wconf 91' lang='lat' dir='ltr'><strong>post</strong></span> <span class='ocrx_word' id='word_1_17' title='bbox 1773 463 1825 522; x_wconf 71' lang='grc' dir='ltr'><strong>Α</strong></span> <span class='ocrx_word' id='word_1_18' title='bbox 1850 465 1906 514; x_wconf 92' lang='lat' dir='ltr'><strong>et</strong></span> <span class='ocrx_word' id='word_1_19' title='bbox 1933 457 2040 512; x_wconf 91' lang='lat' dir='ltr'><strong>alio</strong></span> <span class='ocrx_word' id='word_1_20' title='bbox 2077 457 2200 514; x_wconf 90' lang='lat' dir='ltr'><strong>iste.</strong></span> <span class='ocrx_word' id='word_1_21' title='bbox 2247 456 2488 513; x_wconf 86' lang='lat' dir='ltr'><strong>Herodes</strong></span> <span class='ocrx_word' id='word_1_22' title='bbox 2529 455 2729 512; x_wconf 91' lang='lat' dir='ltr'><strong>etenim</strong></span> <span class='ocrx_word' id='word_1_23' title='bbox 2768 471 2863 514; x_wconf 86' lang='lat' dir='ltr'><strong>rex</strong></span> <span class='ocrx_word' id='word_1_24' title='bbox 2904 457 3141 515; x_wconf 73' lang='lat' dir='ltr'><strong>scienter</strong></span> <span class='ocrx_word' id='word_1_25' title='bbox 3167 461 3430 530; x_wconf 82' lang='lat' dir='ltr'><strong>peccavit,</strong></span> 
     </span>
    </p>
   </div>
   <div class='ocr_carea' id='block_1_4' title="bbox 145 553 1744 628">
    <p class='ocr_par' dir='ltr' id='par_1_4' title="bbox 145 553 1744 628">
     <span class='ocr_line' id='line_1_4' title="bbox 145 553 1744 628; baseline -0.003 -16"><span class='ocrx_word' id='word_1_26' title='bbox 145 558 326 613; x_wconf 79' lang='lat' dir='ltr'><strong>breve</strong></span> <span class='ocrx_word' id='word_1_27' title='bbox 345 565 564 628; x_wconf 66' lang='lat' dir='ltr'><strong>temws</strong></span> <span class='ocrx_word' id='word_1_28' title='bbox 583 555 963 611; x_wconf 90' lang='lat' dir='ltr'><strong>monarchiam</strong></span> <span class='ocrx_word' id='word_1_29' title='bbox 990 554 1233 626; x_wconf 82' lang='lat' dir='ltr'><strong>suscepit</strong></span> <span class='ocrx_word' id='word_1_30' title='bbox 1253 553 1483 609; x_wconf 83' lang='lat' dir='ltr'><strong>Romani</strong></span> <span class='ocrx_word' id='word_1_31' title='bbox 1511 553 1744 624; x_wconf 88' lang='lat' dir='ltr'><strong>imperii.</strong></span> 
     </span>
    </p>
   </div>
   <div class='ocr_carea' id='block_1_5' title="bbox 150 646 1750 721">
    <p class='ocr_par' dir='ltr' id='par_1_5' title="bbox 150 646 1750 721">
     <span class='ocr_line' id='line_1_5' title="bbox 150 646 1750 721; baseline -0.003 -16"><span class='ocrx_word' id='word_1_32' title='bbox 150 649 272 706; x_wconf 85' lang='lat' dir='ltr'><strong>Sed</strong></span> <span class='ocrx_word' id='word_1_33' title='bbox 294 666 464 721; x_wconf 80' lang='lat' dir='ltr'><strong>quam</strong></span> <span class='ocrx_word' id='word_1_34' title='bbox 490 650 766 720; x_wconf 72' lang='lat' dir='ltr'><strong>sapienter</strong></span> <span class='ocrx_word' id='word_1_35' title='bbox 795 665 861 704; x_wconf 91' lang='lat' dir='ltr'><strong>ac</strong></span> <span class='ocrx_word' id='word_1_36' title='bbox 884 657 1106 705; x_wconf 84' lang='lat' dir='ltr'><strong>strenue</strong></span> <span class='ocrx_word' id='word_1_37' title='bbox 1134 648 1279 704; x_wconf 91' lang='lat' dir='ltr'><strong>idem</strong></span> <span class='ocrx_word' id='word_1_38' title='bbox 1307 647 1615 703; x_wconf 82' lang='lat' dir='ltr'><strong>Romanum</strong></span> <span class='ocrx_word' id='word_1_39' title='bbox 1646 646 1750 701; x_wconf 83' lang='lat' dir='ltr'><strong>im-</strong></span> 
     </span>
    </p>
   </div>
   <div class='ocr_carea' id='block_1_6' title="bbox 150 740 1751 814">
    <p class='ocr_par' dir='ltr' id='par_1_6' title="bbox 150 740 1751 814">
     <span class='ocr_line' id='line_1_6' title="bbox 150 740 1751 814; baseline 0 -18"><span class='ocrx_word' id='word_1_40' title='bbox 150 743 379 814; x_wconf 77' lang='lat' dir='ltr'><strong>perium</strong></span> <span class='ocrx_word' id='word_1_41' title='bbox 409 741 547 798; x_wconf 84' lang='lat' dir='ltr'><strong>rexit</strong></span> <span class='ocrx_word' id='word_1_42' title='bbox 580 740 805 813; x_wconf 86' lang='lat' dir='ltr'><strong>ubique,</strong></span> <span class='ocrx_word' id='word_1_43' title='bbox 838 757 1014 812; x_wconf 86' lang='lat' dir='ltr'><strong>usque</strong></span> <span class='ocrx_word' id='word_1_44' title='bbox 1039 741 1201 796; x_wconf 90' lang='lat' dir='ltr'><strong>hodie</strong></span> <span class='ocrx_word' id='word_1_45' title='bbox 1226 748 1495 797; x_wconf 77' lang='lat' dir='ltr'><strong>testantur</strong></span> <span class='ocrx_word' id='word_1_46' title='bbox 1522 740 1751 796; x_wconf 84' lang='lat' dir='ltr'><strong>virtutes</strong></span> 
     </span>
    </p>
   </div>
   <div class='ocr_carea' id='block_1_7' title="bbox 139 831 1749 904">
    <p class='ocr_par' dir='ltr' id='par_1_7' title="bbox 139 831 1749 904">
     <span class='ocr_line' id='line_1_7' title="bbox 139 831 1749 904; baseline -0.002 -15"><span class='ocrx_word' id='word_1_47' title='bbox 139 835 282 904; x_wconf 68' lang='lat' dir='ltr'><strong>q‘us</strong></span> <span class='ocrx_word' id='word_1_48' title='bbox 303 834 558 904; x_wconf 66' lang='lat' dir='ltr'><strong>antiquae,</strong></span> <span class='ocrx_word' id='word_1_49' title='bbox 590 842 817 904; x_wconf 82' lang='lat' dir='ltr'><strong>excepto</strong></span> <span class='ocrx_word' id='word_1_50' title='bbox 841 833 990 904; x_wconf 92' lang='lat' dir='ltr'><strong>quod</strong></span> <span class='ocrx_word' id='word_1_51' title='bbox 1014 833 1301 904; x_wconf 87' lang='lat' dir='ltr'><strong>multiplici</strong></span> <span class='ocrx_word' id='word_1_52' title='bbox 1332 832 1546 888; x_wconf 83' lang='lat' dir='ltr'><strong>cultura</strong></span> <span class='ocrx_word' id='word_1_53' title='bbox 1571 831 1749 888; x_wconf 88' lang='lat' dir='ltr'><strong>idolo-</strong></span> 
     </span>
    </p>
   </div>
   <div class='ocr_carea' id='block_1_8' title="bbox 143 924 1747 998">
    <p class='ocr_par' dir='ltr' id='par_1_8' title="bbox 143 924 1747 998">
     <span class='ocr_line' id='line_1_8' title="bbox 143 924 1747 998; baseline -0.001 -16"><span class='ocrx_word' id='word_1_54' title='bbox 143 942 286 982; x_wconf 83' lang='lat' dir='ltr'><strong>rum</strong></span> <span class='ocrx_word' id='word_1_55' title='bbox 325 927 383 982; x_wconf 90' lang='lat' dir='ltr'><strong>in</strong></span> <span class='ocrx_word' id='word_1_56' title='bbox 431 927 584 982; x_wconf 85' lang='lat' dir='ltr'><strong>brevi</strong></span> <span class='ocrx_word' id='word_1_57' title='bbox 622 925 801 982; x_wconf 90' lang='lat' dir='ltr'><strong>factus</strong></span> <span class='ocrx_word' id='word_1_58' title='bbox 823 935 908 983; x_wconf 90' lang='lat' dir='ltr'><strong>est</strong></span> <span class='ocrx_word' id='word_1_59' title='bbox 937 938 1254 998; x_wconf 87' lang='lat' dir='ltr'><strong>persecutor</strong></span> <span class='ocrx_word' id='word_1_60' title='bbox 1281 924 1747 982; x_wconf 90' lang='lat' dir='ltr'><strong>Christianorum.</strong></span> 
     </span>
    </p>
   </div>
   <div class='ocr_carea' id='block_1_9' title="bbox 141 1016 1750 1089">
    <p class='ocr_par' dir='ltr' id='par_1_9' title="bbox 141 1016 1750 1089">
     <span class='ocr_line' id='line_1_9' title="bbox 141 1016 1750 1089; baseline -0.001 -15"><span class='ocrx_word' id='word_1_61' title='bbox 141 1017 395 1074; x_wconf 75' lang='lat' dir='ltr'><strong>Proinde</strong></span> <span class='ocrx_word' id='word_1_62' title='bbox 419 1018 488 1073; x_wconf 91' lang='lat' dir='ltr'><strong>ad</strong></span> <span class='ocrx_word' id='word_1_63' title='bbox 512 1019 884 1074; x_wconf 79' lang='lat' dir='ltr'><strong>ulciscendam</strong></span> <span class='ocrx_word' id='word_1_64' title='bbox 916 1019 971 1073; x_wconf 91' lang='lat' dir='ltr'><strong>in</strong></span> <span class='ocrx_word' id='word_1_65' title='bbox 1002 1034 1069 1074; x_wconf 92' lang='lat' dir='ltr'><strong>eo</strong></span> <span class='ocrx_word' id='word_1_66' title='bbox 1093 1038 1095 1045; x_wconf 93' lang='grc'>·</span> <span class='ocrx_word' id='word_1_67' title='bbox 1115 1019 1331 1089; x_wconf 88' lang='lat' dir='ltr'><strong>culpam</strong></span> <span class='ocrx_word' id='word_1_68' title='bbox 1353 1016 1750 1089; x_wconf 87' lang='lat' dir='ltr'><strong>persecutionis</strong></span> 
     </span>
    </p>
   </div>
   <div class='ocr_carea' id='block_1_10' title="bbox 138 1109 1747 1183">
    <p class='ocr_par' dir='ltr' id='par_1_10' title="bbox 138 1109 1747 1183">
     <span class='ocr_line' id='line_1_10' title="bbox 138 1109 1747 1183; baseline -0.002 -15"><span class='ocrx_word' id='word_1_69' title='bbox 138 1111 363 1179; x_wconf 74' lang='lat' dir='ltr'><strong>nimiae,</strong></span> <span class='ocrx_word' id='word_1_70' title='bbox 395 1111 621 1168; x_wconf 86' lang='lat' dir='ltr'><strong>tradidit</strong></span> <span class='ocrx_word' id='word_1_71' title='bbox 649 1127 778 1167; x_wconf 90' lang='lat' dir='ltr'><strong>eum</strong></span> <span class='ocrx_word' id='word_1_72' title='bbox 809 1110 954 1168; x_wconf 89' lang='lat' dir='ltr'><strong>Deus</strong></span> <span class='ocrx_word' id='word_1_73' title='bbox 991 1111 1047 1166; x_wconf 90' lang='lat' dir='ltr'><strong>in</strong></span> <span class='ocrx_word' id='word_1_74' title='bbox 1091 1111 1377 1182; x_wconf 88' lang='lat' dir='ltr'><strong>passiones</strong></span> <span class='ocrx_word' id='word_1_75' title='bbox 1414 1109 1747 1183; x_wconf 77' lang='lat' dir='ltr'><strong>ignominiae,</strong></span> 
     </span>
    </p>
   </div>
   <div class='ocr_carea' id='block_1_11' title="bbox 135 1203 1752 1276">
    <p class='ocr_par' dir='ltr' id='par_1_11' title="bbox 135 1203 1752 1276">
     <span class='ocr_line' id='line_1_11' title="bbox 135 1203 1752 1276; baseline -0.001 -17"><span class='ocrx_word' id='word_1_76' title='bbox 135 1205 380 1276; x_wconf 75' lang='lat' dir='ltr'><strong>quando</strong></span> <span class='ocrx_word' id='word_1_77' title='bbox 408 1203 535 1260; x_wconf 89' lang='lat' dir='ltr'><strong>licet</strong></span> <span class='ocrx_word' id='word_1_78' title='bbox 553 1219 774 1276; x_wconf 78' lang='lat' dir='ltr'><strong>magnae</strong></span> <span class='ocrx_word' id='word_1_79' title='bbox 797 1204 1053 1274; x_wconf 83' lang='lat' dir='ltr'><strong>potentiae</strong></span> <span class='ocrx_word' id='word_1_80' title='bbox 1109 1212 1164 1259; x_wconf 94' lang='lat' dir='ltr'><strong>et</strong></span> <span class='ocrx_word' id='word_1_81' title='bbox 1198 1203 1422 1275; x_wconf 85' lang='lat' dir='ltr'><strong>majoris</strong></span> <span class='ocrx_word' id='word_1_82' title='bbox 1452 1212 1597 1258; x_wconf 91' lang='lat' dir='ltr'><strong>esset</strong></span> <span class='ocrx_word' id='word_1_83' title='bbox 1619 1217 1752 1258; x_wconf 91' lang='lat' dir='ltr'><strong>con-</strong></span> 
     </span>
    </p>
   </div>
   <div class='ocr_carea' id='block_1_12' title="bbox 143 1292 1751 1368">
    <p class='ocr_par' dir='ltr' id='par_1_12' title="bbox 143 1292 1751 1368">
     <span class='ocr_line' id='line_1_12' title="bbox 143 1292 1751 1368; baseline -0.004 -14"><span class='ocrx_word' id='word_1_84' title='bbox 143 1298 392 1364; x_wconf 66' lang='lat' dir='ltr'><strong>stantiae,</strong></span> <span class='ocrx_word' id='word_1_85' title='bbox 440 1296 592 1368; x_wconf 78' lang='lat' dir='ltr'><strong>lepra</strong></span> <span class='ocrx_word' id='word_1_86' title='bbox 623 1305 807 1354; x_wconf 89' lang='lat' dir='ltr'><strong>tamen</strong></span> <span class='ocrx_word' id='word_1_87' title='bbox 847 1311 974 1352; x_wconf 90' lang='lat' dir='ltr'><strong>eum</strong></span> <span class='ocrx_word' id='word_1_88' title='bbox 1013 1295 1286 1367; x_wconf 88' lang='lat' dir='ltr'><strong>percussit</strong></span> <span class='ocrx_word' id='word_1_89' title='bbox 1317 1294 1655 1366; x_wconf 85' lang='lat' dir='ltr'><strong>elephantiae.</strong></span> <span class='ocrx_word' id='word_1_90' title='bbox 1689 1292 1751 1348; x_wconf 87' lang='lat' dir='ltr'><strong>In</strong></span> 
     </span>
    </p>
   </div>
   <div class='ocr_carea' id='block_1_13' title="bbox 141 1386 1751 1461">
    <p class='ocr_par' dir='ltr' id='par_1_13' title="bbox 141 1386 1751 1461">
     <span class='ocr_line' id='line_1_13' title="bbox 141 1386 1751 1461; baseline -0.003 -16"><span class='ocrx_word' id='word_1_91' title='bbox 141 1404 266 1461; x_wconf 86' lang='lat' dir='ltr'><strong>quo</strong></span> <span class='ocrx_word' id='word_1_92' title='bbox 296 1387 550 1445; x_wconf 64' lang='lat' dir='ltr'><strong>videlicet</strong></span> <span class='ocrx_word' id='word_1_93' title='bbox 577 1387 724 1445; x_wconf 91' lang='lat' dir='ltr'><strong>facto</strong></span> <span class='ocrx_word' id='word_1_94' title='bbox 752 1388 883 1460; x_wconf 89' lang='lat' dir='ltr'><strong>quia</strong></span> <span class='ocrx_word' id='word_1_95' title='bbox 912 1387 1084 1443; x_wconf 91' lang='lat' dir='ltr'><strong>multa</strong></span> <span class='ocrx_word' id='word_1_96' title='bbox 1107 1396 1234 1444; x_wconf 90' lang='lat' dir='ltr'><strong>sunt</strong></span> <span class='ocrx_word' id='word_1_97' title='bbox 1261 1386 1471 1459; x_wconf 87' lang='lat' dir='ltr'><strong>ﬂagella</strong></span> <span class='ocrx_word' id='word_1_98' title='bbox 1493 1395 1751 1458; x_wconf 88' lang='lat' dir='ltr'><strong>peccato-</strong></span> 
     </span>
    </p>
   </div>
   <div class='ocr_carea' id='block_1_14' title="bbox 137 1479 1754 1550">
    <p class='ocr_par' dir='ltr' id='par_1_14' title="bbox 137 1479 1754 1550">
     <span class='ocr_line' id='line_1_14' title="bbox 137 1479 1754 1550; baseline -0.001 -14"><span class='ocrx_word' id='word_1_99' title='bbox 137 1481 250 1550; x_wconf 77' lang='lat' dir='ltr'><strong>ris,</strong></span> <span class='ocrx_word' id='word_1_100' title='bbox 278 1481 418 1538; x_wconf 79' lang='lat' dir='ltr'><strong>bene</strong></span> <span class='ocrx_word' id='word_1_101' title='bbox 461 1480 519 1536; x_wconf 89' lang='lat' dir='ltr'><strong>in</strong></span> <span class='ocrx_word' id='word_1_102' title='bbox 550 1496 616 1538; x_wconf 91' lang='lat' dir='ltr'><strong>eo</strong></span> <span class='ocrx_word' id='word_1_103' title='bbox 646 1481 822 1537; x_wconf 89' lang='lat' dir='ltr'><strong>virtus</strong></span> <span class='ocrx_word' id='word_1_104' title='bbox 869 1480 1169 1538; x_wconf 84' lang='lat' dir='ltr'><strong>declaravit</strong></span> <span class='ocrx_word' id='word_1_105' title='bbox 1228 1479 1508 1548; x_wconf 82' lang='lat' dir='ltr'><strong>Auctoris,</strong></span> <span class='ocrx_word' id='word_1_106' title='bbox 1563 1480 1639 1534; x_wconf 89' lang='lat' dir='ltr'><strong>ita</strong></span> <span class='ocrx_word' id='word_1_107' title='bbox 1691 1487 1754 1534; x_wconf 91' lang='lat' dir='ltr'><strong>ut</strong></span> 
     </span>
    </p>
   </div>
   <div class='ocr_carea' id='block_1_15' title="bbox 134 1573 1753 1646">
    <p class='ocr_par' dir='ltr' id='par_1_15' title="bbox 134 1573 1753 1646">
     <span class='ocr_line' id='line_1_15' title="bbox 134 1573 1753 1646; baseline -0.004 -15"><span class='ocrx_word' id='word_1_108' title='bbox 134 1573 537 1646; x_wconf 75' lang='lat' dir='ltr'><strong>propheticum</strong></span> <span class='ocrx_word' id='word_1_109' title='bbox 581 1573 716 1630; x_wconf 91' lang='lat' dir='ltr'><strong>illud</strong></span> <span class='ocrx_word' id='word_1_110' title='bbox 755 1573 918 1646; x_wconf 83' lang='lat' dir='ltr'><strong>digne</strong></span> <span class='ocrx_word' id='word_1_111' title='bbox 956 1573 1025 1628; x_wconf 91' lang='lat' dir='ltr'><strong>ab</strong></span> <span class='ocrx_word' id='word_1_112' title='bbox 1072 1586 1138 1627; x_wconf 87' lang='lat' dir='ltr'><strong>eo</strong></span> <span class='ocrx_word' id='word_1_113' title='bbox 1183 1580 1372 1642; x_wconf 87' lang='lat' dir='ltr'><strong>posset</strong></span> <span class='ocrx_word' id='word_1_114' title='bbox 1416 1584 1753 1625; x_wconf 89' lang='lat' dir='ltr'><strong>commemo-</strong></span> 
     </span>
    </p>
   </div>
   <div class='ocr_carea' id='block_1_16' title="bbox 133 1663 1751 1739">
    <p class='ocr_par' dir='ltr' id='par_1_16' title="bbox 133 1663 1751 1739">
     <span class='ocr_line' id='line_1_16' title="bbox 133 1663 1751 1739; baseline -0.004 -15"><span class='ocrx_word' id='word_1_115' title='bbox 133 1667 300 1736; x_wconf 71' lang='lat' dir='ltr'><strong>uri;</strong></span> <span class='ocrx_word' id='word_1_116' title='bbox 334 1667 700 1739; x_wconf 83' lang='lat' dir='ltr'><strong>Multiplicata</strong></span> <span class='ocrx_word' id='word_1_117' title='bbox 725 1676 848 1723; x_wconf 83' lang='lat' dir='ltr'><strong>sunt</strong></span> <span class='ocrx_word' id='word_1_118' title='bbox 878 1683 1035 1738; x_wconf 84' lang='lat' dir='ltr'><strong>super</strong></span> <span class='ocrx_word' id='word_1_119' title='bbox 1059 1682 1139 1720; x_wconf 89' lang='lat' dir='ltr'><strong>me</strong></span> <span class='ocrx_word' id='word_1_120' title='bbox 1162 1663 1398 1736; x_wconf 82' lang='lat' dir='ltr'><strong>ﬂagella,</strong></span> <span class='ocrx_word' id='word_1_121' title='bbox 1439 1672 1488 1720; x_wconf 90' lang='lat' dir='ltr'><strong>et</strong></span> <span class='ocrx_word' id='word_1_122' title='bbox 1509 1664 1751 1736; x_wconf 79' lang='lat' dir='ltr'><strong>ignoravi</strong></span> 
     </span>
    </p>
   </div>
   <div class='ocr_carea' id='block_1_17' title="bbox 134 1758 1751 1834">
    <p class='ocr_par' dir='ltr' id='par_1_17' title="bbox 134 1758 1751 1834">
     <span class='ocr_line' id='line_1_17' title="bbox 134 1758 1751 1834; baseline -0.004 -17"><span class='ocrx_word' id='word_1_123' title='bbox 134 1761 275 1832; x_wconf 78' lang='lat' dir='ltr'><strong>(Ps.</strong></span> <span class='ocrx_word' id='word_1_124' title='bbox 311 1761 523 1833; x_wconf 67' lang='lat' dir='ltr'><strong>xxxiv).</strong></span> <span class='ocrx_word' id='word_1_125' title='bbox 551 1761 706 1819; x_wconf 90' lang='lat' dir='ltr'><strong>Licet</strong></span> <span class='ocrx_word' id='word_1_126' title='bbox 743 1763 890 1819; x_wconf 90' lang='lat' dir='ltr'><strong>enim</strong></span> <span class='ocrx_word' id='word_1_127' title='bbox 922 1776 1021 1832; x_wconf 91' lang='lat' dir='ltr'><strong>pro</strong></span> <span class='ocrx_word' id='word_1_128' title='bbox 1046 1760 1280 1834; x_wconf 87' lang='lat' dir='ltr'><strong>diversis</strong></span> <span class='ocrx_word' id='word_1_129' title='bbox 1303 1759 1589 1815; x_wconf 75' lang='lat' dir='ltr'><strong>medicinae</strong></span> <span class='ocrx_word' id='word_1_130' title='bbox 1613 1758 1751 1813; x_wconf 85' lang='lat' dir='ltr'><strong>arti-</strong></span> 
     </span>
    </p>
   </div>
   <div class='ocr_carea' id='block_1_18' title="bbox 1848 547 3434 624">
    <p class='ocr_par' dir='ltr' id='par_1_18' title="bbox 1848 547 3434 624">
     <span class='ocr_line' id='line_1_18' title="bbox 1848 547 3434 624; baseline 0.003 -18"><span class='ocrx_word' id='word_1_131' title='bbox 1848 549 1980 606; x_wconf 90' lang='lat' dir='ltr'><strong>dum</strong></span> <span class='ocrx_word' id='word_1_132' title='bbox 2035 550 2091 605; x_wconf 92' lang='lat' dir='ltr'><strong>in</strong></span> <span class='ocrx_word' id='word_1_133' title='bbox 2141 557 2377 605; x_wconf 90' lang='lat' dir='ltr'><strong>mortem</strong></span> <span class='ocrx_word' id='word_1_134' title='bbox 2425 547 2741 624; x_wconf 41' lang='lat' dir='ltr'><strong>Salvatoris.</strong></span> <span class='ocrx_word' id='word_1_135' title='bbox 2786 550 3027 621; x_wconf 90' lang='lat' dir='ltr'><strong>seipsum</strong></span> <span class='ocrx_word' id='word_1_136' title='bbox 3089 551 3434 621; x_wconf 85' lang='lat' dir='ltr'><strong>impudenter</strong></span> 
     </span>
    </p>
   </div>
   <div class='ocr_carea' id='block_1_19' title="bbox 1849 639 3433 714">
    <p class='ocr_par' dir='ltr' id='par_1_19' title="bbox 1849 639 3433 714">
     <span class='ocr_line' id='line_1_19' title="bbox 1849 639 3433 714; baseline 0.003 -19"><span class='ocrx_word' id='word_1_137' title='bbox 1849 640 2070 696; x_wconf 91' lang='lat' dir='ltr'><strong>amavit.</strong></span> <span class='ocrx_word' id='word_1_138' title='bbox 2091 639 2487 696; x_wconf 89' lang='lat' dir='ltr'><strong>Constantinus</strong></span> <span class='ocrx_word' id='word_1_139' title='bbox 2510 648 2693 695; x_wconf 88' lang='lat' dir='ltr'><strong>autem</strong></span> <span class='ocrx_word' id='word_1_140' title='bbox 2728 655 2759 695; x_wconf 91' lang='lat' dir='ltr'><strong>e</strong></span> <span class='ocrx_word' id='word_1_141' title='bbox 2789 649 2980 696; x_wconf 89' lang='lat' dir='ltr'><strong>contra</strong></span> <span class='ocrx_word' id='word_1_142' title='bbox 3003 641 3321 714; x_wconf 89' lang='lat' dir='ltr'><strong>ignoranter</strong></span> <span class='ocrx_word' id='word_1_143' title='bbox 3344 659 3433 699; x_wconf 83' lang='lat' dir='ltr'><strong>cr-</strong></span> 
     </span>
    </p>
   </div>
   <div class='ocr_carea' id='block_1_20' title="bbox 1848 733 3436 805">
    <p class='ocr_par' dir='ltr' id='par_1_20' title="bbox 1848 733 3436 805">
     <span class='ocr_line' id='line_1_20' title="bbox 1848 733 3436 805; baseline 0.003 -16"><span class='ocrx_word' id='word_1_144' title='bbox 1848 734 2009 801; x_wconf 90' lang='lat' dir='ltr'><strong>ravit,</strong></span> <span class='ocrx_word' id='word_1_145' title='bbox 2041 733 2170 789; x_wconf 90' lang='lat' dir='ltr'><strong>dum</strong></span> <span class='ocrx_word' id='word_1_146' title='bbox 2220 748 2321 805; x_wconf 91' lang='lat' dir='ltr'><strong>pro</strong></span> <span class='ocrx_word' id='word_1_147' title='bbox 2366 734 2532 790; x_wconf 87' lang='lat' dir='ltr'><strong>unius</strong></span> <span class='ocrx_word' id='word_1_148' title='bbox 2558 733 2800 789; x_wconf 86' lang='lat' dir='ltr'><strong>hominis</strong></span> <span class='ocrx_word' id='word_1_149' title='bbox 2819 733 2931 790; x_wconf 90' lang='lat' dir='ltr'><strong>vita</strong></span> <span class='ocrx_word' id='word_1_150' title='bbox 2975 735 3031 789; x_wconf 90' lang='lat' dir='ltr'><strong>in</strong></span> <span class='ocrx_word' id='word_1_151' title='bbox 3061 742 3139 791; x_wconf 91' lang='lat' dir='ltr'><strong>tot</strong></span> <span class='ocrx_word' id='word_1_152' title='bbox 3185 735 3436 794; x_wconf 91' lang='lat' dir='ltr'><strong>homines</strong></span> 
     </span>
    </p>
   </div>
   <div class='ocr_carea' id='block_1_21' title="bbox 1849 823 3438 898">
    <p class='ocr_par' dir='ltr' id='par_1_21' title="bbox 1849 823 3438 898">
     <span class='ocr_line' id='line_1_21' title="bbox 1849 823 3438 898; baseline 0.001 -17"><span class='ocrx_word' id='word_1_153' title='bbox 1849 825 2046 882; x_wconf 90' lang='lat' dir='ltr'><strong>mortis</strong></span> <span class='ocrx_word' id='word_1_154' title='bbox 2101 825 2427 882; x_wconf 89' lang='lat' dir='ltr'><strong>sententiam</strong></span> <span class='ocrx_word' id='word_1_155' title='bbox 2477 825 2721 882; x_wconf 88' lang='lat' dir='ltr'><strong>dictavit.</strong></span> <span class='ocrx_word' id='word_1_156' title='bbox 2782 823 3024 884; x_wconf 89' lang='lat' dir='ltr'><strong>Herodes</strong></span> <span class='ocrx_word' id='word_1_157' title='bbox 3048 868 3064 894; x_wconf 94' lang='lat'><strong>,</strong></span> <span class='ocrx_word' id='word_1_158' title='bbox 3117 829 3438 898; x_wconf 87' lang='lat' dir='ltr'><strong>sempiterni</strong></span> 
     </span>
    </p>
   </div>
   <div class='ocr_carea' id='block_1_22' title="bbox 1850 914 3436 988">
    <p class='ocr_par' dir='ltr' id='par_1_22' title="bbox 1850 914 3436 988">
     <span class='ocr_line' id='line_1_22' title="bbox 1850 914 3436 988; baseline 0.001 -18"><span class='ocrx_word' id='word_1_159' title='bbox 1850 914 2016 988; x_wconf 79' lang='lat' dir='ltr'><strong>Regis</strong></span> <span class='ocrx_word' id='word_1_160' title='bbox 2039 923 2221 972; x_wconf 90' lang='lat' dir='ltr'><strong>ortum</strong></span> <span class='ocrx_word' id='word_1_161' title='bbox 2249 916 2472 973; x_wconf 82' lang='lat' dir='ltr'><strong>molitus</strong></span> <span class='ocrx_word' id='word_1_162' title='bbox 2493 916 2862 988; x_wconf 81' lang='lat' dir='ltr'><strong>exstinguere,</strong></span> <span class='ocrx_word' id='word_1_163' title='bbox 2887 915 2945 970; x_wconf 90' lang='lat' dir='ltr'><strong>in</strong></span> <span class='ocrx_word' id='word_1_164' title='bbox 2966 915 3207 973; x_wconf 88' lang='lat' dir='ltr'><strong>cervices</strong></span> <span class='ocrx_word' id='word_1_165' title='bbox 3232 917 3436 974; x_wconf 86' lang='lat' dir='ltr'><strong>lacten-</strong></span> 
     </span>
    </p>
   </div>
   <div class='ocr_carea' id='block_1_23' title="bbox 1851 1007 3441 1081">
    <p class='ocr_par' dir='ltr' id='par_1_23' title="bbox 1851 1007 3441 1081">
     <span class='ocr_line' id='line_1_23' title="bbox 1851 1007 3441 1081; baseline 0.002 -19"><span class='ocrx_word' id='word_1_166' title='bbox 1851 1007 1988 1064; x_wconf 90' lang='lat' dir='ltr'><strong>tium</strong></span> <span class='ocrx_word' id='word_1_167' title='bbox 2023 1008 2261 1081; x_wconf 86' lang='lat' dir='ltr'><strong>gladium</strong></span> <span class='ocrx_word' id='word_1_168' title='bbox 2295 1022 2459 1064; x_wconf 90' lang='lat' dir='ltr'><strong>suum</strong></span> <span class='ocrx_word' id='word_1_169' title='bbox 2488 1007 2694 1064; x_wconf 86' lang='lat' dir='ltr'><strong>arctius</strong></span> <span class='ocrx_word' id='word_1_170' title='bbox 2732 1007 2941 1063; x_wconf 89' lang='lat' dir='ltr'><strong>solebat</strong></span> <span class='ocrx_word' id='word_1_171' title='bbox 2964 1009 3303 1064; x_wconf 89' lang='lat' dir='ltr'><strong>cruentando</strong></span> <span class='ocrx_word' id='word_1_172' title='bbox 3325 1009 3441 1065; x_wconf 88' lang='lat' dir='ltr'><strong>dis-</strong></span> 
     </span>
    </p>
   </div>
   <div class='ocr_carea' id='block_1_24' title="bbox 1851 1097 3438 1171">
    <p class='ocr_par' dir='ltr' id='par_1_24' title="bbox 1851 1097 3438 1171">
     <span class='ocr_line' id='line_1_24' title="bbox 1851 1097 3438 1171; baseline 0.002 -16"><span class='ocrx_word' id='word_1_173' title='bbox 1851 1099 2114 1171; x_wconf 87' lang='lat' dir='ltr'><strong>tringere;</strong></span> <span class='ocrx_word' id='word_1_174' title='bbox 2153 1097 2549 1155; x_wconf 84' lang='lat' dir='ltr'><strong>Constantinus</strong></span> <span class='ocrx_word' id='word_1_175' title='bbox 2578 1114 2728 1167; x_wconf 90' lang='lat' dir='ltr'><strong>vero,</strong></span> <span class='ocrx_word' id='word_1_176' title='bbox 2755 1099 3030 1155; x_wconf 89' lang='lat' dir='ltr'><strong>mitiorem</strong></span> <span class='ocrx_word' id='word_1_177' title='bbox 3057 1115 3114 1156; x_wconf 93' lang='lat' dir='ltr'><strong>se</strong></span> <span class='ocrx_word' id='word_1_178' title='bbox 3140 1100 3220 1155; x_wconf 90' lang='lat' dir='ltr'><strong>illi</strong></span> <span class='ocrx_word' id='word_1_179' title='bbox 3246 1100 3438 1158; x_wconf 83' lang='lat' dir='ltr'><strong>volens</strong></span> 
     </span>
    </p>
   </div>
   <div class='ocr_carea' id='block_1_25' title="bbox 1851 1190 3435 1259">
    <p class='ocr_par' dir='ltr' id='par_1_25' title="bbox 1851 1190 3435 1259">
     <span class='ocr_line' id='line_1_25' title="bbox 1851 1190 3435 1259; baseline 0.001 -12"><span class='ocrx_word' id='word_1_180' title='bbox 1851 1190 2160 1259; x_wconf 90' lang='lat' dir='ltr'><strong>ostendere,</strong></span> <span class='ocrx_word' id='word_1_181' title='bbox 2191 1194 2515 1247; x_wconf 87' lang='lat' dir='ltr'><strong>mucronem</strong></span> <span class='ocrx_word' id='word_1_182' title='bbox 2541 1207 2704 1247; x_wconf 90' lang='lat' dir='ltr'><strong>suum</strong></span> <span class='ocrx_word' id='word_1_183' title='bbox 2741 1207 2772 1246; x_wconf 88' lang='lat' dir='ltr'><strong>a</strong></span> <span class='ocrx_word' id='word_1_184' title='bbox 2802 1191 3110 1249; x_wconf 89' lang='lat' dir='ltr'><strong>cervicibus</strong></span> <span class='ocrx_word' id='word_1_185' title='bbox 3139 1191 3435 1248; x_wconf 89' lang='lat' dir='ltr'><strong>infantium</strong></span> 
     </span>
    </p>
   </div>
   <div class='ocr_carea' id='block_1_26' title="bbox 1850 1282 3443 1355">
    <p class='ocr_par' dir='ltr' id='par_1_26' title="bbox 1850 1282 3443 1355">
     <span class='ocr_line' id='line_1_26' title="bbox 1850 1282 3443 1355; baseline 0.002 -17"><span class='ocrx_word' id='word_1_186' title='bbox 1850 1282 1940 1354; x_wconf 90' lang='lat' dir='ltr'><strong>pia</strong></span> <span class='ocrx_word' id='word_1_187' title='bbox 1964 1284 2127 1355; x_wconf 87' lang='lat' dir='ltr'><strong>coepit</strong></span> <span class='ocrx_word' id='word_1_188' title='bbox 2151 1282 2440 1340; x_wconf 90' lang='lat' dir='ltr'><strong>devotione</strong></span> <span class='ocrx_word' id='word_1_189' title='bbox 2464 1284 2819 1355; x_wconf 90' lang='lat' dir='ltr'><strong>suspendere.</strong></span> <span class='ocrx_word' id='word_1_190' title='bbox 2850 1282 3092 1341; x_wconf 87' lang='lat' dir='ltr'><strong>Herodes</strong></span> <span class='ocrx_word' id='word_1_191' title='bbox 3131 1285 3296 1341; x_wconf 90' lang='lat' dir='ltr'><strong>saluti</strong></span> <span class='ocrx_word' id='word_1_192' title='bbox 3324 1300 3443 1341; x_wconf 78' lang='lat' dir='ltr'><strong>suae</strong></span> 
     </span>
    </p>
   </div>
   <div class='ocr_carea' id='block_1_27' title="bbox 1851 1374 3440 1446">
    <p class='ocr_par' dir='ltr' id='par_1_27' title="bbox 1851 1374 3440 1446">
     <span class='ocr_line' id='line_1_27' title="bbox 1851 1374 3440 1446; baseline 0 -16"><span class='ocrx_word' id='word_1_193' title='bbox 1851 1375 1994 1430; x_wconf 89' lang='lat' dir='ltr'><strong>male</strong></span> <span class='ocrx_word' id='word_1_194' title='bbox 2020 1376 2294 1432; x_wconf 91' lang='lat' dir='ltr'><strong>consuluit</strong></span> <span class='ocrx_word' id='word_1_195' title='bbox 2315 1384 2368 1431; x_wconf 91' lang='lat' dir='ltr'><strong>et</strong></span> <span class='ocrx_word' id='word_1_196' title='bbox 2388 1375 2532 1430; x_wconf 91' lang='lat' dir='ltr'><strong>male</strong></span> <span class='ocrx_word' id='word_1_197' title='bbox 2568 1374 2826 1446; x_wconf 89' lang='lat' dir='ltr'><strong>providit,</strong></span> <span class='ocrx_word' id='word_1_198' title='bbox 2859 1375 2990 1430; x_wconf 91' lang='lat' dir='ltr'><strong>dum</strong></span> <span class='ocrx_word' id='word_1_199' title='bbox 3016 1390 3117 1446; x_wconf 89' lang='lat' dir='ltr'><strong>pro</strong></span> <span class='ocrx_word' id='word_1_200' title='bbox 3147 1375 3440 1432; x_wconf 87' lang='lat' dir='ltr'><strong>occasione</strong></span> 
     </span>
    </p>
   </div>
   <div class='ocr_carea' id='block_1_28' title="bbox 1851 1467 3441 1539">
    <p class='ocr_par' dir='ltr' id='par_1_28' title="bbox 1851 1467 3441 1539">
     <span class='ocr_line' id='line_1_28' title="bbox 1851 1467 3441 1539; baseline 0 -15"><span class='ocrx_word' id='word_1_201' title='bbox 1851 1468 2016 1525; x_wconf 90' lang='lat' dir='ltr'><strong>unius</strong></span> <span class='ocrx_word' id='word_1_202' title='bbox 2064 1469 2218 1539; x_wconf 89' lang='lat' dir='ltr'><strong>pueri</strong></span> <span class='ocrx_word' id='word_1_203' title='bbox 2267 1469 2472 1525; x_wconf 91' lang='lat' dir='ltr'><strong>multos</strong></span> <span class='ocrx_word' id='word_1_204' title='bbox 2515 1482 2718 1539; x_wconf 88' lang='lat' dir='ltr'><strong>pueros</strong></span> <span class='ocrx_word' id='word_1_205' title='bbox 2761 1467 2981 1535; x_wconf 83' lang='lat' dir='ltr'><strong>occidit,</strong></span> <span class='ocrx_word' id='word_1_206' title='bbox 3043 1467 3441 1524; x_wconf 88' lang='lat' dir='ltr'><strong>Constantinus</strong></span> 
     </span>
    </p>
   </div>
   <div class='ocr_carea' id='block_1_29' title="bbox 1851 1557 3442 1628">
    <p class='ocr_par' dir='ltr' id='par_1_29' title="bbox 1851 1557 3442 1628">
     <span class='ocr_line' id='line_1_29' title="bbox 1851 1557 3442 1628; baseline 0.001 -17"><span class='ocrx_word' id='word_1_207' title='bbox 1851 1573 1980 1612; x_wconf 92' lang='lat' dir='ltr'><strong>vero</strong></span> <span class='ocrx_word' id='word_1_208' title='bbox 2003 1557 2161 1613; x_wconf 90' lang='lat' dir='ltr'><strong>saluti</strong></span> <span class='ocrx_word' id='word_1_209' title='bbox 2187 1573 2301 1614; x_wconf 88' lang='lat' dir='ltr'><strong>suae</strong></span> <span class='ocrx_word' id='word_1_210' title='bbox 2321 1557 2492 1613; x_wconf 91' lang='lat' dir='ltr'><strong>multo</strong></span> <span class='ocrx_word' id='word_1_211' title='bbox 2521 1557 2719 1613; x_wconf 88' lang='lat' dir='ltr'><strong>melius</strong></span> <span class='ocrx_word' id='word_1_212' title='bbox 2746 1557 3030 1628; x_wconf 89' lang='lat' dir='ltr'><strong>providere</strong></span> <span class='ocrx_word' id='word_1_213' title='bbox 3055 1557 3283 1624; x_wconf 86' lang='lat' dir='ltr'><strong>solebat,</strong></span> <span class='ocrx_word' id='word_1_214' title='bbox 3309 1559 3442 1613; x_wconf 90' lang='lat' dir='ltr'><strong>dum</strong></span> 
     </span>
    </p>
   </div>
   <div class='ocr_carea' id='block_1_30' title="bbox 1852 1648 3440 1720">
    <p class='ocr_par' dir='ltr' id='par_1_30' title="bbox 1852 1648 3440 1720">
     <span class='ocr_line' id='line_1_30' title="bbox 1852 1648 3440 1720; baseline 0 -15"><span class='ocrx_word' id='word_1_215' title='bbox 1852 1649 2216 1720; x_wconf 89' lang='lat' dir='ltr'><strong>plurimorum</strong></span> <span class='ocrx_word' id='word_1_216' title='bbox 2245 1651 2409 1707; x_wconf 90' lang='lat' dir='ltr'><strong>saluti</strong></span> <span class='ocrx_word' id='word_1_217' title='bbox 2437 1649 2670 1706; x_wconf 88' lang='lat' dir='ltr'><strong>salutem</strong></span> <span class='ocrx_word' id='word_1_218' title='bbox 2716 1650 2882 1704; x_wconf 88' lang='lat' dir='ltr'><strong>unius</strong></span> <span class='ocrx_word' id='word_1_219' title='bbox 2916 1648 3172 1720; x_wconf 70' lang='lat' dir='ltr'><strong>praeferre</strong></span> <span class='ocrx_word' id='word_1_220' title='bbox 3199 1650 3440 1705; x_wconf 87' lang='lat' dir='ltr'><strong>nolebat.</strong></span> 
     </span>
    </p>
   </div>
   <div class='ocr_carea' id='block_1_31' title="bbox 1854 1741 3438 1815">
    <p class='ocr_par' dir='ltr' id='par_1_31' title="bbox 1854 1741 3438 1815">
     <span class='ocr_line' id='line_1_31' title="bbox 1854 1741 3438 1815; baseline 0.001 -19"><span class='ocrx_word' id='word_1_221' title='bbox 1854 1741 2097 1798; x_wconf 85' lang='lat' dir='ltr'><strong>Herodes</strong></span> <span class='ocrx_word' id='word_1_222' title='bbox 2137 1743 2322 1811; x_wconf 90' lang='lat' dir='ltr'><strong>etiam,</strong></span> <span class='ocrx_word' id='word_1_223' title='bbox 2371 1743 2562 1799; x_wconf 90' lang='lat' dir='ltr'><strong>videns</strong></span> <span class='ocrx_word' id='word_1_224' title='bbox 2589 1743 2720 1814; x_wconf 87' lang='lat' dir='ltr'><strong>quia</strong></span> <span class='ocrx_word' id='word_1_225' title='bbox 2751 1742 2948 1798; x_wconf 88' lang='lat' dir='ltr'><strong>illusus</strong></span> <span class='ocrx_word' id='word_1_226' title='bbox 2981 1751 3127 1800; x_wconf 91' lang='lat' dir='ltr'><strong>esset</strong></span> <span class='ocrx_word' id='word_1_227' title='bbox 3165 1758 3196 1798; x_wconf 92' lang='lat' dir='ltr'><strong>a</strong></span> <span class='ocrx_word' id='word_1_228' title='bbox 3241 1743 3438 1815; x_wconf 85' lang='lat' dir='ltr'><strong>magis,</strong></span> 
     </span>
    </p>
   </div>
   <div class='ocr_carea' id='block_1_32' title="bbox 133 1835 1750 1924">
    <p class='ocr_par' dir='ltr' id='par_1_32' title="bbox 133 1852 1744 1924">
     <span class='ocr_line' id='line_1_32' title="bbox 133 1852 1744 1924; baseline -0.002 -13"><span class='ocrx_word' id='word_1_229' title='bbox 133 1853 256 1912; x_wconf 73' lang='lat' dir='ltr'><strong>bus</strong></span> <span class='ocrx_word' id='word_1_230' title='bbox 278 1854 483 1912; x_wconf 89' lang='lat' dir='ltr'><strong>diversi</strong></span> <span class='ocrx_word' id='word_1_231' title='bbox 507 1855 706 1911; x_wconf 90' lang='lat' dir='ltr'><strong>medici</strong></span> <span class='ocrx_word' id='word_1_232' title='bbox 730 1855 963 1910; x_wconf 90' lang='lat' dir='ltr'><strong>diversis</strong></span> <span class='ocrx_word' id='word_1_233' title='bbox 987 1853 1370 1924; x_wconf 87' lang='lat' dir='ltr'><strong>colligerentur</strong></span> <span class='ocrx_word' id='word_1_234' title='bbox 1390 1853 1456 1908; x_wconf 82' lang='lat' dir='ltr'><strong>ex</strong></span> <span class='ocrx_word' id='word_1_235' title='bbox 1477 1852 1744 1923; x_wconf 91' lang='lat' dir='ltr'><strong>partibus,</strong></span> 
     </span>
    </p>
   </div>
   <div class='ocr_carea' id='block_1_33' title="bbox 1854 1835 3444 1924">
    <p class='ocr_par' dir='ltr' id='par_1_33' title="bbox 1854 1835 3444 1908">
     <span class='ocr_line' id='line_1_33' title="bbox 1854 1835 3444 1908; baseline 0.001 -18"><span class='ocrx_word' id='word_1_236' title='bbox 1854 1835 1907 1890; x_wconf 91' lang='lat' dir='ltr'><strong>in</strong></span> <span class='ocrx_word' id='word_1_237' title='bbox 1935 1836 2208 1892; x_wconf 88' lang='lat' dir='ltr'><strong>occisione</strong></span> <span class='ocrx_word' id='word_1_238' title='bbox 2235 1837 2586 1906; x_wconf 90' lang='lat' dir='ltr'><strong>parvulorum</strong></span> <span class='ocrx_word' id='word_1_239' title='bbox 2613 1851 2804 1908; x_wconf 85' lang='lat' dir='ltr'><strong>poenas</strong></span> <span class='ocrx_word' id='word_1_240' title='bbox 2822 1835 3088 1906; x_wconf 81' lang='lat' dir='ltr'><strong>pcenis,et</strong></span> <span class='ocrx_word' id='word_1_241' title='bbox 3130 1835 3318 1907; x_wconf 87' lang='lat' dir='ltr'><strong>plagas</strong></span> <span class='ocrx_word' id='word_1_242' title='bbox 3343 1851 3444 1891; x_wconf 82' lang='lat' dir='ltr'><strong>au—</strong></span> 
     </span>
    </p>
   </div>
   <div class='ocr_carea' id='block_1_34' title="bbox 133 1945 1750 2020">
    <p class='ocr_par' dir='ltr' id='par_1_34' title="bbox 133 1945 1750 2020">
     <span class='ocr_line' id='line_1_34' title="bbox 133 1945 1750 2020; baseline -0.002 -16"><span class='ocrx_word' id='word_1_243' title='bbox 133 1961 253 2020; x_wconf 80' lang='lat' dir='ltr'><strong>pro</strong></span> <span class='ocrx_word' id='word_1_244' title='bbox 287 1946 532 2003; x_wconf 87' lang='lat' dir='ltr'><strong>sananda</strong></span> <span class='ocrx_word' id='word_1_245' title='bbox 565 1956 750 2004; x_wconf 88' lang='lat' dir='ltr'><strong>tamen</strong></span> <span class='ocrx_word' id='word_1_246' title='bbox 803 1947 992 2003; x_wconf 88' lang='lat' dir='ltr'><strong>eadem</strong></span> <span class='ocrx_word' id='word_1_247' title='bbox 1020 1946 1180 2018; x_wconf 87' lang='lat' dir='ltr'><strong>plaga</strong></span> <span class='ocrx_word' id='word_1_248' title='bbox 1207 1945 1391 2001; x_wconf 88' lang='lat' dir='ltr'><strong>divina</strong></span> <span class='ocrx_word' id='word_1_249' title='bbox 1418 1947 1602 2002; x_wconf 89' lang='lat' dir='ltr'><strong>nullus</strong></span> <span class='ocrx_word' id='word_1_250' title='bbox 1633 1961 1750 2001; x_wconf 82' lang='lat' dir='ltr'><strong>me-</strong></span> 
     </span>
    </p>
   </div>
   <div class='ocr_carea' id='block_1_35' title="bbox 129 2037 1750 2111">
    <p class='ocr_par' dir='ltr' id='par_1_35' title="bbox 129 2037 1750 2111">
     <span class='ocr_line' id='line_1_35' title="bbox 129 2037 1750 2111; baseline -0.001 -14"><span class='ocrx_word' id='word_1_251' title='bbox 129 2039 314 2098; x_wconf 85' lang='lat' dir='ltr'><strong>dicus</strong></span> <span class='ocrx_word' id='word_1_252' title='bbox 338 2049 393 2096; x_wconf 92' lang='lat' dir='ltr'><strong>et</strong></span> <span class='ocrx_word' id='word_1_253' title='bbox 419 2039 569 2095; x_wconf 90' lang='lat' dir='ltr'><strong>nulla</strong></span> <span class='ocrx_word' id='word_1_254' title='bbox 614 2039 822 2111; x_wconf 78' lang='lat' dir='ltr'><strong>profuit</strong></span> <span class='ocrx_word' id='word_1_255' title='bbox 856 2039 1148 2096; x_wconf 88' lang='lat' dir='ltr'><strong>medicina.</strong></span> <span class='ocrx_word' id='word_1_256' title='bbox 1180 2037 1335 2094; x_wconf 89' lang='lat' dir='ltr'><strong>Unde</strong></span> <span class='ocrx_word' id='word_1_257' title='bbox 1363 2046 1419 2093; x_wconf 90' lang='lat' dir='ltr'><strong>et</strong></span> <span class='ocrx_word' id='word_1_258' title='bbox 1455 2054 1555 2110; x_wconf 88' lang='lat' dir='ltr'><strong>pro</strong></span> <span class='ocrx_word' id='word_1_259' title='bbox 1583 2054 1750 2110; x_wconf 89' lang='lat' dir='ltr'><strong>capa-</strong></span> 
     </span>
    </p>
   </div>
   <div class='ocr_carea' id='block_1_36' title="bbox 132 2131 1749 2205">
    <p class='ocr_par' dir='ltr' id='par_1_36' title="bbox 132 2131 1749 2205">
     <span class='ocr_line' id='line_1_36' title="bbox 132 2131 1749 2205; baseline -0.001 -17"><span class='ocrx_word' id='word_1_260' title='bbox 132 2133 323 2190; x_wconf 78' lang='lat' dir='ltr'><strong>cioris</strong></span> <span class='ocrx_word' id='word_1_261' title='bbox 372 2132 660 2190; x_wconf 79' lang='lat' dir='ltr'><strong>medicina:</strong></span> <span class='ocrx_word' id='word_1_262' title='bbox 702 2148 900 2205; x_wconf 89' lang='lat' dir='ltr'><strong>genere</strong></span> <span class='ocrx_word' id='word_1_263' title='bbox 956 2131 1210 2202; x_wconf 91' lang='lat' dir='ltr'><strong>petendo,</strong></span> <span class='ocrx_word' id='word_1_264' title='bbox 1260 2131 1384 2202; x_wconf 92' lang='lat' dir='ltr'><strong>plus</strong></span> <span class='ocrx_word' id='word_1_265' title='bbox 1430 2147 1597 2201; x_wconf 89' lang='lat' dir='ltr'><strong>quam</strong></span> <span class='ocrx_word' id='word_1_266' title='bbox 1645 2131 1749 2186; x_wconf 88' lang='lat' dir='ltr'><strong>tria</strong></span> 
     </span>
    </p>
   </div>
   <div class='ocr_carea' id='block_1_37' title="bbox 138 2223 1750 2296">
    <p class='ocr_par' dir='ltr' id='par_1_37' title="bbox 138 2223 1750 2296">
     <span class='ocr_line' id='line_1_37' title="bbox 138 2223 1750 2296; baseline -0.001 -15"><span class='ocrx_word' id='word_1_267' title='bbox 138 2226 325 2281; x_wconf 82' lang='lat' dir='ltr'><strong>millia</strong></span> <span class='ocrx_word' id='word_1_268' title='bbox 360 2226 652 2282; x_wconf 84' lang='lat' dir='ltr'><strong>infantium</strong></span> <span class='ocrx_word' id='word_1_269' title='bbox 687 2235 742 2281; x_wconf 92' lang='lat' dir='ltr'><strong>ct</strong></span> <span class='ocrx_word' id='word_1_270' title='bbox 784 2225 1105 2281; x_wconf 90' lang='lat' dir='ltr'><strong>lactentium</strong></span> <span class='ocrx_word' id='word_1_271' title='bbox 1142 2223 1387 2295; x_wconf 89' lang='lat' dir='ltr'><strong>undique</strong></span> <span class='ocrx_word' id='word_1_272' title='bbox 1413 2225 1750 2296; x_wconf 90' lang='lat' dir='ltr'><strong>colliguntur</strong></span> 
     </span>
    </p>
   </div>
   <div class='ocr_carea' id='block_1_38' title="bbox 137 2315 1750 2388">
    <p class='ocr_par' dir='ltr' id='par_1_38' title="bbox 137 2315 1750 2388">
     <span class='ocr_line' id='line_1_38' title="bbox 137 2315 1750 2388; baseline -0.002 -15"><span class='ocrx_word' id='word_1_273' title='bbox 137 2332 214 2373; x_wconf 80' lang='lat' dir='ltr'><strong>ex</strong></span> <span class='ocrx_word' id='word_1_274' title='bbox 245 2333 442 2388; x_wconf 86' lang='lat' dir='ltr'><strong>regno,</strong></span> <span class='ocrx_word' id='word_1_275' title='bbox 458 2333 531 2372; x_wconf 79' lang='lat' dir='ltr'><strong>ac</strong></span> <span class='ocrx_word' id='word_1_276' title='bbox 548 2319 598 2373; x_wconf 88' lang='lat' dir='ltr'><strong>si</strong></span> <span class='ocrx_word' id='word_1_277' title='bbox 620 2317 856 2373; x_wconf 85' lang='lat' dir='ltr'><strong>habilior</strong></span> <span class='ocrx_word' id='word_1_278' title='bbox 878 2317 946 2371; x_wconf 91' lang='lat' dir='ltr'><strong>ad</strong></span> <span class='ocrx_word' id='word_1_279' title='bbox 968 2316 1271 2372; x_wconf 87' lang='lat' dir='ltr'><strong>sanandam</strong></span> <span class='ocrx_word' id='word_1_280' title='bbox 1299 2315 1391 2370; x_wconf 88' lang='lat' dir='ltr'><strong>illa</strong></span> <span class='ocrx_word' id='word_1_281' title='bbox 1422 2325 1606 2386; x_wconf 89' lang='lat' dir='ltr'><strong>posset</strong></span> <span class='ocrx_word' id='word_1_282' title='bbox 1629 2331 1750 2371; x_wconf 91' lang='lat' dir='ltr'><strong>esse</strong></span> 
     </span>
    </p>
   </div>
   <div class='ocr_carea' id='block_1_39' title="bbox 139 2405 1750 2476">
    <p class='ocr_par' dir='ltr' id='par_1_39' title="bbox 139 2405 1750 2476">
     <span class='ocr_line' id='line_1_39' title="bbox 139 2405 1750 2476; baseline -0.001 -14"><span class='ocrx_word' id='word_1_283' title='bbox 139 2407 450 2474; x_wconf 81' lang='lat' dir='ltr'><strong>medicina,</strong></span> <span class='ocrx_word' id='word_1_284' title='bbox 474 2408 526 2463; x_wconf 91' lang='lat' dir='ltr'><strong>si</strong></span> <span class='ocrx_word' id='word_1_285' title='bbox 552 2408 715 2464; x_wconf 89' lang='lat' dir='ltr'><strong>lactei</strong></span> <span class='ocrx_word' id='word_1_286' title='bbox 745 2407 962 2464; x_wconf 87' lang='lat' dir='ltr'><strong>cruoris</strong></span> <span class='ocrx_word' id='word_1_287' title='bbox 994 2405 1214 2461; x_wconf 89' lang='lat' dir='ltr'><strong>illorum</strong></span> <span class='ocrx_word' id='word_1_288' title='bbox 1242 2406 1519 2461; x_wconf 82' lang='lat' dir='ltr'><strong>lavaretur</strong></span> <span class='ocrx_word' id='word_1_289' title='bbox 1553 2406 1608 2460; x_wconf 93' lang='lat' dir='ltr'><strong>in</strong></span> <span class='ocrx_word' id='word_1_290' title='bbox 1635 2406 1750 2476; x_wconf 86' lang='lat' dir='ltr'><strong>pis-</strong></span> 
     </span>
    </p>
   </div>
   <div class='ocr_carea' id='block_1_40' title="bbox 143 2497 1751 2568">
    <p class='ocr_par' dir='ltr' id='par_1_40' title="bbox 143 2497 1751 2568">
     <span class='ocr_line' id='line_1_40' title="bbox 143 2497 1751 2568; baseline -0.001 -13"><span class='ocrx_word' id='word_1_291' title='bbox 143 2499 307 2555; x_wconf 78' lang='lat' dir='ltr'><strong>cina.</strong></span> <span class='ocrx_word' id='word_1_292' title='bbox 346 2497 445 2553; x_wconf 76' lang='lat' dir='ltr'><strong>Die</strong></span> <span class='ocrx_word' id='word_1_293' title='bbox 489 2509 671 2556; x_wconf 89' lang='lat' dir='ltr'><strong>autem</strong></span> <span class='ocrx_word' id='word_1_294' title='bbox 707 2507 936 2566; x_wconf 91' lang='lat' dir='ltr'><strong>statuto,</strong></span> <span class='ocrx_word' id='word_1_295' title='bbox 975 2515 1100 2554; x_wconf 90' lang='lat' dir='ltr'><strong>cum</strong></span> <span class='ocrx_word' id='word_1_296' title='bbox 1133 2514 1232 2568; x_wconf 92' lang='lat' dir='ltr'><strong>pro</strong></span> <span class='ocrx_word' id='word_1_297' title='bbox 1266 2500 1457 2554; x_wconf 88' lang='lat' dir='ltr'><strong>eadem</strong></span> <span class='ocrx_word' id='word_1_298' title='bbox 1483 2513 1650 2554; x_wconf 90' lang='lat' dir='ltr'><strong>causa</strong></span> <span class='ocrx_word' id='word_1_299' title='bbox 1682 2497 1751 2553; x_wconf 89' lang='lat' dir='ltr'><strong>de</strong></span> 
     </span>
    </p>
   </div>
   <div class='ocr_carea' id='block_1_41' title="bbox 134 2589 1751 2662">
    <p class='ocr_par' dir='ltr' id='par_1_41' title="bbox 134 2589 1751 2662">
     <span class='ocr_line' id='line_1_41' title="bbox 134 2589 1751 2662; baseline 0.001 -18"><span class='ocrx_word' id='word_1_300' title='bbox 134 2589 361 2660; x_wconf 79' lang='lat' dir='ltr'><strong>palatio</strong></span> <span class='ocrx_word' id='word_1_301' title='bbox 391 2591 459 2646; x_wconf 90' lang='lat' dir='ltr'><strong>ad</strong></span> <span class='ocrx_word' id='word_1_302' title='bbox 501 2589 833 2662; x_wconf 89' lang='lat' dir='ltr'><strong>Capitolium</strong></span> <span class='ocrx_word' id='word_1_303' title='bbox 875 2590 1255 2662; x_wconf 84' lang='lat' dir='ltr'><strong>processisset,</strong></span> <span class='ocrx_word' id='word_1_304' title='bbox 1285 2600 1340 2645; x_wconf 91' lang='lat' dir='ltr'><strong>et</strong></span> <span class='ocrx_word' id='word_1_305' title='bbox 1384 2591 1514 2646; x_wconf 90' lang='lat' dir='ltr'><strong>hinc</strong></span> <span class='ocrx_word' id='word_1_306' title='bbox 1540 2598 1596 2646; x_wconf 92' lang='lat' dir='ltr'><strong>et</strong></span> <span class='ocrx_word' id='word_1_307' title='bbox 1623 2589 1751 2645; x_wconf 90' lang='lat' dir='ltr'><strong>inde</strong></span> 
     </span>
    </p>
   </div>
   <div class='ocr_carea' id='block_1_42' title="bbox 136 2683 1752 2756">
    <p class='ocr_par' dir='ltr' id='par_1_42' title="bbox 136 2683 1752 2756">
     <span class='ocr_line' id='line_1_42' title="bbox 136 2683 1752 2756; baseline 0.001 -17"><span class='ocrx_word' id='word_1_308' title='bbox 136 2683 419 2750; x_wconf 77' lang='lat' dir='ltr'><strong>resolutis</strong></span> <span class='ocrx_word' id='word_1_309' title='bbox 473 2684 718 2741; x_wconf 89' lang='lat' dir='ltr'><strong>crinibus</strong></span> <span class='ocrx_word' id='word_1_310' title='bbox 770 2694 978 2740; x_wconf 86' lang='lat' dir='ltr'><strong>matres</strong></span> <span class='ocrx_word' id='word_1_311' title='bbox 1028 2683 1324 2740; x_wconf 90' lang='lat' dir='ltr'><strong>infantium</strong></span> <span class='ocrx_word' id='word_1_312' title='bbox 1381 2684 1639 2756; x_wconf 88' lang='lat' dir='ltr'><strong>plangere</strong></span> <span class='ocrx_word' id='word_1_313' title='bbox 1696 2694 1752 2740; x_wconf 93' lang='lat' dir='ltr'><strong>et</strong></span> 
     </span>
    </p>
   </div>
   <div class='ocr_carea' id='block_1_43' title="bbox 132 2776 1750 2849">
    <p class='ocr_par' dir='ltr' id='par_1_43' title="bbox 132 2776 1750 2849">
     <span class='ocr_line' id='line_1_43' title="bbox 132 2776 1750 2849; baseline -0.001 -17"><span class='ocrx_word' id='word_1_314' title='bbox 132 2777 363 2849; x_wconf 66' lang='lat' dir='ltr'><strong>q’ulare</strong></span> <span class='ocrx_word' id='word_1_315' title='bbox 407 2777 656 2845; x_wconf 85' lang='lat' dir='ltr'><strong>vidisset,</strong></span> <span class='ocrx_word' id='word_1_316' title='bbox 681 2779 944 2834; x_wconf 90' lang='lat' dir='ltr'><strong>continuo</strong></span> <span class='ocrx_word' id='word_1_317' title='bbox 976 2777 1280 2848; x_wconf 89' lang='lat' dir='ltr'><strong>reprobans</strong></span> <span class='ocrx_word' id='word_1_318' title='bbox 1311 2777 1540 2832; x_wconf 86' lang='lat' dir='ltr'><strong>consilia</strong></span> <span class='ocrx_word' id='word_1_319' title='bbox 1570 2776 1750 2848; x_wconf 89' lang='lat' dir='ltr'><strong>ponti-</strong></span> 
     </span>
    </p>
   </div>
   <div class='ocr_carea' id='block_1_44' title="bbox 136 2867 1751 2949">
    <p class='ocr_par' dir='ltr' id='par_1_44' title="bbox 136 2867 1751 2949">
     <span class='ocr_line' id='line_1_44' title="bbox 136 2867 1751 2949; baseline -0.001 -24"><span class='ocrx_word' id='word_1_320' title='bbox 136 2867 345 2949; x_wconf 75' lang='lat' dir='ltr'><strong>ﬁcum,</strong></span> <span class='ocrx_word' id='word_1_321' title='bbox 376 2868 592 2926; x_wconf 86' lang='lat' dir='ltr'><strong>facinus</strong></span> <span class='ocrx_word' id='word_1_322' title='bbox 617 2872 784 2941; x_wconf 63' lang='lat' dir='ltr'><strong>coepit</strong></span> <span class='ocrx_word' id='word_1_323' title='bbox 825 2871 1123 2926; x_wconf 87' lang='lat' dir='ltr'><strong>abhorrere</strong></span> <span class='ocrx_word' id='word_1_324' title='bbox 1168 2870 1485 2927; x_wconf 91' lang='lat' dir='ltr'><strong>terriﬁcum.</strong></span> <span class='ocrx_word' id='word_1_325' title='bbox 1537 2868 1604 2924; x_wconf 88' lang='lat' dir='ltr'><strong>Et</strong></span> <span class='ocrx_word' id='word_1_326' title='bbox 1653 2868 1751 2940; x_wconf 89' lang='lat' dir='ltr'><strong>qui</strong></span> 
     </span>
    </p>
   </div>
   <div class='ocr_carea' id='block_1_45' title="bbox 137 2959 1746 3034">
    <p class='ocr_par' dir='ltr' id='par_1_45' title="bbox 137 2959 1746 3034">
     <span class='ocr_line' id='line_1_45' title="bbox 137 2959 1746 3034; baseline -0.001 -17"><span class='ocrx_word' id='word_1_327' title='bbox 137 2961 313 3033; x_wconf 76' lang='lat' dir='ltr'><strong>prius</strong></span> <span class='ocrx_word' id='word_1_328' title='bbox 347 2961 405 3016; x_wconf 88' lang='lat' dir='ltr'><strong>in</strong></span> <span class='ocrx_word' id='word_1_329' title='bbox 431 2962 621 3018; x_wconf 89' lang='lat' dir='ltr'><strong>multis</strong></span> <span class='ocrx_word' id='word_1_330' title='bbox 650 2959 850 3034; x_wconf 62' lang='lat' dir='ltr'><strong>praeliis</strong></span> <span class='ocrx_word' id='word_1_331' title='bbox 874 2963 1010 3019; x_wconf 90' lang='lat' dir='ltr'><strong>viris</strong></span> <span class='ocrx_word' id='word_1_332' title='bbox 1040 2963 1361 3019; x_wconf 83' lang='lat' dir='ltr'><strong>fortissimis</strong></span> <span class='ocrx_word' id='word_1_333' title='bbox 1386 2962 1580 3019; x_wconf 85' lang='lat' dir='ltr'><strong>fortior</strong></span> <span class='ocrx_word' id='word_1_334' title='bbox 1605 2970 1746 3030; x_wconf 89' lang='lat' dir='ltr'><strong>erat,</strong></span> 
     </span>
    </p>
   </div>
   <div class='ocr_carea' id='block_1_46' title="bbox 137 3051 1750 3123">
    <p class='ocr_par' dir='ltr' id='par_1_46' title="bbox 137 3051 1750 3123">
     <span class='ocr_line' id='line_1_46' title="bbox 137 3051 1750 3123; baseline -0.001 -14"><span class='ocrx_word' id='word_1_335' title='bbox 137 3067 211 3109; x_wconf 86' lang='lat' dir='ltr'><strong>ea</strong></span> <span class='ocrx_word' id='word_1_336' title='bbox 253 3051 346 3109; x_wconf 91' lang='lat' dir='ltr'><strong>die</strong></span> <span class='ocrx_word' id='word_1_337' title='bbox 375 3053 638 3108; x_wconf 88' lang='lat' dir='ltr'><strong>nimirum</strong></span> <span class='ocrx_word' id='word_1_338' title='bbox 661 3053 983 3108; x_wconf 89' lang='lat' dir='ltr'><strong>mulieribus</strong></span> <span class='ocrx_word' id='word_1_339' title='bbox 1013 3053 1259 3120; x_wconf 88' lang='lat' dir='ltr'><strong>cedebat,</strong></span> <span class='ocrx_word' id='word_1_340' title='bbox 1290 3053 1421 3108; x_wconf 91' lang='lat' dir='ltr'><strong>dum</strong></span> <span class='ocrx_word' id='word_1_341' title='bbox 1458 3068 1554 3123; x_wconf 91' lang='lat' dir='ltr'><strong>per</strong></span> <span class='ocrx_word' id='word_1_342' title='bbox 1581 3053 1750 3107; x_wconf 89' lang='lat' dir='ltr'><strong>inter-</strong></span> 
     </span>
    </p>
   </div>
   <div class='ocr_carea' id='block_1_47' title="bbox 138 3143 1748 3214">
    <p class='ocr_par' dir='ltr' id='par_1_47' title="bbox 138 3143 1748 3214">
     <span class='ocr_line' id='line_1_47' title="bbox 138 3143 1748 3214; baseline -0.001 -14"><span class='ocrx_word' id='word_1_343' title='bbox 138 3158 285 3200; x_wconf 84' lang='lat' dir='ltr'><strong>nam</strong></span> <span class='ocrx_word' id='word_1_344' title='bbox 318 3143 709 3214; x_wconf 89' lang='lat' dir='ltr'><strong>aspirationem</strong></span> <span class='ocrx_word' id='word_1_345' title='bbox 750 3143 820 3198; x_wconf 90' lang='lat' dir='ltr'><strong>ad</strong></span> <span class='ocrx_word' id='word_1_346' title='bbox 863 3152 1072 3199; x_wconf 90' lang='lat' dir='ltr'><strong>tantam</strong></span> <span class='ocrx_word' id='word_1_347' title='bbox 1112 3143 1548 3201; x_wconf 88' lang='lat' dir='ltr'><strong>miscricordiam</strong></span> <span class='ocrx_word' id='word_1_348' title='bbox 1578 3143 1748 3214; x_wconf 86' lang='lat' dir='ltr'><strong>coepit</strong></span> 
     </span>
    </p>
   </div>
   <div class='ocr_carea' id='block_1_48' title="bbox 137 3231 1751 3305">
    <p class='ocr_par' dir='ltr' id='par_1_48' title="bbox 137 3231 1751 3305">
     <span class='ocr_line' id='line_1_48' title="bbox 137 3231 1751 3305; baseline 0.002 -19"><span class='ocrx_word' id='word_1_349' title='bbox 137 3231 378 3300; x_wconf 80' lang='lat' dir='ltr'><strong>inﬂecti,</strong></span> <span class='ocrx_word' id='word_1_350' title='bbox 402 3241 464 3288; x_wconf 89' lang='lat' dir='ltr'><strong>ut</strong></span> <span class='ocrx_word' id='word_1_351' title='bbox 489 3250 616 3289; x_wconf 91' lang='lat' dir='ltr'><strong>cum</strong></span> <span class='ocrx_word' id='word_1_352' title='bbox 642 3234 803 3290; x_wconf 92' lang='lat' dir='ltr'><strong>donis</strong></span> <span class='ocrx_word' id='word_1_353' title='bbox 831 3235 996 3290; x_wconf 90' lang='lat' dir='ltr'><strong>etiam</strong></span> <span class='ocrx_word' id='word_1_354' title='bbox 1021 3235 1378 3304; x_wconf 89' lang='lat' dir='ltr'><strong>amplissimis</strong></span> <span class='ocrx_word' id='word_1_355' title='bbox 1393 3235 1612 3305; x_wconf 89' lang='lat' dir='ltr'><strong>juberet</strong></span> <span class='ocrx_word' id='word_1_356' title='bbox 1634 3235 1751 3292; x_wconf 90' lang='lat' dir='ltr'><strong>sin-</strong></span> 
     </span>
    </p>
   </div>
   <div class='ocr_carea' id='block_1_49' title="bbox 138 3323 1754 3396">
    <p class='ocr_par' dir='ltr' id='par_1_49' title="bbox 138 3323 1754 3396">
     <span class='ocr_line' id='line_1_49' title="bbox 138 3323 1754 3396; baseline 0.003 -18"><span class='ocrx_word' id='word_1_357' title='bbox 138 3323 298 3395; x_wconf 78' lang='lat' dir='ltr'><strong>gulis</strong></span> <span class='ocrx_word' id='word_1_358' title='bbox 337 3324 610 3380; x_wconf 86' lang='lat' dir='ltr'><strong>matribus</strong></span> <span class='ocrx_word' id='word_1_359' title='bbox 641 3341 740 3381; x_wconf 91' lang='lat' dir='ltr'><strong>sua</strong></span> <span class='ocrx_word' id='word_1_360' title='bbox 777 3325 1006 3396; x_wconf 88' lang='lat' dir='ltr'><strong>pignora</strong></span> <span class='ocrx_word' id='word_1_361' title='bbox 1046 3325 1218 3380; x_wconf 88' lang='lat' dir='ltr'><strong>reddi.</strong></span> <span class='ocrx_word' id='word_1_362' title='bbox 1245 3323 1400 3382; x_wconf 85' lang='lat' dir='ltr'><strong>Unde</strong></span> <span class='ocrx_word' id='word_1_363' title='bbox 1433 3325 1641 3382; x_wconf 91' lang='lat' dir='ltr'><strong>factum</strong></span> <span class='ocrx_word' id='word_1_364' title='bbox 1665 3334 1754 3383; x_wconf 87' lang='lat' dir='ltr'><strong>est</strong></span> 
     </span>
    </p>
   </div>
   <div class='ocr_carea' id='block_1_50' title="bbox 139 3415 1745 3488">
    <p class='ocr_par' dir='ltr' id='par_1_50' title="bbox 139 3415 1745 3488">
     <span class='ocr_line' id='line_1_50' title="bbox 139 3415 1745 3488; baseline 0.002 -16"><span class='ocrx_word' id='word_1_365' title='bbox 139 3427 209 3472; x_wconf 83' lang='lat' dir='ltr'><strong>ut</strong></span> <span class='ocrx_word' id='word_1_366' title='bbox 239 3415 386 3470; x_wconf 89' lang='lat' dir='ltr'><strong>sicut</strong></span> <span class='ocrx_word' id='word_1_367' title='bbox 408 3416 560 3471; x_wconf 90' lang='lat' dir='ltr'><strong>nulla</strong></span> <span class='ocrx_word' id='word_1_368' title='bbox 582 3417 803 3471; x_wconf 89' lang='lat' dir='ltr'><strong>illarum</strong></span> <span class='ocrx_word' id='word_1_369' title='bbox 831 3416 988 3488; x_wconf 89' lang='lat' dir='ltr'><strong>prius</strong></span> <span class='ocrx_word' id='word_1_370' title='bbox 1015 3432 1046 3471; x_wconf 88' lang='lat' dir='ltr'><strong>a</strong></span> <span class='ocrx_word' id='word_1_371' title='bbox 1079 3417 1299 3471; x_wconf 90' lang='lat' dir='ltr'><strong>tristitia</strong></span> <span class='ocrx_word' id='word_1_372' title='bbox 1325 3417 1428 3472; x_wconf 90' lang='lat' dir='ltr'><strong>fuit</strong></span> <span class='ocrx_word' id='word_1_373' title='bbox 1456 3419 1745 3487; x_wconf 89' lang='lat' dir='ltr'><strong>immunis,</strong></span> 
     </span>
    </p>
   </div>
   <div class='ocr_carea' id='block_1_51' title="bbox 143 3507 1754 3578">
    <p class='ocr_par' dir='ltr' id='par_1_51' title="bbox 143 3507 1754 3578">
     <span class='ocr_line' id='line_1_51' title="bbox 143 3507 1754 3578; baseline 0.003 -16"><span class='ocrx_word' id='word_1_374' title='bbox 143 3507 226 3565; x_wconf 87' lang='lat' dir='ltr'><strong>ita</strong></span> <span class='ocrx_word' id='word_1_375' title='bbox 254 3508 538 3578; x_wconf 88' lang='lat' dir='ltr'><strong>sequentis</strong></span> <span class='ocrx_word' id='word_1_376' title='bbox 573 3507 778 3563; x_wconf 75' lang='lat' dir='ltr'><strong>laetitia:</strong></span> <span class='ocrx_word' id='word_1_377' title='bbox 808 3523 978 3564; x_wconf 86' lang='lat' dir='ltr'><strong>causa</strong></span> <span class='ocrx_word' id='word_1_378' title='bbox 1020 3507 1280 3564; x_wconf 90' lang='lat' dir='ltr'><strong>omnibus</strong></span> <span class='ocrx_word' id='word_1_379' title='bbox 1319 3508 1596 3565; x_wconf 82' lang='lat' dir='ltr'><strong>videretur</strong></span> <span class='ocrx_word' id='word_1_380' title='bbox 1626 3526 1754 3567; x_wconf 90' lang='lat' dir='ltr'><strong>esse</strong></span> 
     </span>
    </p>
   </div>
   <div class='ocr_carea' id='block_1_52' title="bbox 145 3597 1752 3670">
    <p class='ocr_par' dir='ltr' id='par_1_52' title="bbox 145 3597 1752 3670">
     <span class='ocr_line' id='line_1_52' title="bbox 145 3597 1752 3670; baseline 0.002 -16"><span class='ocrx_word' id='word_1_381' title='bbox 145 3597 486 3665; x_wconf 87' lang='lat' dir='ltr'><strong>communis,</strong></span> <span class='ocrx_word' id='word_1_382' title='bbox 537 3598 776 3654; x_wconf 83' lang='lat' dir='ltr'><strong>maxime</strong></span> <span class='ocrx_word' id='word_1_383' title='bbox 827 3615 954 3653; x_wconf 91' lang='lat' dir='ltr'><strong>cum</strong></span> <span class='ocrx_word' id='word_1_384' title='bbox 1007 3614 1119 3653; x_wconf 90' lang='lat' dir='ltr'><strong>non</strong></span> <span class='ocrx_word' id='word_1_385' title='bbox 1161 3606 1367 3653; x_wconf 89' lang='lat' dir='ltr'><strong>tantam</strong></span> <span class='ocrx_word' id='word_1_386' title='bbox 1395 3600 1547 3670; x_wconf 90' lang='lat' dir='ltr'><strong>prius</strong></span> <span class='ocrx_word' id='word_1_387' title='bbox 1579 3600 1635 3654; x_wconf 90' lang='lat' dir='ltr'><strong>in</strong></span> <span class='ocrx_word' id='word_1_388' title='bbox 1656 3616 1752 3658; x_wconf 88' lang='lat' dir='ltr'><strong>ve-</strong></span> 
     </span>
    </p>
   </div>
   <div class='ocr_carea' id='block_1_53' title="bbox 144 3690 1750 3762">
    <p class='ocr_par' dir='ltr' id='par_1_53' title="bbox 144 3690 1750 3762">
     <span class='ocr_line' id='line_1_53' title="bbox 144 3690 1750 3762; baseline -0.001 -14"><span class='ocrx_word' id='word_1_389' title='bbox 144 3690 355 3748; x_wconf 85' lang='lat' dir='ltr'><strong>niendo</strong></span> <span class='ocrx_word' id='word_1_390' title='bbox 383 3690 680 3746; x_wconf 88' lang='lat' dir='ltr'><strong>habuerint</strong></span> <span class='ocrx_word' id='word_1_391' title='bbox 730 3690 1031 3757; x_wconf 88' lang='lat' dir='ltr'><strong>tristitiam,</strong></span> <span class='ocrx_word' id='word_1_392' title='bbox 1061 3699 1327 3762; x_wconf 88' lang='lat' dir='ltr'><strong>quantam</strong></span> <span class='ocrx_word' id='word_1_393' title='bbox 1375 3690 1432 3746; x_wconf 92' lang='lat' dir='ltr'><strong>in</strong></span> <span class='ocrx_word' id='word_1_394' title='bbox 1467 3691 1750 3747; x_wconf 88' lang='lat' dir='ltr'><strong>redeundo</strong></span> 
     </span>
    </p>
   </div>
   <div class='ocr_carea' id='block_1_54' title="bbox 143 3781 1753 3854">
    <p class='ocr_par' dir='ltr' id='par_1_54' title="bbox 143 3781 1753 3854">
     <span class='ocr_line' id='line_1_54' title="bbox 143 3781 1753 3854; baseline 0.001 -17"><span class='ocrx_word' id='word_1_395' title='bbox 143 3781 477 3837; x_wconf 81' lang='lat' dir='ltr'><strong>videbantur</strong></span> <span class='ocrx_word' id='word_1_396' title='bbox 504 3781 707 3838; x_wconf 90' lang='lat' dir='ltr'><strong>habere</strong></span> <span class='ocrx_word' id='word_1_397' title='bbox 735 3781 1003 3838; x_wconf 67' lang='lat' dir='ltr'><strong>laetitiam.</strong></span> <span class='ocrx_word' id='word_1_398' title='bbox 1038 3782 1242 3839; x_wconf 90' lang='lat' dir='ltr'><strong>Taliter</strong></span> <span class='ocrx_word' id='word_1_399' title='bbox 1269 3799 1397 3854; x_wconf 88' lang='lat' dir='ltr'><strong>ergo</strong></span> <span class='ocrx_word' id='word_1_400' title='bbox 1436 3781 1753 3839; x_wconf 87' lang='lat' dir='ltr'><strong>Constanti-</strong></span> 
     </span>
    </p>
   </div>
   <div class='ocr_carea' id='block_1_55' title="bbox 145 3873 1749 3946">
    <p class='ocr_par' dir='ltr' id='par_1_55' title="bbox 145 3873 1749 3946">
     <span class='ocr_line' id='line_1_55' title="bbox 145 3873 1749 3946; baseline -0.001 -14"><span class='ocrx_word' id='word_1_401' title='bbox 145 3887 282 3940; x_wconf 89' lang='lat' dir='ltr'><strong>nus,</strong></span> <span class='ocrx_word' id='word_1_402' title='bbox 326 3873 424 3944; x_wconf 89' lang='lat' dir='ltr'><strong>qui</strong></span> <span class='ocrx_word' id='word_1_403' title='bbox 473 3874 628 3945; x_wconf 91' lang='lat' dir='ltr'><strong>prius</strong></span> <span class='ocrx_word' id='word_1_404' title='bbox 677 3874 818 3930; x_wconf 90' lang='lat' dir='ltr'><strong>alios</strong></span> <span class='ocrx_word' id='word_1_405' title='bbox 859 3874 1132 3942; x_wconf 85' lang='lat' dir='ltr'><strong>vincebat,</strong></span> <span class='ocrx_word' id='word_1_406' title='bbox 1180 3873 1237 3929; x_wconf 92' lang='lat' dir='ltr'><strong>in</strong></span> <span class='ocrx_word' id='word_1_407' title='bbox 1265 3875 1357 3929; x_wconf 92' lang='lat' dir='ltr'><strong>illa</strong></span> <span class='ocrx_word' id='word_1_408' title='bbox 1385 3875 1473 3930; x_wconf 91' lang='lat' dir='ltr'><strong>die</strong></span> <span class='ocrx_word' id='word_1_409' title='bbox 1503 3874 1749 3946; x_wconf 89' lang='lat' dir='ltr'><strong>seipsum</strong></span> 
     </span>
    </p>
   </div>
   <div class='ocr_carea' id='block_1_56' title="bbox 144 3965 1756 4038">
    <p class='ocr_par' dir='ltr' id='par_1_56' title="bbox 144 3965 1756 4038">
     <span class='ocr_line' id='line_1_56' title="bbox 144 3965 1756 4038; baseline 0.001 -16"><span class='ocrx_word' id='word_1_410' title='bbox 144 3966 353 4022; x_wconf 83' lang='lat' dir='ltr'><strong>vicisse</strong></span> <span class='ocrx_word' id='word_1_411' title='bbox 379 3967 671 4038; x_wconf 84' lang='lat' dir='ltr'><strong>gaudebat,</strong></span> <span class='ocrx_word' id='word_1_412' title='bbox 698 3967 832 4022; x_wconf 90' lang='lat' dir='ltr'><strong>dum</strong></span> <span class='ocrx_word' id='word_1_413' title='bbox 863 3968 932 4023; x_wconf 89' lang='lat' dir='ltr'><strong>ad</strong></span> <span class='ocrx_word' id='word_1_414' title='bbox 961 3967 1180 4022; x_wconf 88' lang='lat' dir='ltr'><strong>laudem</strong></span> <span class='ocrx_word' id='word_1_415' title='bbox 1210 3965 1525 4023; x_wconf 89' lang='lat' dir='ltr'><strong>Divinitatis</strong></span> <span class='ocrx_word' id='word_1_416' title='bbox 1561 3975 1617 4023; x_wconf 89' lang='lat' dir='ltr'><strong>et</strong></span> <span class='ocrx_word' id='word_1_417' title='bbox 1637 3968 1756 4038; x_wconf 88' lang='lat' dir='ltr'><strong>glo-</strong></span> 
     </span>
    </p>
   </div>
   <div class='ocr_carea' id='block_1_57' title="bbox 146 4057 1752 4127">
    <p class='ocr_par' dir='ltr' id='par_1_57' title="bbox 146 4057 1752 4127">
     <span class='ocr_line' id='line_1_57' title="bbox 146 4057 1752 4127; baseline -0.001 -11"><span class='ocrx_word' id='word_1_418' title='bbox 146 4058 296 4117; x_wconf 85' lang='lat' dir='ltr'><strong>riam</strong></span> <span class='ocrx_word' id='word_1_419' title='bbox 323 4058 452 4115; x_wconf 84' lang='lat' dir='ltr'><strong>iletu</strong></span> <span class='ocrx_word' id='word_1_420' title='bbox 480 4057 720 4114; x_wconf 89' lang='lat' dir='ltr'><strong>femineo</strong></span> <span class='ocrx_word' id='word_1_421' title='bbox 746 4059 948 4127; x_wconf 90' lang='lat' dir='ltr'><strong>victus,</strong></span> <span class='ocrx_word' id='word_1_422' title='bbox 979 4058 1183 4114; x_wconf 90' lang='lat' dir='ltr'><strong>meruit</strong></span> <span class='ocrx_word' id='word_1_423' title='bbox 1210 4059 1412 4113; x_wconf 91' lang='lat' dir='ltr'><strong>habere</strong></span> <span class='ocrx_word' id='word_1_424' title='bbox 1440 4059 1752 4115; x_wconf 89' lang='lat' dir='ltr'><strong>victoriam.</strong></span> 
     </span>
    </p>
   </div>
   <div class='ocr_carea' id='block_1_58' title="bbox 146 4149 1752 4224">
    <p class='ocr_par' dir='ltr' id='par_1_58' title="bbox 146 4149 1752 4224">
     <span class='ocr_line' id='line_1_58' title="bbox 146 4149 1752 4224; baseline 0 -17"><span class='ocrx_word' id='word_1_425' title='bbox 146 4149 351 4207; x_wconf 73' lang='lat' dir='ltr'><strong>Maluit</strong></span> <span class='ocrx_word' id='word_1_426' title='bbox 377 4151 525 4208; x_wconf 88' lang='lat' dir='ltr'><strong>enim</strong></span> <span class='ocrx_word' id='word_1_427' title='bbox 554 4152 736 4209; x_wconf 83' lang='lat' dir='ltr'><strong>adhuc</strong></span> <span class='ocrx_word' id='word_1_428' title='bbox 782 4152 935 4210; x_wconf 89' lang='lat' dir='ltr'><strong>solus</strong></span> <span class='ocrx_word' id='word_1_429' title='bbox 965 4153 1175 4224; x_wconf 85' lang='lat' dir='ltr'><strong>lepram</strong></span> <span class='ocrx_word' id='word_1_430' title='bbox 1209 4152 1413 4208; x_wconf 90' lang='lat' dir='ltr'><strong>habere</strong></span> <span class='ocrx_word' id='word_1_431' title='bbox 1451 4153 1752 4219; x_wconf 90' lang='lat' dir='ltr'><strong>volatilem,</strong></span> 
     </span>
    </p>
   </div>
   <div class='ocr_carea' id='block_1_59' title="bbox 148 4244 1754 4317">
    <p class='ocr_par' dir='ltr' id='par_1_59' title="bbox 148 4244 1754 4317">
     <span class='ocr_line' id='line_1_59' title="bbox 148 4244 1754 4317; baseline 0.001 -18"><span class='ocrx_word' id='word_1_432' title='bbox 148 4259 322 4317; x_wconf 81' lang='lat' dir='ltr'><strong>quam</strong></span> <span class='ocrx_word' id='word_1_433' title='bbox 364 4244 419 4300; x_wconf 91' lang='lat' dir='ltr'><strong>in</strong></span> <span class='ocrx_word' id='word_1_434' title='bbox 460 4246 726 4317; x_wconf 88' lang='lat' dir='ltr'><strong>sanguine</strong></span> <span class='ocrx_word' id='word_1_435' title='bbox 757 4245 1138 4302; x_wconf 90' lang='lat' dir='ltr'><strong>innocentium</strong></span> <span class='ocrx_word' id='word_1_436' title='bbox 1181 4245 1420 4316; x_wconf 89' lang='lat' dir='ltr'><strong>gladium</strong></span> <span class='ocrx_word' id='word_1_437' title='bbox 1465 4253 1754 4301; x_wconf 90' lang='lat' dir='ltr'><strong>cruentare</strong></span> 
     </span>
    </p>
   </div>
   <div class='ocr_carea' id='block_1_60' title="bbox 149 4336 1754 4412">
    <p class='ocr_par' dir='ltr' id='par_1_60' title="bbox 149 4336 1754 4412">
     <span class='ocr_line' id='line_1_60' title="bbox 149 4336 1754 4412; baseline -0.001 -18"><span class='ocrx_word' id='word_1_438' title='bbox 149 4338 491 4407; x_wconf 89' lang='lat' dir='ltr'><strong>versatilem,</strong></span> <span class='ocrx_word' id='word_1_439' title='bbox 536 4338 770 4412; x_wconf 88' lang='lat' dir='ltr'><strong>ideoque</strong></span> <span class='ocrx_word' id='word_1_440' title='bbox 813 4338 1078 4395; x_wconf 86' lang='lat' dir='ltr'><strong>divinitus</strong></span> <span class='ocrx_word' id='word_1_441' title='bbox 1118 4354 1185 4394; x_wconf 85' lang='lat' dir='ltr'><strong>ex</strong></span> <span class='ocrx_word' id='word_1_442' title='bbox 1234 4337 1403 4408; x_wconf 87' lang='lat' dir='ltr'><strong>impio</strong></span> <span class='ocrx_word' id='word_1_443' title='bbox 1447 4336 1624 4392; x_wconf 90' lang='lat' dir='ltr'><strong>factus</strong></span> <span class='ocrx_word' id='word_1_444' title='bbox 1665 4345 1754 4393; x_wconf 91' lang='lat' dir='ltr'><strong>est</strong></span> 
     </span>
    </p>
   </div>
   <div class='ocr_carea' id='block_1_61' title="bbox 149 4430 1754 4506">
    <p class='ocr_par' dir='ltr' id='par_1_61' title="bbox 149 4430 1754 4506">
     <span class='ocr_line' id='line_1_61' title="bbox 149 4430 1754 4506; baseline 0.003 -20"><span class='ocrx_word' id='word_1_445' title='bbox 149 4430 302 4502; x_wconf 87' lang='lat' dir='ltr'><strong>pius,</strong></span> <span class='ocrx_word' id='word_1_446' title='bbox 345 4432 438 4503; x_wconf 91' lang='lat' dir='ltr'><strong>qui</strong></span> <span class='ocrx_word' id='word_1_447' title='bbox 472 4447 571 4505; x_wconf 90' lang='lat' dir='ltr'><strong>pro</strong></span> <span class='ocrx_word' id='word_1_448' title='bbox 601 4433 779 4493; x_wconf 90' lang='lat' dir='ltr'><strong>salute</strong></span> <span class='ocrx_word' id='word_1_449' title='bbox 809 4433 1175 4506; x_wconf 89' lang='lat' dir='ltr'><strong>plurimorum</strong></span> <span class='ocrx_word' id='word_1_450' title='bbox 1201 4432 1433 4491; x_wconf 89' lang='lat' dir='ltr'><strong>salutem</strong></span> <span class='ocrx_word' id='word_1_451' title='bbox 1457 4441 1754 4505; x_wconf 86' lang='lat' dir='ltr'><strong>postpone-</strong></span> 
     </span>
    </p>
   </div>
   <div class='ocr_carea' id='block_1_62' title="bbox 151 4524 472 4584">
    <p class='ocr_par' dir='ltr' id='par_1_62' title="bbox 151 4524 472 4584">
     <span class='ocr_line' id='line_1_62' title="bbox 151 4524 472 4584; baseline -0.003 -1"><span class='ocrx_word' id='word_1_452' title='bbox 151 4524 251 4583; x_wconf 85' lang='lat' dir='ltr'><strong>hat</strong></span> <span class='ocrx_word' id='word_1_453' title='bbox 286 4525 472 4584; x_wconf 90' lang='lat' dir='ltr'><strong>unius.</strong></span> 
     </span>
    </p>
   </div>
   <div class='ocr_carea' id='block_1_63' title="bbox 785 4641 1118 4700">
    <p class='ocr_par' dir='ltr' id='par_1_63' title="bbox 785 4641 1118 4700">
     <span class='ocr_line' id='line_1_63' title="bbox 785 4641 1118 4700; baseline 0 0"><span class='ocrx_word' id='word_1_454' title='bbox 785 4641 1015 4700; x_wconf 86' lang='lat' dir='ltr'><strong>CAPUT</strong></span> <span class='ocrx_word' id='word_1_455' title='bbox 1051 4643 1118 4700; x_wconf 85' lang='lat' dir='ltr'><strong>V.</strong></span> 
     </span>
    </p>
   </div>
   <div class='ocr_carea' id='block_1_64' title="bbox 153 4729 1754 4806">
    <p class='ocr_par' dir='ltr' id='par_1_64' title="bbox 153 4729 1754 4806">
     <span class='ocr_line' id='line_1_64' title="bbox 153 4729 1754 4806; baseline 0.001 -17"><span class='ocrx_word' id='word_1_456' title='bbox 153 4729 378 4803; x_wconf 82' lang='lat' dir='ltr'><strong>Confert</strong></span> <span class='ocrx_word' id='word_1_457' title='bbox 406 4730 816 4806; x_wconf 78' lang='lat' dir='ltr'><strong>Constantinum</strong></span> <span class='ocrx_word' id='word_1_458' title='bbox 843 4752 965 4789; x_wconf 85' lang='lat' dir='ltr'><strong>cum</strong></span> <span class='ocrx_word' id='word_1_459' title='bbox 988 4733 1226 4806; x_wconf 81' lang='lat' dir='ltr'><strong>Herode,</strong></span> <span class='ocrx_word' id='word_1_460' title='bbox 1258 4734 1478 4789; x_wconf 80' lang='lat' dir='ltr'><strong>alterius</strong></span> <span class='ocrx_word' id='word_1_461' title='bbox 1501 4737 1754 4806; x_wconf 83' lang='lat' dir='ltr'><strong>pietatem</strong></span> 
     </span>
    </p>
   </div>
   <div class='ocr_carea' id='block_1_65' title="bbox 406 4803 1488 4877">
    <p class='ocr_par' dir='ltr' id='par_1_65' title="bbox 406 4803 1488 4877">
     <span class='ocr_line' id='line_1_65' title="bbox 406 4803 1488 4877; baseline 0.002 -19"><span class='ocrx_word' id='word_1_462' title='bbox 406 4819 525 4858; x_wconf 88' lang='lat' dir='ltr'><strong>cum</strong></span> <span class='ocrx_word' id='word_1_463' title='bbox 559 4803 783 4860; x_wconf 81' lang='lat' dir='ltr'><strong>alterius</strong></span> <span class='ocrx_word' id='word_1_464' title='bbox 812 4805 1129 4861; x_wconf 85' lang='lat' dir='ltr'><strong>crudelitate</strong></span> <span class='ocrx_word' id='word_1_465' title='bbox 1155 4823 1488 4877; x_wconf 82' lang='lat' dir='ltr'><strong>componens.</strong></span> 
     </span>
    </p>
   </div>
   <div class='ocr_carea' id='block_1_66' title="bbox 227 4891 1753 4968">
    <p class='ocr_par' dir='ltr' id='par_1_66' title="bbox 227 4891 1753 4968">
     <span class='ocr_line' id='line_1_66' title="bbox 227 4891 1753 4968; baseline 0.003 -18"><span class='ocrx_word' id='word_1_466' title='bbox 227 4892 387 4950; x_wconf 90' lang='lat' dir='ltr'><strong>Unde</strong></span> <span class='ocrx_word' id='word_1_467' title='bbox 423 4911 550 4952; x_wconf 89' lang='lat' dir='ltr'><strong>cum</strong></span> <span class='ocrx_word' id='word_1_468' title='bbox 578 4896 755 4967; x_wconf 90' lang='lat' dir='ltr'><strong>pietas</strong></span> <span class='ocrx_word' id='word_1_469' title='bbox 785 4891 1133 4952; x_wconf 84' lang='lat' dir='ltr'><strong>Constantini</strong></span> <span class='ocrx_word' id='word_1_470' title='bbox 1156 4904 1212 4952; x_wconf 91' lang='lat' dir='ltr'><strong>et</strong></span> <span class='ocrx_word' id='word_1_471' title='bbox 1244 4896 1496 4968; x_wconf 90' lang='lat' dir='ltr'><strong>impietas</strong></span> <span class='ocrx_word' id='word_1_472' title='bbox 1521 4896 1753 4955; x_wconf 84' lang='lat' dir='ltr'><strong>Herodis</strong></span> 
     </span>
    </p>
   </div>
   <div class='ocr_carea' id='block_1_67' title="bbox 155 4989 1752 5060">
    <p class='ocr_par' dir='ltr' id='par_1_67' title="bbox 155 4989 1752 5060">
     <span class='ocr_line' id='line_1_67' title="bbox 155 4989 1752 5060; baseline 0 -16"><span class='ocrx_word' id='word_1_473' title='bbox 155 4989 336 5058; x_wconf 90' lang='lat' dir='ltr'><strong>vobis,</strong></span> <span class='ocrx_word' id='word_1_474' title='bbox 383 4989 750 5057; x_wconf 85' lang='lat' dir='ltr'><strong>dilectissimi,</strong></span> <span class='ocrx_word' id='word_1_475' title='bbox 804 4991 994 5046; x_wconf 90' lang='lat' dir='ltr'><strong>multis</strong></span> <span class='ocrx_word' id='word_1_476' title='bbox 1034 4989 1255 5060; x_wconf 89' lang='lat' dir='ltr'><strong>cognita</strong></span> <span class='ocrx_word' id='word_1_477' title='bbox 1301 4989 1374 5045; x_wconf 90' lang='lat' dir='ltr'><strong>sit</strong></span> <span class='ocrx_word' id='word_1_478' title='bbox 1423 4991 1621 5058; x_wconf 89' lang='lat' dir='ltr'><strong>modis,</strong></span> <span class='ocrx_word' id='word_1_479' title='bbox 1673 4991 1752 5044; x_wconf 89' lang='lat' dir='ltr'><strong>nil</strong></span> 
     </span>
    </p>
   </div>
   <div class='ocr_carea' id='block_1_68' title="bbox 157 5082 1751 5155">
    <p class='ocr_par' dir='ltr' id='par_1_68' title="bbox 157 5082 1751 5155">
     <span class='ocr_line' id='line_1_68' title="bbox 157 5082 1751 5155; baseline 0 -17"><span class='ocrx_word' id='word_1_480' title='bbox 157 5091 320 5140; x_wconf 89' lang='lat' dir='ltr'><strong>nocet</strong></span> <span class='ocrx_word' id='word_1_481' title='bbox 355 5084 401 5139; x_wconf 88' lang='lat' dir='ltr'><strong>si</strong></span> <span class='ocrx_word' id='word_1_482' title='bbox 447 5084 749 5141; x_wconf 90' lang='lat' dir='ltr'><strong>secundum</strong></span> <span class='ocrx_word' id='word_1_483' title='bbox 801 5083 1272 5155; x_wconf 89' lang='lat' dir='ltr'><strong>comparationem</strong></span> <span class='ocrx_word' id='word_1_484' title='bbox 1329 5083 1461 5138; x_wconf 91' lang='lat' dir='ltr'><strong>boni</strong></span> <span class='ocrx_word' id='word_1_485' title='bbox 1515 5093 1568 5139; x_wconf 90' lang='lat' dir='ltr'><strong>et</strong></span> <span class='ocrx_word' id='word_1_486' title='bbox 1619 5082 1751 5138; x_wconf 91' lang='lat' dir='ltr'><strong>mali</strong></span> 
     </span>
    </p>
   </div>
   <div class='ocr_carea' id='block_1_69' title="bbox 156 5172 1748 5248">
    <p class='ocr_par' dir='ltr' id='par_1_69' title="bbox 156 5172 1748 5248">
     <span class='ocr_line' id='line_1_69' title="bbox 156 5172 1748 5248; baseline -0.002 -16"><span class='ocrx_word' id='word_1_487' title='bbox 156 5175 395 5232; x_wconf 87' lang='lat' dir='ltr'><strong>alterum</strong></span> <span class='ocrx_word' id='word_1_488' title='bbox 444 5176 602 5232; x_wconf 88' lang='lat' dir='ltr'><strong>alteri</strong></span> <span class='ocrx_word' id='word_1_489' title='bbox 638 5176 756 5248; x_wconf 88' lang='lat' dir='ltr'><strong>lege</strong></span> <span class='ocrx_word' id='word_1_490' title='bbox 806 5172 1192 5248; x_wconf 78' lang='lat' dir='ltr'><strong>comparemus</strong></span> <span class='ocrx_word' id='word_1_491' title='bbox 1225 5174 1470 5246; x_wconf 90' lang='lat' dir='ltr'><strong>speciali.</strong></span> <span class='ocrx_word' id='word_1_492' title='bbox 1515 5173 1572 5230; x_wconf 91' lang='lat' dir='ltr'><strong>Si</strong></span> <span class='ocrx_word' id='word_1_493' title='bbox 1601 5175 1748 5230; x_wconf 87' lang='lat' dir='ltr'><strong>enim</strong></span> 
     </span>
    </p>
   </div>
   <div class='ocr_carea' id='block_1_70' title="bbox 158 5266 1751 5340">
    <p class='ocr_par' dir='ltr' id='par_1_70' title="bbox 158 5266 1751 5340">
     <span class='ocr_line' id='line_1_70' title="bbox 158 5266 1751 5340; baseline -0.001 -18"><span class='ocrx_word' id='word_1_494' title='bbox 158 5267 298 5323; x_wconf 88' lang='lat' dir='ltr'><strong>alter</strong></span> <span class='ocrx_word' id='word_1_495' title='bbox 333 5267 489 5324; x_wconf 89' lang='lat' dir='ltr'><strong>alteri</strong></span> <span class='ocrx_word' id='word_1_496' title='bbox 518 5276 892 5339; x_wconf 89' lang='lat' dir='ltr'><strong>comparatur,</strong></span> <span class='ocrx_word' id='word_1_497' title='bbox 916 5266 1139 5340; x_wconf 89' lang='lat' dir='ltr'><strong>probari</strong></span> <span class='ocrx_word' id='word_1_498' title='bbox 1167 5274 1370 5338; x_wconf 92' lang='lat' dir='ltr'><strong>potest,</strong></span> <span class='ocrx_word' id='word_1_499' title='bbox 1401 5282 1567 5338; x_wconf 90' lang='lat' dir='ltr'><strong>quem</strong></span> <span class='ocrx_word' id='word_1_500' title='bbox 1601 5280 1751 5321; x_wconf 90' lang='lat' dir='ltr'><strong>mors</strong></span> 
     </span>
    </p>
   </div>
   <div class='ocr_carea' id='block_1_71' title="bbox 159 5359 1751 5435">
    <p class='ocr_par' dir='ltr' id='par_1_71' title="bbox 159 5359 1751 5435">
     <span class='ocr_line' id='line_1_71' title="bbox 159 5359 1751 5435; baseline -0.006 -13"><span class='ocrx_word' id='word_1_501' title='bbox 159 5371 216 5422; x_wconf 89' lang='lat' dir='ltr'><strong>et</strong></span> <span class='ocrx_word' id='word_1_502' title='bbox 239 5378 406 5433; x_wconf 88' lang='lat' dir='ltr'><strong>quem</strong></span> <span class='ocrx_word' id='word_1_503' title='bbox 444 5362 554 5420; x_wconf 88' lang='lat' dir='ltr'><strong>vita</strong></span> <span class='ocrx_word' id='word_1_504' title='bbox 582 5371 864 5435; x_wconf 90' lang='lat' dir='ltr'><strong>sequatur,</strong></span> <span class='ocrx_word' id='word_1_505' title='bbox 896 5361 1158 5434; x_wconf 91' lang='lat' dir='ltr'><strong>quoniam</strong></span> <span class='ocrx_word' id='word_1_506' title='bbox 1194 5368 1372 5416; x_wconf 90' lang='lat' dir='ltr'><strong>morte</strong></span> <span class='ocrx_word' id='word_1_507' title='bbox 1405 5370 1458 5416; x_wconf 91' lang='lat' dir='ltr'><strong>et</strong></span> <span class='ocrx_word' id='word_1_508' title='bbox 1500 5359 1612 5414; x_wconf 88' lang='lat' dir='ltr'><strong>vita</strong></span> <span class='ocrx_word' id='word_1_509' title='bbox 1636 5359 1751 5430; x_wconf 90' lang='lat' dir='ltr'><strong>jam</strong></span> 
     </span>
    </p>
   </div>
   <div class='ocr_carea' id='block_1_72' title="bbox 161 5453 1752 5528">
    <p class='ocr_par' dir='ltr' id='par_1_72' title="bbox 161 5453 1752 5528">
     <span class='ocr_line' id='line_1_72' title="bbox 161 5453 1752 5528; baseline -0.004 -14"><span class='ocrx_word' id='word_1_510' title='bbox 161 5456 469 5514; x_wconf 88' lang='lat' dir='ltr'><strong>abinvieem</strong></span> <span class='ocrx_word' id='word_1_511' title='bbox 514 5458 846 5514; x_wconf 90' lang='lat' dir='ltr'><strong>dirimuntur</strong></span> <span class='ocrx_word' id='word_1_512' title='bbox 896 5457 1137 5528; x_wconf 91' lang='lat' dir='ltr'><strong>utrique,</strong></span> <span class='ocrx_word' id='word_1_513' title='bbox 1195 5455 1327 5511; x_wconf 91' lang='lat' dir='ltr'><strong>dum</strong></span> <span class='ocrx_word' id='word_1_514' title='bbox 1385 5470 1531 5510; x_wconf 91' lang='lat' dir='ltr'><strong>unus</strong></span> <span class='ocrx_word' id='word_1_515' title='bbox 1589 5453 1752 5508; x_wconf 86' lang='lat' dir='ltr'><strong>habet</strong></span> 
     </span>
    </p>
   </div>
   <div class='ocr_carea' id='block_1_73' title="bbox 164 5545 1748 5622">
    <p class='ocr_par' dir='ltr' id='par_1_73' title="bbox 164 5545 1748 5622">
     <span class='ocr_line' id='line_1_73' title="bbox 164 5545 1748 5622; baseline -0.004 -15"><span class='ocrx_word' id='word_1_516' title='bbox 164 5549 450 5622; x_wconf 68' lang='lat' dir='ltr'><strong>praemium</strong></span> <span class='ocrx_word' id='word_1_517' title='bbox 483 5552 700 5619; x_wconf 89' lang='lat' dir='ltr'><strong>mortis,</strong></span> <span class='ocrx_word' id='word_1_518' title='bbox 729 5559 784 5607; x_wconf 89' lang='lat' dir='ltr'><strong>et</strong></span> <span class='ocrx_word' id='word_1_519' title='bbox 813 5551 953 5608; x_wconf 90' lang='lat' dir='ltr'><strong>alius</strong></span> <span class='ocrx_word' id='word_1_520' title='bbox 982 5549 1128 5606; x_wconf 81' lang='lat' dir='ltr'><strong>vitae.</strong></span> <span class='ocrx_word' id='word_1_521' title='bbox 1153 5545 1314 5604; x_wconf 90' lang='lat' dir='ltr'><strong>Unde</strong></span> <span class='ocrx_word' id='word_1_522' title='bbox 1348 5547 1496 5602; x_wconf 92' lang='lat' dir='ltr'><strong>enim</strong></span> <span class='ocrx_word' id='word_1_523' title='bbox 1529 5545 1624 5601; x_wconf 89' lang='lat' dir='ltr'><strong>tibi</strong></span> <span class='ocrx_word' id='word_1_524' title='bbox 1647 5560 1748 5600; x_wconf 91' lang='lat' dir='ltr'><strong>no-</strong></span> 
     </span>
    </p>
   </div>
   <div class='ocr_carea' id='block_1_74' title="bbox 165 5639 1754 5716">
    <p class='ocr_par' dir='ltr' id='par_1_74' title="bbox 165 5639 1754 5716">
     <span class='ocr_line' id='line_1_74' title="bbox 165 5639 1754 5716; baseline -0.005 -16"><span class='ocrx_word' id='word_1_525' title='bbox 165 5652 282 5700; x_wconf 92' lang='lat' dir='ltr'><strong>tum</strong></span> <span class='ocrx_word' id='word_1_526' title='bbox 312 5645 404 5713; x_wconf 89' lang='lat' dir='ltr'><strong>sit,</strong></span> <span class='ocrx_word' id='word_1_527' title='bbox 432 5659 468 5700; x_wconf 95' lang='lat' dir='ltr'><strong>o</strong></span> <span class='ocrx_word' id='word_1_528' title='bbox 489 5644 821 5710; x_wconf 88' lang='lat' dir='ltr'><strong>Christiane,</strong></span> <span class='ocrx_word' id='word_1_529' title='bbox 843 5645 974 5716; x_wconf 91' lang='lat' dir='ltr'><strong>quid</strong></span> <span class='ocrx_word' id='word_1_530' title='bbox 994 5645 1062 5700; x_wconf 89' lang='lat' dir='ltr'><strong>de</strong></span> <span class='ocrx_word' id='word_1_531' title='bbox 1089 5652 1324 5714; x_wconf 90' lang='lat' dir='ltr'><strong>utroque</strong></span> <span class='ocrx_word' id='word_1_532' title='bbox 1350 5640 1591 5696; x_wconf 89' lang='lat' dir='ltr'><strong>sentiant</strong></span> <span class='ocrx_word' id='word_1_533' title='bbox 1610 5639 1754 5710; x_wconf 90' lang='lat' dir='ltr'><strong>leges</strong></span> 
     </span>
    </p>
   </div>
   <div class='ocr_carea' id='block_1_75' title="bbox 166 5734 1754 5810">
    <p class='ocr_par' dir='ltr' id='par_1_75' title="bbox 166 5734 1754 5810">
     <span class='ocr_line' id='line_1_75' title="bbox 166 5734 1754 5810; baseline -0.003 -19"><span class='ocrx_word' id='word_1_534' title='bbox 166 5737 365 5794; x_wconf 68' lang='lat' dir='ltr'><strong>divinae</strong></span> <span class='ocrx_word' id='word_1_535' title='bbox 401 5746 456 5794; x_wconf 91' lang='lat' dir='ltr'><strong>et</strong></span> <span class='ocrx_word' id='word_1_536' title='bbox 513 5738 784 5806; x_wconf 66' lang='lat' dir='ltr'><strong>humanae,</strong></span> <span class='ocrx_word' id='word_1_537' title='bbox 821 5738 970 5810; x_wconf 56' lang='lat' dir='ltr'><strong>ideo;</strong></span> <span class='ocrx_word' id='word_1_538' title='bbox 995 5739 1162 5794; x_wconf 89' lang='lat' dir='ltr'><strong>istum</strong></span> <span class='ocrx_word' id='word_1_539' title='bbox 1211 5736 1445 5803; x_wconf 89' lang='lat' dir='ltr'><strong>imitare,</strong></span> <span class='ocrx_word' id='word_1_540' title='bbox 1499 5743 1552 5789; x_wconf 90' lang='lat' dir='ltr'><strong>et</strong></span> <span class='ocrx_word' id='word_1_541' title='bbox 1603 5734 1754 5788; x_wconf 90' lang='lat' dir='ltr'><strong>illum</strong></span> 
     </span>
    </p>
   </div>
   <div class='ocr_carea' id='block_1_76' title="bbox 168 5827 1755 5904">
    <p class='ocr_par' dir='ltr' id='par_1_76' title="bbox 168 5827 1755 5904">
     <span class='ocr_line' id='line_1_76' title="bbox 168 5827 1755 5904; baseline -0.003 -17"><span class='ocrx_word' id='word_1_542' title='bbox 168 5827 370 5887; x_wconf 85' lang='lat' dir='ltr'><strong>imitari</strong></span> <span class='ocrx_word' id='word_1_543' title='bbox 400 5829 624 5901; x_wconf 86' lang='lat' dir='ltr'><strong>desiste,</strong></span> <span class='ocrx_word' id='word_1_544' title='bbox 665 5831 925 5903; x_wconf 90' lang='lat' dir='ltr'><strong>quoniam</strong></span> <span class='ocrx_word' id='word_1_545' title='bbox 956 5848 1068 5888; x_wconf 92' lang='lat' dir='ltr'><strong>uno</strong></span> <span class='ocrx_word' id='word_1_546' title='bbox 1095 5831 1260 5891; x_wconf 86' lang='lat' dir='ltr'><strong>modo</strong></span> <span class='ocrx_word' id='word_1_547' title='bbox 1289 5839 1613 5904; x_wconf 88' lang='lat' dir='ltr'><strong>peccaverat</strong></span> <span class='ocrx_word' id='word_1_548' title='bbox 1645 5828 1755 5899; x_wconf 90' lang='lat' dir='ltr'><strong>ille,</strong></span> 
     </span>
    </p>
   </div>
   <div class='ocr_carea' id='block_1_77' title="bbox 532 5927 1027 5991">
    <p class='ocr_par' dir='ltr' id='par_1_77' title="bbox 532 5927 1027 5991">
     <span class='ocr_line' id='line_1_77' title="bbox 532 5927 1027 5991; baseline -0.01 -2"><span class='ocrx_word' id='word_1_549' title='bbox 532 5927 810 5990; x_wconf 67' lang='lat' dir='ltr'><strong>PATROL.</strong></span> <span class='ocrx_word' id='word_1_550' title='bbox 847 5927 1027 5991; x_wconf 85' lang='lat' dir='ltr'><strong>CLX.</strong></span> 
     </span>
    </p>
   </div>
   <div class='ocr_carea' id='block_1_78' title="bbox 1854 1927 3444 2000">
    <p class='ocr_par' dir='ltr' id='par_1_78' title="bbox 1854 1927 3444 2000">
     <span class='ocr_line' id='line_1_78' title="bbox 1854 1927 3444 2000; baseline 0.001 -18"><span class='ocrx_word' id='word_1_551' title='bbox 1854 1936 2226 2000; x_wconf 85' lang='lat' dir='ltr'><strong>gmentaverat</strong></span> <span class='ocrx_word' id='word_1_552' title='bbox 2244 1929 2445 1999; x_wconf 84' lang='lat' dir='ltr'><strong>plagis;</strong></span> <span class='ocrx_word' id='word_1_553' title='bbox 2475 1927 2868 1984; x_wconf 88' lang='lat' dir='ltr'><strong>Constantinus</strong></span> <span class='ocrx_word' id='word_1_554' title='bbox 2889 1943 3019 1983; x_wconf 90' lang='lat' dir='ltr'><strong>vero</strong></span> <span class='ocrx_word' id='word_1_555' title='bbox 3041 1927 3111 1983; x_wconf 92' lang='lat' dir='ltr'><strong>ab</strong></span> <span class='ocrx_word' id='word_1_556' title='bbox 3138 1928 3365 1987; x_wconf 90' lang='lat' dir='ltr'><strong>hariolis</strong></span> <span class='ocrx_word' id='word_1_557' title='bbox 3387 1937 3444 1983; x_wconf 89' lang='lat' dir='ltr'><strong>et</strong></span> 
     </span>
    </p>
   </div>
   <div class='ocr_carea' id='block_1_79' title="bbox 1853 2019 3442 2093">
    <p class='ocr_par' dir='ltr' id='par_1_79' title="bbox 1853 2019 3442 2093">
     <span class='ocr_line' id='line_1_79' title="bbox 1853 2019 3442 2093; baseline -0.001 -17"><span class='ocrx_word' id='word_1_558' title='bbox 1853 2023 2027 2093; x_wconf 88' lang='lat' dir='ltr'><strong>magis</strong></span> <span class='ocrx_word' id='word_1_559' title='bbox 2052 2021 2243 2076; x_wconf 90' lang='lat' dir='ltr'><strong>videns</strong></span> <span class='ocrx_word' id='word_1_560' title='bbox 2273 2020 2377 2077; x_wconf 89' lang='lat' dir='ltr'><strong>sibi</strong></span> <span class='ocrx_word' id='word_1_561' title='bbox 2405 2021 2547 2076; x_wconf 90' lang='lat' dir='ltr'><strong>male</strong></span> <span class='ocrx_word' id='word_1_562' title='bbox 2573 2019 2745 2076; x_wconf 84' lang='lat' dir='ltr'><strong>fuisse</strong></span> <span class='ocrx_word' id='word_1_563' title='bbox 2766 2021 3100 2086; x_wconf 89' lang='lat' dir='ltr'><strong>consultum,</strong></span> <span class='ocrx_word' id='word_1_564' title='bbox 3129 2021 3186 2075; x_wconf 91' lang='lat' dir='ltr'><strong>in</strong></span> <span class='ocrx_word' id='word_1_565' title='bbox 3227 2022 3442 2076; x_wconf 87' lang='lat' dir='ltr'><strong>relaxa-</strong></span> 
     </span>
    </p>
   </div>
   <div class='ocr_carea' id='block_1_80' title="bbox 1853 2111 3440 2182">
    <p class='ocr_par' dir='ltr' id='par_1_80' title="bbox 1853 2111 3440 2182">
     <span class='ocr_line' id='line_1_80' title="bbox 1853 2111 3440 2182; baseline 0.001 -16"><span class='ocrx_word' id='word_1_566' title='bbox 1853 2113 2002 2166; x_wconf 88' lang='lat' dir='ltr'><strong>tionc</strong></span> <span class='ocrx_word' id='word_1_567' title='bbox 2031 2111 2382 2181; x_wconf 90' lang='lat' dir='ltr'><strong>parvulorum</strong></span> <span class='ocrx_word' id='word_1_568' title='bbox 2400 2119 2641 2166; x_wconf 91' lang='lat' dir='ltr'><strong>matrum</strong></span> <span class='ocrx_word' id='word_1_569' title='bbox 2661 2111 3032 2182; x_wconf 90' lang='lat' dir='ltr'><strong>plangentium</strong></span> <span class='ocrx_word' id='word_1_570' title='bbox 3046 2111 3220 2167; x_wconf 90' lang='lat' dir='ltr'><strong>voluit</strong></span> <span class='ocrx_word' id='word_1_571' title='bbox 3246 2112 3440 2170; x_wconf 89' lang='lat' dir='ltr'><strong>sedare</strong></span> 
     </span>
    </p>
   </div>
   <div class='ocr_carea' id='block_1_81' title="bbox 1854 2203 3443 2276">
    <p class='ocr_par' dir='ltr' id='par_1_81' title="bbox 1854 2203 3443 2276">
     <span class='ocr_line' id='line_1_81' title="bbox 1854 2203 3443 2276; baseline 0 -16"><span class='ocrx_word' id='word_1_572' title='bbox 1854 2204 2172 2276; x_wconf 87' lang='lat' dir='ltr'><strong>singultum.</strong></span> <span class='ocrx_word' id='word_1_573' title='bbox 2227 2203 2468 2260; x_wconf 86' lang='lat' dir='ltr'><strong>Herodes</strong></span> <span class='ocrx_word' id='word_1_574' title='bbox 2513 2203 2663 2276; x_wconf 88' lang='lat' dir='ltr'><strong>regni</strong></span> <span class='ocrx_word' id='word_1_575' title='bbox 2705 2203 3022 2274; x_wconf 89' lang='lat' dir='ltr'><strong>temporalis</strong></span> <span class='ocrx_word' id='word_1_576' title='bbox 3050 2211 3230 2260; x_wconf 91' lang='lat' dir='ltr'><strong>tactus</strong></span> <span class='ocrx_word' id='word_1_577' title='bbox 3267 2205 3443 2260; x_wconf 91' lang='lat' dir='ltr'><strong>ambi-</strong></span> 
     </span>
    </p>
   </div>
   <div class='ocr_carea' id='block_1_82' title="bbox 1855 2295 3442 2370">
    <p class='ocr_par' dir='ltr' id='par_1_82' title="bbox 1855 2295 3442 2370">
     <span class='ocr_line' id='line_1_82' title="bbox 1855 2295 3442 2370; baseline 0.001 -17"><span class='ocrx_word' id='word_1_578' title='bbox 1855 2299 2019 2366; x_wconf 90' lang='lat' dir='ltr'><strong>tione,</strong></span> <span class='ocrx_word' id='word_1_579' title='bbox 2047 2298 2286 2354; x_wconf 91' lang='lat' dir='ltr'><strong>coelestis</strong></span> <span class='ocrx_word' id='word_1_580' title='bbox 2332 2297 2486 2370; x_wconf 89' lang='lat' dir='ltr'><strong>regni</strong></span> <span class='ocrx_word' id='word_1_581' title='bbox 2513 2298 2714 2370; x_wconf 90' lang='lat' dir='ltr'><strong>gaudio</strong></span> <span class='ocrx_word' id='word_1_582' title='bbox 2742 2295 2927 2353; x_wconf 89' lang='lat' dir='ltr'><strong>divina</strong></span> <span class='ocrx_word' id='word_1_583' title='bbox 2954 2298 3201 2369; x_wconf 89' lang='lat' dir='ltr'><strong>privatus</strong></span> <span class='ocrx_word' id='word_1_584' title='bbox 3237 2307 3322 2354; x_wconf 92' lang='lat' dir='ltr'><strong>est</strong></span> <span class='ocrx_word' id='word_1_585' title='bbox 3350 2298 3442 2354; x_wconf 77' lang='lat' dir='ltr'><strong>ul~</strong></span> 
     </span>
    </p>
   </div>
   <div class='ocr_carea' id='block_1_83' title="bbox 1852 2390 3440 2460">
    <p class='ocr_par' dir='ltr' id='par_1_83' title="bbox 1852 2390 3440 2460">
     <span class='ocr_line' id='line_1_83' title="bbox 1852 2390 3440 2460; baseline 0.001 -15"><span class='ocrx_word' id='word_1_586' title='bbox 1852 2391 2030 2458; x_wconf 90' lang='lat' dir='ltr'><strong>tione;</strong></span> <span class='ocrx_word' id='word_1_587' title='bbox 2069 2391 2467 2447; x_wconf 91' lang='lat' dir='ltr'><strong>Constantinus</strong></span> <span class='ocrx_word' id='word_1_588' title='bbox 2509 2399 2692 2447; x_wconf 91' lang='lat' dir='ltr'><strong>autem</strong></span> <span class='ocrx_word' id='word_1_589' title='bbox 2723 2405 2825 2460; x_wconf 92' lang='lat' dir='ltr'><strong>pro</strong></span> <span class='ocrx_word' id='word_1_590' title='bbox 2862 2391 3199 2446; x_wconf 86' lang='lat' dir='ltr'><strong>relaxatione</strong></span> <span class='ocrx_word' id='word_1_591' title='bbox 3224 2390 3440 2447; x_wconf 82' lang='lat' dir='ltr'><strong>excrci-</strong></span> 
     </span>
    </p>
   </div>
   <div class='ocr_carea' id='block_1_84' title="bbox 1852 2482 3443 2556">
    <p class='ocr_par' dir='ltr' id='par_1_84' title="bbox 1852 2482 3443 2556">
     <span class='ocr_line' id='line_1_84' title="bbox 1852 2482 3443 2556; baseline 0.001 -18"><span class='ocrx_word' id='word_1_592' title='bbox 1852 2491 1942 2539; x_wconf 90' lang='lat' dir='ltr'><strong>tus</strong></span> <span class='ocrx_word' id='word_1_593' title='bbox 1969 2483 2271 2550; x_wconf 89' lang='lat' dir='ltr'><strong>occidendi,</strong></span> <span class='ocrx_word' id='word_1_594' title='bbox 2296 2492 2351 2538; x_wconf 91' lang='lat' dir='ltr'><strong>et</strong></span> <span class='ocrx_word' id='word_1_595' title='bbox 2373 2499 2480 2545; x_wconf 90' lang='lat' dir='ltr'><strong>non</strong></span> <span class='ocrx_word' id='word_1_596' title='bbox 2504 2482 2870 2554; x_wconf 89' lang='lat' dir='ltr'><strong>occisi,digne</strong></span> <span class='ocrx_word' id='word_1_597' title='bbox 2887 2483 3190 2554; x_wconf 79' lang='lat' dir='ltr'><strong>promeruit</strong></span> <span class='ocrx_word' id='word_1_598' title='bbox 3210 2499 3443 2556; x_wconf 88' lang='lat' dir='ltr'><strong>regnum</strong></span> 
     </span>
    </p>
   </div>
   <div class='ocr_carea' id='block_1_85' title="bbox 1853 2573 3443 2646">
    <p class='ocr_par' dir='ltr' id='par_1_85' title="bbox 1853 2573 3443 2646">
     <span class='ocr_line' id='line_1_85' title="bbox 1853 2573 3443 2646; baseline 0.003 -19"><span class='ocrx_word' id='word_1_599' title='bbox 1853 2574 2057 2630; x_wconf 90' lang='lat' dir='ltr'><strong>intrare</strong></span> <span class='ocrx_word' id='word_1_600' title='bbox 2091 2575 2352 2646; x_wconf 89' lang='lat' dir='ltr'><strong>paradisi.</strong></span> <span class='ocrx_word' id='word_1_601' title='bbox 2404 2573 2666 2642; x_wconf 90' lang='lat' dir='ltr'><strong>Herodes,</strong></span> <span class='ocrx_word' id='word_1_602' title='bbox 2725 2575 2927 2631; x_wconf 90' lang='lat' dir='ltr'><strong>terreni</strong></span> <span class='ocrx_word' id='word_1_603' title='bbox 2976 2573 3190 2646; x_wconf 88' lang='lat' dir='ltr'><strong>imperii</strong></span> <span class='ocrx_word' id='word_1_604' title='bbox 3244 2575 3443 2632; x_wconf 88' lang='lat' dir='ltr'><strong>timens</strong></span> 
     </span>
    </p>
   </div>
   <div class='ocr_carea' id='block_1_86' title="bbox 1854 2667 3448 2740">
    <p class='ocr_par' dir='ltr' id='par_1_86' title="bbox 1854 2667 3448 2740">
     <span class='ocr_line' id='line_1_86' title="bbox 1854 2667 3448 2740; baseline 0.002 -19"><span class='ocrx_word' id='word_1_605' title='bbox 1854 2667 2105 2724; x_wconf 88' lang='lat' dir='ltr'><strong>amittere</strong></span> <span class='ocrx_word' id='word_1_606' title='bbox 2157 2678 2383 2737; x_wconf 90' lang='lat' dir='ltr'><strong>sortem,</strong></span> <span class='ocrx_word' id='word_1_607' title='bbox 2431 2685 2532 2740; x_wconf 93' lang='lat' dir='ltr'><strong>pro</strong></span> <span class='ocrx_word' id='word_1_608' title='bbox 2580 2676 2758 2725; x_wconf 90' lang='lat' dir='ltr'><strong>morte</strong></span> <span class='ocrx_word' id='word_1_609' title='bbox 2811 2669 2979 2726; x_wconf 91' lang='lat' dir='ltr'><strong>unius</strong></span> <span class='ocrx_word' id='word_1_610' title='bbox 3023 2669 3212 2724; x_wconf 90' lang='lat' dir='ltr'><strong>multis</strong></span> <span class='ocrx_word' id='word_1_611' title='bbox 3260 2669 3448 2724; x_wconf 87' lang='lat' dir='ltr'><strong>intulit</strong></span> 
     </span>
    </p>
   </div>
   <div class='ocr_carea' id='block_1_87' title="bbox 1853 2761 3445 2832">
    <p class='ocr_par' dir='ltr' id='par_1_87' title="bbox 1853 2761 3445 2832">
     <span class='ocr_line' id='line_1_87' title="bbox 1853 2761 3445 2832; baseline 0.002 -17"><span class='ocrx_word' id='word_1_612' title='bbox 1853 2769 2123 2828; x_wconf 88' lang='lat' dir='ltr'><strong>mortem;</strong></span> <span class='ocrx_word' id='word_1_613' title='bbox 2157 2761 2554 2818; x_wconf 89' lang='lat' dir='ltr'><strong>Constantinus</strong></span> <span class='ocrx_word' id='word_1_614' title='bbox 2581 2771 2767 2818; x_wconf 88' lang='lat' dir='ltr'><strong>autem</strong></span> <span class='ocrx_word' id='word_1_615' title='bbox 2798 2762 2965 2832; x_wconf 60' lang='lat' dir='ltr'><strong>lepra:</strong></span> <span class='ocrx_word' id='word_1_616' title='bbox 2986 2762 3182 2818; x_wconf 89' lang='lat' dir='ltr'><strong>maluit</strong></span> <span class='ocrx_word' id='word_1_617' title='bbox 3205 2762 3445 2818; x_wconf 87' lang='lat' dir='ltr'><strong>volatilis</strong></span> 
     </span>
    </p>
   </div>
   <div class='ocr_carea' id='block_1_88' title="bbox 1855 2853 3447 2927">
    <p class='ocr_par' dir='ltr' id='par_1_88' title="bbox 1855 2853 3447 2927">
     <span class='ocr_line' id='line_1_88' title="bbox 1855 2853 3447 2927; baseline 0.001 -19"><span class='ocrx_word' id='word_1_618' title='bbox 1855 2855 2007 2911; x_wconf 92' lang='lat' dir='ltr'><strong>solus</strong></span> <span class='ocrx_word' id='word_1_619' title='bbox 2028 2855 2231 2910; x_wconf 87' lang='lat' dir='ltr'><strong>habere</strong></span> <span class='ocrx_word' id='word_1_620' title='bbox 2256 2855 2516 2924; x_wconf 90' lang='lat' dir='ltr'><strong>scabiem,</strong></span> <span class='ocrx_word' id='word_1_621' title='bbox 2539 2871 2705 2927; x_wconf 92' lang='lat' dir='ltr'><strong>quam</strong></span> <span class='ocrx_word' id='word_1_622' title='bbox 2731 2853 3114 2910; x_wconf 88' lang='lat' dir='ltr'><strong>interfectione</strong></span> <span class='ocrx_word' id='word_1_623' title='bbox 3144 2855 3447 2910; x_wconf 89' lang='lat' dir='ltr'><strong>multorum</strong></span> 
     </span>
    </p>
   </div>
   <div class='ocr_carea' id='block_1_89' title="bbox 1853 2945 3448 3015">
    <p class='ocr_par' dir='ltr' id='par_1_89' title="bbox 1853 2945 3448 3015">
     <span class='ocr_line' id='line_1_89' title="bbox 1853 2945 3448 3015; baseline 0 -13"><span class='ocrx_word' id='word_1_624' title='bbox 1853 2947 2128 3003; x_wconf 91' lang='lat' dir='ltr'><strong>lconinam</strong></span> <span class='ocrx_word' id='word_1_625' title='bbox 2185 2948 2490 3004; x_wconf 89' lang='lat' dir='ltr'><strong>incurreret</strong></span> <span class='ocrx_word' id='word_1_626' title='bbox 2553 2949 2781 3004; x_wconf 89' lang='lat' dir='ltr'><strong>rabiem.</strong></span> <span class='ocrx_word' id='word_1_627' title='bbox 2835 2945 3115 3015; x_wconf 88' lang='lat' dir='ltr'><strong>Herodes,</strong></span> <span class='ocrx_word' id='word_1_628' title='bbox 3173 2948 3448 3004; x_wconf 88' lang='lat' dir='ltr'><strong>malorum</strong></span> 
     </span>
    </p>
   </div>
   <div class='ocr_carea' id='block_1_90' title="bbox 1855 3040 3449 3113">
    <p class='ocr_par' dir='ltr' id='par_1_90' title="bbox 1855 3040 3449 3113">
     <span class='ocr_line' id='line_1_90' title="bbox 1855 3040 3449 3113; baseline 0.001 -19"><span class='ocrx_word' id='word_1_629' title='bbox 1855 3055 2071 3108; x_wconf 90' lang='lat' dir='ltr'><strong>currus,</strong></span> <span class='ocrx_word' id='word_1_630' title='bbox 2095 3049 2150 3096; x_wconf 89' lang='lat' dir='ltr'><strong>et</strong></span> <span class='ocrx_word' id='word_1_631' title='bbox 2178 3041 2491 3112; x_wconf 84' lang='lat' dir='ltr'><strong>iniquorum</strong></span> <span class='ocrx_word' id='word_1_632' title='bbox 2517 3042 2730 3113; x_wconf 90' lang='lat' dir='ltr'><strong>auriga,</strong></span> <span class='ocrx_word' id='word_1_633' title='bbox 2753 3042 2923 3096; x_wconf 86' lang='lat' dir='ltr'><strong>trium</strong></span> <span class='ocrx_word' id='word_1_634' title='bbox 2949 3040 3189 3096; x_wconf 88' lang='lat' dir='ltr'><strong>ﬁliorum</strong></span> <span class='ocrx_word' id='word_1_635' title='bbox 3216 3055 3449 3096; x_wconf 89' lang='lat' dir='ltr'><strong>suorum</strong></span> 
     </span>
    </p>
   </div>
   <div class='ocr_carea' id='block_1_91' title="bbox 1853 3133 3447 3205">
    <p class='ocr_par' dir='ltr' id='par_1_91' title="bbox 1853 3133 3447 3205">
     <span class='ocr_line' id='line_1_91' title="bbox 1853 3133 3447 3205; baseline 0 -18"><span class='ocrx_word' id='word_1_636' title='bbox 1853 3133 2110 3204; x_wconf 90' lang='lat' dir='ltr'><strong>proprius</strong></span> <span class='ocrx_word' id='word_1_637' title='bbox 2157 3135 2365 3189; x_wconf 81' lang='lat' dir='ltr'><strong>exstitit</strong></span> <span class='ocrx_word' id='word_1_638' title='bbox 2412 3134 2719 3205; x_wconf 86' lang='lat' dir='ltr'><strong>parricida;</strong></span> <span class='ocrx_word' id='word_1_639' title='bbox 2768 3133 3166 3188; x_wconf 89' lang='lat' dir='ltr'><strong>Constantinus</strong></span> <span class='ocrx_word' id='word_1_640' title='bbox 3220 3141 3447 3199; x_wconf 89' lang='lat' dir='ltr'><strong>autem,</strong></span> 
     </span>
    </p>
   </div>
   <div class='ocr_carea' id='block_1_92' title="bbox 1856 3223 3449 3294">
    <p class='ocr_par' dir='ltr' id='par_1_92' title="bbox 1856 3223 3449 3294">
     <span class='ocr_line' id='line_1_92' title="bbox 1856 3223 3449 3294; baseline -0.002 -14"><span class='ocrx_word' id='word_1_641' title='bbox 1856 3223 2173 3280; x_wconf 73' lang='lat' dir='ltr'><strong>Graecorum</strong></span> <span class='ocrx_word' id='word_1_642' title='bbox 2197 3240 2414 3292; x_wconf 90' lang='lat' dir='ltr'><strong>currus,</strong></span> <span class='ocrx_word' id='word_1_643' title='bbox 2450 3233 2506 3281; x_wconf 91' lang='lat' dir='ltr'><strong>et</strong></span> <span class='ocrx_word' id='word_1_644' title='bbox 2537 3224 2914 3280; x_wconf 83' lang='lat' dir='ltr'><strong>Romanorum</strong></span> <span class='ocrx_word' id='word_1_645' title='bbox 2951 3223 3164 3294; x_wconf 86' lang='lat' dir='ltr'><strong>auriga,</strong></span> <span class='ocrx_word' id='word_1_646' title='bbox 3206 3224 3449 3278; x_wconf 89' lang='lat' dir='ltr'><strong>ﬁliorum</strong></span> 
     </span>
    </p>
   </div>
   <div class='ocr_carea' id='block_1_93' title="bbox 1854 3314 3449 3375">
    <p class='ocr_par' dir='ltr' id='par_1_93' title="bbox 1854 3314 3449 3375">
     <span class='ocr_line' id='line_1_93' title="bbox 1854 3314 3449 3375; baseline -0.002 -1"><span class='ocrx_word' id='word_1_647' title='bbox 1854 3319 2159 3375; x_wconf 90' lang='lat' dir='ltr'><strong>alienorum</strong></span> <span class='ocrx_word' id='word_1_648' title='bbox 2210 3318 2387 3374; x_wconf 91' lang='lat' dir='ltr'><strong>noluit</strong></span> <span class='ocrx_word' id='word_1_649' title='bbox 2440 3317 2558 3373; x_wconf 87' lang='lat' dir='ltr'><strong>ﬁeri</strong></span> <span class='ocrx_word' id='word_1_650' title='bbox 2607 3317 2902 3373; x_wconf 90' lang='lat' dir='ltr'><strong>homicida.</strong></span> <span class='ocrx_word' id='word_1_651' title='bbox 2963 3314 3204 3372; x_wconf 84' lang='lat' dir='ltr'><strong>Herodes</strong></span> <span class='ocrx_word' id='word_1_652' title='bbox 3259 3315 3449 3371; x_wconf 86' lang='lat' dir='ltr'><strong>multis</strong></span> 
     </span>
    </p>
   </div>
   <div class='ocr_carea' id='block_1_94' title="bbox 1852 3408 3450 3481">
    <p class='ocr_par' dir='ltr' id='par_1_94' title="bbox 1852 3408 3450 3481">
     <span class='ocr_line' id='line_1_94' title="bbox 1852 3408 3450 3481; baseline 0.001 -15"><span class='ocrx_word' id='word_1_653' title='bbox 1852 3411 2031 3467; x_wconf 88' lang='lat' dir='ltr'><strong>modis</strong></span> <span class='ocrx_word' id='word_1_654' title='bbox 2046 3410 2160 3480; x_wconf 90' lang='lat' dir='ltr'><strong>jam</strong></span> <span class='ocrx_word' id='word_1_655' title='bbox 2185 3411 2434 3467; x_wconf 91' lang='lat' dir='ltr'><strong>addictus</strong></span> <span class='ocrx_word' id='word_1_656' title='bbox 2456 3418 2541 3466; x_wconf 91' lang='lat' dir='ltr'><strong>est</strong></span> <span class='ocrx_word' id='word_1_657' title='bbox 2565 3410 2768 3481; x_wconf 75' lang='lat' dir='ltr'><strong>poenis,</strong></span> <span class='ocrx_word' id='word_1_658' title='bbox 2795 3410 2927 3464; x_wconf 90' lang='lat' dir='ltr'><strong>dum</strong></span> <span class='ocrx_word' id='word_1_659' title='bbox 2959 3410 3028 3465; x_wconf 89' lang='lat' dir='ltr'><strong>ad</strong></span> <span class='ocrx_word' id='word_1_660' title='bbox 3057 3408 3450 3468; x_wconf 80' lang='lat' dir='ltr'><strong>eﬂ‘undendum</strong></span> 
     </span>
    </p>
   </div>
   <div class='ocr_carea' id='block_1_95' title="bbox 1855 3503 3455 3576">
    <p class='ocr_par' dir='ltr' id='par_1_95' title="bbox 1855 3503 3455 3576">
     <span class='ocr_line' id='line_1_95' title="bbox 1855 3503 3455 3576; baseline 0 -16"><span class='ocrx_word' id='word_1_661' title='bbox 1855 3505 2180 3576; x_wconf 88' lang='lat' dir='ltr'><strong>sanguinem</strong></span> <span class='ocrx_word' id='word_1_662' title='bbox 2237 3505 2474 3560; x_wconf 90' lang='lat' dir='ltr'><strong>ﬁliorum</strong></span> <span class='ocrx_word' id='word_1_663' title='bbox 2527 3520 2756 3560; x_wconf 91' lang='lat' dir='ltr'><strong>suorum</strong></span> <span class='ocrx_word' id='word_1_664' title='bbox 2803 3505 2974 3560; x_wconf 91' lang='lat' dir='ltr'><strong>armis</strong></span> <span class='ocrx_word' id='word_1_665' title='bbox 3024 3519 3135 3560; x_wconf 89' lang='lat' dir='ltr'><strong>non</strong></span> <span class='ocrx_word' id='word_1_666' title='bbox 3193 3503 3455 3573; x_wconf 84' lang='lat' dir='ltr'><strong>parcebat</strong></span> 
     </span>
    </p>
   </div>
   <div class='ocr_carea' id='block_1_96' title="bbox 1853 3597 3457 3672">
    <p class='ocr_par' dir='ltr' id='par_1_96' title="bbox 1853 3597 3457 3672">
     <span class='ocr_line' id='line_1_96' title="bbox 1853 3597 3457 3672; baseline 0.001 -19"><span class='ocrx_word' id='word_1_667' title='bbox 1853 3597 2652 3672; x_wconf 71' lang='lat' dir='ltr'><strong>ammnis(sic);Constantinus</strong></span> <span class='ocrx_word' id='word_1_668' title='bbox 2678 3607 2859 3654; x_wconf 92' lang='lat' dir='ltr'><strong>autem</strong></span> <span class='ocrx_word' id='word_1_669' title='bbox 2883 3614 2915 3655; x_wconf 93' lang='lat' dir='ltr'><strong>e</strong></span> <span class='ocrx_word' id='word_1_670' title='bbox 2931 3606 3122 3654; x_wconf 90' lang='lat' dir='ltr'><strong>contra</strong></span> <span class='ocrx_word' id='word_1_671' title='bbox 3147 3599 3216 3654; x_wconf 89' lang='lat' dir='ltr'><strong>ab</strong></span> <span class='ocrx_word' id='word_1_672' title='bbox 3230 3598 3457 3654; x_wconf 79' lang='lat' dir='ltr'><strong>aeternis</strong></span> 
     </span>
    </p>
   </div>
   <div class='ocr_carea' id='block_1_97' title="bbox 1852 3689 3450 3763">
    <p class='ocr_par' dir='ltr' id='par_1_97' title="bbox 1852 3689 3450 3763">
     <span class='ocr_line' id='line_1_97' title="bbox 1852 3689 3450 3763; baseline 0.001 -19"><span class='ocrx_word' id='word_1_673' title='bbox 1852 3689 2118 3748; x_wconf 89' lang='lat' dir='ltr'><strong>liberatus</strong></span> <span class='ocrx_word' id='word_1_674' title='bbox 2143 3695 2343 3762; x_wconf 87' lang='lat' dir='ltr'><strong>poenis,</strong></span> <span class='ocrx_word' id='word_1_675' title='bbox 2371 3692 2501 3763; x_wconf 90' lang='lat' dir='ltr'><strong>quia</strong></span> <span class='ocrx_word' id='word_1_676' title='bbox 2541 3693 2597 3746; x_wconf 90' lang='lat' dir='ltr'><strong>in</strong></span> <span class='ocrx_word' id='word_1_677' title='bbox 2626 3692 3006 3763; x_wconf 89' lang='lat' dir='ltr'><strong>redemptione</strong></span> <span class='ocrx_word' id='word_1_678' title='bbox 3034 3691 3278 3747; x_wconf 87' lang='lat' dir='ltr'><strong>ﬁliorum</strong></span> <span class='ocrx_word' id='word_1_679' title='bbox 3311 3691 3450 3746; x_wconf 91' lang='lat' dir='ltr'><strong>alie-</strong></span> 
     </span>
    </p>
   </div>
   <div class='ocr_carea' id='block_1_98' title="bbox 1852 3782 3453 3855">
    <p class='ocr_par' dir='ltr' id='par_1_98' title="bbox 1852 3782 3453 3855">
     <span class='ocr_line' id='line_1_98' title="bbox 1852 3782 3453 3855; baseline -0.001 -16"><span class='ocrx_word' id='word_1_680' title='bbox 1852 3800 2050 3840; x_wconf 89' lang='lat' dir='ltr'><strong>norum</strong></span> <span class='ocrx_word' id='word_1_681' title='bbox 2096 3785 2274 3855; x_wconf 70' lang='lat' dir='ltr'><strong>poenis</strong></span> <span class='ocrx_word' id='word_1_682' title='bbox 2311 3785 2570 3855; x_wconf 91' lang='lat' dir='ltr'><strong>parcebat</strong></span> <span class='ocrx_word' id='word_1_683' title='bbox 2617 3784 2832 3840; x_wconf 91' lang='lat' dir='ltr'><strong>alienis.</strong></span> <span class='ocrx_word' id='word_1_684' title='bbox 2864 3782 3112 3840; x_wconf 86' lang='lat' dir='ltr'><strong>Herodes</strong></span> <span class='ocrx_word' id='word_1_685' title='bbox 3142 3782 3387 3852; x_wconf 90' lang='lat' dir='ltr'><strong>seipsum</strong></span> <span class='ocrx_word' id='word_1_686' title='bbox 3416 3797 3453 3838; x_wconf 86' lang='lat' dir='ltr'><strong>a</strong></span> 
     </span>
    </p>
   </div>
   <div class='ocr_carea' id='block_1_99' title="bbox 1854 3871 3444 3947">
    <p class='ocr_par' dir='ltr' id='par_1_99' title="bbox 1854 3871 3444 3947">
     <span class='ocr_line' id='line_1_99' title="bbox 1854 3871 3444 3947; baseline 0 -18"><span class='ocrx_word' id='word_1_687' title='bbox 1854 3873 1996 3930; x_wconf 88' lang='lat' dir='ltr'><strong>facie</strong></span> <span class='ocrx_word' id='word_1_688' title='bbox 2045 3873 2264 3931; x_wconf 89' lang='lat' dir='ltr'><strong>Domini</strong></span> <span class='ocrx_word' id='word_1_689' title='bbox 2299 3876 2518 3947; x_wconf 88' lang='lat' dir='ltr'><strong>longius</strong></span> <span class='ocrx_word' id='word_1_690' title='bbox 2563 3875 2742 3947; x_wconf 89' lang='lat' dir='ltr'><strong>ejecit,</strong></span> <span class='ocrx_word' id='word_1_691' title='bbox 2779 3875 2908 3930; x_wconf 90' lang='lat' dir='ltr'><strong>dum</strong></span> <span class='ocrx_word' id='word_1_692' title='bbox 2965 3875 3022 3930; x_wconf 91' lang='lat' dir='ltr'><strong>in</strong></span> <span class='ocrx_word' id='word_1_693' title='bbox 3058 3871 3444 3929; x_wconf 75' lang='lat' dir='ltr'><strong>interiectione</strong></span> 
     </span>
    </p>
   </div>
   <div class='ocr_carea' id='block_1_100' title="bbox 1854 3964 3454 4039">
    <p class='ocr_par' dir='ltr' id='par_1_100' title="bbox 1854 3964 3454 4039">
     <span class='ocr_line' id='line_1_100' title="bbox 1854 3964 3454 4039; baseline 0 -19"><span class='ocrx_word' id='word_1_694' title='bbox 1854 3967 2208 4037; x_wconf 89' lang='lat' dir='ltr'><strong>parvulorum</strong></span> <span class='ocrx_word' id='word_1_695' title='bbox 2236 3982 2295 4022; x_wconf 91' lang='lat' dir='ltr'><strong>se</strong></span> <span class='ocrx_word' id='word_1_696' title='bbox 2316 3967 2493 4038; x_wconf 92' lang='lat' dir='ltr'><strong>ipsum</strong></span> <span class='ocrx_word' id='word_1_697' title='bbox 2515 3967 2698 4039; x_wconf 90' lang='lat' dir='ltr'><strong>potius</strong></span> <span class='ocrx_word' id='word_1_698' title='bbox 2713 3965 3019 4035; x_wconf 88' lang='lat' dir='ltr'><strong>interfecit;</strong></span> <span class='ocrx_word' id='word_1_699' title='bbox 3051 3964 3454 4021; x_wconf 79' lang='lat' dir='ltr'><strong>Constantinus</strong></span> 
     </span>
    </p>
   </div>
   <div class='ocr_carea' id='block_1_101' title="bbox 1857 4056 3450 4132">
    <p class='ocr_par' dir='ltr' id='par_1_101' title="bbox 1857 4056 3450 4132">
     <span class='ocr_line' id='line_1_101' title="bbox 1857 4056 3450 4132; baseline -0.001 -18"><span class='ocrx_word' id='word_1_700' title='bbox 1857 4067 2038 4116; x_wconf 89' lang='lat' dir='ltr'><strong>autem</strong></span> <span class='ocrx_word' id='word_1_701' title='bbox 2091 4060 2310 4116; x_wconf 90' lang='lat' dir='ltr'><strong>sibimet</strong></span> <span class='ocrx_word' id='word_1_702' title='bbox 2348 4060 2544 4116; x_wconf 91' lang='lat' dir='ltr'><strong>melius</strong></span> <span class='ocrx_word' id='word_1_703' title='bbox 2567 4061 2847 4132; x_wconf 90' lang='lat' dir='ltr'><strong>parcebat,</strong></span> <span class='ocrx_word' id='word_1_704' title='bbox 2889 4060 3021 4115; x_wconf 90' lang='lat' dir='ltr'><strong>dum</strong></span> <span class='ocrx_word' id='word_1_705' title='bbox 3069 4056 3450 4114; x_wconf 86' lang='lat' dir='ltr'><strong>innocentium</strong></span> 
     </span>
    </p>
   </div>
   <div class='ocr_carea' id='block_1_102' title="bbox 1857 4145 3453 4225">
    <p class='ocr_par' dir='ltr' id='par_1_102' title="bbox 1857 4145 3453 4225">
     <span class='ocr_line' id='line_1_102' title="bbox 1857 4145 3453 4225; baseline -0.002 -18"><span class='ocrx_word' id='word_1_706' title='bbox 1857 4152 2110 4224; x_wconf 88' lang='lat' dir='ltr'><strong>sanguini</strong></span> <span class='ocrx_word' id='word_1_707' title='bbox 2135 4158 2388 4223; x_wconf 82' lang='lat' dir='ltr'><strong>parcens,</strong></span> <span class='ocrx_word' id='word_1_708' title='bbox 2432 4169 2491 4209; x_wconf 92' lang='lat' dir='ltr'><strong>se</strong></span> <span class='ocrx_word' id='word_1_709' title='bbox 2516 4155 2697 4225; x_wconf 91' lang='lat' dir='ltr'><strong>ipsum</strong></span> <span class='ocrx_word' id='word_1_710' title='bbox 2720 4153 3031 4209; x_wconf 88' lang='lat' dir='ltr'><strong>interﬁcere</strong></span> <span class='ocrx_word' id='word_1_711' title='bbox 3069 4150 3306 4206; x_wconf 90' lang='lat' dir='ltr'><strong>nolebat.</strong></span> <span class='ocrx_word' id='word_1_712' title='bbox 3341 4145 3453 4204; x_wconf 86' lang='lat' dir='ltr'><strong>Sed</strong></span> 
     </span>
    </p>
   </div>
   <div class='ocr_carea' id='block_1_103' title="bbox 1857 4239 3449 4317">
    <p class='ocr_par' dir='ltr' id='par_1_103' title="bbox 1857 4239 3449 4317">
     <span class='ocr_line' id='line_1_103' title="bbox 1857 4239 3449 4317; baseline -0.002 -18"><span class='ocrx_word' id='word_1_713' title='bbox 1857 4244 1985 4314; x_wconf 90' lang='lat' dir='ltr'><strong>quia</strong></span> <span class='ocrx_word' id='word_1_714' title='bbox 2021 4261 2169 4301; x_wconf 90' lang='lat' dir='ltr'><strong>nunc</strong></span> <span class='ocrx_word' id='word_1_715' title='bbox 2218 4247 2360 4302; x_wconf 89' lang='lat' dir='ltr'><strong>inter</strong></span> <span class='ocrx_word' id='word_1_716' title='bbox 2412 4263 2610 4303; x_wconf 88' lang='lat' dir='ltr'><strong>manus</strong></span> <span class='ocrx_word' id='word_1_717' title='bbox 2659 4255 2881 4302; x_wconf 89' lang='lat' dir='ltr'><strong>nostras</strong></span> <span class='ocrx_word' id='word_1_718' title='bbox 2929 4245 3176 4317; x_wconf 87' lang='lat' dir='ltr'><strong>ejusdem</strong></span> <span class='ocrx_word' id='word_1_719' title='bbox 3223 4239 3449 4299; x_wconf 83' lang='lat' dir='ltr'><strong>nefandi</strong></span> 
     </span>
    </p>
   </div>
   <div class='ocr_carea' id='block_1_104' title="bbox 1857 4333 3450 4405">
    <p class='ocr_par' dir='ltr' id='par_1_104' title="bbox 1857 4333 3450 4405">
     <span class='ocr_line' id='line_1_104' title="bbox 1857 4333 3450 4405; baseline 0.001 -17"><span class='ocrx_word' id='word_1_720' title='bbox 1857 4333 2087 4392; x_wconf 84' lang='lat' dir='ltr'><strong>Herodis</strong></span> <span class='ocrx_word' id='word_1_721' title='bbox 2137 4338 2326 4393; x_wconf 88' lang='lat' dir='ltr'><strong>incidit</strong></span> <span class='ocrx_word' id='word_1_722' title='bbox 2355 4339 2582 4405; x_wconf 90' lang='lat' dir='ltr'><strong>mentio,</strong></span> <span class='ocrx_word' id='word_1_723' title='bbox 2614 4339 2920 4394; x_wconf 90' lang='lat' dir='ltr'><strong>cruciatum</strong></span> <span class='ocrx_word' id='word_1_724' title='bbox 2955 4336 3292 4392; x_wconf 88' lang='lat' dir='ltr'><strong>inﬁrmitatis</strong></span> <span class='ocrx_word' id='word_1_725' title='bbox 3327 4335 3450 4405; x_wconf 86' lang='lat' dir='ltr'><strong>ejus</strong></span> 
     </span>
    </p>
   </div>
   <div class='ocr_carea' id='block_1_105' title="bbox 1856 4427 3452 4502">
    <p class='ocr_par' dir='ltr' id='par_1_105' title="bbox 1856 4427 3452 4502">
     <span class='ocr_line' id='line_1_105' title="bbox 1856 4427 3452 4502; baseline -0.003 -17"><span class='ocrx_word' id='word_1_726' title='bbox 1856 4437 1910 4485; x_wconf 91' lang='lat' dir='ltr'><strong>et</strong></span> <span class='ocrx_word' id='word_1_727' title='bbox 1933 4437 2164 4485; x_wconf 90' lang='lat' dir='ltr'><strong>mortem</strong></span> <span class='ocrx_word' id='word_1_728' title='bbox 2196 4446 2307 4485; x_wconf 90' lang='lat' dir='ltr'><strong>non</strong></span> <span class='ocrx_word' id='word_1_729' title='bbox 2336 4431 2598 4488; x_wconf 89' lang='lat' dir='ltr'><strong>debemus</strong></span> <span class='ocrx_word' id='word_1_730' title='bbox 2626 4431 2905 4502; x_wconf 89' lang='lat' dir='ltr'><strong>praeterire</strong></span> <span class='ocrx_word' id='word_1_731' title='bbox 2940 4430 3183 4496; x_wconf 88' lang='lat' dir='ltr'><strong>silentio,</strong></span> <span class='ocrx_word' id='word_1_732' title='bbox 3210 4427 3452 4482; x_wconf 83' lang='lat' dir='ltr'><strong>maxime</strong></span> 
     </span>
    </p>
   </div>
   <div class='ocr_carea' id='block_1_106' title="bbox 1858 4522 3454 4594">
    <p class='ocr_par' dir='ltr' id='par_1_106' title="bbox 1858 4522 3454 4594">
     <span class='ocr_line' id='line_1_106' title="bbox 1858 4522 3454 4594; baseline -0.002 -15"><span class='ocrx_word' id='word_1_733' title='bbox 1858 4539 1984 4579; x_wconf 92' lang='lat' dir='ltr'><strong>cum</strong></span> <span class='ocrx_word' id='word_1_734' title='bbox 2011 4531 2134 4594; x_wconf 92' lang='lat' dir='ltr'><strong>post</strong></span> <span class='ocrx_word' id='word_1_735' title='bbox 2161 4533 2396 4580; x_wconf 90' lang='lat' dir='ltr'><strong>mortem</strong></span> <span class='ocrx_word' id='word_1_736' title='bbox 2435 4541 2594 4581; x_wconf 92' lang='lat' dir='ltr'><strong>suam</strong></span> <span class='ocrx_word' id='word_1_737' title='bbox 2632 4522 2950 4580; x_wconf 86' lang='lat' dir='ltr'><strong>venenifera</strong></span> <span class='ocrx_word' id='word_1_738' title='bbox 3001 4523 3175 4593; x_wconf 90' lang='lat' dir='ltr'><strong>ipsius</strong></span> <span class='ocrx_word' id='word_1_739' title='bbox 3203 4523 3342 4577; x_wconf 88' lang='lat' dir='ltr'><strong>bene</strong></span> <span class='ocrx_word' id='word_1_740' title='bbox 3371 4529 3454 4576; x_wconf 86' lang='lat' dir='ltr'><strong>te-</strong></span> 
     </span>
    </p>
   </div>
   <div class='ocr_carea' id='block_1_107' title="bbox 1860 4611 3449 4687">
    <p class='ocr_par' dir='ltr' id='par_1_107' title="bbox 1860 4611 3449 4687">
     <span class='ocr_line' id='line_1_107' title="bbox 1860 4611 3449 4687; baseline -0.005 -13"><span class='ocrx_word' id='word_1_741' title='bbox 1860 4624 2134 4674; x_wconf 86' lang='lat' dir='ltr'><strong>starentur</strong></span> <span class='ocrx_word' id='word_1_742' title='bbox 2161 4617 2380 4673; x_wconf 90' lang='lat' dir='ltr'><strong>aconita</strong></span> <span class='ocrx_word' id='word_1_743' title='bbox 2402 4616 2629 4687; x_wconf 47' lang='lat' dir='ltr'><strong>quisﬁvel</strong></span> <span class='ocrx_word' id='word_1_744' title='bbox 2653 4615 2836 4687; x_wconf 91' lang='lat' dir='ltr'><strong>qualis</strong></span> <span class='ocrx_word' id='word_1_745' title='bbox 2859 4622 2986 4670; x_wconf 90' lang='lat' dir='ltr'><strong>ante</strong></span> <span class='ocrx_word' id='word_1_746' title='bbox 3011 4612 3208 4669; x_wconf 89' lang='lat' dir='ltr'><strong>fuisset</strong></span> <span class='ocrx_word' id='word_1_747' title='bbox 3234 4613 3288 4666; x_wconf 92' lang='lat' dir='ltr'><strong>in</strong></span> <span class='ocrx_word' id='word_1_748' title='bbox 3315 4611 3449 4668; x_wconf 87' lang='lat' dir='ltr'><strong>vita.</strong></span> 
     </span>
    </p>
   </div>
   <div class='ocr_carea' id='block_1_108' title="bbox 1859 4705 3453 4780">
    <p class='ocr_par' dir='ltr' id='par_1_108' title="bbox 1859 4705 3453 4780">
     <span class='ocr_line' id='line_1_108' title="bbox 1859 4705 3453 4780; baseline 0 -20"><span class='ocrx_word' id='word_1_749' title='bbox 1859 4705 2000 4764; x_wconf 86' lang='lat' dir='ltr'><strong>Huic</strong></span> <span class='ocrx_word' id='word_1_750' title='bbox 2021 4709 2185 4780; x_wconf 80' lang='lat' dir='ltr'><strong>igitur</strong></span> <span class='ocrx_word' id='word_1_751' title='bbox 2214 4717 2340 4763; x_wconf 86' lang='lat' dir='ltr'><strong>ante</strong></span> <span class='ocrx_word' id='word_1_752' title='bbox 2371 4709 2578 4764; x_wconf 90' lang='lat' dir='ltr'><strong>obitum</strong></span> <span class='ocrx_word' id='word_1_753' title='bbox 2609 4723 2772 4764; x_wconf 91' lang='lat' dir='ltr'><strong>suum</strong></span> <span class='ocrx_word' id='word_1_754' title='bbox 2802 4723 2913 4763; x_wconf 91' lang='lat' dir='ltr'><strong>non</strong></span> <span class='ocrx_word' id='word_1_755' title='bbox 2959 4706 3125 4761; x_wconf 91' lang='lat' dir='ltr'><strong>modo</strong></span> <span class='ocrx_word' id='word_1_756' title='bbox 3155 4705 3280 4760; x_wconf 91' lang='lat' dir='ltr'><strong>vitae</strong></span> <span class='ocrx_word' id='word_1_757' title='bbox 3308 4720 3453 4776; x_wconf 77' lang='lat' dir='ltr'><strong>pra:-</strong></span> 
     </span>
    </p>
   </div>
   <div class='ocr_carea' id='block_1_109' title="bbox 1861 4799 3455 4868">
    <p class='ocr_par' dir='ltr' id='par_1_109' title="bbox 1861 4799 3455 4868">
     <span class='ocr_line' id='line_1_109' title="bbox 1861 4799 3455 4868; baseline -0.004 -10"><span class='ocrx_word' id='word_1_758' title='bbox 1861 4803 2030 4858; x_wconf 89' lang='lat' dir='ltr'><strong>sentis</strong></span> <span class='ocrx_word' id='word_1_759' title='bbox 2059 4802 2287 4868; x_wconf 87' lang='lat' dir='ltr'><strong>exitum,</strong></span> <span class='ocrx_word' id='word_1_760' title='bbox 2315 4802 2410 4857; x_wconf 91' lang='lat' dir='ltr'><strong>sed</strong></span> <span class='ocrx_word' id='word_1_761' title='bbox 2434 4802 2600 4857; x_wconf 92' lang='lat' dir='ltr'><strong>etiam</strong></span> <span class='ocrx_word' id='word_1_762' title='bbox 2624 4800 2824 4857; x_wconf 84' lang='lat' dir='ltr'><strong>futurae</strong></span> <span class='ocrx_word' id='word_1_763' title='bbox 2845 4800 3131 4857; x_wconf 89' lang='lat' dir='ltr'><strong>videbatur</strong></span> <span class='ocrx_word' id='word_1_764' title='bbox 3163 4799 3455 4854; x_wconf 90' lang='lat' dir='ltr'><strong>imminere</strong></span> 
     </span>
    </p>
   </div>
   <div class='ocr_carea' id='block_1_110' title="bbox 1860 4892 3450 4966">
    <p class='ocr_par' dir='ltr' id='par_1_110' title="bbox 1860 4892 3450 4966">
     <span class='ocr_line' id='line_1_110' title="bbox 1860 4892 3450 4966; baseline -0.007 -14"><span class='ocrx_word' id='word_1_765' title='bbox 1860 4896 2210 4966; x_wconf 90' lang='lat' dir='ltr'><strong>supplicium,</strong></span> <span class='ocrx_word' id='word_1_766' title='bbox 2247 4896 2479 4953; x_wconf 91' lang='lat' dir='ltr'><strong>diversis</strong></span> <span class='ocrx_word' id='word_1_767' title='bbox 2501 4895 2753 4952; x_wconf 90' lang='lat' dir='ltr'><strong>videlicet</strong></span> <span class='ocrx_word' id='word_1_768' title='bbox 2776 4895 3191 4950; x_wconf 88' lang='lat' dir='ltr'><strong>inﬁrmitatibus</strong></span> <span class='ocrx_word' id='word_1_769' title='bbox 3221 4892 3300 4947; x_wconf 91' lang='lat' dir='ltr'><strong>sic</strong></span> <span class='ocrx_word' id='word_1_770' title='bbox 3325 4904 3450 4944; x_wconf 87' lang='lat' dir='ltr'><strong>eum</strong></span> 
     </span>
    </p>
   </div>
   <div class='ocr_carea' id='block_1_111' title="bbox 1858 4983 3454 5058">
    <p class='ocr_par' dir='ltr' id='par_1_111' title="bbox 1858 4983 3454 5058">
     <span class='ocr_line' id='line_1_111' title="bbox 1858 4983 3454 5058; baseline -0.006 -17"><span class='ocrx_word' id='word_1_771' title='bbox 1858 4987 2066 5043; x_wconf 87' lang='lat' dir='ltr'><strong>ultione</strong></span> <span class='ocrx_word' id='word_1_772' title='bbox 2116 4995 2482 5058; x_wconf 90' lang='lat' dir='ltr'><strong>prosequente</strong></span> <span class='ocrx_word' id='word_1_773' title='bbox 2520 4986 2726 5054; x_wconf 89' lang='lat' dir='ltr'><strong>divina,</strong></span> <span class='ocrx_word' id='word_1_774' title='bbox 2779 4993 2840 5040; x_wconf 92' lang='lat' dir='ltr'><strong>ut</strong></span> <span class='ocrx_word' id='word_1_775' title='bbox 2877 4985 3030 5040; x_wconf 90' lang='lat' dir='ltr'><strong>nulla</strong></span> <span class='ocrx_word' id='word_1_776' title='bbox 3075 4983 3181 5039; x_wconf 91' lang='lat' dir='ltr'><strong>sibi</strong></span> <span class='ocrx_word' id='word_1_777' title='bbox 3221 4994 3454 5051; x_wconf 89' lang='lat' dir='ltr'><strong>prorsus</strong></span> 
     </span>
    </p>
   </div>
   <div class='ocr_carea' id='block_1_112' title="bbox 1856 5074 3449 5152">
    <p class='ocr_par' dir='ltr' id='par_1_112' title="bbox 1856 5074 3449 5152">
     <span class='ocr_line' id='line_1_112' title="bbox 1856 5074 3449 5152; baseline -0.007 -15"><span class='ocrx_word' id='word_1_778' title='bbox 1856 5089 2044 5152; x_wconf 90' lang='lat' dir='ltr'><strong>posset</strong></span> <span class='ocrx_word' id='word_1_779' title='bbox 2085 5080 2367 5137; x_wconf 90' lang='lat' dir='ltr'><strong>subveniri</strong></span> <span class='ocrx_word' id='word_1_780' title='bbox 2415 5080 2707 5137; x_wconf 90' lang='lat' dir='ltr'><strong>medicina.</strong></span> <span class='ocrx_word' id='word_1_781' title='bbox 2740 5079 2847 5135; x_wconf 89' lang='lat' dir='ltr'><strong>Pro</strong></span> <span class='ocrx_word' id='word_1_782' title='bbox 2876 5077 3138 5135; x_wconf 89' lang='lat' dir='ltr'><strong>membris</strong></span> <span class='ocrx_word' id='word_1_783' title='bbox 3168 5074 3314 5131; x_wconf 91' lang='lat' dir='ltr'><strong>enim</strong></span> <span class='ocrx_word' id='word_1_784' title='bbox 3343 5088 3449 5142; x_wconf 92' lang='lat' dir='ltr'><strong>pu-</strong></span> 
     </span>
    </p>
   </div>
   <div class='ocr_carea' id='block_1_113' title="bbox 1856 5166 3456 5246">
    <p class='ocr_par' dir='ltr' id='par_1_113' title="bbox 1856 5166 3456 5246">
     <span class='ocr_line' id='line_1_113' title="bbox 1856 5166 3456 5246; baseline -0.006 -17"><span class='ocrx_word' id='word_1_785' title='bbox 1856 5175 2221 5230; x_wconf 89' lang='lat' dir='ltr'><strong>trescentibus</strong></span> <span class='ocrx_word' id='word_1_786' title='bbox 2242 5182 2297 5230; x_wconf 91' lang='lat' dir='ltr'><strong>et</strong></span> <span class='ocrx_word' id='word_1_787' title='bbox 2324 5175 2499 5231; x_wconf 89' lang='lat' dir='ltr'><strong>oculis</strong></span> <span class='ocrx_word' id='word_1_788' title='bbox 2531 5182 2726 5246; x_wconf 89' lang='lat' dir='ltr'><strong>sponte</strong></span> <span class='ocrx_word' id='word_1_789' title='bbox 2765 5171 3174 5236; x_wconf 91' lang='lat' dir='ltr'><strong>decedentibus,</strong></span> <span class='ocrx_word' id='word_1_790' title='bbox 3220 5166 3456 5222; x_wconf 87' lang='lat' dir='ltr'><strong>odiosus</strong></span> 
     </span>
    </p>
   </div>
   <div class='ocr_carea' id='block_1_114' title="bbox 1863 5257 3452 5336">
    <p class='ocr_par' dir='ltr' id='par_1_114' title="bbox 1863 5257 3452 5336">
     <span class='ocr_line' id='line_1_114' title="bbox 1863 5257 3452 5336; baseline -0.007 -14"><span class='ocrx_word' id='word_1_791' title='bbox 1863 5276 1982 5323; x_wconf 90' lang='lat' dir='ltr'><strong>erat</strong></span> <span class='ocrx_word' id='word_1_792' title='bbox 2006 5266 2334 5336; x_wconf 88' lang='lat' dir='ltr'><strong>astantibus,</strong></span> <span class='ocrx_word' id='word_1_793' title='bbox 2380 5275 2436 5322; x_wconf 93' lang='lat' dir='ltr'><strong>et</strong></span> <span class='ocrx_word' id='word_1_794' title='bbox 2461 5266 2703 5322; x_wconf 89' lang='lat' dir='ltr'><strong>odiosior</strong></span> <span class='ocrx_word' id='word_1_795' title='bbox 2750 5263 3142 5330; x_wconf 89' lang='lat' dir='ltr'><strong>assidentibus,</strong></span> <span class='ocrx_word' id='word_1_796' title='bbox 3187 5257 3452 5331; x_wconf 89' lang='lat' dir='ltr'><strong>quoniam</strong></span> 
     </span>
    </p>
   </div>
   <div class='ocr_carea' id='block_1_115' title="bbox 1861 5353 3457 5432">
    <p class='ocr_par' dir='ltr' id='par_1_115' title="bbox 1861 5353 3457 5432">
     <span class='ocr_line' id='line_1_115' title="bbox 1861 5353 3457 5432; baseline -0.006 -19"><span class='ocrx_word' id='word_1_797' title='bbox 1861 5374 1962 5432; x_wconf 88' lang='lat' dir='ltr'><strong>pro</strong></span> <span class='ocrx_word' id='word_1_798' title='bbox 1990 5359 2162 5414; x_wconf 90' lang='lat' dir='ltr'><strong>nimio</strong></span> <span class='ocrx_word' id='word_1_799' title='bbox 2188 5359 2438 5430; x_wconf 90' lang='lat' dir='ltr'><strong>corporis</strong></span> <span class='ocrx_word' id='word_1_800' title='bbox 2469 5375 2535 5416; x_wconf 92' lang='lat' dir='ltr'><strong>ac</strong></span> <span class='ocrx_word' id='word_1_801' title='bbox 2580 5359 2783 5414; x_wconf 91' lang='lat' dir='ltr'><strong>virium</strong></span> <span class='ocrx_word' id='word_1_802' title='bbox 2824 5355 3039 5413; x_wconf 85' lang='lat' dir='ltr'><strong>defectu</strong></span> <span class='ocrx_word' id='word_1_803' title='bbox 3086 5353 3291 5409; x_wconf 87' lang='lat' dir='ltr'><strong>fetidus</strong></span> <span class='ocrx_word' id='word_1_804' title='bbox 3333 5357 3457 5405; x_wconf 88' lang='lat' dir='ltr'><strong>erat</strong></span> 
     </span>
    </p>
   </div>
   <div class='ocr_carea' id='block_1_116' title="bbox 1862 5441 3450 5524">
    <p class='ocr_par' dir='ltr' id='par_1_116' title="bbox 1862 5441 3450 5524">
     <span class='ocr_line' id='line_1_116' title="bbox 1862 5441 3450 5524; baseline -0.008 -16"><span class='ocrx_word' id='word_1_805' title='bbox 1862 5452 2105 5508; x_wconf 88' lang='lat' dir='ltr'><strong>anhelitu</strong></span> <span class='ocrx_word' id='word_1_806' title='bbox 2132 5461 2186 5508; x_wconf 92' lang='lat' dir='ltr'><strong>et</strong></span> <span class='ocrx_word' id='word_1_807' title='bbox 2215 5451 2508 5509; x_wconf 89' lang='lat' dir='ltr'><strong>indecorus</strong></span> <span class='ocrx_word' id='word_1_808' title='bbox 2536 5459 2780 5524; x_wconf 89' lang='lat' dir='ltr'><strong>aspectu.</strong></span> <span class='ocrx_word' id='word_1_809' title='bbox 2815 5447 2885 5503; x_wconf 90' lang='lat' dir='ltr'><strong>Et</strong></span> <span class='ocrx_word' id='word_1_810' title='bbox 2922 5447 3052 5504; x_wconf 86' lang='lat' dir='ltr'><strong>licet</strong></span> <span class='ocrx_word' id='word_1_811' title='bbox 3094 5446 3152 5501; x_wconf 92' lang='lat' dir='ltr'><strong>in</strong></span> <span class='ocrx_word' id='word_1_812' title='bbox 3201 5441 3450 5500; x_wconf 89' lang='lat' dir='ltr'><strong>inferiori</strong></span> 
     </span>
    </p>
   </div>
   <div class='ocr_carea' id='block_1_117' title="bbox 1859 5537 3452 5618">
    <p class='ocr_par' dir='ltr' id='par_1_117' title="bbox 1859 5537 3452 5618">
     <span class='ocr_line' id='line_1_117' title="bbox 1859 5537 3452 5618; baseline -0.007 -17"><span class='ocrx_word' id='word_1_813' title='bbox 1859 5553 2015 5616; x_wconf 89' lang='lat' dir='ltr'><strong>parte</strong></span> <span class='ocrx_word' id='word_1_814' title='bbox 2041 5552 2188 5601; x_wconf 91' lang='lat' dir='ltr'><strong>totus</strong></span> <span class='ocrx_word' id='word_1_815' title='bbox 2236 5561 2375 5618; x_wconf 88' lang='lat' dir='ltr'><strong>pene</strong></span> <span class='ocrx_word' id='word_1_816' title='bbox 2419 5545 2661 5617; x_wconf 91' lang='lat' dir='ltr'><strong>liquidus</strong></span> <span class='ocrx_word' id='word_1_817' title='bbox 2689 5551 2835 5599; x_wconf 90' lang='lat' dir='ltr'><strong>esset</strong></span> <span class='ocrx_word' id='word_1_818' title='bbox 2865 5557 2930 5598; x_wconf 91' lang='lat' dir='ltr'><strong>ac</strong></span> <span class='ocrx_word' id='word_1_819' title='bbox 2961 5539 3200 5607; x_wconf 88' lang='lat' dir='ltr'><strong>luridus,</strong></span> <span class='ocrx_word' id='word_1_820' title='bbox 3249 5537 3452 5592; x_wconf 91' lang='lat' dir='ltr'><strong>humor</strong></span> 
     </span>
    </p>
   </div>
   <div class='ocr_carea' id='block_1_118' title="bbox 1863 5627 3456 5708">
    <p class='ocr_par' dir='ltr' id='par_1_118' title="bbox 1863 5627 3456 5708">
     <span class='ocr_line' id='line_1_118' title="bbox 1863 5627 3456 5708; baseline -0.008 -16"><span class='ocrx_word' id='word_1_821' title='bbox 1863 5646 2044 5692; x_wconf 89' lang='lat' dir='ltr'><strong>tamen</strong></span> <span class='ocrx_word' id='word_1_822' title='bbox 2068 5637 2121 5691; x_wconf 91' lang='lat' dir='ltr'><strong>in</strong></span> <span class='ocrx_word' id='word_1_823' title='bbox 2144 5637 2374 5708; x_wconf 89' lang='lat' dir='ltr'><strong>pedibus</strong></span> <span class='ocrx_word' id='word_1_824' title='bbox 2393 5645 2446 5693; x_wconf 88' lang='lat' dir='ltr'><strong>et</strong></span> <span class='ocrx_word' id='word_1_825' title='bbox 2461 5646 2643 5692; x_wconf 89' lang='lat' dir='ltr'><strong>tumor</strong></span> <span class='ocrx_word' id='word_1_826' title='bbox 2660 5642 2778 5690; x_wconf 90' lang='lat' dir='ltr'><strong>erat</strong></span> <span class='ocrx_word' id='word_1_827' title='bbox 2801 5633 2853 5688; x_wconf 89' lang='lat' dir='ltr'><strong>in</strong></span> <span class='ocrx_word' id='word_1_828' title='bbox 2873 5631 3160 5698; x_wconf 89' lang='lat' dir='ltr'><strong>cruribus;</strong></span> <span class='ocrx_word' id='word_1_829' title='bbox 3184 5627 3279 5684; x_wconf 91' lang='lat' dir='ltr'><strong>sed</strong></span> <span class='ocrx_word' id='word_1_830' title='bbox 3291 5635 3346 5681; x_wconf 91' lang='lat' dir='ltr'><strong>et</strong></span> <span class='ocrx_word' id='word_1_831' title='bbox 3365 5640 3456 5680; x_wconf 83' lang='lat' dir='ltr'><strong>ve-</strong></span> 
     </span>
    </p>
   </div>
   <div class='ocr_carea' id='block_1_119' title="bbox 1863 5723 3455 5803">
    <p class='ocr_par' dir='ltr' id='par_1_119' title="bbox 1863 5723 3455 5803">
     <span class='ocr_line' id='line_1_119' title="bbox 1863 5723 3455 5803; baseline -0.008 -17"><span class='ocrx_word' id='word_1_832' title='bbox 1863 5733 2031 5786; x_wconf 85' lang='lat' dir='ltr'><strong>renda</strong></span> <span class='ocrx_word' id='word_1_833' title='bbox 2055 5731 2225 5802; x_wconf 90' lang='lat' dir='ltr'><strong>ipsius</strong></span> <span class='ocrx_word' id='word_1_834' title='bbox 2247 5731 2461 5803; x_wconf 88' lang='lat' dir='ltr'><strong>putrida</strong></span> <span class='ocrx_word' id='word_1_835' title='bbox 2487 5739 2540 5786; x_wconf 92' lang='lat' dir='ltr'><strong>et</strong></span> <span class='ocrx_word' id='word_1_836' title='bbox 2562 5728 2828 5787; x_wconf 89' lang='lat' dir='ltr'><strong>scatentia</strong></span> <span class='ocrx_word' id='word_1_837' title='bbox 2847 5725 3125 5783; x_wconf 88' lang='lat' dir='ltr'><strong>vermibus</strong></span> <span class='ocrx_word' id='word_1_838' title='bbox 3145 5723 3237 5779; x_wconf 82' lang='lat' dir='ltr'><strong>vix</strong></span> <span class='ocrx_word' id='word_1_839' title='bbox 3258 5733 3455 5790; x_wconf 81' lang='lat' dir='ltr'><strong>exspe-</strong></span> 
     </span>
    </p>
   </div>
   <div class='ocr_carea' id='block_1_120' title="bbox 1869 5815 3456 5900">
    <p class='ocr_par' dir='ltr' id='par_1_120' title="bbox 1869 5815 3456 5900">
     <span class='ocr_line' id='line_1_120' title="bbox 1869 5815 3456 5900; baseline -0.005 -18"><span class='ocrx_word' id='word_1_840' title='bbox 1869 5828 2091 5884; x_wconf 86' lang='lat' dir='ltr'><strong>ctahant</strong></span> <span class='ocrx_word' id='word_1_841' title='bbox 2122 5843 2408 5900; x_wconf 81' lang='lat' dir='ltr'><strong>quousque</strong></span> <span class='ocrx_word' id='word_1_842' title='bbox 2459 5826 2580 5882; x_wconf 79' lang='lat' dir='ltr'><strong>vita:</strong></span> <span class='ocrx_word' id='word_1_843' title='bbox 2630 5825 2777 5884; x_wconf 85' lang='lat' dir='ltr'><strong>illius</strong></span> <span class='ocrx_word' id='word_1_844' title='bbox 2814 5819 3143 5881; x_wconf 87' lang='lat' dir='ltr'><strong>miserabilis</strong></span> <span class='ocrx_word' id='word_1_845' title='bbox 3171 5815 3456 5874; x_wconf 66' lang='lat' dir='ltr'><strong>adveniret</strong></span> 
     </span>
    </p>
   </div>
   <div class='ocr_carea' id='block_1_121' title="bbox 3090 5913 3164 5975">
    <p class='ocr_par' dir='ltr' id='par_1_121' title="bbox 3090 5913 3164 5975">
     <span class='ocr_line' id='line_1_121' title="bbox 3090 5913 3164 5975; baseline -0.014 0"><span class='ocrx_word' id='word_1_846' title='bbox 3090 5913 3164 5975; x_wconf 88' lang='grc'><strong>31</strong></span> 
     </span>
    </p>
   </div>
  </div>
