3960 6316
572 343 679 404 971

1509 321 2230 394 ΒΕΒΕΝΕΟΞΙἈΒΒΛΤΙΞ
2268 327 2327 385 S.
2371 326 2622 384 MAXIM!
2662 326 2946 384 TREVIR.

3688 339 3764 397 9H

570 459 859 520 terminus.
875 455 1343 528 Quantomagisin
1358 453 1741 525 verendisejus
1753 437 1988 524 putridis
2001 451 2158 522 plaga
2187 452 2233 512 Α
2262 447 2524 519 quoniam
2554 447 2608 501 in
2636 447 2853 502 camino
2897 445 3038 518 ignis
3082 446 3268 502 aeterni
3293 445 3460 503 tantis
3502 448 3766 511 cruciatibus

571 549 728 612 stevit
768 550 974 618 divina,
1024 555 1178 605 tanto
1219 549 1393 621 magis
1448 547 1805 618 multiplicata
1854 553 1938 600 est
1982 545 2036 598 in
2073 545 2153 599 eis

568 645 752 711 ruina,
786 643 918 698 dum
968 649 1193 713 propter
1235 639 1343 695 hoc
1378 637 1524 710 quod
1559 639 1778 694 animus
1824 636 1875 691 ei
1923 650 2067 701 acer,
2100 641 2155 690 et

568 736 814 794 tumidus
841 736 1021 790 inerat
1043 737 1249 801 venter,
1268 734 1426 790 dolor
1465 733 1585 804 ejus
1614 739 1732 787 erat
1770 731 1826 785 in
1855 736 2151 800 conspectu

567 843 667 884 suo
707 837 942 898 semper.
975 825 1253 893 Quoniam
1308 826 1434 881 licet
1481 825 1537 880 in
1572 839 1682 879 una
1730 831 1884 894 parte
1931 829 2155 902 vexaret

565 937 689 978 eum
715 919 905 987 febris,
937 927 991 974 et
1024 919 1080 973 in
1113 919 1281 974 altera
1303 917 1685 989 prurigo,.cibi
1707 925 1890 971 tamen
1913 915 2154 986 inexple-

564 1012 689 1069 bilis
730 1012 780 1068 ei
819 1012 1106 1067 videbatur
1134 1011 1312 1067 inesse
1354 1010 1574 1081 cupido,
1621 1011 1695 1065 ita
1725 1019 1785 1064 ut
1815 1009 2008 1064 crebra
2050 1008 2155 1062 im-

562 1106 767 1176 pulsio,
793 1105 960 1159 nimia
987 1103 1196 1158 inﬂatio
1213 1146 1226 1170 ,
1250 1103 1420 1158 tussis
1443 1103 1649 1158 ventris
1688 1101 1982 1173 ingluviem
2011 1117 2154 1172 saepe

564 1206 858 1255 testaretur
881 1196 1113 1252 edentis.
1142 1195 1415 1252 Praeterea
1442 1211 1572 1251 vero
1605 1196 1755 1251 intus
1780 1197 1906 1252 licet
1931 1205 1985 1251 et
2011 1206 2154 1251 exte-

558 1291 677 1346 rius
717 1291 888 1346 nimio
944 1287 1515 1355 aestuaret'incendio,
1572 1288 1751 1343 adhuc
1801 1295 1983 1342 tamen
2029 1288 2154 1343 vitae

557 1383 844 1455 praasentis
891 1382 1123 1438 libenter
1151 1390 1395 1436 uteretur
1433 1381 1778 1452 compendio,
1831 1380 1938 1435 nisi
1981 1380 2150 1451 quod,

559 1476 758 1548 majori
778 1475 958 1532 adhuc
979 1475 1230 1546 corporis
1253 1474 1570 1529 inﬁrmitate
1601 1482 1873 1544 suscepta,
1896 1474 2153 1530 intestina

557 1571 706 1626 illius
734 1569 967 1625 diversis
1013 1567 1294 1625 ulceribus
1341 1569 1490 1623 intus
1541 1568 1867 1624 videbantur
1901 1555 2145 1638 obsepta.

556 1661 716 1718 Unde
737 1663 864 1720 licet
885 1662 1044 1734 aquis
1071 1661 1266 1718 calidis
1296 1659 1497 1717 infusis
1525 1669 1577 1716 et
1601 1661 1720 1716 oleo
1745 1660 1921 1716 calido
1951 1661 2153 1730 saepius

556 1756 719 1813 fuerit
747 1757 922 1830 gratia
953 1751 1237 1811 medicinae
1258 1761 1579 1825 perunctus,
1597 1745 1665 1808 ad
1692 1754 1942 1809 ultimum
1967 1764 2151 1810 tamen

556 1852 698 1906 mala
746 1859 923 1905 morte
963 1858 1019 1905 et
1051 1848 1198 1905 malo
1241 1849 1350 1904 ﬁne
1387 1847 1494 1904 fuit
1527 1848 1841 1916 defunctus,
1868 1849 1998 1919 quia
2029 1857 2154 1918 post

555 1941 731 1996 multa
761 1955 1052 2011 pmnarum
1085 1955 1309 2012 genera,
1340 1939 1542 2010 quibus
1581 1940 1718 1995 alios
1757 1941 1910 2011 prius
1951 1955 2150 1995 eruen-

556 2042 783 2101 taverat,
816 2033 960 2088 ultro
993 2033 1215 2088 tandem
1247 2032 1492 2103 seipsum
1535 2033 1754 2104 proprio
1806 2032 2155 2088 interfecerat

554 2127 751 2183 cultro.
783 2124 875 2181 Sic
891 2126 1056 2196 igitur
1079 2125 1359 2196 quomodo
1380 2125 1520 2182 alios
1547 2126 1700 2196 prius
1723 2126 1957 2182 diversis
1978 2125 2152 2197 plagis

555 2208 876 2275 innocenter
905 2217 1118 2287 amixit,
1144 2218 1343 2274 mirum
1370 2235 1479 2274 non
1509 2226 1596 2274 est
1628 2221 1773 2289 quod
1801 2219 1944 2274 mala
1976 2230 2152 2274 morte

553 2301 708 2378 obiit,
739 2309 834 2382 qui
861 2324 1078 2380 semper
1110 2309 1252 2364 male
1280 2307 1448 2377 vixit;
1482 2308 1684 2364 mirum
1735 2308 1899 2364 etiam
1935 2324 2045 2363 non
2068 2317 2155 2364 est

553 2393 699 2474 quod
748 2403 803 2458 in
851 2411 1115 2458 aeternum
1153 2411 1207 2457 ct
1251 2401 1394 2457 ultra
1431 2401 1672 2472 pr0priis
1711 2401 2042 2457 cruciandus
2069 2406 2155 2456 est

552 2494 754 2566 pmnls,
813 2494 908 2566 qui
959 2507 1246 2564 nunquam
1306 2491 1499 2548 satiari
1557 2492 1774 2547 valebat
1822 2508 1889 2546 ex
1931 2491 2148 2547 alienis.

552 2588 816 2656 Quamvis
843 2589 991 2644 enim
1027 2593 1154 2642 ante
1187 2594 1421 2642 mortem
1452 2601 1609 2641 suam
1634 2584 2014 2641 interiectione
2032 2585 2150 2655 jus-

552 2689 736 2737 torum
759 2679 858 2736 Dei
875 2694 1020 2750 saepe
1041 2677 1416 2750 profanaverit
1440 2675 1724 2746 templum,
1746 2675 1800 2730 in
1827 2675 1945 2746 ipsa
1967 2681 2153 2730 tamen

552 2782 730 2830 morte
753 2773 991 2844 posteris
1022 2771 1138 2827 suis
1174 2769 1381 2825 malum
1410 2768 1631 2840 reliquit
1656 2769 1988 2840 exemplum,
2021 2769 2153 2824 dum

551 2861 853 2922 nobiliores
882 2879 1154 2936 quosque,
1185 2877 1328 2934 quos
1362 2878 1429 2918 ex
1465 2863 1620 2918 omni
1661 2860 1849 2918 Iudaea
1887 2861 1943 2917 in
1980 2877 2153 2918 unum

552 2959 733 3016 locum
773 2957 904 3014 fecit
927 2956 1270 3030 congregari,
1303 2956 1360 3011 in
1389 2956 1510 3027 ipso
1545 2955 1695 3011 exitu
1748 2955 1946 3012 anima:
1982 2953 2154 3024 jussit

552 3067 747 3108 omnes
771 3049 952 3123 gladio
983 3051 1190 3118 necari,
1221 3057 1283 3105 ut
1314 3048 1640 3120 superstites
1663 3065 1854 3106 eorum
1879 3065 1946 3106 eo
1967 3049 2153 3107 minus

551 3145 620 3201 de
647 3151 822 3201 morte
869 3147 969 3200 Sua
1006 3142 1326 3216 gauderent,
1366 3158 1476 3214 quo
1508 3143 1715 3214 aliquid
1772 3143 1915 3199 inter
1955 3158 2153 3200 manus

550 3236 820 3292 haberent
845 3236 990 3292 unde
1019 3235 1196 3308 magis
1221 3233 1288 3292 de
1315 3250 1544 3291 suorum
1581 3235 1965 3293 interfectione
1994 3237 2149 3310 luge-

549 3337 696 3384 rent.
729 3328 773 3384 Ο
816 3329 1063 3400 nequitia
1110 3328 1285 3400 regis!
1334 3337 1388 3384 et
1437 3329 1709 3401 injustitia
1763 3329 1994 3388 Herodis
2027 3348 2152 3403 quae

549 3424 721 3481 tantis
751 3439 817 3482 ac
848 3424 1062 3482 talibus
1084 3425 1244 3482 malis
1285 3427 1508 3498 cognita
1556 3436 1644 3483 est
1679 3429 1840 3485 nobis
1869 3436 1924 3484 et
1952 3429 2111 3486 vobis
2131 3472 2148 3498 ,

550 3517 648 3592 qui
699 3517 802 3574 sub
842 3527 1111 3590 praetextu
1159 3519 1379 3591 pietatis
1423 3519 1739 3577 Judaeorum
1794 3522 2151 3580 convocando

551 3611 857 3679 cohortem,
908 3629 1006 3683 per
1061 3613 1460 3670 immanitatem
1527 3622 1932 3671 tormentorum
1979 3617 2150 3673 vitam

551 3694 906 3777 sperantibus
950 3706 1136 3762 intulit
1171 3717 1404 3762 mortem
1435 3707 1540 3762 :ad
1585 3708 1688 3763 hoc
1711 3709 1925 3764 scilicet
1951 3711 2152 3768 talibus

548 3795 814 3869 auspiciis
840 3797 1102 3856 dedicans
1135 3799 1421 3855 introitum
1464 3799 1660 3856 mortis
1684 3809 1740 3856 et
1769 3803 1978 3857 exitum
2004 3802 2148 3872 vitae,

549 3898 612 3946 ut
638 3889 733 3962 qui
761 3891 827 3947 de
851 3891 1000 3949 illius
1021 3899 1198 3948 morte
1229 3893 1440 3948 tristari
1465 3893 1758 3949 noluerant
1800 3896 2152 3952 tristarentur

548 3983 737 4042 invite.

1169 4096 1402 4154 CAPUT
1442 4097 1532 4154 Vl.

553 4189 624 4246 Ut
653 4189 883 4269 apostoli
930 4189 1124 4269 Petrus
1168 4200 1218 4246 et
1247 4190 1456 4269 Paullus
1498 4189 2150 4269 Constantino_apparue-

778 4261 910 4330 rint,
937 4262 1178 4334 idemque
1207 4264 1613 4318 catechumenus
1635 4265 1810 4336 [actus
1833 4261 1922 4324 sit.

621 4349 825 4409 Verum
868 4353 997 4425 quia
1029 4354 1325 4426 reprobare
1362 4356 1568 4411 malum
1614 4365 1668 4412 et
1697 4357 1896 4429 eligere
1945 4360 2150 4416 bonum

545 4460 656 4526 non
686 4444 914 4502 immani
943 4446 1039 4504 sed
1081 4446 1251 4502 divini
1280 4447 1527 4504 muneris
1559 4457 1643 4504 est
1681 4448 1908 4518 donum,
1935 4457 2151 4524 tempus

545 4545 630 4594 est
663 4547 743 4607 ut,
775 4539 918 4596 sicut
947 4539 1110 4612 paulo
1139 4547 1266 4596 ante
1296 4539 1364 4597 de
1401 4539 1764 4597 Constantino
1797 4544 2148 4599 vertebamur

545 4629 615 4686 ad
646 4629 937 4702 Herodem,
970 4633 1045 4688 ita
1088 4649 1234 4689 nunc
1263 4631 1329 4688 de
1359 4631 1575 4690 Herode
1617 4635 1685 4689 ad
1723 4634 2147 4694 Constantinum

543 4723 741 4778 ordine
766 4734 1108 4780 revertamur
1133 4726 1347 4782 eodem.
1398 4725 1551 4783 Sicut
1576 4727 1722 4783 enim
1762 4725 2004 4786 Herodes
2041 4731 2147 4786 du-

540 4815 674 4888 plici
719 4815 812 4870 illa
847 4817 1176 4875 contritione
1205 4819 1261 4874 in
1308 4827 1541 4891 utroque
1587 4837 1886 4892 percussus
1931 4831 2014 4879 est
2046 4823 2148 4879 ho-

540 4911 710 4978 mine,
734 4910 923 4982 dequa
944 4912 1210 4983 scriptum
1233 4922 1346 4970 est:
1366 4911 1584 4986 Duplici
1605 4917 1922 4972 contritione
1936 4927 2144 4974 contere

537 5019 648 5070 eos,
690 5001 916 5057 Domine
945 4999 1080 5075 (Jer.
1128 5004 1304 5077 xvn);
1343 5005 1418 5060 ita
1461 5005 1858 5064 Constantinus
1885 5023 1916 5063 e
1948 5015 2141 5064 contra

536 5112 642 5168 pro
678 5095 1005 5169 simpliciori
1051 5097 1211 5168 culpa
1269 5098 1587 5168 sinipliclori
1638 5117 1668 5156 a
1700 5100 1813 5156 Deo
1845 5118 2141 5173 percussus

539 5198 625 5245 est
649 5190 826 5261 plaga,
855 5191 984 5245 dum
1024 5207 1123 5262 pro
1159 5191 1539 5262 persecutione
1565 5193 1877 5250 Christiana
1911 5197 2142 5251 mulcta-

537 5289 630 5336 tus
654 5287 739 5335 est
768 5279 920 5353 lepra
952 5283 1159 5340 volatili
1191 5292 1246 5339 et
1274 5299 1429 5356 vaga.
1460 5283 1565 5340 Sed
1589 5287 1852 5356 quoniam
1880 5288 1935 5342 in
1966 5288 2142 5344 oculis

538 5371 637 5428 Dei
665 5375 854 5431 eadem
885 5375 1045 5449 culpa
1070 5393 1128 5434 se
1157 5376 1334 5432 noluit
1356 5374 1537 5432 facere
1576 5391 1732 5433 reum
1759 5395 1867 5450 qua
1899 5378 2141 5437 Herodes

537 5483 667 5523 cum
691 5469 946 5542 quaesivit
973 5487 1203 5544 puerum
1234 5473 1304 5529 ad
1347 5472 1685 5544 perdendum
1732 5489 1881 5543 cum,
1933 5476 2054 5532 ideo
2085 5483 2139 5531 ct

535 5563 768 5632 praemio
795 5580 906 5621 non
937 5574 1021 5621 est
1045 5575 1427 5624 remuneratus
1455 5567 1645 5623 eodem
1669 5583 1780 5638 quo
1814 5583 2134 5624 remunera-

537 5659 656 5707 tum
678 5653 793 5724 jam
823 5656 1076 5712 eumdem
1103 5667 1324 5715 constat
1353 5657 1641 5715 Herodem.
1667 5658 1805 5727 Quia
1829 5676 1959 5731 ergo
1993 5661 2139 5732 ejus-

539 5747 664 5832 dem
696 5747 916 5805 nefandi
949 5751 1094 5822 regis
1124 5753 1257 5809 satis
1287 5764 1604 5826 exasperata
1635 5764 1721 5812 est
1750 5755 1978 5824 mentlo,
2014 5756 2137 5812 ideo

540 5847 870 5903 memoriam
909 5848 1055 5930 illius
1088 5850 1203 5920 jam
1241 5852 1495 5912 volumus
1533 5854 1852 5914 oblitterato
1891 5853 2133 5928 silentio,

2257 541 2420 596 habet
2443 541 2770 597 aeternaliter
2793 541 2978 611 coqui,
3004 548 3064 596 ut
3087 556 3197 596 non
3226 557 3362 612 opus
3391 543 3461 598 sit
3492 544 3630 601 nobis
3653 547 3767 618 quid-

2256 650 2420 706 quam
2466 635 2533 690 de
2574 648 2640 690 eo
2688 635 2924 704 amplius
2963 634 3137 706 loqui.
3180 633 3296 705 Ipse
3318 636 3462 690 enim
3499 637 3768 698 immanitate

2256 727 2594 784 crudelitatis
2616 728 2670 782 in
2695 727 3068 783 innocentium
3089 737 3334 783 armatus
3354 737 3769 797 mortem,.zetem

2255 821 2448 892 procul
2498 820 2666 876 dubio
2713 820 2906 876 mortis
2937 819 3132 876 incidit
3151 827 3402 887 sortem;
3449 819 3770 880 Constantinus

2255 929 2388 970 vero
2408 930 2438 970 e
2465 920 2656 970 contra
2683 913 3029 970 humanitate.
3049 913 3268 986 pietatis
3291 915 3641 970 innocentium
3659 916 3770 973 dile-

2255 1021 2385 1062 rens
2418 1015 2672 1075 mortem,
2720 1005 2938 1063 aeterna:
2990 1008 3110 1063 sine
3153 1008 3320 1064 dubio
3364 1009 3552 1064 mortis
3588 1019 3773 1066 evaserat

2257 1109 2482 1156 sortem.
2529 1099 2776 1168 Qualiter
2803 1109 2989 1157 autem
3040 1102 3287 1157 eamdem
3316 1110 3542 1156 mortem
3583 1105 3771 1171 evaserit,

2255 1193 2340 1248 vel
2365 1194 2490 1265 quis
2519 1194 2621 1249 sibi
2642 1195 2788 1249 viam
2812 1195 3076 1250 evadendi
3097 1196 3601 1266 praemonstraverit,
3621 1212 3674 1252 eo
3693 1198 3773 1267 ple-

2255 1285 2381 1342 nius
2405 1286 2560 1342 vobis
2588 1287 2826 1343 enodare
2857 1288 3134 1355 volumus,
3158 1303 3269 1360 quo
3302 1289 3373 1344 de
3403 1291 3692 1346 necessariis
3715 1306 3771 1346 re-

2255 1377 2358 1433 bus
2385 1378 2474 1434 hic
2501 1378 2802 1450 quidquam
2841 1377 3254 1451 praetermittere
3297 1383 3568 1439 nolumus.
3597 1381 3775 1440 Decum

2255 1471 2421 1542 igitur
2447 1462 2538 1526 die
2577 1487 2688 1542 quo
2731 1487 2832 1542 pro
2871 1472 3200 1530 eﬂ‘undendo
3240 1470 3508 1546 sanguine
3547 1477 3726 1531 innoxio
3753 1491 3774 1530 ι

2255 1562 2490 1618 nefando
2540 1578 2601 1619 se
2645 1563 2910 1620 abstinuit
2953 1565 3192 1636 piaculo,
3242 1568 3494 1636 sequenti
3537 1578 3670 1623 nocte
3711 1581 3776 1638 per

2254 1657 2446 1714 beatos
2469 1659 2748 1729 apostolos
2781 1657 3005 1715 Petrum
3034 1668 3090 1715 et
3115 1658 3349 1715 Paulum
3381 1660 3436 1714 in
3461 1659 3595 1715 hunc
3616 1673 3776 1715 sensu

2255 1752 2440 1807 divino
2484 1753 2758 1810 revelatus
2792 1762 2878 1810 est
2907 1754 3154 1822 oraculo,
3189 1755 3402 1811 scilicet
3425 1754 3566 1826 quod
3607 1756 3772 1810 salutem

2258 1845 2443 1901 carnis
2466 1860 2531 1900 ac
2551 1846 2780 1916 spiritus
2796 1862 2826 1901 a
2851 1861 3070 1903 summo
3092 1857 3428 1904 consecutus
3456 1856 3592 1902 esset
3613 1846 3773 1918 Opilius,

2257 1939 2304 1994 si
2334 1939 2488 2009 prius
2510 1939 2743 1994 salutem
2773 1939 2971 1995 animae
2996 1949 3027 1996 a
3067 1939 3354 2012 Sylvestro
3377 1949 3627 2012 quaereret
3650 1940 3774 2010 ponti-

2256 2033 2377 2088 ﬁce.
2407 2030 2451 2089 Ο
2483 2033 2689 2103 quanta
2731 2032 3042 2105 benignitas
3080 2042 3135 2089 et
3162 2034 3483 2104 humanitas
3521 2033 3772 2088 Salvatoris!

2256 2125 2504 2196 quicum
2537 2133 2754 2181 creator
2784 2125 2856 2179 sit
2877 2125 3125 2180 omnium
3158 2135 3554 2190 creaturarum,
3589 2124 3674 2178 tale
3692 2133 3773 2177 tan-

2253 2222 2484 2286 tumque
2511 2216 2837 2288 mysterium
2886 2225 3039 2272 tanto
3089 2217 3210 2272 viro
3257 2217 3437 2272 voluit
3479 2215 3687 2271 revelare
3714 2228 3776 2283 per

2257 2310 2556 2377 somnium,
2588 2310 2736 2381 quod
2773 2310 3005 2365 salutem
3039 2311 3290 2381 corporis
3314 2319 3371 2365 et
3403 2310 3590 2365 animae
3605 2319 3774 2377 superno

2256 2412 2685 2474 consequeretur
2707 2404 2977 2459 examine.
3003 2403 3412 2460 COnstantinus
3438 2403 3590 2474 igitur
3607 2401 3660 2455 ad
3674 2413 3774 2454 com-

2204 2504 2206 2506 '
2255 2494 2593 2565 probandam
2627 2495 2858 2568 gratiam
2907 2495 3110 2551 divinae
3137 2496 3360 2566 pietatis
3388 2505 3440 2550 et
3466 2493 3646 2567 gloriae,
3668 2505 3770 2546 eam-

2255 2589 2379 2644 dem
2401 2587 2670 2644 visioncm
2714 2588 3132 2660 diligentissime
3174 2587 3587 2644 commendabat
3624 2596 3772 2640 memo-

2255 2680 2371 2749 ria,
2395 2689 2455 2737 ut
2483 2696 2551 2738 eo
2582 2682 2746 2738 citius
2777 2697 2899 2738 eam
2927 2681 3211 2755 Sylvestro
3233 2692 3423 2754 posset
3448 2681 3660 2751 mitigata
3683 2691 3769 2732 συί

2255 2774 2476 2831 delitate
2509 2774 2736 2845 referre,
2769 2791 2882 2847 quo
2912 2791 3026 2847 pra:
3075 2776 3271 2832 timore
3309 2777 3457 2832 illius
3490 2775 3575 2830 diu
3609 2770 3773 2828 latitavit

2258 2871 2316 2925 in
2347 2871 2632 2927 montibus
2666 2879 2722 2927 et
2770 2871 2827 2926 in
2877 2856 3156 2942 speluncis
3181 2880 3236 2927 et
3280 2871 3340 2927 in
3391 2869 3618 2928 cavernis
3650 2878 3768 2922 tem.

2187 1815 2229 1871 B

2256 2962 2391 3032 Quis
2430 2971 2614 3018 autem
2655 2962 2856 3034 cogitet
2902 2972 3144 3019 vestrum
3190 2979 3365 3034 quam
3404 2962 3628 3019 celeriter
3652 2957 3702 3012 ad
3733 2967 3772 3010 se
3865 2957 3867 3042 ς

2256 3056 2441 3112 statim
2470 3055 2674 3112 faceret
2697 3055 2957 3111 accersiri
2988 3053 3380 3128 Sylvestrum?
3407 3053 3535 3122 Quis
3562 3051 3691 3108 etiam
3710 3059 3770 3102 co-

2181 3185 2223 3244 ο
2257 3153 2390 3225 gitet
2426 3167 2593 3223 quam
2621 3151 2840 3223 longam
2865 3149 2968 3206 sibi
2992 3149 3279 3205 videbatur
3302 3149 3482 3205 facere
3505 3151 3769 3244 moram,

2253 3247 2344 3318 jus
2371 3245 2722 3317 praesentiam
2756 3243 2848 3298 vix
2877 3257 3046 3297 unam
3076 3250 3490 3313 exspectaverat
3521 3233 3704 3295 horam?
3725 3228 3766 3285 l’t

2256 3338 2403 3394 enim
2434 3337 2684 3392 celeriter
2725 3335 3092 3390 adduceretur
3116 3335 3202 3389 vir
3240 3333 3339 3390 ille
3369 3332 3569 3399 beatus,
3599 3344 3652 3384 eo
3673 3325 3766 3382 Cele-

2253 3432 2370 3488 rlus
2392 3438 2519 3502 post
2548 3430 2702 3484 illum
2729 3428 2938 3484 missus
2961 3435 3046 3482 est
3071 3442 3173 3499 pro
3194 3427 3396 3482 nuntio
3417 3423 3633 3488 nuntius,
3651 3427 3689 3475 et
3703 3427 3765 3488 pro
3864 3441 3865 3502 ἦ

2255 3525 2434 3597 legato
2467 3524 2697 3596 legatus,
2735 3536 2846 3592 quo
2890 3528 3219 3592 cooperante
3248 3516 3429 3591 gratia
3456 3515 3630 3594 divinm
3651 3513 3764 3566 virtu-

2258 3621 2348 3686 tis,
2384 3618 2454 3672 ab
2482 3617 2674 3672 eodem
2697 3616 2818 3670 viro
2845 3615 3174 3670 medicinam
3197 3613 3391 3669 debuit
3412 3611 3592 3668 habere
3613 3603 3759 3662 salutis.

2257 3710 2532 3784 Sylvester
2547 3720 2728 3764 autem
2751 3708 3203 3778 pusillanlmitate
3224 3707 3456 3777 spiritns
3468 3712 3517 3759 et
3533 3703 3762 3768 tempestate

2255 3819 2320 3859 eo
2347 3803 2531 3858 minus
2561 3801 2791 3856 habebat
2819 3801 3032 3866 vitium,
3064 3815 3176 3870 quo
3213 3814 3272 3854 se
3317 3797 3488 3869 magis
3513 3791 3660 3850 vocari
3689 3787 3760 3842 lor-

2253 3897 2480 3952 midavit
2505 3895 2574 3950 ad
2600 3893 2948 3967 martyrium,
2967 3893 3218 3965 quamvis
3245 3907 3349 3962 pro
3372 3889 3585 3946 Domino
3608 3891 3759 3956 paratus

2252 3999 2400 4047 esset
2429 3990 2484 4046 in
2516 4004 2792 4046 carcerem
2824 3997 2878 4043 et
2909 3988 2964 4042 in
2991 3994 3223 4042 mortem
3265 3985 3371 4052 ire,
3399 3977 3591 4038 etiamsi
3624 3974 3676 4030 ab
3702 3984 3758 4025 eo-

2253 4081 2378 4138 dem
2403 4081 2628 4137 homine
2669 4087 2956 4153 cogeretur
2981 4078 3166 4134 omnia
3217 4083 3594 4133 tormentorum
3624 4074 3754 4153 genere

2253 4176 2457 4250 subire.
2497 4173 2564 4230 Et
2615 4150 2867 4246 quamvis
2922 4186 3022 4243 pro
3050 4171 3240 4226 eadem
3289 4165 3628 4227 sollicitudine
3654 4150 3754 4229 φιλεῖ

2252 4267 2402 4322 mille
2450 4251 2809 4339 cogitationes
2850 4265 3080 4320 haberet
3129 4273 3256 4318 ante
3300 4262 3466 4328 mille,
3508 4257 3599 4313 alio
3633 4259 3752 4306 tamtll

2253 4362 2417 4417 modo
2469 4361 2805 4434 c0gitaverat
2851 4359 2967 4430 ipse
3015 4367 3070 4415 et
3109 4358 3218 4415 alio
3266 4357 3402 4426 ille,
3455 4351 3752 4426 quoniampﬂ'

2251 4453 2450 4509 divinae
2486 4453 2702 4524 pietatis
2749 4452 3130 4508 inaestimabile
3167 4452 3373 4508 donum
3413 4447 3550 4523 quod
3579 4445 3667 4514 ipse
3690 4434 3751 4489 δι”

2177 4547 2462 4619 Dputavit
2508 4548 2576 4603 ad
2614 4547 2850 4613 malum,
2892 4547 2983 4602 ille
3017 4546 3266 4601 vertebat
3312 4547 3368 4600 in
3425 4545 3622 4599 bonum.
3650 4527 3750 4586 υθα

2252 4643 2400 4698 enim
2448 4641 2838 4712 recuperanda
2881 4639 3152 4696 sanitatis
3185 4640 3472 4696 consilium
3517 4635 3575 4689 ab
3617 4627 3744 4684 eodem

2251 4729 2507 4805 pontifice
2569 4733 2816 4789 nondum
2873 4731 3071 4788 fuisset
3121 4732 3374 4801 adeptus,
3408 4739 3586 4798 magno
3623 4727 3743 4774 ιεωε·

2247 4828 2448 4900 gaudio
2480 4828 2566 4884 vir
2600 4827 2690 4883 ille
2724 4829 2917 4883 beatus
2950 4834 3035 4882 est
3073 4827 3142 4881 ab
3173 4827 3491 4896 imperatore
3521 4823 3740 4883 susceptus

2247 4919 2508 4989 quoniam
2556 4934 2656 4990 pro
2712 4918 3067 4988 inquisitione
3104 4915 3254 4972 illius
3285 4931 3391 4972 non
3439 4917 3617 4967 tantum
3643 4902 3740 4972 ιη’ἱῖεδ

2246 5011 2482 5067 habebat
2512 5012 2775 5079 studium,
2822 5020 3090 5081 quantum
3125 5017 3181 5065 et
3206 5010 3262 5066 in
3293 5003 3604 5077 susceptione
3627 4994 3738 5065 ipsius

2245 5114 2434 5175 postea
2465 5105 2674 5161 solebat
2716 5103 2918 5160 habere
2941 5103 3262 5174 tripudium.
3301 5100 3435 5169 Quid
3461 5093 3621 5168 plura?
3645 5087 3738 5175 Due

2244 5173 2350 5254 bus
2395 5198 2561 5269 igitur
2596 5198 2700 5252 hac
2741 5205 2798 5252 et
2831 5197 2955 5252 illac
3008 5173 3212 5267 pariter
3235 5187 3674 5250 consedentibusct
3695 5173 3735 5225 δε

2245 5293 2351 5348 ﬁde
2376 5300 2580 5348 sanctae
2602 5290 2890 5345 Trinitatis
2913 5290 3016 5345 hac
3046 5297 3100 5344 et
3121 5288 3246 5344 illac
3275 5287 3492 5343 invicem
3509 5277 3734 5342 colloque”

2246 5385 2413 5454 tibus,
2437 5384 2711 5455 colloquio
2740 5398 2933 5438 eorum
2961 5381 3154 5438 eadem
3176 5382 3296 5438 sine
3327 5379 3483 5436 dubio
3499 5366 3733 5430 credet)!“Ir

2244 5481 2510 5536 interesse
2557 5476 2782 5550 Sophia,
2811 5493 2935 5548 quae
2968 5485 3094 5549 post
3130 5475 3555 5533 resurrectionem
3584 5457 3730 5518 duo“us

2244 5572 2529 5643 discipulis
2559 5571 2888 5643 loquebatur
2916 5571 2971 5626 in
3000 5571 3108 5626 via.
3142 5568 3252 5627 Sed
3282 5565 3513 5643 quamvis
3533 5550 3728 5643 ίιιιετδείῖ

2246 5641 2435 5722 mutua
2467 5641 2897 5722 collocutionum
2923 5679 3124 5736 genera
3146 5663 3282 5721 fides
3298 5641 3462 5720 adhuc
3482 5653 3613 5712 unius

2241 5759 2300 5814 i-n
2336 5759 2520 5815 radice
2557 5768 2762 5826 tenera,
2796 5767 2980 5812 tamen
3013 5769 3073 5812 ut
3124 5758 3266 5812 inter
3300 5757 3517 5813 diversas
3544 5729 3721 5826 υτοβοείέ

2244 5853 2423 5912 tienes
2460 5823 2857 5912 sententiarum
2885 5851 3024 5910 alter
3057 5850 3126 5910 ab
3165 5851 3336 5909 altero
3369 5846 3538 5929 minus
3565 5823 3719 5890 lubt"
