3960 6316
228 398 338 454 975

1127 383 1217 442 ne
1254 339 1487 442 LAUDE
1524 381 1614 438 ET
1649 383 1784 443 lNV.
1828 387 1887 447 s.
1929 387 2204 447 CRUClS.
2248 418 2319 430 --
2358 385 2488 443 LIB.
2526 385 2615 444 ιιι.

3335 357 3354 368 ”
3407 399 3513 460 974

224 511 473 579 taedium,
504 505 636 580 quid
663 504 774 563 sibi
810 503 1113 562 revelatum
1159 501 1251 570 sit,
1275 501 1413 558 alter
1433 499 1590 556 alteri
1614 515 1816 572 propo--
1845 509 1892 565 Α
1923 502 2067 559 inter
2125 518 2324 560 manus
2395 503 2664 562 habemus
2684 547 2700 574 ,
2770 506 2837 564 de
2923 475 3171 568 nomine
3199 475 3364 568 unius
3391 556 3405 581 ,
3461 522 3516 572 et

223 605 394 660 nebat
444 603 500 657 in
543 600 818 668 medium,
877 599 1009 656 dum
1066 597 1265 653 divinae
1313 591 1545 651 visionis
1593 594 1820 650 horama

221 693 440 768 (ὅραμα)
475 693 680 749 eisdem
704 691 886 748 verbis
912 690 1004 746 ille
1035 689 1224 745 retulit
1252 687 1343 744 isti
1369 687 1570 758 quibus
1592 686 1640 742 ei
1668 687 1820 758 prius

219 790 520 845 revelatum
554 795 638 844 est
656 787 725 842 ab
753 786 1016 858 apostolis
1043 783 1269 841 Christi.
1299 783 1367 840 Et
1395 783 1522 840 licet
1544 783 1685 840 idem
1711 783 1813 851 vir,

217 882 385 952 paulo
416 889 539 951 post
562 880 723 936 miles
748 877 956 936 Christi
976 877 1221 946 futurus,
1237 878 1642 950 aliquantulum
1671 885 1820 934 esset

215 975 288 1030 de
321 974 509 1030 eadem
532 973 740 1030 visione
774 988 1023 1044 securus,
1055 973 1236 1029 adhuc
1256 981 1437 1028 tamen
1468 971 1595 1029 inde
1630 971 1818 1027 volens

216 1066 470 1121 securior
509 1081 658 1133 esse,
698 1065 977 1136 inquirere
1022 1053 1189 1136 etrapit
1233 1065 1282 1121 si
1321 1064 1589 1136 imagines
1624 1079 1817 1120 eorum

214 1157 554 1213 haberentur
605 1157 906 1230 impressae.
946 1155 1102 1213 Unde
1139 1165 1194 1214 et
1221 1159 1414 1214 beatus
1442 1153 1715 1230 Sylvester
1748 1158 1818 1214 ad
1865 1235 1868 1238 π

213 1250 616 1307 obstruendum
632 1251 879 1322 ejusdem
908 1247 1218 1307 difﬁdentiae
1232 1251 1571 1323 voraginem,
1596 1266 1816 1308 eorum-

215 1341 347 1400 dcm
399 1345 773 1415 apostolorum
811 1344 862 1400 ei
899 1344 1190 1416 genuinam
1220 1343 1420 1400 deferri
1465 1343 1594 1400 fecit
1622 1344 1818 1419 imagi-

211 1450 380 1490 nem:
413 1445 471 1520 ut
495 1435 710 1506 plenius
737 1445 1031 1493 testaretur
1075 1437 1254 1508 imago
1277 1437 1565 1508 impressa:
1608 1437 1817 1494 tabulae

211 1535 408 1580 utrum
430 1525 572 1582 visio
595 1523 685 1581 illa
722 1525 974 1599 deputari
1003 1526 1225 1582 deberet
1252 1526 1332 1582 rei
1357 1537 1523 1598 gestae
1552 1528 1639 1584 vel
1665 1526 1818 1584 fabu-

207 1599 298 1676 lae.
327 1618 393 1676 Et
416 1635 542 1677 cum
586 1635 697 1676 non
736 1619 874 1677 alias
899 1619 1168 1693 imagines
1197 1599 1394 1692 printer
1423 1620 1524 1678 bas
1546 1628 1817 1692 quaereret

208 1715 373 1782 duas,
417 1713 560 1770 inter
608 1728 807 1772 manus
835 1712 1180 1778 offerentium
1220 1714 1482 1770 continuo
1509 1730 1604 1771 eas
1653 1729 1814 1771 reco-

207 1807 402 1878 gnovit
447 1814 509 1862 ut
535 1821 686 1874 suas,
737 1805 870 1862 dum
920 1821 1020 1877 pro
1055 1806 1280 1862 modulo
1332 1823 1434 1863 suo
1467 1821 1533 1863 co
1574 1807 1815 1879 majores

208 1897 342 1952 inde
366 1895 572 1969 gratias
617 1896 818 1952 divinae
868 1896 1057 1951 retulit
1095 1895 1316 1966 virtuti,
1359 1913 1471 1968 quo
1517 1897 1584 1953 de
1614 1898 1805 1954 eadem

205 1993 424 2049 visione
443 2007 694 2060 securus,
717 1991 947 2048 vicinior
973 1990 1260 2046 videbatur
1279 2005 1402 2048 esse
1437 1991 1623 2048 saluti.
1651 1989 1808 2048 Unde

206 2095 502 2158 postquam
554 2101 614 2141 se
661 2086 718 2140 in
748 2084 966 2142 laudem
993 2099 1187 2142 eorum
1217 2083 1439 2141 animus
1461 2084 1582 2155 ejus
1609 2085 1805 2156 erexit,

208 2194 452 2251 quorum
477 2179 661 2234 vultus
689 2178 745 2234 in
785 2177 999 2235 visione
1025 2177 1340 2248 conspexit,
1367 2178 1652 2235 catholicae
1682 2177 1808 2235 ﬁdei

204 2286 275 2328 eo
302 2272 477 2343 magis
506 2271 762 2327 delectari
786 2271 952 2342 ccepit
978 2270 1253 2342 indagine,
1283 2286 1392 2342 quo
1413 2271 1480 2326 de
1508 2270 1693 2328 futura
1720 2287 1810 2328 sa-
1864 2341 1867 2344 Ι

205 2364 382 2420 nitate
403 2364 603 2427 certior
623 2379 690 2419 ex
707 2371 942 2436 utraque
958 2363 1285 2420 reddebatur
1297 2364 1558 2434 imagine.
1571 2362 1809 2420 Proinde

206 2454 262 2510 in
286 2455 452 2514 corde
477 2455 652 2526 ipsius
673 2455 1016 2526 aliquantula
1038 2455 1237 2512 divina:
1258 2455 1590 2528 cOgnitionis
1611 2456 1806 2512 oborta

203 2548 525 2620 propagine,
578 2549 634 2604 in
665 2563 864 2604 novam
928 2547 1222 2620 imaginem
1267 2563 1298 2604 a
1348 2549 1519 2605 veteri
1550 2548 1807 2606 transivit

204 2637 467 2711 imagine,
501 2640 632 2695 dum
663 2639 732 2695 ad
759 2640 864 2696 hoc
897 2636 1307 2710 cognitionibus
1331 2638 1512 2707 malis,
1535 2647 1590 2695 et
1621 2639 1805 2711 operi-

203 2732 317 2788 bus
357 2733 689 2788 renuntiavit
736 2732 984 2800 incestis,
1011 2741 1073 2788 ut
1097 2734 1192 2804 qui
1243 2732 1481 2804 portavit
1511 2733 1802 2804 imaginem

205 2825 432 2892 terreni,
484 2833 730 2896 portaret
781 2833 835 2882 et
880 2825 1175 2899 imaginem
1235 2825 1494 2882 caelestis.
1541 2823 1613 2880 Ut
1657 2825 1803 2881 enim

205 2915 373 2987 quasi
421 2916 487 2972 de
511 2916 748 2989 imagine
771 2917 839 2972 ad
860 2917 1176 2989 imaginem,
1205 2918 1280 2972 ita
1297 2917 1363 2972 de
1385 2917 1519 2973 vitio
1547 2919 1807 2974 transiret

204 3008 264 3064 in
313 3008 592 3076 virtutem,
643 3024 744 3080 pro
788 3009 976 3066 labore
1033 3010 1289 3081 qumsivit
1317 3010 1588 3080 requiem,
1624 3019 1679 3066 et
1704 3025 1803 3081 pro

205 3102 526 3158 inﬁrmitate
561 3102 813 3170 salutem,
868 3102 1091 3174 quando
1135 3117 1233 3173 per
1257 3101 1584 3157 ineﬁabilem
1606 3102 1805 3157 divinat

1922 595 1989 650 de
2044 595 2374 667 baptismate
2442 597 2668 655 alterius
2739 597 2927 673 aliqua
3003 603 3290 673 dicemus,
3375 623 3516 677 quo-

1920 687 2069 743 niam
2113 688 2168 743 in
2211 689 2578 761 quorumdam
2611 692 2889 766 cordibus
2941 711 3201 768 magnum
3249 699 3374 755 inde
3413 717 3515 757 sre-

1921 779 2044 848 pius
2103 789 2284 834 ortum
2362 791 2446 836 est
2517 783 2793 853 schisma,
2855 788 3004 858 quod
3068 790 3158 845 hic
3209 791 3276 847 de
3342 791 3514 850 Euse-

1920 871 2034 939 bio,
2069 879 2124 927 et
2151 872 2264 929 illic
2290 889 2323 931 a
2359 871 2640 948 Sylvestro
2669 863 2870 949 legitur
2907 880 3184 953 accepisse
3218 884 3510 956 baptisma.

1924 963 1980 1019 Si
2005 965 2151 1022 enim
2195 967 2252 1022 in
2300 969 2467 1042 gestis
2497 967 2812 1030 Graecorum
2843 971 3089 1030 studiose
3121 977 3404 1046 quaeritur,
3445 979 3515 1034 ab

1919 1056 2158 1117 Eusebio
2181 1059 2446 1119 Romanae
2474 1063 2629 1120 urbis
2657 1065 2915 1138 episcopo
2957 1067 3268 1140 baptizatus
3312 1072 3514 1128 asseri-

1922 1160 2031 1208 tur.
2061 1151 2120 1210 Si
2173 1163 2357 1211 autem
2389 1156 2444 1211 in
2496 1157 2744 1215 historiis
2773 1158 3151 1221 Romanorum
3203 1163 3386 1220 studio
3436 1165 3516 1222 riu

1918 1255 2103 1304 matur
2133 1248 2387 1319 honesto,
2418 1253 2611 1324 procul
2649 1267 2680 1308 e
2708 1253 2875 1310 dubio
2915 1255 3228 1326 baptizatus
3256 1257 3453 1329 legitur
3479 1274 3512 1314 a

1920 1337 2219 1412 Sylvestro.
2245 1339 2404 1396 Unde
2437 1342 2674 1398 breviter
2705 1343 2797 1400 hic
2829 1346 3180 1402 enodandum
3217 1357 3300 1402 est
3323 1348 3377 1401 in
3411 1363 3512 1402 no-

1918 1434 2065 1490 mine
2093 1433 2335 1503 Domini,
2374 1435 2609 1508 qualiter
2631 1437 2749 1494 htec
2776 1437 2886 1493 duo
2925 1439 3150 1494 nomina
3178 1441 3275 1494 uni
3315 1455 3514 1497 conve-

1917 1526 2072 1582 niant
2102 1525 2337 1593 homini,
2372 1534 2434 1583 ut
2455 1527 2710 1599 quaestio,
2740 1543 2864 1600 quae,
2884 1529 3026 1584 inter
3069 1531 3340 1602 quosdam
3383 1520 3511 1587 inde

1917 1621 2057 1677 solet
2072 1619 2206 1675 oriri
2221 1662 2236 1688 ,
2256 1619 2406 1692 justa
2424 1623 2592 1694 possit
2622 1623 2837 1679 ratione
2861 1624 3052 1696 sopiri.
3079 1624 3391 1684 Secundum
3413 1625 3512 1684 de-

1917 1711 2223 1769 ﬁnitionem
2254 1713 2401 1767 enim
2452 1715 2806 1786 sapientium,
2838 1725 2894 1773 et
2915 1733 3025 1773 non
3055 1720 3358 1776 secundum
3387 1721 3509 1794 opi-

1917 1805 2138 1862 nionem
2165 1808 2426 1879 plebium,
2459 1807 2686 1880 quidam
2712 1823 2839 1864 eum
2853 1824 3121 1866 vocavere
3144 1810 3506 1886 Sylvestrum,

1915 1901 2139 1972 quidam
2170 1909 2356 1957 autem
2387 1899 2708 1970 Eusebium,
2743 1903 3028 1973 quoniam,
3061 1905 3204 1960 sicut
3231 1904 3286 1960 in
3334 1907 3510 1978 pluri-

1914 1994 2018 2049 bus
2038 1993 2174 2050 locis
2195 1993 2432 2050 refertur
2456 2009 2487 2048 a
2509 1991 2862 2062 Christianis,
2887 1993 3158 2053 Eusebius
3205 2001 3508 2056 vocabatur

1914 2105 1946 2144 a
1974 2087 2200 2158 Graecis,
2236 2095 2291 2144 et
2314 2087 2591 2161 Sylvester
2616 2102 2648 2143 a
2675 2086 2959 2144 Romanis.
2986 2088 3222 2146 Proinde
3243 2094 3508 2163 quoniam

1913 2180 2186 2238 Eusebius
2215 2179 2466 2236 Graecum
2492 2193 2694 2234 nomen
2726 2189 2864 2248 erat,
2897 2196 3006 2235 non
3034 2181 3333 2254 incongrue
3354 2183 3505 2241 Gra-
3527 2216 3542 2225 -

1913 2288 2040 2328 cum
2061 2272 2194 2328 illud
2220 2287 2421 2328 nomen
2451 2287 2484 2328 a
2507 2269 2715 2328 Graecis
2732 2271 2986 2340 habebat,
3019 2273 3148 2344 quia
3171 2275 3314 2332 sicut
3341 2292 3374 2332 a
3428 2277 3507 2332 le-

1913 2366 2090 2437 gendo
2122 2366 2307 2434 lector,
2328 2365 2415 2422 vel
2447 2380 2480 2420 a
2509 2363 2784 2435 pingendo
2823 2365 2998 2435 pictor
3023 2376 3270 2435 vocatur,
3286 2368 3367 2424 sic
3389 2367 3503 2448 Eu-
3538 2409 3544 2416 .

1913 2453 2101 2510 sebius
2151 2469 2184 2508 a
2231 2453 2522 2510 scribendo
2552 2452 2757 2509 dicitur
2785 2453 2964 2508 bonus
2993 2455 3226 2525 scriptor
3247 2456 3346 2529 (2).
3380 2455 3504 2527 Ipse

1911 2545 2060 2602 enim
2082 2547 2243 2618 quasi
2287 2546 2468 2602 scriba
2510 2547 2707 2602 doctus
2755 2546 2812 2600 in
2843 2561 3015 2618 regno
3038 2548 3304 2611 caelorum
3362 2550 3504 2624 stylo

1912 2637 2323 2710 praedicationis
2394 2637 2620 2711 scripsit
2685 2639 2740 2694 in
2797 2638 3057 2697 cordibus
3120 2643 3504 2714 proximorum

1911 2747 2035 2804 quae
2057 2733 2142 2788 vel
2167 2731 2354 2804 qualia
2391 2729 2662 2787 Dominus
2686 2732 2932 2787 narravit
2952 2732 3008 2787 in
3025 2733 3318 2806 scripturis
3335 2751 3508 2808 popu-

1909 2825 2114 2893 lorum,
2141 2821 2363 2896 quando
2392 2822 2534 2879 inter
2563 2829 2762 2878 αξιοι-ει
2803 2822 3004 2880 divinae
3034 2825 3292 2896 potentia
3339 2827 3508 2886 mira-

1911 2915 2057 2982 cula,
2089 2914 2325 2986 protulit
2346 2915 2428 2972 eis
2457 2916 2526 2972 de
2567 2917 2831 2973 thesauro
2884 2931 2988 2974 suo
3028 2933 3168 2974 nova
3198 2927 3253 2974 et
3301 2927 3506 2977 vetera.

1908 3008 1978 3065 Et
2007 3009 2270 3082 quoniam
2297 3011 2501 3067 veteris
2527 3025 2594 3066 ac
2616 3025 2773 3068 nova:
2801 3011 2940 3084 legis
2966 3011 3206 3068 edictum
3246 3011 3304 3067 in
3322 3011 3510 3069 tabula

1909 3101 2093 3158 cordis
2121 3103 2207 3157 sui
2237 3102 2528 3175 diligenter
2572 3102 2811 3159 habebat
2865 3103 3226 3174 inscriptum,
3260 3101 3386 3160 ideo
3408 3104 3510 3161 die

203 3195 428 3266 pietatis
450 3194 769 3263 efﬁcaciam,
791 3195 858 3252 de
882 3204 1058 3252 morte
1084 3195 1140 3252 in
1152 3196 1342 3263 vitam,
1359 3197 1425 3252 de
1447 3196 1604 3266 culpa
1630 3204 1807 3254 trans-
1829 3215 1876 3276 ο
1907 3203 2186 3268 noctuque
2215 3195 2408 3252 didicit
2441 3197 2498 3252 in
2524 3193 2809 3264 Scriptura
2830 3195 3078 3252 veritatis
3107 3196 3342 3268 qualiter
3380 3194 3507 3253 odio

205 3287 312 3342 ivit
351 3288 409 3343 in
456 3287 710 3360 gratiam.
763 3286 881 3343 Tali
927 3289 1130 3360 quippe
1185 3289 1350 3344 modo
1396 3289 1586 3344 volens
1620 3304 1679 3344 se
1733 3290 1804 3344 ab

203 3380 364 3437 cmni
413 3367 670 3438 cohibere
730 3380 997 3450 facinore,
1023 3397 1055 3437 a
1096 3382 1305 3438 carnali
1345 3397 1537 3454 opere,
1585 3383 1736 3438 velut
1772 3398 1804 3438 a

205 3473 403 3546 legalis
438 3472 662 3530 Sabbati
695 3474 906 3546 quievit
948 3474 1175 3543 itinere,
1213 3475 1433 3545 quando
1468 3484 1530 3531 ut
1565 3491 1598 3530 a
1645 3477 1806 3547 culpa

203 3575 400 3640 posset
443 3567 545 3636 ire,
599 3575 654 3623 et
702 3565 757 3622 in
791 3566 968 3640 gratia
1004 3567 1309 3640 quiescere,
1343 3568 1504 3638 quasi
1543 3583 1668 3624 cum
1715 3569 1804 3628 lu-

207 3676 378 3717 cerna
423 3669 479 3716 et
510 3661 631 3718 luce
657 3660 713 3716 in
745 3676 858 3718 uno
884 3661 1049 3732 coepit
1092 3661 1288 3730 minui,
1320 3669 1376 3716 et
1396 3661 1452 3718 in
1483 3662 1660 3716 altero
1684 3677 1814 3718 ere-

205 3769 384 3811 scere.
412 3752 516 3808 Per
534 3753 872 3826 Sylvestrum
887 3754 1034 3809 enim
1055 3753 1225 3810 divini
1255 3753 1480 3811 luminis
1503 3754 1807 3811 illustratus

207 3846 465 3912 scientia,
492 3846 636 3903 sicut
665 3847 955 3903 deﬁciebat
980 3848 1032 3902 in
1063 3848 1242 3918 culpa,
1268 3849 1526 3920 in'gratia
1551 3849 1807 3920 prolicie-

205 3937 308 3992 bat
326 3947 381 3993 et
409 3939 695 4009 sapientia,
719 3948 946 4011 excepto
975 3940 1082 3996 hoc
1113 3956 1224 3995 uno
1254 3941 1402 4012 quod
1442 3942 1623 3997 adhuc
1643 3942 1804 4013 culpa

207 4030 493 4101 redarguit
515 4046 663 4098 eum,
688 4032 836 4102 quod
867 4033 922 4086 in
953 4032 1219 4102 sapientia
1250 4032 1345 4088 Dei
1384 4033 1626 4088 nondum
1648 4035 1807 4104 plene

205 4123 470 4194 cognovit
522 4139 619 4194 per
651 4123 976 4193 sapientiam
1027 4122 1221 4179 Deum.
1258 4122 1414 4178 Unde
1442 4133 1502 4178 ut
1533 4125 1808 4194 sapienter

205 4215 356 4275 inter
388 4214 510 4269 illos
540 4216 815 4286 desiperet
836 4216 1179 4286 insipientes,
1209 4217 1277 4272 de
1301 4216 1504 4287 quibus
1540 4218 1804 4287 scriptum

204 4315 300 4361 est
323 4325 335 4360 :
367 4306 498 4373 Qua:
523 4308 690 4362 stulta
708 4317 831 4363 sunt
863 4309 1217 4382 mundielegit
1244 4309 1405 4378 Deus,
1430 4319 1488 4364 ut
1514 4310 1806 4381 confundat

202 4400 473 4469 sapientes
497 4401 549 4475 (1
579 4400 702 4458 Cor.
731 4401 819 4474 ιι),
843 4403 911 4458 de
933 4388 1352 4460 ﬁde'Trinitatis
1371 4412 1426 4458 et
1457 4403 1524 4459 de
1545 4402 1806 4475 mysterio

201 4495 396 4550 crucis
437 4510 502 4550 eo
529 4496 832 4552 studiosius
865 4497 1142 4568 inquirere
1170 4499 1337 4568 cmpit
1359 4513 1390 4552 a
1439 4497 1799 4569 sapientibus,

1908 3288 2199 3346 habiturus
2221 3298 2369 3346 esset
2391 3304 2614 3346 omnem
2644 3289 2792 3344 viam
2815 3288 3143 3361 iniquitatis.
3173 3287 3328 3345 Unde
3348 3297 3506 3362 post-

1909 3397 2077 3453 quam
2106 3382 2165 3438 in
2193 3380 2440 3440 fontibus
2465 3381 2766 3439 Salvatoris
2790 3381 3064 3438 calamum
3107 3382 3289 3438 cordis
3341 3371 3506 3439 altius

1909 3475 2150 3544 intinxit,
2177 3476 2246 3531 ad
2289 3476 2583 3548 imaginem
2628 3483 2684 3532 et
2703 3475 3118 3532 similitudinem
3156 3473 3252 3530 Dei
3296 3473 3498 3530 mentis

1910 3566 2175 3622 interiora
2198 3567 2465 3639 depinxit,
2491 3577 2552 3623 ut
2584 3568 2642 3623 in
2676 3567 2842 3623 aliam
2886 3565 3121 3623 formam
3147 3564 3506 3624 transforma—
3581 3575 3588 3578 ‘

1909 3666 2061 3714 retur
2087 3658 2300 3714 calamo
2329 3659 2542 3727 scribae,
2571 3659 2833 3716 dicentis:
2864 3659 3076 3731 Lingua
3118 3675 3234 3713 mea
3261 3657 3502 3714 calamus

1908 3752 2096 3807 scribae
2125 3751 2368 3808 velociter
2385 3753 2664 3808 scribentis
2690 3751 2865 3826 (Psal.
2899 3753 3070 3824 xuv).

1975 3845 2118 3918 Ergo
2139 3846 2269 3917 quia
2294 3845 2362 3901 de
2392 3847 2616 3903 nomine
2659 3845 2882 3902 Eusebii
2924 3862 3072 3901 nunc
3121 3844 3495 3903 satisfecimus

1911 3939 2082 3994 turba:
2110 3939 2369 4010 pedestri,
2419 3933 2753 4006 dignum’est
2780 3947 2841 3994 ut
2882 3937 2950 3994 de
2980 3920 3249 3995 vocabulo
3309 3937 3500 4018 Sylve-

1907 4031 2006 4088 stri
2056 4031 2170 4101 jam
2239 4031 2400 4103 quasi
2461 4030 2670 4087 militiae
2735 4029 3142 4088 satisfaciamus
3195 4030 3496 4105 equestri,

1916 4127 2044 4196 quia
2100 4125 2244 4181 sicut
2294 4126 2362 4181 ab
2411 4141 2554 4197 equo
2611 4125 2813 4180 dicitur
2875 4140 3085 4197 eques,
3135 4134 3190 4180 et
3266 4141 3298 4180 a
3360 4122 3500 4196 pede

1904 4217 2174 4288 pedester,
2213 4217 2294 4272 sic
2315 4209 2458 4272 idem
2485 4216 2569 4271 vir
2602 4231 2715 4271 non
2745 4215 3047 4288 incongrue
3087 4231 3120 4272 a
3147 4216 3300 4290 sylva
3343 4229 3502 4273 voca-

1905 4311 2066 4365 batur
2091 4308 2372 4381 Sylvester.
2392 4309 2530 4376 Quis
2551 4309 2699 4364 enim
2731 4308 2941 4364 diliidat
2968 4310 3118 4367 hunc
3143 4324 3327 4365 Vtrum
3370 4322 3500 4381 pro-

1904 4401 2136 4471 pheticis
2165 4407 2220 4456 et
2246 4398 2577 4470 evangelicis
2600 4399 2812 4470 legibus
2838 4397 3171 4474 institutum,
3208 4397 3498 4456 frondibus

1904 4496 2177 4551 bonorum
2209 4509 2439 4565 operum
2463 4494 2519 4548 in
2543 4495 2750 4565 sylvam
2779 4509 2994 4564 semper
3015 4494 3326 4550 excrevisse
3382 4494 3499 4550 vir-

199 4601 324 4659 (me
354 4587 424 4644 ad
458 4590 765 4660 exemplum
808 4591 1055 4662 Apostoli
1099 4591 1304 4646 debitor
1347 4609 1460 4646 esse
1502 4590 1668 4646 voluit
1707 4608 1800 4646 sa-
1833 4583 1879 4640 D
1905 4588 2121 4644 tutum?
2154 4586 2232 4643 Ne
2253 4587 2400 4642 enim
2425 4586 2741 4658 evangelica
2763 4585 2902 4642 falce
2933 4602 3060 4641 cum
3082 4586 3273 4642 eadem
3289 4587 3499 4658 arbore

196 4681 472 4750 pictilibus
518 4690 568 4736 et
605 4683 976 4755 insipientibus
1007 4683 1182 4754 (Rom.
1221 4683 1282 4756 1).
1339 4684 1405 4740 Et
1433 4693 1492 4740 ut
1528 4694 1802 4757 perpetuae

205 4775 410 4830 salutis
437 4776 766 4848 quandoque
791 4779 1082 4850 attingeret
1107 4787 1350 4849 portum,
1379 4778 1434 4833 in
1467 4779 1649 4849 seipso
1683 4778 1801 4834 ido-

200 4864 441 4921 lolatria:
473 4882 729 4923 occasum
765 4879 819 4925 et
852 4869 976 4924 ﬁdei
1004 4869 1237 4940 praebuit
1263 4878 1466 4931 ortum,
1489 4869 1618 4939 quia
1643 4877 1797 4938 post-

197 4972 376 5027 quam
409 4973 506 5027 per
534 4959 754 5014 beatum
781 4959 1119 5032 Sylvestrum
1152 4958 1258 5014 ﬁde
1283 4967 1486 5015 sanctae
1514 4959 1797 5038 Trinitatis

197 5046 630 5120 informabatur,
658 5052 859 5108 ibidem
888 5053 944 5108 in
979 5052 1143 5109 corde
1172 5051 1318 5108 illius
1343 5061 1399 5107 et
1425 5051 1562 5108 ﬁdes
1587 5053 1798 5124 accepit

195 5141 475 5214 originem
493 5151 546 5199 et
572 5143 878 5200 idololatria
903 5147 1086 5201 ﬁnem.
1113 5142 1429 5201 Secundum
1461 5145 1795 5204 admonitio-

192 5247 334 5288 nem
372 5233 517 5288 enim
559 5233 819 5306 Sylvestri
857 5245 912 5292 et
950 5235 1333 5292 revelationem
1367 5234 1607 5304 Domini,
1647 5238 1796 5296 intus

190 5333 255 5381 et
288 5325 532 5384 exterius
567 5325 679 5382 Deo
730 5328 966 5383 obedivit
1002 5336 1058 5383 et
1101 5329 1335 5398 homini,
1379 5329 1510 5384 dum
1538 5330 1688 5385 velut
1733 5331 1791 5388 in

189 5415 569 5491 Pythagorico
615 5419 765 5475 bivio
811 5421 1132 5477 catechizati
1193 5421 1466 5494 arripiens
1513 5422 1789 5493 dextrum,

189 5509 331 5568 ﬁdei
361 5512 610 5584 symbolo
645 5514 966 5570 catechizari
993 5514 1193 5572 meruit
1225 5531 1322 5587 per
1345 5513 1702 5588 Sylvestrum.

807 5606 1036 5664 CAPUT
1072 5607 1184 5664 Vll.

478 5699 524 5754 Α
550 5717 653 5773 quo
673 5700 976 5773 baptizatus
1005 5702 1077 5757 sit
1108 5693 1510 5760 Constantinus.

274 5787 484 5847 Verum
533 5793 661 5864 quia
725 5792 1060 5867 Sylvestrum
1118 5803 1172 5851 et
1217 5786 1644 5852 Constantinum
1675 5796 1788 5868 jam

1910 4681 2304 4746 succideretur,
2335 4681 2402 4735 de
2421 4693 2530 4751 qua
2550 4679 2791 4734 dicitur:
2829 4677 3014 4734 Omnis
3052 4670 3211 4734 arbor
3241 4695 3362 4753 qua:
3394 4697 3501 4738 non
3556 4694 3557 4697 ‘

1907 4775 2037 4845 facit
2087 4774 2321 4844 fructum
2349 4771 2541 4826 bonum
2580 4772 2873 4840 excidatur,
2910 4780 2958 4826 et
3008 4773 3067 4826 in
3113 4773 3288 4846 ignem
3322 4775 3500 4832 mitte-

1909 4876 1995 4920 tur
2021 4865 2203 4938 (Matt.
2237 4863 2343 4938 ιιι),
2389 4865 2511 4920 ideo
2540 4866 2771 4936 ﬁguram
2821 4863 3038 4921 arboris
3085 4865 3235 4923 illius
3281 4879 3500 4937 semper

1902 4957 2104 5013 habere
2124 4956 2297 5012 voluit
2323 4955 2620 5012 eminentia
2641 4953 2988 5022 meritorum,
3005 4955 3072 5011 de
3094 4971 3201 5027 qua
3227 4955 3494 5027 scriptum

1902 5060 2019 5108 est:
2099 5048 2223 5103 Non
2271 5057 2349 5104 est
2416 5046 2576 5102 arbor
2623 5045 2768 5100 mala
2831 5047 3035 5118 faciens
3119 5047 3354 5118 fructum
3396 5046 3493 5101 bo-

1903 5159 2030 5197 num
2057 5140 2208 5214 (Luc.
2243 5140 2341 5212 v1).
2379 5139 2446 5197 Et
2469 5140 2600 5212 quia
2627 5155 2777 5196 nunc
2801 5148 2988 5197 mente
3012 5139 3204 5206 libera,
3226 5147 3281 5194 et
3328 5154 3495 5196 carne

1902 5235 2116 5308 captiva
2138 5235 2194 5290 in
2217 5235 2381 5291 domo
2408 5233 2502 5290 Dei
2553 5235 2714 5306 quasi
2749 5233 3036 5291 fructifera
3080 5247 3297 5303 semper
3337 5231 3490 5289 ﬂore

1902 5331 1996 5386 bat
2020 5329 2183 5397 oliva,
2211 5328 2334 5386 ideo
2360 5344 2463 5402 pro
2485 5330 2754 5386 virtutum
2777 5328 3006 5384 ﬂoribus
3062 5335 3250 5400 typum
3290 5327 3489 5398 palma

1899 5421 2046 5477 illius
2082 5421 2136 5476 in
2187 5434 2452 5478 aeternum
2481 5423 2723 5490 habebit,
2765 5422 2834 5478 de
2863 5436 2972 5494 qua
3032 5420 3300 5494 scriptum
3349 5426 3483 5476 est:

1896 5513 2087 5570 Justus
2115 5522 2173 5568 ut
2189 5514 2371 5586 palma
2400 5515 2610 5586 ﬂorebit
2638 5512 2755 5587 (Ps.
2792 5512 2950 5587 xcn).
2970 5510 3110 5582 Quia
3127 5512 3294 5588 igitur
3318 5512 3488 5569 bono-

1898 5625 2022 5666 rum
2045 5625 2274 5682 operum
2319 5609 2594 5682 virgultis,
2631 5605 2791 5679 quasi
2853 5606 2910 5664 in
2957 5608 3166 5681 sylvam
3217 5607 3482 5664 virtutum

1901 5718 2114 5774 semper
2136 5704 2398 5772 excrevit,
2440 5703 2568 5759 dum
2594 5699 2743 5774 quod
2764 5700 2949 5759 verbis
2973 5700 3181 5771 docuit,
3225 5701 3482 5774 operibus

1901 5798 2166 5870 implevit,
2197 5799 2320 5856 ideo
2345 5799 2474 5854 dum
2507 5797 2747 5856 caelestis
2771 5796 2930 5857 verbi
2960 5799 3232 5869 minister,
3261 5806 3318 5856 et
3340 5795 3482 5856 divi-

273 5909 356 5981 (2)
389 5905 513 5965 Haec
539 5926 651 5966 non
705 5911 839 5968 satis
866 5911 1114 5970 videntur
1142 5912 1342 5970 Graecae
1361 5912 1764 5986 {signiﬁcantia
1789 5927 2066 5969 resonare.
