  <div class='ocr_page' id='page_1' title='image "/cluster/home/n/w/nwhite01/storage/ocr_20150623/160/hvd.32044015473846/489.png"; bbox 0 0 3960 6316; ppageno 0'>
   <div class='ocr_carea' id='block_1_1' title="bbox 610 244 3787 371">
    <p class='ocr_par' dir='ltr' id='par_1_1' title="bbox 610 244 3787 371">
     <span class='ocr_line' id='line_1_1' title="bbox 610 244 3787 371; baseline -0.007 -6"><span class='ocrx_word' id='word_1_1' title='bbox 610 303 726 365; x_wconf 78' lang='lat'><strong>975</strong></span> <span class='ocrx_word' id='word_1_2' title='bbox 1524 289 1918 351; x_wconf 78' lang='lat' dir='ltr'><strong>BERENGOSI</strong></span> <span class='ocrx_word' id='word_1_3' title='bbox 1954 290 2253 350; x_wconf 83' lang='lat' dir='ltr'><strong>ABBATIS</strong></span> <span class='ocrx_word' id='word_1_4' title='bbox 2291 291 2351 350; x_wconf 92' lang='lat' dir='ltr'><strong>s.</strong></span> <span class='ocrx_word' id='word_1_5' title='bbox 2390 288 2648 349; x_wconf 55' lang='lat' dir='ltr'><strong>manu</strong></span> <span class='ocrx_word' id='word_1_6' title='bbox 2680 244 2965 352; x_wconf 60' lang='lat' dir='ltr'><strong>muti</strong></span> <span class='ocrx_word' id='word_1_7' title='bbox 3298 250 3305 257; x_wconf 70' lang='grc'><strong>’</strong></span> <span class='ocrx_word' id='word_1_8' title='bbox 3718 311 3787 371; x_wconf 59' lang='grc' dir='ltr'><strong>,τε</strong></span> 
     </span>
    </p>
   </div>
   <div class='ocr_carea' id='block_1_2' title="bbox 608 408 3787 489">
    <p class='ocr_par' dir='ltr' id='par_1_2' title="bbox 608 408 3787 489">
     <span class='ocr_line' id='line_1_2' title="bbox 608 408 3787 489; baseline -0.003 -10"><span class='ocrx_word' id='word_1_9' title='bbox 608 438 695 479; x_wconf 65' lang='grc' dir='ltr'><strong>ηπ</strong></span> <span class='ocrx_word' id='word_1_10' title='bbox 715 416 1025 478; x_wconf 76' lang='lat' dir='ltr'><strong>dilectionis</strong></span> <span class='ocrx_word' id='word_1_11' title='bbox 1046 414 1331 471; x_wconf 76' lang='lat' dir='ltr'><strong>videbatur</strong></span> <span class='ocrx_word' id='word_1_12' title='bbox 1355 426 1478 469; x_wconf 90' lang='lat' dir='ltr'><strong>esse</strong></span> <span class='ocrx_word' id='word_1_13' title='bbox 1507 419 1813 484; x_wconf 76' lang='lat' dir='ltr'><strong>sequester,</strong></span> <span class='ocrx_word' id='word_1_14' title='bbox 1850 427 1963 466; x_wconf 90' lang='lat' dir='ltr'><strong>non</strong></span> <span class='ocrx_word' id='word_1_15' title='bbox 2001 412 2199 466; x_wconf 89' lang='lat' dir='ltr'><strong>imme-</strong></span> <span class='ocrx_word' id='word_1_16' title='bbox 2229 418 2278 476; x_wconf 80' lang='grc' dir='ltr'>Α</span> <span class='ocrx_word' id='word_1_17' title='bbox 2303 409 2385 465; x_wconf 91' lang='lat' dir='ltr'><strong>ria</strong></span> <span class='ocrx_word' id='word_1_18' title='bbox 2415 408 2599 482; x_wconf 87' lang='lat' dir='ltr'><strong>gaudii</strong></span> <span class='ocrx_word' id='word_1_19' title='bbox 2627 410 3019 483; x_wconf 78' lang='lat' dir='ltr'><strong>subsequentis</strong></span> <span class='ocrx_word' id='word_1_20' title='bbox 3040 411 3351 473; x_wconf 84' lang='lat' dir='ltr'><strong>levarentur</strong></span> <span class='ocrx_word' id='word_1_21' title='bbox 3370 418 3553 489; x_wconf 82' lang='lat' dir='ltr'><strong>gratia.</strong></span> <span class='ocrx_word' id='word_1_22' title='bbox 3586 421 3787 485; x_wconf 53' lang='lat' dir='ltr'><strong>Consus.</strong></span> 
     </span>
    </p>
   </div>
   <div class='ocr_carea' id='block_1_3' title="bbox 606 503 3788 590">
    <p class='ocr_par' dir='ltr' id='par_1_3' title="bbox 606 503 3788 590">
     <span class='ocr_line' id='line_1_3' title="bbox 606 503 3788 590; baseline -0.001 -17"><span class='ocrx_word' id='word_1_23' title='bbox 606 517 714 573; x_wconf 91' lang='lat' dir='ltr'><strong>rito</strong></span> <span class='ocrx_word' id='word_1_24' title='bbox 735 516 897 588; x_wconf 89' lang='lat' dir='ltr'><strong>quasi</strong></span> <span class='ocrx_word' id='word_1_25' title='bbox 947 530 981 570; x_wconf 91' lang='lat' dir='ltr'><strong>a</strong></span> <span class='ocrx_word' id='word_1_26' title='bbox 1022 515 1175 587; x_wconf 81' lang='lat' dir='ltr'><strong>sylva</strong></span> <span class='ocrx_word' id='word_1_27' title='bbox 1204 511 1493 569; x_wconf 76' lang='lat' dir='ltr'><strong>dicebatur</strong></span> <span class='ocrx_word' id='word_1_28' title='bbox 1554 507 1839 581; x_wconf 84' lang='lat' dir='ltr'><strong>Sylvester.</strong></span> <span class='ocrx_word' id='word_1_29' title='bbox 1897 507 2004 563; x_wconf 86' lang='lat' dir='ltr'>Sed</span> <span class='ocrx_word' id='word_1_30' title='bbox 2050 507 2195 562; x_wconf 86' lang='lat' dir='ltr'><strong>sicut</strong></span> <span class='ocrx_word' id='word_1_31' title='bbox 2297 503 2447 560; x_wconf 90' lang='lat' dir='ltr'><strong>tinus</strong></span> <span class='ocrx_word' id='word_1_32' title='bbox 2494 513 2701 572; x_wconf 90' lang='lat' dir='ltr'><strong>autem,</strong></span> <span class='ocrx_word' id='word_1_33' title='bbox 2729 505 2948 562; x_wconf 89' lang='lat' dir='ltr'><strong>abolere</strong></span> <span class='ocrx_word' id='word_1_34' title='bbox 3002 509 3230 580; x_wconf 90' lang='lat' dir='ltr'><strong>cupiens</strong></span> <span class='ocrx_word' id='word_1_35' title='bbox 3271 511 3613 583; x_wconf 87' lang='lat' dir='ltr'><strong>ignorantiam</strong></span> <span class='ocrx_word' id='word_1_36' title='bbox 3635 521 3788 590; x_wconf 78' lang='lat' dir='ltr'><strong>pristini</strong></span> 
     </span>
    </p>
   </div>
   <div class='ocr_carea' id='block_1_4' title="bbox 607 596 3787 681">
    <p class='ocr_par' dir='ltr' id='par_1_4' title="bbox 607 596 3787 681">
     <span class='ocr_line' id='line_1_4' title="bbox 607 596 3787 681; baseline -0.003 -15"><span class='ocrx_word' id='word_1_37' title='bbox 607 626 758 667; x_wconf 89' lang='lat' dir='ltr'><strong>nunc</strong></span> <span class='ocrx_word' id='word_1_38' title='bbox 785 610 853 666; x_wconf 88' lang='lat' dir='ltr'><strong>de</strong></span> <span class='ocrx_word' id='word_1_39' title='bbox 904 607 1156 679; x_wconf 90' lang='lat' dir='ltr'><strong>utrisque</strong></span> <span class='ocrx_word' id='word_1_40' title='bbox 1210 603 1528 661; x_wconf 87' lang='lat' dir='ltr'><strong>nominibus</strong></span> <span class='ocrx_word' id='word_1_41' title='bbox 1572 601 1825 674; x_wconf 55' lang='lat' dir='ltr'><strong>quadam</strong></span> <span class='ocrx_word' id='word_1_42' title='bbox 1881 600 2027 655; x_wconf 88' lang='lat' dir='ltr'><strong>dicta</strong></span> <span class='ocrx_word' id='word_1_43' title='bbox 2064 607 2195 655; x_wconf 90' lang='lat' dir='ltr'><strong>sunt</strong></span> <span class='ocrx_word' id='word_1_44' title='bbox 2296 596 2524 664; x_wconf 90' lang='lat' dir='ltr'><strong>erroris,</strong></span> <span class='ocrx_word' id='word_1_45' title='bbox 2565 597 2635 652; x_wconf 90' lang='lat' dir='ltr'><strong>ad</strong></span> <span class='ocrx_word' id='word_1_46' title='bbox 2669 600 2979 670; x_wconf 85' lang='lat' dir='ltr'><strong>exemplum</strong></span> <span class='ocrx_word' id='word_1_47' title='bbox 3000 601 3187 657; x_wconf 74' lang='lat' dir='ltr'><strong>Mariae</strong></span> <span class='ocrx_word' id='word_1_48' title='bbox 3242 606 3551 675; x_wconf 87' lang='lat' dir='ltr'><strong>peccatricis</strong></span> <span class='ocrx_word' id='word_1_49' title='bbox 3591 614 3787 681; x_wconf 55' lang='lat' dir='ltr'><strong>penita.</strong></span> 
     </span>
    </p>
   </div>
   <div class='ocr_carea' id='block_1_5' title="bbox 605 689 3789 775">
    <p class='ocr_par' dir='ltr' id='par_1_5' title="bbox 605 689 3789 775">
     <span class='ocr_line' id='line_1_5' title="bbox 605 689 3789 775; baseline 0.001 -18"><span class='ocrx_word' id='word_1_50' title='bbox 605 701 885 775; x_wconf 88' lang='lat' dir='ltr'><strong>privatim,</strong></span> <span class='ocrx_word' id='word_1_51' title='bbox 908 701 991 758; x_wconf 90' lang='lat' dir='ltr'><strong>sic</strong></span> <span class='ocrx_word' id='word_1_52' title='bbox 1040 706 1276 771; x_wconf 89' lang='lat' dir='ltr'><strong>utraque</strong></span> <span class='ocrx_word' id='word_1_53' title='bbox 1332 694 1558 752; x_wconf 90' lang='lat' dir='ltr'><strong>nomina</strong></span> <span class='ocrx_word' id='word_1_54' title='bbox 1598 695 1714 766; x_wconf 91' lang='lat' dir='ltr'><strong>jam</strong></span> <span class='ocrx_word' id='word_1_55' title='bbox 1761 694 1816 749; x_wconf 92' lang='lat' dir='ltr'><strong>in</strong></span> <span class='ocrx_word' id='word_1_56' title='bbox 1861 708 2034 749; x_wconf 89' lang='lat' dir='ltr'><strong>unum</strong></span> <span class='ocrx_word' id='word_1_57' title='bbox 2065 699 2195 747; x_wconf 88' lang='lat' dir='ltr'><strong>sunt</strong></span> <span class='ocrx_word' id='word_1_58' title='bbox 2295 689 2387 744; x_wconf 74' lang='lat' dir='ltr'><strong>tiae</strong></span> <span class='ocrx_word' id='word_1_59' title='bbox 2432 690 2693 762; x_wconf 86' lang='lat' dir='ltr'><strong>lacrymis</strong></span> <span class='ocrx_word' id='word_1_60' title='bbox 2735 692 2901 762; x_wconf 87' lang='lat' dir='ltr'><strong>pedes</strong></span> <span class='ocrx_word' id='word_1_61' title='bbox 2930 694 3096 765; x_wconf 73' lang='lat' dir='ltr'><strong>cmpit</strong></span> <span class='ocrx_word' id='word_1_62' title='bbox 3125 695 3306 752; x_wconf 82' lang='lat' dir='ltr'><strong>lavare</strong></span> <span class='ocrx_word' id='word_1_63' title='bbox 3367 695 3665 769; x_wconf 87' lang='lat' dir='ltr'><strong>Salvatoris,</strong></span> <span class='ocrx_word' id='word_1_64' title='bbox 3704 705 3789 762; x_wconf 83' lang='lat' dir='ltr'><strong>dum</strong></span> 
     </span>
    </p>
   </div>
   <div class='ocr_carea' id='block_1_6' title="bbox 544 776 3792 867">
    <p class='ocr_par' dir='ltr' id='par_1_6' title="bbox 544 776 3792 867">
     <span class='ocr_line' id='line_1_6' title="bbox 544 776 3792 867; baseline -0.001 -15"><span class='ocrx_word' id='word_1_65' title='bbox 544 776 551 783; x_wconf 57' lang='grc'><strong>’</strong></span> <span class='ocrx_word' id='word_1_66' title='bbox 611 795 917 867; x_wconf 87' lang='lat' dir='ltr'><strong>colligenda</strong></span> <span class='ocrx_word' id='word_1_67' title='bbox 941 790 1424 867; x_wconf 80' lang='lat' dir='ltr'><strong>summatim,quia</strong></span> <span class='ocrx_word' id='word_1_68' title='bbox 1440 789 1570 845; x_wconf 90' lang='lat' dir='ltr'><strong>licet</strong></span> <span class='ocrx_word' id='word_1_69' title='bbox 1590 802 1762 843; x_wconf 91' lang='lat' dir='ltr'><strong>unum</strong></span> <span class='ocrx_word' id='word_1_70' title='bbox 1790 787 1859 841; x_wconf 90' lang='lat' dir='ltr'><strong>ab</strong></span> <span class='ocrx_word' id='word_1_71' title='bbox 1883 786 2054 841; x_wconf 88' lang='lat' dir='ltr'><strong>altero</strong></span> <span class='ocrx_word' id='word_1_72' title='bbox 2075 783 2160 841; x_wconf 90' lang='lat' dir='ltr'><strong>dis</strong></span> <span class='ocrx_word' id='word_1_73' title='bbox 2175 815 2192 825; x_wconf 91' lang='lat'><strong>-</strong></span> <span class='ocrx_word' id='word_1_74' title='bbox 2295 795 2395 851; x_wconf 90' lang='lat' dir='ltr'><strong>pro</strong></span> <span class='ocrx_word' id='word_1_75' title='bbox 2422 780 2571 850; x_wconf 82' lang='lat' dir='ltr'><strong>lepra</strong></span> <span class='ocrx_word' id='word_1_76' title='bbox 2594 781 2854 837; x_wconf 88' lang='lat' dir='ltr'><strong>vitiorum</strong></span> <span class='ocrx_word' id='word_1_77' title='bbox 2883 798 3112 839; x_wconf 89' lang='lat' dir='ltr'><strong>suorum</strong></span> <span class='ocrx_word' id='word_1_78' title='bbox 3146 785 3401 841; x_wconf 89' lang='lat' dir='ltr'><strong>diluenda</strong></span> <span class='ocrx_word' id='word_1_79' title='bbox 3430 803 3493 843; x_wconf 86' lang='lat' dir='ltr'><strong>eo</strong></span> <span class='ocrx_word' id='word_1_80' title='bbox 3520 791 3669 861; x_wconf 84' lang='lat' dir='ltr'><strong>magis</strong></span> <span class='ocrx_word' id='word_1_81' title='bbox 3688 796 3792 862; x_wconf 80' lang='lat' dir='ltr'><strong>pedi-</strong></span> 
     </span>
    </p>
   </div>
   <div class='ocr_carea' id='block_1_7' title="bbox 611 871 3791 959">
    <p class='ocr_par' dir='ltr' id='par_1_7' title="bbox 611 871 3791 959">
     <span class='ocr_line' id='line_1_7' title="bbox 611 871 3791 959; baseline -0.002 -16"><span class='ocrx_word' id='word_1_82' title='bbox 611 903 839 959; x_wconf 86' lang='lat' dir='ltr'><strong>crepare</strong></span> <span class='ocrx_word' id='word_1_83' title='bbox 859 885 1111 942; x_wconf 90' lang='lat' dir='ltr'><strong>videatur</strong></span> <span class='ocrx_word' id='word_1_84' title='bbox 1136 884 1328 951; x_wconf 89' lang='lat' dir='ltr'><strong>verbo,</strong></span> <span class='ocrx_word' id='word_1_85' title='bbox 1379 897 1491 938; x_wconf 92' lang='lat' dir='ltr'><strong>non</strong></span> <span class='ocrx_word' id='word_1_86' title='bbox 1518 896 1702 952; x_wconf 87' lang='lat' dir='ltr'><strong>opere,</strong></span> <span class='ocrx_word' id='word_1_87' title='bbox 1729 876 1845 950; x_wconf 90' lang='lat' dir='ltr'><strong>ipse</strong></span> <span class='ocrx_word' id='word_1_88' title='bbox 1862 887 2045 934; x_wconf 86' lang='lat' dir='ltr'><strong>tamen</strong></span> <span class='ocrx_word' id='word_1_89' title='bbox 2079 888 2195 950; x_wconf 84' lang='lat' dir='ltr'><strong>ety-</strong></span> <span class='ocrx_word' id='word_1_90' title='bbox 2294 871 2400 929; x_wconf 90' lang='lat' dir='ltr'><strong>bus</strong></span> <span class='ocrx_word' id='word_1_91' title='bbox 2423 872 2544 943; x_wconf 87' lang='lat' dir='ltr'><strong>ejus</strong></span> <span class='ocrx_word' id='word_1_92' title='bbox 2571 874 2780 929; x_wconf 79' lang='lat' dir='ltr'><strong>studuit</strong></span> <span class='ocrx_word' id='word_1_93' title='bbox 2816 876 3278 948; x_wconf 84' lang='lat' dir='ltr'><strong>appmpinquare,</strong></span> <span class='ocrx_word' id='word_1_94' title='bbox 3300 893 3413 949; x_wconf 88' lang='lat' dir='ltr'><strong>quo</strong></span> <span class='ocrx_word' id='word_1_95' title='bbox 3435 894 3553 934; x_wconf 88' lang='lat' dir='ltr'><strong>cum</strong></span> <span class='ocrx_word' id='word_1_96' title='bbox 3584 879 3730 937; x_wconf 86' lang='lat' dir='ltr'><strong>decem</strong></span> <span class='ocrx_word' id='word_1_97' title='bbox 3746 885 3791 940; x_wconf 78' lang='lat' dir='ltr'><strong>le-</strong></span> 
     </span>
    </p>
   </div>
   <div class='ocr_carea' id='block_1_8' title="bbox 604 965 3794 1049">
    <p class='ocr_par' dir='ltr' id='par_1_8' title="bbox 604 965 3794 1049">
     <span class='ocr_line' id='line_1_8' title="bbox 604 965 3794 1049; baseline -0.001 -15"><span class='ocrx_word' id='word_1_98' title='bbox 604 977 900 1049; x_wconf 88' lang='lat' dir='ltr'><strong>mologiam</strong></span> <span class='ocrx_word' id='word_1_99' title='bbox 926 978 1214 1048; x_wconf 88' lang='lat' dir='ltr'><strong>utriusque</strong></span> <span class='ocrx_word' id='word_1_100' title='bbox 1265 974 1497 1046; x_wconf 86' lang='lat' dir='ltr'><strong>spiritali</strong></span> <span class='ocrx_word' id='word_1_101' title='bbox 1541 970 1929 1029; x_wconf 83' lang='lat' dir='ltr'><strong>exercitatione</strong></span> <span class='ocrx_word' id='word_1_102' title='bbox 1981 970 2197 1027; x_wconf 86' lang='lat' dir='ltr'><strong>studuit</strong></span> <span class='ocrx_word' id='word_1_103' title='bbox 2295 965 2476 1036; x_wconf 84' lang='lat' dir='ltr'><strong>prosis</strong></span> <span class='ocrx_word' id='word_1_104' title='bbox 2497 967 2829 1038; x_wconf 88' lang='lat' dir='ltr'><strong>evangelicis</strong></span> <span class='ocrx_word' id='word_1_105' title='bbox 2850 968 3058 1024; x_wconf 89' lang='lat' dir='ltr'><strong>diutius</strong></span> <span class='ocrx_word' id='word_1_106' title='bbox 3094 984 3125 1024; x_wconf 91' lang='lat' dir='ltr'><strong>a</strong></span> <span class='ocrx_word' id='word_1_107' title='bbox 3150 970 3307 1042; x_wconf 87' lang='lat' dir='ltr'><strong>longe</strong></span> <span class='ocrx_word' id='word_1_108' title='bbox 3333 970 3507 1025; x_wconf 90' lang='lat' dir='ltr'><strong>noluit</strong></span> <span class='ocrx_word' id='word_1_109' title='bbox 3526 982 3665 1028; x_wconf 84' lang='lat' dir='ltr'><strong>stare.</strong></span> <span class='ocrx_word' id='word_1_110' title='bbox 3689 973 3794 1031; x_wconf 77' lang='lat' dir='ltr'><strong>Unde</strong></span> 
     </span>
    </p>
   </div>
   <div class='ocr_carea' id='block_1_9' title="bbox 605 1058 3794 1139">
    <p class='ocr_par' dir='ltr' id='par_1_9' title="bbox 605 1058 3794 1139">
     <span class='ocr_line' id='line_1_9' title="bbox 605 1058 3794 1139; baseline 0 -16"><span class='ocrx_word' id='word_1_111' title='bbox 605 1069 903 1125; x_wconf 88' lang='lat' dir='ltr'><strong>observare</strong></span> <span class='ocrx_word' id='word_1_112' title='bbox 930 1082 1298 1139; x_wconf 86' lang='lat' dir='ltr'><strong>summOpere.</strong></span> <span class='ocrx_word' id='word_1_113' title='bbox 1326 1064 1484 1121; x_wconf 91' lang='lat' dir='ltr'><strong>Unde</strong></span> <span class='ocrx_word' id='word_1_114' title='bbox 1512 1065 1703 1136; x_wconf 87' lang='lat' dir='ltr'><strong>procul</strong></span> <span class='ocrx_word' id='word_1_115' title='bbox 1731 1064 1899 1120; x_wconf 91' lang='lat' dir='ltr'><strong>dubio</strong></span> <span class='ocrx_word' id='word_1_116' title='bbox 1948 1064 2192 1134; x_wconf 89' lang='lat' dir='ltr'><strong>seipsum</strong></span> <span class='ocrx_word' id='word_1_117' title='bbox 2295 1059 2521 1115; x_wconf 88' lang='lat' dir='ltr'><strong>monitis</strong></span> <span class='ocrx_word' id='word_1_118' title='bbox 2544 1058 2605 1114; x_wconf 86' lang='lat' dir='ltr'><strong>B.</strong></span> <span class='ocrx_word' id='word_1_119' title='bbox 2629 1058 2888 1131; x_wconf 78' lang='lat' dir='ltr'><strong>Sylvestri</strong></span> <span class='ocrx_word' id='word_1_120' title='bbox 2904 1061 3223 1118; x_wconf 75' lang='lat' dir='ltr'><strong>idololatria:</strong></span> <span class='ocrx_word' id='word_1_121' title='bbox 3250 1063 3565 1119; x_wconf 86' lang='lat' dir='ltr'><strong>renuntians</strong></span> <span class='ocrx_word' id='word_1_122' title='bbox 3584 1067 3680 1133; x_wconf 88' lang='lat' dir='ltr'><strong>toti,</strong></span> <span class='ocrx_word' id='word_1_123' title='bbox 3691 1067 3794 1137; x_wconf 75' lang='lat' dir='ltr'><strong>juxta</strong></span> 
     </span>
    </p>
   </div>
   <div class='ocr_carea' id='block_1_10' title="bbox 603 1150 3795 1233">
    <p class='ocr_par' dir='ltr' id='par_1_10' title="bbox 603 1150 3795 1233">
     <span class='ocr_line' id='line_1_10' title="bbox 603 1150 3795 1233; baseline -0.001 -15"><span class='ocrx_word' id='word_1_124' title='bbox 603 1161 661 1218; x_wconf 89' lang='lat' dir='ltr'><strong>in</strong></span> <span class='ocrx_word' id='word_1_125' title='bbox 689 1162 840 1218; x_wconf 90' lang='lat' dir='ltr'><strong>nullo</strong></span> <span class='ocrx_word' id='word_1_126' title='bbox 859 1161 1088 1232; x_wconf 91' lang='lat' dir='ltr'><strong>decepit,</strong></span> <span class='ocrx_word' id='word_1_127' title='bbox 1102 1159 1197 1233; x_wconf 88' lang='lat' dir='ltr'><strong>qui</strong></span> <span class='ocrx_word' id='word_1_128' title='bbox 1213 1160 1268 1215; x_wconf 91' lang='lat' dir='ltr'><strong>in</strong></span> <span class='ocrx_word' id='word_1_129' title='bbox 1284 1160 1388 1216; x_wconf 88' lang='lat' dir='ltr'><strong>hoc</strong></span> <span class='ocrx_word' id='word_1_130' title='bbox 1413 1159 1963 1214; x_wconf 81' lang='lat' dir='ltr'><strong>uitohominenomen</strong></span> <span class='ocrx_word' id='word_1_131' title='bbox 1980 1165 2196 1212; x_wconf 85' lang='lat' dir='ltr'><strong>utrum-</strong></span> <span class='ocrx_word' id='word_1_132' title='bbox 2294 1159 2631 1222; x_wconf 71' lang='lat' dir='ltr'><strong>prteceptum</strong></span> <span class='ocrx_word' id='word_1_133' title='bbox 2661 1150 2881 1206; x_wconf 89' lang='lat' dir='ltr'><strong>Domini</strong></span> <span class='ocrx_word' id='word_1_134' title='bbox 2920 1153 3126 1224; x_wconf 87' lang='lat' dir='ltr'><strong>lepram</strong></span> <span class='ocrx_word' id='word_1_135' title='bbox 3168 1156 3378 1225; x_wconf 88' lang='lat' dir='ltr'><strong>peccati</strong></span> <span class='ocrx_word' id='word_1_136' title='bbox 3424 1155 3588 1210; x_wconf 91' lang='lat' dir='ltr'><strong>eidem</strong></span> <span class='ocrx_word' id='word_1_137' title='bbox 3628 1161 3795 1216; x_wconf 81' lang='lat' dir='ltr'><strong>ostendit</strong></span> 
     </span>
    </p>
   </div>
   <div class='ocr_carea' id='block_1_11' title="bbox 606 1240 3795 1327">
    <p class='ocr_par' dir='ltr' id='par_1_11' title="bbox 606 1240 3795 1327">
     <span class='ocr_line' id='line_1_11' title="bbox 606 1240 3795 1327; baseline -0.003 -15"><span class='ocrx_word' id='word_1_138' title='bbox 606 1271 716 1327; x_wconf 91' lang='lat' dir='ltr'><strong>que</strong></span> <span class='ocrx_word' id='word_1_139' title='bbox 742 1255 962 1327; x_wconf 83' lang='lat' dir='ltr'><strong>recipit;</strong></span> <span class='ocrx_word' id='word_1_140' title='bbox 994 1255 1089 1327; x_wconf 87' lang='lat' dir='ltr'><strong>qui</strong></span> <span class='ocrx_word' id='word_1_141' title='bbox 1111 1261 1297 1310; x_wconf 91' lang='lat' dir='ltr'><strong>autem</strong></span> <span class='ocrx_word' id='word_1_142' title='bbox 1319 1252 1444 1308; x_wconf 91' lang='lat' dir='ltr'><strong>inde</strong></span> <span class='ocrx_word' id='word_1_143' title='bbox 1474 1252 1703 1308; x_wconf 90' lang='lat' dir='ltr'><strong>dubium</strong></span> <span class='ocrx_word' id='word_1_144' title='bbox 1726 1251 1948 1323; x_wconf 83' lang='lat' dir='ltr'><strong>aliquod</strong></span> <span class='ocrx_word' id='word_1_145' title='bbox 1979 1251 2035 1305; x_wconf 92' lang='lat' dir='ltr'><strong>in</strong></span> <span class='ocrx_word' id='word_1_146' title='bbox 2072 1250 2194 1305; x_wconf 85' lang='lat' dir='ltr'><strong>ani-</strong></span> <span class='ocrx_word' id='word_1_147' title='bbox 2240 1240 2243 1243; x_wconf 75' lang='grc'><em>’</em></span> <span class='ocrx_word' id='word_1_148' title='bbox 2297 1243 2590 1312; x_wconf 82' lang='lat' dir='ltr'><strong>sacerdoti,</strong></span> <span class='ocrx_word' id='word_1_149' title='bbox 2613 1258 2683 1299; x_wconf 89' lang='lat' dir='ltr'><strong>ne</strong></span> <span class='ocrx_word' id='word_1_150' title='bbox 2706 1260 2833 1299; x_wconf 91' lang='lat' dir='ltr'><strong>cum</strong></span> <span class='ocrx_word' id='word_1_151' title='bbox 2857 1243 2965 1300; x_wconf 88' lang='lat' dir='ltr'><strong>illis</strong></span> <span class='ocrx_word' id='word_1_152' title='bbox 2991 1245 3180 1301; x_wconf 86' lang='lat' dir='ltr'><strong>decem</strong></span> <span class='ocrx_word' id='word_1_153' title='bbox 3201 1246 3431 1317; x_wconf 89' lang='lat' dir='ltr'><strong>leprosis</strong></span> <span class='ocrx_word' id='word_1_154' title='bbox 3456 1248 3661 1305; x_wconf 77' lang='lat' dir='ltr'><strong>diversis</strong></span> <span class='ocrx_word' id='word_1_155' title='bbox 3690 1250 3795 1307; x_wconf 73' lang='lat' dir='ltr'><strong>vitio-</strong></span> 
     </span>
    </p>
   </div>
   <div class='ocr_carea' id='block_1_12' title="bbox 544 1332 3794 1422">
    <p class='ocr_par' dir='ltr' id='par_1_12' title="bbox 544 1332 3794 1422">
     <span class='ocr_line' id='line_1_12' title="bbox 544 1332 3794 1422; baseline -0.002 -18"><span class='ocrx_word' id='word_1_156' title='bbox 544 1336 549 1339; x_wconf 14' lang='lat'><strong><em>»</em></strong></span> <span class='ocrx_word' id='word_1_157' title='bbox 608 1363 705 1404; x_wconf 90' lang='lat' dir='ltr'><strong>mo</strong></span> <span class='ocrx_word' id='word_1_158' title='bbox 732 1348 872 1422; x_wconf 89' lang='lat' dir='ltr'><strong>gerit</strong></span> <span class='ocrx_word' id='word_1_159' title='bbox 896 1389 911 1415; x_wconf 91' lang='lat'><strong>,</strong></span> <span class='ocrx_word' id='word_1_160' title='bbox 951 1347 1041 1403; x_wconf 93' lang='lat' dir='ltr'><strong>ille</strong></span> <span class='ocrx_word' id='word_1_161' title='bbox 1072 1362 1261 1403; x_wconf 86' lang='lat' dir='ltr'><strong>revera</strong></span> <span class='ocrx_word' id='word_1_162' title='bbox 1289 1345 1491 1401; x_wconf 89' lang='lat' dir='ltr'><strong>nodum</strong></span> <span class='ocrx_word' id='word_1_163' title='bbox 1521 1344 1577 1399; x_wconf 94' lang='lat' dir='ltr'><strong>in</strong></span> <span class='ocrx_word' id='word_1_164' title='bbox 1606 1344 1785 1414; x_wconf 86' lang='lat' dir='ltr'><strong>scirpo</strong></span> <span class='ocrx_word' id='word_1_165' title='bbox 1811 1342 2023 1415; x_wconf 61' lang='lat' dir='ltr'><strong>quaerit.</strong></span> <span class='ocrx_word' id='word_1_166' title='bbox 2052 1341 2189 1397; x_wconf 84' lang='lat' dir='ltr'><strong>Cum</strong></span> <span class='ocrx_word' id='word_1_167' title='bbox 2294 1332 2420 1391; x_wconf 80' lang='lat' dir='ltr'><strong>rum</strong></span> <span class='ocrx_word' id='word_1_168' title='bbox 2441 1337 2740 1408; x_wconf 83' lang='lat' dir='ltr'><strong>agitaretur</strong></span> <span class='ocrx_word' id='word_1_169' title='bbox 2763 1337 3024 1405; x_wconf 84' lang='lat' dir='ltr'><strong>motibus,</strong></span> <span class='ocrx_word' id='word_1_170' title='bbox 3047 1339 3247 1411; x_wconf 89' lang='lat' dir='ltr'><strong>quibus</strong></span> <span class='ocrx_word' id='word_1_171' title='bbox 3276 1338 3523 1396; x_wconf 78' lang='lat' dir='ltr'><strong>Veritas:</strong></span> <span class='ocrx_word' id='word_1_172' title='bbox 3548 1339 3637 1408; x_wconf 81' lang='lat' dir='ltr'><strong>Ite,</strong></span> <span class='ocrx_word' id='word_1_173' title='bbox 3660 1343 3794 1414; x_wconf 78' lang='lat' dir='ltr'><strong>inquit,</strong></span> 
     </span>
    </p>
   </div>
   <div class='ocr_carea' id='block_1_13' title="bbox 601 1430 3797 1512">
    <p class='ocr_par' dir='ltr' id='par_1_13' title="bbox 601 1430 3797 1512">
     <span class='ocr_line' id='line_1_13' title="bbox 601 1430 3797 1512; baseline -0.001 -16"><span class='ocrx_word' id='word_1_174' title='bbox 601 1439 751 1496; x_wconf 91' lang='lat' dir='ltr'><strong>enim</strong></span> <span class='ocrx_word' id='word_1_175' title='bbox 777 1440 1157 1512; x_wconf 89' lang='lat' dir='ltr'><strong>unusquisque</strong></span> <span class='ocrx_word' id='word_1_176' title='bbox 1191 1437 1474 1494; x_wconf 79' lang='lat' dir='ltr'><strong>Romanus</strong></span> <span class='ocrx_word' id='word_1_177' title='bbox 1517 1436 1762 1508; x_wconf 78' lang='lat' dir='ltr'><strong>pontifex</strong></span> <span class='ocrx_word' id='word_1_178' title='bbox 1789 1451 1964 1508; x_wconf 83' lang='lat' dir='ltr'><strong>usque</strong></span> <span class='ocrx_word' id='word_1_179' title='bbox 2014 1435 2193 1491; x_wconf 85' lang='lat' dir='ltr'><strong>adhuc</strong></span> <span class='ocrx_word' id='word_1_180' title='bbox 2240 1442 2245 1446; x_wconf 86' lang='lat'>&#39;</span> <span class='ocrx_word' id='word_1_181' title='bbox 2296 1430 2553 1484; x_wconf 75' lang='lat' dir='ltr'><strong>ostendite</strong></span> <span class='ocrx_word' id='word_1_182' title='bbox 2606 1447 2693 1484; x_wconf 77' lang='lat' dir='ltr'><strong>vos</strong></span> <span class='ocrx_word' id='word_1_183' title='bbox 2729 1430 3093 1504; x_wconf 81' lang='lat' dir='ltr'><strong>sacerdotibus</strong></span> <span class='ocrx_word' id='word_1_184' title='bbox 3118 1431 3272 1503; x_wconf 68' lang='lat' dir='ltr'><strong>(Luc.</strong></span> <span class='ocrx_word' id='word_1_185' title='bbox 3324 1434 3484 1504; x_wconf 80' lang='lat' dir='ltr'><strong>xvn).</strong></span> <span class='ocrx_word' id='word_1_186' title='bbox 3527 1431 3648 1501; x_wconf 83' lang='lat' dir='ltr'><strong>Quid</strong></span> <span class='ocrx_word' id='word_1_187' title='bbox 3676 1437 3797 1508; x_wconf 61' lang='lat' dir='ltr'><strong>muni</strong></span> 
     </span>
    </p>
   </div>
   <div class='ocr_carea' id='block_1_14' title="bbox 602 1520 3797 1601">
    <p class='ocr_par' dir='ltr' id='par_1_14' title="bbox 602 1520 3797 1601">
     <span class='ocr_line' id='line_1_14' title="bbox 602 1520 3797 1601; baseline 0.002 -20"><span class='ocrx_word' id='word_1_188' title='bbox 602 1535 805 1592; x_wconf 61' lang='lat' dir='ltr'><strong>habent</strong></span> <span class='ocrx_word' id='word_1_189' title='bbox 836 1534 948 1592; x_wconf 80' lang='lat' dir='ltr'><strong>duo</strong></span> <span class='ocrx_word' id='word_1_190' title='bbox 976 1534 1223 1601; x_wconf 68' lang='lat' dir='ltr'><strong>nomina,</strong></span> <span class='ocrx_word' id='word_1_191' title='bbox 1256 1548 1429 1588; x_wconf 82' lang='lat' dir='ltr'><strong>unum</strong></span> <span class='ocrx_word' id='word_1_192' title='bbox 1473 1530 1727 1588; x_wconf 76' lang='lat' dir='ltr'><strong>videlicet</strong></span> <span class='ocrx_word' id='word_1_193' title='bbox 1772 1546 1839 1586; x_wconf 67' lang='lat' dir='ltr'><strong>ex</strong></span> <span class='ocrx_word' id='word_1_194' title='bbox 1887 1530 2087 1597; x_wconf 71' lang='lat' dir='ltr'><strong>alieno,</strong></span> <span class='ocrx_word' id='word_1_195' title='bbox 2137 1538 2192 1585; x_wconf 75' lang='lat' dir='ltr'><strong>et</strong></span> <span class='ocrx_word' id='word_1_196' title='bbox 2295 1520 2507 1579; x_wconf 90' lang='lat' dir='ltr'><strong>Tandiu</strong></span> <span class='ocrx_word' id='word_1_197' title='bbox 2537 1523 2674 1578; x_wconf 88' lang='lat' dir='ltr'><strong>alter</strong></span> <span class='ocrx_word' id='word_1_198' title='bbox 2703 1523 2926 1580; x_wconf 89' lang='lat' dir='ltr'><strong>alterius</strong></span> <span class='ocrx_word' id='word_1_199' title='bbox 2953 1525 3205 1580; x_wconf 89' lang='lat' dir='ltr'><strong>utebatur</strong></span> <span class='ocrx_word' id='word_1_200' title='bbox 3239 1526 3497 1595; x_wconf 86' lang='lat' dir='ltr'><strong>consilio,</strong></span> <span class='ocrx_word' id='word_1_201' title='bbox 3519 1528 3797 1586; x_wconf 76' lang='lat' dir='ltr'><strong>tandiuetim</strong></span> 
     </span>
    </p>
   </div>
   <div class='ocr_carea' id='block_1_15' title="bbox 599 1611 3797 1694">
    <p class='ocr_par' dir='ltr' id='par_1_15' title="bbox 599 1611 3797 1694">
     <span class='ocr_line' id='line_1_15' title="bbox 599 1611 3797 1694; baseline -0.003 -10"><span class='ocrx_word' id='word_1_202' title='bbox 599 1624 753 1684; x_wconf 74' lang='lat' dir='ltr'><strong>aliud</strong></span> <span class='ocrx_word' id='word_1_203' title='bbox 805 1644 874 1682; x_wconf 81' lang='lat' dir='ltr'><strong>ex</strong></span> <span class='ocrx_word' id='word_1_204' title='bbox 923 1642 1048 1694; x_wconf 91' lang='lat' dir='ltr'><strong>suo,</strong></span> <span class='ocrx_word' id='word_1_205' title='bbox 1104 1626 1308 1681; x_wconf 89' lang='lat' dir='ltr'><strong>mirum</strong></span> <span class='ocrx_word' id='word_1_206' title='bbox 1338 1640 1450 1681; x_wconf 93' lang='lat' dir='ltr'><strong>non</strong></span> <span class='ocrx_word' id='word_1_207' title='bbox 1474 1632 1560 1680; x_wconf 89' lang='lat' dir='ltr'><strong>est</strong></span> <span class='ocrx_word' id='word_1_208' title='bbox 1588 1624 1635 1683; x_wconf 90' lang='lat' dir='ltr'><strong>si</strong></span> <span class='ocrx_word' id='word_1_209' title='bbox 1679 1624 1823 1679; x_wconf 91' lang='lat' dir='ltr'><strong>idem</strong></span> <span class='ocrx_word' id='word_1_210' title='bbox 1854 1623 1940 1677; x_wconf 91' lang='lat' dir='ltr'><strong>vir</strong></span> <span class='ocrx_word' id='word_1_211' title='bbox 1970 1623 2025 1677; x_wconf 91' lang='lat' dir='ltr'><strong>in</strong></span> <span class='ocrx_word' id='word_1_212' title='bbox 2056 1637 2191 1693; x_wconf 85' lang='lat' dir='ltr'><strong>apo-</strong></span> <span class='ocrx_word' id='word_1_213' title='bbox 2240 1626 2247 1627; x_wconf 65' lang='lat'><strong><em>’</em></strong></span> <span class='ocrx_word' id='word_1_214' title='bbox 2296 1611 2432 1667; x_wconf 88' lang='lat' dir='ltr'><strong>alter</strong></span> <span class='ocrx_word' id='word_1_215' title='bbox 2453 1628 2578 1667; x_wconf 89' lang='lat' dir='ltr'><strong>cum</strong></span> <span class='ocrx_word' id='word_1_216' title='bbox 2603 1613 2796 1679; x_wconf 85' lang='lat' dir='ltr'><strong>altero,</strong></span> <span class='ocrx_word' id='word_1_217' title='bbox 2820 1615 2982 1685; x_wconf 90' lang='lat' dir='ltr'><strong>quasi</strong></span> <span class='ocrx_word' id='word_1_218' title='bbox 3016 1624 3171 1685; x_wconf 91' lang='lat' dir='ltr'><strong>pater</strong></span> <span class='ocrx_word' id='word_1_219' title='bbox 3208 1616 3535 1687; x_wconf 87' lang='lat' dir='ltr'><strong>loquebatur</strong></span> <span class='ocrx_word' id='word_1_220' title='bbox 3576 1634 3679 1674; x_wconf 92' lang='lat' dir='ltr'><strong>cum</strong></span> <span class='ocrx_word' id='word_1_221' title='bbox 3712 1620 3797 1689; x_wconf 85' lang='lat' dir='ltr'><strong>tilio,</strong></span> 
     </span>
    </p>
   </div>
   <div class='ocr_carea' id='block_1_16' title="bbox 600 1702 3800 1792">
    <p class='ocr_par' dir='ltr' id='par_1_16' title="bbox 600 1702 3800 1792">
     <span class='ocr_line' id='line_1_16' title="bbox 600 1702 3800 1792; baseline -0.002 -15"><span class='ocrx_word' id='word_1_222' title='bbox 600 1719 834 1778; x_wconf 80' lang='lat' dir='ltr'><strong>stolatus</strong></span> <span class='ocrx_word' id='word_1_223' title='bbox 863 1719 1094 1792; x_wconf 89' lang='lat' dir='ltr'><strong>gradum</strong></span> <span class='ocrx_word' id='word_1_224' title='bbox 1129 1718 1330 1775; x_wconf 66' lang='lat' dir='ltr'><strong>divinas</strong></span> <span class='ocrx_word' id='word_1_225' title='bbox 1359 1719 1579 1789; x_wconf 89' lang='lat' dir='ltr'><strong>pietatis</strong></span> <span class='ocrx_word' id='word_1_226' title='bbox 1605 1726 1892 1789; x_wconf 87' lang='lat' dir='ltr'><strong>promotus</strong></span> <span class='ocrx_word' id='word_1_227' title='bbox 1926 1715 2185 1783; x_wconf 84' lang='lat' dir='ltr'><strong>etiicacia,</strong></span> <span class='ocrx_word' id='word_1_228' title='bbox 2296 1705 2656 1776; x_wconf 67' lang='grc' dir='ltr'><strong>(Ιυοθάιιδίίυε</strong></span> <span class='ocrx_word' id='word_1_229' title='bbox 2691 1705 2837 1761; x_wconf 69' lang='lat' dir='ltr'><strong>ﬁlius</strong></span> <span class='ocrx_word' id='word_1_230' title='bbox 2875 1706 3137 1763; x_wconf 72' lang='lat' dir='ltr'><strong>Obediens</strong></span> <span class='ocrx_word' id='word_1_231' title='bbox 3156 1708 3300 1779; x_wconf 64' lang='lat' dir='ltr'><strong>Patri</strong></span> <span class='ocrx_word' id='word_1_232' title='bbox 3319 1709 3645 1765; x_wconf 69' lang='lat' dir='ltr'><strong>I‘BCOIICiliari</strong></span> <span class='ocrx_word' id='word_1_233' title='bbox 3664 1713 3800 1766; x_wconf 75' lang='lat' dir='ltr'><strong>meruit</strong></span> 
     </span>
    </p>
   </div>
   <div class='ocr_carea' id='block_1_17' title="bbox 598 1793 3881 1880">
    <p class='ocr_par' dir='ltr' id='par_1_17' title="bbox 598 1793 3881 1880">
     <span class='ocr_line' id='line_1_17' title="bbox 598 1793 3881 1880; baseline 0 -25"><span class='ocrx_word' id='word_1_234' title='bbox 598 1828 774 1869; x_wconf 70' lang='lat' dir='ltr'><strong>unum</strong></span> <span class='ocrx_word' id='word_1_235' title='bbox 801 1827 1002 1869; x_wconf 71' lang='lat' dir='ltr'><strong>nomen</strong></span> <span class='ocrx_word' id='word_1_236' title='bbox 1035 1827 1100 1868; x_wconf 65' lang='lat' dir='ltr'><strong>ex</strong></span> <span class='ocrx_word' id='word_1_237' title='bbox 1134 1821 1352 1879; x_wconf 56' lang='lat' dir='ltr'><strong>natura,</strong></span> <span class='ocrx_word' id='word_1_238' title='bbox 1391 1821 1444 1867; x_wconf 67' lang='grc' dir='ltr'><strong>οι</strong></span> <span class='ocrx_word' id='word_1_239' title='bbox 1465 1811 1615 1867; x_wconf 70' lang='lat' dir='ltr'><strong>aliud</strong></span> <span class='ocrx_word' id='word_1_240' title='bbox 1651 1811 1853 1866; x_wconf 63' lang='lat' dir='ltr'><strong>habeat</strong></span> <span class='ocrx_word' id='word_1_241' title='bbox 1881 1825 1949 1864; x_wconf 66' lang='lat' dir='ltr'><strong>ex</strong></span> <span class='ocrx_word' id='word_1_242' title='bbox 1987 1809 2181 1880; x_wconf 53' lang='lat' dir='ltr'><strong>gratia.</strong></span> <span class='ocrx_word' id='word_1_243' title='bbox 2217 1798 2261 1858; x_wconf 83' lang='grc' dir='ltr'>Β</span> <span class='ocrx_word' id='word_1_244' title='bbox 2290 1793 2548 1851; x_wconf 63' lang='lat' dir='ltr'><strong>Ecclesiae</strong></span> <span class='ocrx_word' id='word_1_245' title='bbox 2568 1796 2752 1851; x_wconf 88' lang='lat' dir='ltr'><strong>matri.</strong></span> <span class='ocrx_word' id='word_1_246' title='bbox 2780 1795 2938 1853; x_wconf 89' lang='lat' dir='ltr'><strong>Sicut</strong></span> <span class='ocrx_word' id='word_1_247' title='bbox 2975 1798 3123 1851; x_wconf 90' lang='lat' dir='ltr'><strong>enim</strong></span> <span class='ocrx_word' id='word_1_248' title='bbox 3172 1797 3429 1855; x_wconf 85' lang='lat' dir='ltr'><strong>Salvator</strong></span> <span class='ocrx_word' id='word_1_249' title='bbox 3472 1809 3641 1856; x_wconf 85' lang='lat' dir='ltr'><strong>noster</strong></span> <span class='ocrx_word' id='word_1_250' title='bbox 3677 1817 3797 1871; x_wconf 84' lang='lat' dir='ltr'><strong>quon-</strong></span> 
     </span>
    </p>
   </div>
   <div class='ocr_carea' id='block_1_18' title="bbox 544 1887 3799 1978">
    <p class='ocr_par' dir='ltr' id='par_1_18' title="bbox 544 1887 3799 1978">
     <span class='ocr_line' id='line_1_18' title="bbox 544 1887 3799 1978; baseline 0.002 -38"><span class='ocrx_word' id='word_1_251' title='bbox 544 1894 551 1902; x_wconf 88' lang='lat'><strong>&#39;</strong></span> <span class='ocrx_word' id='word_1_252' title='bbox 597 1905 736 1974; x_wconf 66' lang='lat' dir='ltr'><strong>Quia</strong></span> <span class='ocrx_word' id='word_1_253' title='bbox 770 1906 936 1978; x_wconf 55' lang='lat' dir='ltr'><strong>igitur</strong></span> <span class='ocrx_word' id='word_1_254' title='bbox 955 1921 1056 1976; x_wconf 64' lang='lat' dir='ltr'><strong>pro</strong></span> <span class='ocrx_word' id='word_1_255' title='bbox 1111 1904 1432 1976; x_wconf 68' lang='lat' dir='ltr'><strong>colligendis</strong></span> <span class='ocrx_word' id='word_1_256' title='bbox 1474 1904 1670 1960; x_wconf 69' lang='lat' dir='ltr'><strong>ovibus</strong></span> <span class='ocrx_word' id='word_1_257' title='bbox 1714 1912 1769 1960; x_wconf 67' lang='grc' dir='ltr'><strong>ει</strong></span> <span class='ocrx_word' id='word_1_258' title='bbox 1838 1902 2040 1974; x_wconf 71' lang='lat' dir='ltr'><strong>populo</strong></span> <span class='ocrx_word' id='word_1_259' title='bbox 2088 1900 2186 1958; x_wconf 71' lang='lat' dir='ltr'><strong>Dei</strong></span> <span class='ocrx_word' id='word_1_260' title='bbox 2292 1887 2416 1941; x_wconf 90' lang='lat' dir='ltr'><strong>dam</strong></span> <span class='ocrx_word' id='word_1_261' title='bbox 2452 1887 2508 1940; x_wconf 87' lang='lat' dir='ltr'><strong>in</strong></span> <span class='ocrx_word' id='word_1_262' title='bbox 2537 1887 2763 1978; x_wconf 19' lang='lat' dir='ltr'><strong>ideserto</strong></span> <span class='ocrx_word' id='word_1_263' title='bbox 2795 1889 3062 1944; x_wconf 72' lang='lat' dir='ltr'><strong>caelorum</strong></span> <span class='ocrx_word' id='word_1_264' title='bbox 3112 1889 3316 1945; x_wconf 79' lang='lat' dir='ltr'><strong>relictis</strong></span> <span class='ocrx_word' id='word_1_265' title='bbox 3366 1892 3546 1946; x_wconf 85' lang='lat' dir='ltr'><strong>ovibus</strong></span> <span class='ocrx_word' id='word_1_266' title='bbox 3592 1894 3799 1964; x_wconf 68' lang='lat' dir='ltr'><strong>nonaginta</strong></span> 
     </span>
    </p>
   </div>
   <div class='ocr_carea' id='block_1_19' title="bbox 597 1977 2187 2070">
    <p class='ocr_par' dir='ltr' id='par_1_19' title="bbox 597 1977 2187 2070">
     <span class='ocr_line' id='line_1_19' title="bbox 597 1977 2187 2070; baseline -0.003 -15"><span class='ocrx_word' id='word_1_267' title='bbox 597 1977 966 2055; x_wconf 83' lang='lat' dir='ltr'><strong>convertendo</strong></span> <span class='ocrx_word' id='word_1_268' title='bbox 997 1999 1216 2070; x_wconf 86' lang='lat' dir='ltr'><strong>scriptis</strong></span> <span class='ocrx_word' id='word_1_269' title='bbox 1239 2007 1294 2054; x_wconf 91' lang='lat' dir='ltr'><strong>et</strong></span> <span class='ocrx_word' id='word_1_270' title='bbox 1313 1998 1476 2054; x_wconf 91' lang='lat' dir='ltr'><strong>dictis</strong></span> <span class='ocrx_word' id='word_1_271' title='bbox 1506 2013 1719 2069; x_wconf 89' lang='lat' dir='ltr'><strong>semper</strong></span> <span class='ocrx_word' id='word_1_272' title='bbox 1748 2004 1868 2052; x_wconf 89' lang='lat' dir='ltr'><strong>erat</strong></span> <span class='ocrx_word' id='word_1_273' title='bbox 1898 1996 1955 2051; x_wconf 92' lang='lat' dir='ltr'><strong>in</strong></span> <span class='ocrx_word' id='word_1_274' title='bbox 1983 1997 2187 2051; x_wconf 79' lang='lat' dir='ltr'><strong>exhor-</strong></span> 
     </span>
    </p>
   </div>
   <div class='ocr_carea' id='block_1_20' title="bbox 2291 1977 3881 2070">
    <p class='ocr_par' dir='ltr' id='par_1_20' title="bbox 2292 1977 3881 2069">
     <span class='ocr_line' id='line_1_20' title="bbox 2292 1977 3881 2069; baseline 0.003 -38"><span class='ocrx_word' id='word_1_275' title='bbox 2292 1994 2473 2032; x_wconf 84' lang='lat' dir='ltr'><strong>novem</strong></span> <span class='ocrx_word' id='word_1_276' title='bbox 2501 1977 2654 2051; x_wconf 89' lang='lat' dir='ltr'><strong>(Luc.</strong></span> <span class='ocrx_word' id='word_1_277' title='bbox 2683 1978 2813 2049; x_wconf 87' lang='lat' dir='ltr'><strong>xv),</strong></span> <span class='ocrx_word' id='word_1_278' title='bbox 2848 1980 2905 2034; x_wconf 90' lang='lat' dir='ltr'><strong>in</strong></span> <span class='ocrx_word' id='word_1_279' title='bbox 2953 1978 3189 2037; x_wconf 71' lang='lat' dir='ltr'><strong>ldumaea</strong></span> <span class='ocrx_word' id='word_1_280' title='bbox 3220 1983 3512 2054; x_wconf 60' lang='lat' dir='ltr'><strong>praesentis</strong></span> <span class='ocrx_word' id='word_1_281' title='bbox 3535 1984 3689 2039; x_wconf 72' lang='lat' dir='ltr'><strong>szeculi</strong></span> <span class='ocrx_word' id='word_1_282' title='bbox 3720 1998 3800 2042; x_wconf 79' lang='lat' dir='ltr'><strong>cen-</strong></span> 
     </span>
    </p>
   </div>
   <div class='ocr_carea' id='block_1_21' title="bbox 594 2070 2187 2160">
    <p class='ocr_par' dir='ltr' id='par_1_21' title="bbox 594 2087 2187 2160">
     <span class='ocr_line' id='line_1_21' title="bbox 594 2087 2187 2160; baseline -0.002 -15"><span class='ocrx_word' id='word_1_283' title='bbox 594 2089 786 2157; x_wconf 85' lang='lat' dir='ltr'><strong>tando,</strong></span> <span class='ocrx_word' id='word_1_284' title='bbox 812 2096 868 2145; x_wconf 89' lang='lat' dir='ltr'><strong>et</strong></span> <span class='ocrx_word' id='word_1_285' title='bbox 891 2104 1116 2144; x_wconf 91' lang='lat' dir='ltr'><strong>severus</strong></span> <span class='ocrx_word' id='word_1_286' title='bbox 1140 2089 1195 2143; x_wconf 89' lang='lat' dir='ltr'><strong>in</strong></span> <span class='ocrx_word' id='word_1_287' title='bbox 1216 2087 1586 2160; x_wconf 86' lang='lat' dir='ltr'><strong>corripiendo,</strong></span> <span class='ocrx_word' id='word_1_288' title='bbox 1613 2088 1736 2144; x_wconf 88' lang='lat' dir='ltr'><strong>ideo</strong></span> <span class='ocrx_word' id='word_1_289' title='bbox 1758 2088 1889 2143; x_wconf 89' lang='lat' dir='ltr'><strong>dum</strong></span> <span class='ocrx_word' id='word_1_290' title='bbox 1918 2087 1975 2142; x_wconf 92' lang='lat' dir='ltr'><strong>in</strong></span> <span class='ocrx_word' id='word_1_291' title='bbox 2005 2087 2187 2143; x_wconf 88' lang='lat' dir='ltr'><strong>studio</strong></span> 
     </span>
    </p>
   </div>
   <div class='ocr_carea' id='block_1_22' title="bbox 2291 2070 3799 2160">
    <p class='ocr_par' dir='ltr' id='par_1_22' title="bbox 2291 2070 3799 2150">
     <span class='ocr_line' id='line_1_22' title="bbox 2291 2070 3799 2150; baseline 0.005 -27"><span class='ocrx_word' id='word_1_292' title='bbox 2291 2071 2545 2126; x_wconf 88' lang='lat' dir='ltr'><strong>tesimam</strong></span> <span class='ocrx_word' id='word_1_293' title='bbox 2589 2070 2881 2142; x_wconf 77' lang='lat' dir='ltr'><strong>quaesierat</strong></span> <span class='ocrx_word' id='word_1_294' title='bbox 2933 2087 3112 2140; x_wconf 87' lang='lat' dir='ltr'><strong>ovem,</strong></span> <span class='ocrx_word' id='word_1_295' title='bbox 3151 2074 3227 2130; x_wconf 90' lang='lat' dir='ltr'><strong>ita</strong></span> <span class='ocrx_word' id='word_1_296' title='bbox 3257 2074 3456 2132; x_wconf 90' lang='lat' dir='ltr'><strong>beatus</strong></span> <span class='ocrx_word' id='word_1_297' title='bbox 3507 2075 3799 2150; x_wconf 77' lang='lat' dir='ltr'><strong>Sylvestertb</strong></span> 
     </span>
    </p>
   </div>
   <div class='ocr_carea' id='block_1_23' title="bbox 546 2163 3800 2253">
    <p class='ocr_par' dir='ltr' id='par_1_23' title="bbox 546 2163 3800 2253">
     <span class='ocr_line' id='line_1_23' title="bbox 546 2163 3800 2253; baseline 0.002 -35"><span class='ocrx_word' id='word_1_298' title='bbox 546 2169 553 2175; x_wconf 83' lang='lat'><strong>&#39;</strong></span> <span class='ocrx_word' id='word_1_299' title='bbox 594 2181 1003 2253; x_wconf 56' lang='grc' dir='ltr'><strong>Ριεάίεειίοηίε</strong></span> <span class='ocrx_word' id='word_1_300' title='bbox 1037 2182 1106 2237; x_wconf 65' lang='lat' dir='ltr'><strong>ad</strong></span> <span class='ocrx_word' id='word_1_301' title='bbox 1127 2183 1397 2253; x_wconf 71' lang='lat' dir='ltr'><strong>quosdam</strong></span> <span class='ocrx_word' id='word_1_302' title='bbox 1416 2182 1626 2249; x_wconf 50' lang='lat' dir='ltr'><strong>minus,</strong></span> <span class='ocrx_word' id='word_1_303' title='bbox 1659 2190 1714 2237; x_wconf 55' lang='lat' dir='ltr'><strong>et</strong></span> <span class='ocrx_word' id='word_1_304' title='bbox 1738 2181 1806 2236; x_wconf 70' lang='lat' dir='ltr'><strong>ad</strong></span> <span class='ocrx_word' id='word_1_305' title='bbox 1827 2181 2099 2253; x_wconf 67' lang='lat' dir='ltr'><strong>quosdam</strong></span> <span class='ocrx_word' id='word_1_306' title='bbox 2129 2196 2189 2237; x_wconf 69' lang='lat' dir='ltr'><strong>se</strong></span> <span class='ocrx_word' id='word_1_307' title='bbox 2244 2184 2249 2187; x_wconf 48' lang='grc' dir='ltr'><strong>ν</strong></span> <span class='ocrx_word' id='word_1_308' title='bbox 2292 2164 2421 2218; x_wconf 89' lang='lat' dir='ltr'><strong>ovili</strong></span> <span class='ocrx_word' id='word_1_309' title='bbox 2444 2163 2661 2219; x_wconf 88' lang='lat' dir='ltr'><strong>Domini</strong></span> <span class='ocrx_word' id='word_1_310' title='bbox 2692 2164 2885 2221; x_wconf 89' lang='lat' dir='ltr'><strong>dolens</strong></span> <span class='ocrx_word' id='word_1_311' title='bbox 2901 2180 3059 2222; x_wconf 90' lang='lat' dir='ltr'><strong>ovem</strong></span> <span class='ocrx_word' id='word_1_312' title='bbox 3075 2168 3369 2225; x_wconf 88' lang='lat' dir='ltr'><strong>aberrasse</strong></span> <span class='ocrx_word' id='word_1_313' title='bbox 3395 2171 3800 2240; x_wconf 72' lang='lat' dir='ltr'><strong>centesimam,pa-</strong></span> 
     </span>
    </p>
   </div>
   <div class='ocr_carea' id='block_1_24' title="bbox 546 2258 2187 2349">
    <p class='ocr_par' dir='ltr' id='par_1_24' title="bbox 546 2262 2187 2349">
     <span class='ocr_line' id='line_1_24' title="bbox 546 2262 2187 2349; baseline -0.001 -19"><span class='ocrx_word' id='word_1_314' title='bbox 546 2262 551 2268; x_wconf 65' lang='grc'><em>’</em></span> <span class='ocrx_word' id='word_1_315' title='bbox 594 2272 831 2330; x_wconf 83' lang='lat' dir='ltr'><strong>habebat</strong></span> <span class='ocrx_word' id='word_1_316' title='bbox 848 2273 1068 2344; x_wconf 83' lang='lat' dir='ltr'><strong>saevius,</strong></span> <span class='ocrx_word' id='word_1_317' title='bbox 1095 2290 1207 2330; x_wconf 91' lang='lat' dir='ltr'><strong>non</strong></span> <span class='ocrx_word' id='word_1_318' title='bbox 1232 2274 1509 2331; x_wconf 90' lang='lat' dir='ltr'><strong>immerito</strong></span> <span class='ocrx_word' id='word_1_319' title='bbox 1521 2282 1577 2331; x_wconf 87' lang='lat' dir='ltr'><strong>et</strong></span> <span class='ocrx_word' id='word_1_320' title='bbox 1591 2272 1868 2349; x_wconf 87' lang='lat' dir='ltr'><strong>Sylvester</strong></span> <span class='ocrx_word' id='word_1_321' title='bbox 1887 2273 2187 2330; x_wconf 87' lang='lat' dir='ltr'><strong>vocabatur</strong></span> 
     </span>
    </p>
   </div>
   <div class='ocr_carea' id='block_1_25' title="bbox 2291 2258 3801 2349">
    <p class='ocr_par' dir='ltr' id='par_1_25' title="bbox 2291 2258 3801 2334">
     <span class='ocr_line' id='line_1_25' title="bbox 2291 2258 3801 2334; baseline 0.001 -19"><span class='ocrx_word' id='word_1_322' title='bbox 2291 2268 2462 2317; x_wconf 65' lang='lat' dir='ltr'><strong>ternm</strong></span> <span class='ocrx_word' id='word_1_323' title='bbox 2492 2262 2803 2318; x_wconf 86' lang='lat' dir='ltr'><strong>dilectionis</strong></span> <span class='ocrx_word' id='word_1_324' title='bbox 2823 2264 3058 2319; x_wconf 85' lang='lat' dir='ltr'><strong>humero</strong></span> <span class='ocrx_word' id='word_1_325' title='bbox 3101 2272 3389 2334; x_wconf 87' lang='lat' dir='ltr'><strong>reportare</strong></span> <span class='ocrx_word' id='word_1_326' title='bbox 3412 2263 3648 2320; x_wconf 89' lang='lat' dir='ltr'><strong>studebat</strong></span> <span class='ocrx_word' id='word_1_327' title='bbox 3668 2263 3721 2317; x_wconf 82' lang='lat' dir='ltr'><strong>ad</strong></span> <span class='ocrx_word' id='word_1_328' title='bbox 3740 2258 3801 2316; x_wconf 78' lang='lat' dir='ltr'><strong>Ec-</strong></span> 
     </span>
    </p>
   </div>
   <div class='ocr_carea' id='block_1_26' title="bbox 549 2350 3801 2428">
    <p class='ocr_par' dir='ltr' id='par_1_26' title="bbox 549 2350 3801 2428">
     <span class='ocr_line' id='line_1_26' title="bbox 549 2350 3801 2428; baseline -0.003 -10"><span class='ocrx_word' id='word_1_329' title='bbox 549 2350 573 2399; x_wconf 66' lang='grc'><strong>’-</strong></span> <span class='ocrx_word' id='word_1_330' title='bbox 597 2374 654 2424; x_wconf 88' lang='lat' dir='ltr'><strong>et</strong></span> <span class='ocrx_word' id='word_1_331' title='bbox 674 2365 965 2426; x_wconf 80' lang='lat' dir='ltr'><strong>Eusebius.</strong></span> <span class='ocrx_word' id='word_1_332' title='bbox 2291 2354 2537 2409; x_wconf 88' lang='lat' dir='ltr'><strong>clesiam.</strong></span> <span class='ocrx_word' id='word_1_333' title='bbox 2558 2354 2633 2410; x_wconf 90' lang='lat' dir='ltr'><strong>De</strong></span> <span class='ocrx_word' id='word_1_334' title='bbox 2659 2372 2767 2426; x_wconf 91' lang='lat' dir='ltr'><strong>qua</strong></span> <span class='ocrx_word' id='word_1_335' title='bbox 2796 2373 2864 2412; x_wconf 90' lang='lat' dir='ltr'><strong>ne</strong></span> <span class='ocrx_word' id='word_1_336' title='bbox 2877 2356 3086 2413; x_wconf 89' lang='lat' dir='ltr'><strong>diutius</strong></span> <span class='ocrx_word' id='word_1_337' title='bbox 3106 2357 3422 2413; x_wconf 76' lang='lat' dir='ltr'><strong>diﬂerretur</strong></span> <span class='ocrx_word' id='word_1_338' title='bbox 3447 2356 3609 2428; x_wconf 86' lang='lat' dir='ltr'><strong>gratia</strong></span> <span class='ocrx_word' id='word_1_339' title='bbox 3627 2368 3801 2425; x_wconf 75' lang='lat' dir='ltr'><strong>superae</strong></span> 
     </span>
    </p>
   </div>
   <div class='ocr_carea' id='block_1_27' title="bbox 1188 2443 3797 2520">
    <p class='ocr_par' dir='ltr' id='par_1_27' title="bbox 1188 2443 3797 2520">
     <span class='ocr_line' id='line_1_27' title="bbox 1188 2443 3797 2520; baseline -0.002 -15"><span class='ocrx_word' id='word_1_340' title='bbox 1188 2459 1420 2519; x_wconf 71' lang='lat' dir='ltr'><strong>CAPUT</strong></span> <span class='ocrx_word' id='word_1_341' title='bbox 1459 2459 1596 2517; x_wconf 74' lang='grc' dir='ltr'>γιιι,</span> <span class='ocrx_word' id='word_1_342' title='bbox 2288 2443 2510 2500; x_wconf 88' lang='lat' dir='ltr'><strong>virtutis</strong></span> <span class='ocrx_word' id='word_1_343' title='bbox 2533 2447 2672 2499; x_wconf 80' lang='lat' dir='ltr'><strong>venit</strong></span> <span class='ocrx_word' id='word_1_344' title='bbox 2700 2456 2902 2518; x_wconf 79' lang='lat' dir='ltr'><strong>tempus</strong></span> <span class='ocrx_word' id='word_1_345' title='bbox 2933 2448 3276 2520; x_wconf 75' lang='lat' dir='ltr'><strong>act-optabile,</strong></span> <span class='ocrx_word' id='word_1_346' title='bbox 3309 2458 3362 2503; x_wconf 87' lang='lat' dir='ltr'><strong>et</strong></span> <span class='ocrx_word' id='word_1_347' title='bbox 3414 2449 3524 2503; x_wconf 85' lang='lat' dir='ltr'><strong>dies</strong></span> <span class='ocrx_word' id='word_1_348' title='bbox 3564 2446 3736 2514; x_wconf 77' lang='lat' dir='ltr'><strong>salutis,</strong></span> <span class='ocrx_word' id='word_1_349' title='bbox 3760 2444 3797 2502; x_wconf 61' lang='grc' dir='ltr'><strong>ᾖ</strong></span> 
     </span>
    </p>
   </div>
   <div class='ocr_carea' id='block_1_28' title="bbox 605 2538 2187 2626">
    <p class='ocr_par' dir='ltr' id='par_1_28' title="bbox 605 2550 2185 2626">
     <span class='ocr_line' id='line_1_28' title="bbox 605 2550 2185 2626; baseline 0.003 -18"><span class='ocrx_word' id='word_1_350' title='bbox 605 2550 676 2608; x_wconf 71' lang='grc' dir='ltr'><strong>ιη</strong></span> <span class='ocrx_word' id='word_1_351' title='bbox 744 2561 885 2609; x_wconf 81' lang='lat' dir='ltr'><strong>totus</strong></span> <span class='ocrx_word' id='word_1_352' title='bbox 925 2556 1144 2626; x_wconf 81' lang='lat' dir='ltr'><strong>pietatis</strong></span> <span class='ocrx_word' id='word_1_353' title='bbox 1183 2555 1445 2626; x_wconf 12' lang='lat' dir='ltr'><strong>,operibus</strong></span> <span class='ocrx_word' id='word_1_354' title='bbox 1486 2555 1693 2610; x_wconf 81' lang='lat' dir='ltr'><strong>vacarit</strong></span> <span class='ocrx_word' id='word_1_355' title='bbox 1760 2553 2141 2612; x_wconf 74' lang='lat' dir='ltr'><strong>Constantinus</strong></span> <span class='ocrx_word' id='word_1_356' title='bbox 2168 2598 2185 2626; x_wconf 95' lang='lat'><strong>,</strong></span> 
     </span>
    </p>
   </div>
   <div class='ocr_carea' id='block_1_29' title="bbox 2291 2538 3799 2626">
    <p class='ocr_par' dir='ltr' id='par_1_29' title="bbox 2295 2538 3799 2614">
     <span class='ocr_line' id='line_1_29' title="bbox 2295 2538 3799 2614; baseline 0.003 -22"><span class='ocrx_word' id='word_1_357' title='bbox 2295 2553 2403 2608; x_wconf 90' lang='lat' dir='ltr'><strong>qua</strong></span> <span class='ocrx_word' id='word_1_358' title='bbox 2430 2538 2523 2594; x_wconf 90' lang='lat' dir='ltr'><strong>illa</strong></span> <span class='ocrx_word' id='word_1_359' title='bbox 2546 2540 2679 2594; x_wconf 86' lang='lat' dir='ltr'><strong>hora</strong></span> <span class='ocrx_word' id='word_1_360' title='bbox 2706 2542 2882 2614; x_wconf 88' lang='lat' dir='ltr'><strong>magis</strong></span> <span class='ocrx_word' id='word_1_361' title='bbox 2904 2543 3191 2614; x_wconf 76' lang='lat' dir='ltr'><strong>magisque</strong></span> <span class='ocrx_word' id='word_1_362' title='bbox 3212 2538 3386 2614; x_wconf 71' lang='lat' dir='ltr'><strong>cmpit</strong></span> <span class='ocrx_word' id='word_1_363' title='bbox 3424 2542 3799 2614; x_wconf 69' lang='lat' dir='ltr'><strong>appropinquare,</strong></span> 
     </span>
    </p>
   </div>
   <div class='ocr_carea' id='block_1_30' title="bbox 929 2625 3800 2705">
    <p class='ocr_par' dir='ltr' id='par_1_30' title="bbox 929 2625 3800 2705">
     <span class='ocr_line' id='line_1_30' title="bbox 929 2625 3800 2705; baseline 0.002 -25"><span class='ocrx_word' id='word_1_364' title='bbox 929 2625 1144 2680; x_wconf 83' lang='lat' dir='ltr'><strong>sacrum</strong></span> <span class='ocrx_word' id='word_1_365' title='bbox 1172 2625 1438 2696; x_wconf 82' lang='lat' dir='ltr'><strong>baptisma</strong></span> <span class='ocrx_word' id='word_1_366' title='bbox 1480 2635 1841 2696; x_wconf 83' lang='lat' dir='ltr'><strong>suscepturus.</strong></span> <span class='ocrx_word' id='word_1_367' title='bbox 2172 2625 2175 2626; x_wconf 52' lang='grc'><strong><em>⁷</em></strong></span> <span class='ocrx_word' id='word_1_368' title='bbox 2292 2644 2415 2700; x_wconf 61' lang='lat' dir='ltr'><strong>quae</strong></span> <span class='ocrx_word' id='word_1_369' title='bbox 2424 2645 2525 2701; x_wconf 88' lang='lat' dir='ltr'><strong>pro</strong></span> <span class='ocrx_word' id='word_1_370' title='bbox 2537 2631 2721 2686; x_wconf 83' lang='lat' dir='ltr'><strong>relaxa</strong></span> <span class='ocrx_word' id='word_1_371' title='bbox 2731 2632 2876 2687; x_wconf 90' lang='lat' dir='ltr'><strong>tione</strong></span> <span class='ocrx_word' id='word_1_372' title='bbox 2888 2633 3243 2703; x_wconf 89' lang='lat' dir='ltr'><strong>parvulorum</strong></span> <span class='ocrx_word' id='word_1_373' title='bbox 3257 2634 3428 2705; x_wconf 84' lang='lat' dir='ltr'><strong>digna</strong></span> <span class='ocrx_word' id='word_1_374' title='bbox 3441 2633 3666 2689; x_wconf 86' lang='lat' dir='ltr'><strong>mercede</strong></span> <span class='ocrx_word' id='word_1_375' title='bbox 3675 2630 3800 2687; x_wconf 76' lang='lat' dir='ltr'><strong>debuit</strong></span> 
     </span>
    </p>
   </div>
   <div class='ocr_carea' id='block_1_31' title="bbox 548 2723 2187 2815">
    <p class='ocr_par' dir='ltr' id='par_1_31' title="bbox 548 2732 2184 2815">
     <span class='ocr_line' id='line_1_31' title="bbox 548 2732 2184 2815; baseline 0.004 -25"><span class='ocrx_word' id='word_1_376' title='bbox 548 2808 557 2815; x_wconf 89' lang='lat'><em>_</em></span> <span class='ocrx_word' id='word_1_377' title='bbox 660 2732 803 2791; x_wconf 90' lang='lat' dir='ltr'><strong>Ecce</strong></span> <span class='ocrx_word' id='word_1_378' title='bbox 820 2736 1082 2806; x_wconf 89' lang='lat' dir='ltr'><strong>quoniam</strong></span> <span class='ocrx_word' id='word_1_379' title='bbox 1108 2737 1165 2795; x_wconf 90' lang='lat' dir='ltr'><strong>in</strong></span> <span class='ocrx_word' id='word_1_380' title='bbox 1183 2735 1570 2807; x_wconf 83' lang='lat' dir='ltr'><strong>explanatione</strong></span> <span class='ocrx_word' id='word_1_381' title='bbox 1598 2736 1888 2807; x_wconf 88' lang='lat' dir='ltr'><strong>utriusque</strong></span> <span class='ocrx_word' id='word_1_382' title='bbox 1916 2738 2184 2809; x_wconf 89' lang='lat' dir='ltr'><strong>nominis,</strong></span> 
     </span>
    </p>
   </div>
   <div class='ocr_carea' id='block_1_32' title="bbox 2291 2723 3801 2815">
    <p class='ocr_par' dir='ltr' id='par_1_32' title="bbox 2291 2723 3801 2798">
     <span class='ocr_line' id='line_1_32' title="bbox 2291 2723 3801 2798; baseline 0 -19"><span class='ocrx_word' id='word_1_383' title='bbox 2291 2738 2417 2779; x_wconf 89' lang='lat' dir='ltr'><strong>eum</strong></span> <span class='ocrx_word' id='word_1_384' title='bbox 2446 2739 2817 2781; x_wconf 90' lang='lat' dir='ltr'><strong>remunerare.</strong></span> <span class='ocrx_word' id='word_1_385' title='bbox 2851 2723 3007 2782; x_wconf 91' lang='lat' dir='ltr'><strong>Unde</strong></span> <span class='ocrx_word' id='word_1_386' title='bbox 3050 2739 3347 2798; x_wconf 87' lang='lat' dir='ltr'><strong>postquam</strong></span> <span class='ocrx_word' id='word_1_387' title='bbox 3391 2728 3579 2783; x_wconf 87' lang='lat' dir='ltr'><strong>beatus</strong></span> <span class='ocrx_word' id='word_1_388' title='bbox 3607 2725 3801 2797; x_wconf 77' lang='lat' dir='ltr'><strong>Sylvester</strong></span> 
     </span>
    </p>
   </div>
   <div class='ocr_carea' id='block_1_33' title="bbox 591 2814 3801 2899">
    <p class='ocr_par' dir='ltr' id='par_1_33' title="bbox 591 2814 3801 2899">
     <span class='ocr_line' id='line_1_33' title="bbox 591 2814 3801 2899; baseline 0.002 -17"><span class='ocrx_word' id='word_1_389' title='bbox 591 2820 817 2882; x_wconf 78' lang='lat' dir='ltr'><strong>Eusebii</strong></span> <span class='ocrx_word' id='word_1_390' title='bbox 845 2825 1054 2880; x_wconf 89' lang='lat' dir='ltr'><strong>scilicet</strong></span> <span class='ocrx_word' id='word_1_391' title='bbox 1080 2834 1135 2881; x_wconf 92' lang='lat' dir='ltr'><strong>et</strong></span> <span class='ocrx_word' id='word_1_392' title='bbox 1172 2824 1455 2898; x_wconf 90' lang='lat' dir='ltr'><strong>Sylvestri,</strong></span> <span class='ocrx_word' id='word_1_393' title='bbox 1481 2841 1664 2881; x_wconf 88' lang='lat' dir='ltr'><strong>sermo</strong></span> <span class='ocrx_word' id='word_1_394' title='bbox 1713 2834 1902 2883; x_wconf 89' lang='lat' dir='ltr'><strong>noster</strong></span> <span class='ocrx_word' id='word_1_395' title='bbox 1939 2827 2189 2899; x_wconf 87' lang='lat' dir='ltr'><strong>aliquan—</strong></span> <span class='ocrx_word' id='word_1_396' title='bbox 2291 2814 2620 2871; x_wconf 59' lang='lat' dir='ltr'><strong>Christianae</strong></span> <span class='ocrx_word' id='word_1_397' title='bbox 2673 2816 2800 2872; x_wconf 70' lang='lat' dir='ltr'><strong>ﬁdei</strong></span> <span class='ocrx_word' id='word_1_398' title='bbox 2833 2818 3051 2889; x_wconf 70' lang='lat' dir='ltr'><strong>Plenius</strong></span> <span class='ocrx_word' id='word_1_399' title='bbox 3102 2820 3154 2874; x_wconf 74' lang='grc' dir='ltr'><strong>εί</strong></span> <span class='ocrx_word' id='word_1_400' title='bbox 3203 2819 3600 2876; x_wconf 64' lang='grc' dir='ltr'><strong>ἀθωοῐιειηινίῑ</strong></span> <span class='ocrx_word' id='word_1_401' title='bbox 3631 2816 3801 2888; x_wconf 65' lang='lat' dir='ltr'><strong>diSCiPﬁ&#39;</strong></span> 
     </span>
    </p>
   </div>
   <div class='ocr_carea' id='block_1_34' title="bbox 592 2910 2187 2991">
    <p class='ocr_par' dir='ltr' id='par_1_34' title="bbox 592 2916 2187 2991">
     <span class='ocr_line' id='line_1_34' title="bbox 592 2916 2187 2991; baseline 0.002 -16"><span class='ocrx_word' id='word_1_402' title='bbox 592 2916 693 2975; x_wconf 91' lang='lat' dir='ltr'><strong>diu</strong></span> <span class='ocrx_word' id='word_1_403' title='bbox 720 2932 870 2973; x_wconf 88' lang='lat' dir='ltr'><strong>nunc</strong></span> <span class='ocrx_word' id='word_1_404' title='bbox 897 2917 1047 2973; x_wconf 90' lang='lat' dir='ltr'><strong>stetit</strong></span> <span class='ocrx_word' id='word_1_405' title='bbox 1074 2918 1130 2972; x_wconf 91' lang='lat' dir='ltr'><strong>in</strong></span> <span class='ocrx_word' id='word_1_406' title='bbox 1154 2917 1277 2973; x_wconf 92' lang='lat' dir='ltr'><strong>loco</strong></span> <span class='ocrx_word' id='word_1_407' title='bbox 1342 2918 1658 2989; x_wconf 88' lang='lat' dir='ltr'><strong>campestri,</strong></span> <span class='ocrx_word' id='word_1_408' title='bbox 1691 2919 1918 2991; x_wconf 86' lang='lat' dir='ltr'><strong>dignum</strong></span> <span class='ocrx_word' id='word_1_409' title='bbox 1965 2928 2069 2989; x_wconf 88' lang='lat' dir='ltr'><strong>est,</strong></span> <span class='ocrx_word' id='word_1_410' title='bbox 2128 2931 2187 2978; x_wconf 90' lang='lat' dir='ltr'><strong>ut</strong></span> 
     </span>
    </p>
   </div>
   <div class='ocr_carea' id='block_1_35' title="bbox 2291 2910 3796 2991">
    <p class='ocr_par' dir='ltr' id='par_1_35' title="bbox 2292 2910 3796 2982">
     <span class='ocr_line' id='line_1_35' title="bbox 2292 2910 3796 2982; baseline 0.003 -20"><span class='ocrx_word' id='word_1_411' title='bbox 2292 2923 2441 2975; x_wconf 90' lang='lat' dir='ltr'><strong>nam,</strong></span> <span class='ocrx_word' id='word_1_412' title='bbox 2477 2910 2642 2979; x_wconf 74' lang='lat' dir='ltr'><strong>cmpit</strong></span> <span class='ocrx_word' id='word_1_413' title='bbox 2694 2910 2745 2964; x_wconf 92' lang='lat' dir='ltr'><strong>ei</strong></span> <span class='ocrx_word' id='word_1_414' title='bbox 2798 2926 2898 2982; x_wconf 90' lang='lat' dir='ltr'><strong>pro</strong></span> <span class='ocrx_word' id='word_1_415' title='bbox 2933 2910 3208 2967; x_wconf 89' lang='lat' dir='ltr'><strong>medicina</strong></span> <span class='ocrx_word' id='word_1_416' title='bbox 3261 2912 3607 2978; x_wconf 88' lang='lat' dir='ltr'><strong>medicinam,</strong></span> <span class='ocrx_word' id='word_1_417' title='bbox 3653 2920 3695 2966; x_wconf 82' lang='lat' dir='ltr'><strong>et</strong></span> <span class='ocrx_word' id='word_1_418' title='bbox 3730 2924 3796 2979; x_wconf 80' lang='lat' dir='ltr'><strong>pro</strong></span> 
     </span>
    </p>
   </div>
   <div class='ocr_carea' id='block_1_36' title="bbox 586 3001 2187 3083">
    <p class='ocr_par' dir='ltr' id='par_1_36' title="bbox 586 3009 2186 3083">
     <span class='ocr_line' id='line_1_36' title="bbox 586 3009 2186 3083; baseline 0.003 -18"><span class='ocrx_word' id='word_1_419' title='bbox 586 3009 709 3081; x_wconf 77' lang='lat' dir='ltr'><strong>jam</strong></span> <span class='ocrx_word' id='word_1_420' title='bbox 735 3024 835 3081; x_wconf 90' lang='lat' dir='ltr'><strong>pro</strong></span> <span class='ocrx_word' id='word_1_421' title='bbox 865 3010 1047 3066; x_wconf 90' lang='lat' dir='ltr'><strong>altiori</strong></span> <span class='ocrx_word' id='word_1_422' title='bbox 1074 3011 1357 3083; x_wconf 88' lang='lat' dir='ltr'><strong>mysterio,</strong></span> <span class='ocrx_word' id='word_1_423' title='bbox 1403 3011 1561 3082; x_wconf 89' lang='lat' dir='ltr'><strong>quasi</strong></span> <span class='ocrx_word' id='word_1_424' title='bbox 1612 3027 1738 3068; x_wconf 90' lang='lat' dir='ltr'><strong>cum</strong></span> <span class='ocrx_word' id='word_1_425' title='bbox 1787 3011 1936 3081; x_wconf 90' lang='lat' dir='ltr'><strong>Jesu,</strong></span> <span class='ocrx_word' id='word_1_426' title='bbox 1990 3029 2186 3069; x_wconf 92' lang='lat' dir='ltr'><strong>ascen-</strong></span> 
     </span>
    </p>
   </div>
   <div class='ocr_carea' id='block_1_37' title="bbox 2291 3001 3800 3083">
    <p class='ocr_par' dir='ltr' id='par_1_37' title="bbox 2291 3001 3800 3077">
     <span class='ocr_line' id='line_1_37' title="bbox 2291 3001 3800 3077; baseline 0 -22"><span class='ocrx_word' id='word_1_427' title='bbox 2291 3001 2505 3070; x_wconf 89' lang='lat' dir='ltr'><strong>piscina</strong></span> <span class='ocrx_word' id='word_1_428' title='bbox 2528 3011 2837 3058; x_wconf 88' lang='lat' dir='ltr'><strong>monstrare</strong></span> <span class='ocrx_word' id='word_1_429' title='bbox 2867 3004 3158 3075; x_wconf 89' lang='lat' dir='ltr'><strong>piscinam,</strong></span> <span class='ocrx_word' id='word_1_430' title='bbox 3197 3006 3428 3077; x_wconf 89' lang='lat' dir='ltr'><strong>quando</strong></span> <span class='ocrx_word' id='word_1_431' title='bbox 3455 3003 3735 3077; x_wconf 85' lang='lat' dir='ltr'><strong>propheticis</strong></span> <span class='ocrx_word' id='word_1_432' title='bbox 3765 3008 3800 3055; x_wconf 82' lang='lat' dir='ltr'><strong>et</strong></span> 
     </span>
    </p>
   </div>
   <div class='ocr_carea' id='block_1_38' title="bbox 589 3096 2187 3212">
    <p class='ocr_par' dir='ltr' id='par_1_38' title="bbox 589 3100 2187 3174">
     <span class='ocr_line' id='line_1_38' title="bbox 589 3100 2187 3174; baseline 0 -15"><span class='ocrx_word' id='word_1_433' title='bbox 589 3100 784 3160; x_wconf 88' lang='lat' dir='ltr'><strong>dentes</strong></span> <span class='ocrx_word' id='word_1_434' title='bbox 812 3102 870 3156; x_wconf 89' lang='lat' dir='ltr'><strong>in</strong></span> <span class='ocrx_word' id='word_1_435' title='bbox 915 3110 1181 3171; x_wconf 89' lang='lat' dir='ltr'><strong>montem,</strong></span> <span class='ocrx_word' id='word_1_436' title='bbox 1209 3100 1635 3158; x_wconf 89' lang='lat' dir='ltr'><strong>Constantinum</strong></span> <span class='ocrx_word' id='word_1_437' title='bbox 1667 3117 1851 3173; x_wconf 82' lang='lat' dir='ltr'><strong>regem</strong></span> <span class='ocrx_word' id='word_1_438' title='bbox 1909 3118 2035 3158; x_wconf 90' lang='lat' dir='ltr'><strong>cum</strong></span> <span class='ocrx_word' id='word_1_439' title='bbox 2059 3119 2187 3174; x_wconf 88' lang='lat' dir='ltr'><strong>pro-</strong></span> 
     </span>
    </p>
   </div>
   <div class='ocr_carea' id='block_1_39' title="bbox 2291 3096 3798 3212">
    <p class='ocr_par' dir='ltr' id='par_1_39' title="bbox 2291 3096 3798 3212">
     <span class='ocr_line' id='line_1_39' title="bbox 2291 3096 3798 3173; baseline 0.002 -24"><span class='ocrx_word' id='word_1_440' title='bbox 2291 3096 2618 3165; x_wconf 85' lang='lat' dir='ltr'><strong>evangelicis</strong></span> <span class='ocrx_word' id='word_1_441' title='bbox 2646 3096 3007 3153; x_wconf 87' lang='lat' dir='ltr'><strong>reformatum</strong></span> <span class='ocrx_word' id='word_1_442' title='bbox 3034 3099 3328 3168; x_wconf 88' lang='lat' dir='ltr'><strong>institutis,</strong></span> <span class='ocrx_word' id='word_1_443' title='bbox 3361 3116 3463 3172; x_wconf 90' lang='lat' dir='ltr'><strong>pro</strong></span> <span class='ocrx_word' id='word_1_444' title='bbox 3490 3101 3676 3173; x_wconf 84' lang='lat' dir='ltr'><strong>piscina</strong></span> <span class='ocrx_word' id='word_1_445' title='bbox 3711 3111 3798 3152; x_wconf 73' lang='lat' dir='ltr'><strong>san-</strong></span> 
     </span>
     <span class='ocr_line' id='line_1_40' title="bbox 2294 3185 3794 3212; baseline 0 0"><span class='ocrx_word' id='word_1_446' title='bbox 2294 3187 2472 3212; x_wconf 60' lang='lat' dir='ltr'><strong>-.-t..!-</strong></span> <span class='ocrx_word' id='word_1_447' title='bbox 2500 3188 2795 3212; x_wconf 59' lang='grc' dir='ltr'><strong>1.-..ιξ...ι..3ι</strong></span> <span class='ocrx_word' id='word_1_448' title='bbox 2823 3204 2939 3212; x_wconf 63' lang='lat'><strong>--__..</strong></span> <span class='ocrx_word' id='word_1_449' title='bbox 2972 3191 3022 3212; x_wconf 64' lang='lat'><strong>2--</strong></span> <span class='ocrx_word' id='word_1_450' title='bbox 3074 3191 3281 3212; x_wconf 59' lang='lat'><strong>_!-_!_-</strong></span> <span class='ocrx_word' id='word_1_451' title='bbox 3327 3193 3517 3212; x_wconf 38' lang='lat' dir='ltr'><strong>--l-_.!n</strong></span> <span class='ocrx_word' id='word_1_452' title='bbox 3570 3189 3609 3212; x_wconf 85' lang='lat' dir='ltr'><strong>n</strong></span> <span class='ocrx_word' id='word_1_453' title='bbox 3631 3190 3717 3212; x_wconf 69' lang='lat'><strong>12--</strong></span> <span class='ocrx_word' id='word_1_454' title='bbox 3740 3185 3794 3212; x_wconf 71' lang='grc' dir='ltr'><strong>επ.</strong></span> 
     </span>
    </p>
   </div>
   <div class='ocr_carea' id='block_1_40' title="bbox 588 3191 2187 3264">
    <p class='ocr_par' dir='ltr' id='par_1_40' title="bbox 588 3191 2187 3264">
     <span class='ocr_line' id='line_1_41' title="bbox 588 3191 2187 3264; baseline 0.003 -17"><span class='ocrx_word' id='word_1_455' title='bbox 588 3191 842 3249; x_wconf 88' lang='lat' dir='ltr'><strong>cessione</strong></span> <span class='ocrx_word' id='word_1_456' title='bbox 894 3192 1148 3249; x_wconf 89' lang='lat' dir='ltr'><strong>lectionis</strong></span> <span class='ocrx_word' id='word_1_457' title='bbox 1196 3209 1599 3264; x_wconf 90' lang='lat' dir='ltr'><strong>prosequamur</strong></span> <span class='ocrx_word' id='word_1_458' title='bbox 1638 3193 1708 3248; x_wconf 89' lang='lat' dir='ltr'><strong>ad</strong></span> <span class='ocrx_word' id='word_1_459' title='bbox 1754 3192 1978 3249; x_wconf 87' lang='lat' dir='ltr'><strong>fontem.</strong></span> <span class='ocrx_word' id='word_1_460' title='bbox 2030 3194 2187 3251; x_wconf 82' lang='lat' dir='ltr'><strong>Sicut</strong></span> 
     </span>
    </p>
   </div>
   <div class='ocr_carea' id='block_1_41' title="bbox 544 3274 3796 3358">
    <p class='ocr_par' dir='ltr' id='par_1_41' title="bbox 544 3274 3796 3358">
     <span class='ocr_line' id='line_1_42' title="bbox 544 3274 3796 3358; baseline -0.001 -19"><span class='ocrx_word' id='word_1_461' title='bbox 544 3274 553 3277; x_wconf 23' lang='grc' dir='ltr'><em>Α</em></span> <span class='ocrx_word' id='word_1_462' title='bbox 592 3282 742 3339; x_wconf 74' lang='lat' dir='ltr'><strong>enim</strong></span> <span class='ocrx_word' id='word_1_463' title='bbox 763 3298 926 3339; x_wconf 91' lang='lat' dir='ltr'><strong>nemo</strong></span> <span class='ocrx_word' id='word_1_464' title='bbox 958 3292 1138 3355; x_wconf 93' lang='lat' dir='ltr'><strong>potest</strong></span> <span class='ocrx_word' id='word_1_465' title='bbox 1162 3284 1326 3356; x_wconf 83' lang='lat' dir='ltr'><strong>digne</strong></span> <span class='ocrx_word' id='word_1_466' title='bbox 1351 3299 1452 3356; x_wconf 89' lang='lat' dir='ltr'><strong>pro</strong></span> <span class='ocrx_word' id='word_1_467' title='bbox 1484 3284 1717 3341; x_wconf 88' lang='lat' dir='ltr'><strong>terrenis</strong></span> <span class='ocrx_word' id='word_1_468' title='bbox 1748 3285 1993 3341; x_wconf 75' lang='lat' dir='ltr'><strong>coelestia</strong></span> <span class='ocrx_word' id='word_1_469' title='bbox 2033 3302 2185 3358; x_wconf 65' lang='lat' dir='ltr'><strong>quae-</strong></span> <span class='ocrx_word' id='word_1_470' title='bbox 2287 3281 2620 3337; x_wconf 82' lang='lat' dir='ltr'><strong>venerabilis</strong></span> <span class='ocrx_word' id='word_1_471' title='bbox 2656 3290 2711 3336; x_wconf 91' lang='lat' dir='ltr'><strong>et</strong></span> <span class='ocrx_word' id='word_1_472' title='bbox 2739 3283 2875 3338; x_wconf 76' lang='lat' dir='ltr'><strong>liora</strong></span> <span class='ocrx_word' id='word_1_473' title='bbox 2902 3285 3240 3355; x_wconf 88' lang='lat' dir='ltr'><strong>spectabilis,</strong></span> <span class='ocrx_word' id='word_1_474' title='bbox 3284 3285 3346 3340; x_wconf 89' lang='lat' dir='ltr'><strong>in</strong></span> <span class='ocrx_word' id='word_1_475' title='bbox 3375 3301 3486 3357; x_wconf 88' lang='lat' dir='ltr'><strong>qua</strong></span> <span class='ocrx_word' id='word_1_476' title='bbox 3511 3284 3676 3340; x_wconf 89' lang='lat' dir='ltr'><strong>oculos</strong></span> <span class='ocrx_word' id='word_1_477' title='bbox 3717 3295 3796 3335; x_wconf 79' lang='lat' dir='ltr'><strong>on-</strong></span> 
     </span>
    </p>
   </div>
   <div class='ocr_carea' id='block_1_42' title="bbox 544 3369 3796 3450">
    <p class='ocr_par' dir='ltr' id='par_1_42' title="bbox 544 3369 3796 3450">
     <span class='ocr_line' id='line_1_43' title="bbox 544 3369 3796 3450; baseline -0.003 -17"><span class='ocrx_word' id='word_1_478' title='bbox 544 3372 551 3379; x_wconf 83' lang='grc'><strong>’</strong></span> <span class='ocrx_word' id='word_1_479' title='bbox 588 3389 735 3445; x_wconf 80' lang='lat' dir='ltr'><strong>rere,</strong></span> <span class='ocrx_word' id='word_1_480' title='bbox 756 3376 866 3432; x_wconf 87' lang='lat' dir='ltr'><strong>nisi</strong></span> <span class='ocrx_word' id='word_1_481' title='bbox 889 3384 1051 3432; x_wconf 89' lang='lat' dir='ltr'><strong>antea</strong></span> <span class='ocrx_word' id='word_1_482' title='bbox 1067 3376 1198 3432; x_wconf 87' lang='lat' dir='ltr'><strong>velit</strong></span> <span class='ocrx_word' id='word_1_483' title='bbox 1213 3391 1313 3447; x_wconf 89' lang='lat' dir='ltr'><strong>pro</strong></span> <span class='ocrx_word' id='word_1_484' title='bbox 1327 3376 1646 3432; x_wconf 84' lang='lat' dir='ltr'><strong>coelestibus</strong></span> <span class='ocrx_word' id='word_1_485' title='bbox 1665 3386 1883 3431; x_wconf 88' lang='lat' dir='ltr'><strong>terrena</strong></span> <span class='ocrx_word' id='word_1_486' title='bbox 1905 3377 2180 3445; x_wconf 89' lang='lat' dir='ltr'><strong>deserere,</strong></span> <span class='ocrx_word' id='word_1_487' title='bbox 2287 3373 2443 3427; x_wconf 88' lang='lat' dir='ltr'><strong>nium</strong></span> <span class='ocrx_word' id='word_1_488' title='bbox 2475 3374 2568 3428; x_wconf 83' lang='lat' dir='ltr'><strong>lux</strong></span> <span class='ocrx_word' id='word_1_489' title='bbox 2586 3375 2894 3445; x_wconf 88' lang='lat' dir='ltr'><strong>penetravit</strong></span> <span class='ocrx_word' id='word_1_490' title='bbox 2931 3376 3319 3446; x_wconf 90' lang='lat' dir='ltr'><strong>intolerabilis,</strong></span> <span class='ocrx_word' id='word_1_491' title='bbox 3352 3377 3572 3450; x_wconf 91' lang='lat' dir='ltr'><strong>quando</strong></span> <span class='ocrx_word' id='word_1_492' title='bbox 3593 3376 3728 3431; x_wconf 79' lang='lat' dir='ltr'><strong>vinus</strong></span> <span class='ocrx_word' id='word_1_493' title='bbox 3744 3369 3796 3424; x_wconf 78' lang='lat' dir='ltr'><strong>tli-</strong></span> 
     </span>
    </p>
   </div>
   <div class='ocr_carea' id='block_1_43' title="bbox 588 3466 3793 3545">
    <p class='ocr_par' dir='ltr' id='par_1_43' title="bbox 588 3466 3793 3545">
     <span class='ocr_line' id='line_1_44' title="bbox 588 3466 3793 3545; baseline 0.003 -26"><span class='ocrx_word' id='word_1_494' title='bbox 588 3467 667 3524; x_wconf 84' lang='lat' dir='ltr'><strong>ita</strong></span> <span class='ocrx_word' id='word_1_495' title='bbox 695 3466 1094 3526; x_wconf 74' lang='lat' dir='ltr'><strong>Constantinus</strong></span> <span class='ocrx_word' id='word_1_496' title='bbox 1124 3470 1248 3527; x_wconf 64' lang='lat' dir='ltr'><strong>vita;</strong></span> <span class='ocrx_word' id='word_1_497' title='bbox 1298 3472 1557 3542; x_wconf 72' lang='lat' dir='ltr'><strong>perennis</strong></span> <span class='ocrx_word' id='word_1_498' title='bbox 1591 3472 1941 3545; x_wconf 64' lang='lat' dir='ltr'><strong>nequaquam</strong></span> <span class='ocrx_word' id='word_1_499' title='bbox 1990 3489 2184 3545; x_wconf 68' lang='lat' dir='ltr'><strong>psi-ve-</strong></span> <span class='ocrx_word' id='word_1_500' title='bbox 2285 3466 2413 3521; x_wconf 85' lang='lat' dir='ltr'><strong>vina</strong></span> <span class='ocrx_word' id='word_1_501' title='bbox 2466 3467 2776 3525; x_wconf 87' lang='lat' dir='ltr'><strong>dilectionis</strong></span> <span class='ocrx_word' id='word_1_502' title='bbox 2825 3469 3066 3541; x_wconf 76' lang='lat' dir='ltr'><strong>antiquze</strong></span> <span class='ocrx_word' id='word_1_503' title='bbox 3115 3486 3242 3527; x_wconf 91' lang='lat' dir='ltr'><strong>cum</strong></span> <span class='ocrx_word' id='word_1_504' title='bbox 3287 3487 3357 3530; x_wconf 91' lang='lat' dir='ltr'><strong>eo</strong></span> <span class='ocrx_word' id='word_1_505' title='bbox 3398 3471 3597 3527; x_wconf 87' lang='lat' dir='ltr'><strong>faciens</strong></span> <span class='ocrx_word' id='word_1_506' title='bbox 3624 3475 3793 3539; x_wconf 65' lang='lat' dir='ltr'><strong>pacata.</strong></span> 
     </span>
    </p>
   </div>
   <div class='ocr_carea' id='block_1_44' title="bbox 587 3556 3791 3638">
    <p class='ocr_par' dir='ltr' id='par_1_44' title="bbox 587 3556 3791 3638">
     <span class='ocr_line' id='line_1_45' title="bbox 587 3556 3791 3638; baseline -0.001 -23"><span class='ocrx_word' id='word_1_507' title='bbox 587 3560 712 3619; x_wconf 86' lang='lat' dir='ltr'><strong>nire</strong></span> <span class='ocrx_word' id='word_1_508' title='bbox 735 3571 923 3634; x_wconf 86' lang='lat' dir='ltr'><strong>posset</strong></span> <span class='ocrx_word' id='word_1_509' title='bbox 947 3564 1015 3618; x_wconf 88' lang='lat' dir='ltr'><strong>ad</strong></span> <span class='ocrx_word' id='word_1_510' title='bbox 1040 3561 1270 3633; x_wconf 79' lang='lat' dir='ltr'><strong>fontem,</strong></span> <span class='ocrx_word' id='word_1_511' title='bbox 1302 3565 1411 3622; x_wconf 83' lang='lat' dir='ltr'><strong>nisi</strong></span> <span class='ocrx_word' id='word_1_512' title='bbox 1433 3566 1700 3622; x_wconf 83' lang='lat' dir='ltr'><strong>virtutum</strong></span> <span class='ocrx_word' id='word_1_513' title='bbox 1724 3567 1982 3638; x_wconf 77' lang='lat' dir='ltr'><strong>gradibus</strong></span> <span class='ocrx_word' id='word_1_514' title='bbox 2020 3567 2182 3638; x_wconf 75' lang='lat' dir='ltr'><strong>quasi</strong></span> <span class='ocrx_word' id='word_1_515' title='bbox 2244 3558 2249 3565; x_wconf 81' lang='grc'><em>”</em></span> <span class='ocrx_word' id='word_1_516' title='bbox 2284 3568 2595 3616; x_wconf 81' lang='lat' dir='ltr'><strong>restaurare</strong></span> <span class='ocrx_word' id='word_1_517' title='bbox 2617 3561 2839 3634; x_wconf 83' lang='lat' dir='ltr'><strong>dignata</strong></span> <span class='ocrx_word' id='word_1_518' title='bbox 2865 3572 2950 3621; x_wconf 89' lang='lat' dir='ltr'><strong>est</strong></span> <span class='ocrx_word' id='word_1_519' title='bbox 2975 3564 3192 3636; x_wconf 87' lang='lat' dir='ltr'><strong>lapsum</strong></span> <span class='ocrx_word' id='word_1_520' title='bbox 3221 3565 3469 3622; x_wconf 82' lang='lat' dir='ltr'><strong>solidare</strong></span> <span class='ocrx_word' id='word_1_521' title='bbox 3494 3556 3791 3619; x_wconf 78' lang='lat' dir='ltr'><strong>contractum!</strong></span> 
     </span>
    </p>
   </div>
   <div class='ocr_carea' id='block_1_45' title="bbox 550 3649 3793 3733">
    <p class='ocr_par' dir='ltr' id='par_1_45' title="bbox 550 3649 3793 3733">
     <span class='ocr_line' id='line_1_46' title="bbox 550 3649 3793 3733; baseline -0.002 -25"><span class='ocrx_word' id='word_1_522' title='bbox 550 3654 557 3659; x_wconf 77' lang='grc'><strong>“</strong></span> <span class='ocrx_word' id='word_1_523' title='bbox 586 3668 718 3710; x_wconf 89' lang='lat' dir='ltr'><strong>cum</strong></span> <span class='ocrx_word' id='word_1_524' title='bbox 745 3652 876 3711; x_wconf 86' lang='lat' dir='ltr'><strong>Jesu</strong></span> <span class='ocrx_word' id='word_1_525' title='bbox 899 3655 1054 3726; x_wconf 88' lang='lat' dir='ltr'><strong>prius</strong></span> <span class='ocrx_word' id='word_1_526' title='bbox 1081 3658 1418 3716; x_wconf 81' lang='lat' dir='ltr'><strong>ascendisset</strong></span> <span class='ocrx_word' id='word_1_527' title='bbox 1449 3660 1506 3714; x_wconf 89' lang='lat' dir='ltr'><strong>in</strong></span> <span class='ocrx_word' id='word_1_528' title='bbox 1534 3668 1799 3716; x_wconf 73' lang='lat' dir='ltr'><strong>montem.</strong></span> <span class='ocrx_word' id='word_1_529' title='bbox 1845 3659 2002 3716; x_wconf 83' lang='lat' dir='ltr'><strong>Unde</strong></span> <span class='ocrx_word' id='word_1_530' title='bbox 2047 3677 2180 3717; x_wconf 80' lang='lat' dir='ltr'><strong>con-</strong></span> <span class='ocrx_word' id='word_1_531' title='bbox 2246 3732 2249 3733; x_wconf 13' lang='grc' dir='ltr'><em>ν</em></span> <span class='ocrx_word' id='word_1_532' title='bbox 2284 3652 2329 3708; x_wconf 93' lang='grc' dir='ltr'><strong>Ο</strong></span> <span class='ocrx_word' id='word_1_533' title='bbox 2348 3670 2505 3709; x_wconf 88' lang='lat' dir='ltr'><strong>sacra</strong></span> <span class='ocrx_word' id='word_1_534' title='bbox 2526 3655 2958 3712; x_wconf 90' lang='lat' dir='ltr'><strong>etceleberrima</strong></span> <span class='ocrx_word' id='word_1_535' title='bbox 2982 3656 3191 3726; x_wconf 91' lang='lat' dir='ltr'><strong>dies,in</strong></span> <span class='ocrx_word' id='word_1_536' title='bbox 3219 3674 3341 3729; x_wconf 86' lang='lat' dir='ltr'><strong>qua</strong></span> <span class='ocrx_word' id='word_1_537' title='bbox 3362 3658 3558 3713; x_wconf 70' lang='lat' dir='ltr'><strong>animm</strong></span> <span class='ocrx_word' id='word_1_538' title='bbox 3576 3653 3697 3710; x_wconf 89' lang='lat' dir='ltr'><strong>illius</strong></span> <span class='ocrx_word' id='word_1_539' title='bbox 3712 3649 3793 3705; x_wconf 74' lang='lat' dir='ltr'><strong>data</strong></span> 
     </span>
    </p>
   </div>
   <div class='ocr_carea' id='block_1_46' title="bbox 586 3740 3881 3823">
    <p class='ocr_par' dir='ltr' id='par_1_46' title="bbox 586 3740 3881 3823">
     <span class='ocr_line' id='line_1_47' title="bbox 586 3740 3881 3823; baseline 0.001 -20"><span class='ocrx_word' id='word_1_540' title='bbox 586 3744 715 3803; x_wconf 73' lang='lat' dir='ltr'><strong>lilio</strong></span> <span class='ocrx_word' id='word_1_541' title='bbox 752 3753 808 3802; x_wconf 92' lang='lat' dir='ltr'><strong>et</strong></span> <span class='ocrx_word' id='word_1_542' title='bbox 853 3746 1197 3804; x_wconf 89' lang='lat' dir='ltr'><strong>institutione</strong></span> <span class='ocrx_word' id='word_1_543' title='bbox 1230 3747 1513 3823; x_wconf 83' lang='lat' dir='ltr'><strong>Sylvestri,</strong></span> <span class='ocrx_word' id='word_1_544' title='bbox 1543 3767 1670 3807; x_wconf 91' lang='lat' dir='ltr'><strong>cum</strong></span> <span class='ocrx_word' id='word_1_545' title='bbox 1715 3752 1874 3807; x_wconf 91' lang='lat' dir='ltr'><strong>turba</strong></span> <span class='ocrx_word' id='word_1_546' title='bbox 1932 3752 2180 3808; x_wconf 79' lang='lat' dir='ltr'><strong>saeculari</strong></span> <span class='ocrx_word' id='word_1_547' title='bbox 2284 3756 2366 3801; x_wconf 83' lang='lat' dir='ltr'><strong>est</strong></span> <span class='ocrx_word' id='word_1_548' title='bbox 2410 3748 2648 3818; x_wconf 82' lang='lat' dir='ltr'><strong>requieS,</strong></span> <span class='ocrx_word' id='word_1_549' title='bbox 2696 3755 2751 3803; x_wconf 81' lang='lat' dir='ltr'><strong>et</strong></span> <span class='ocrx_word' id='word_1_550' title='bbox 2806 3748 3025 3819; x_wconf 81' lang='lat' dir='ltr'><strong>corpori</strong></span> <span class='ocrx_word' id='word_1_551' title='bbox 3065 3749 3245 3820; x_wconf 85' lang='lat' dir='ltr'><strong>quies,</strong></span> <span class='ocrx_word' id='word_1_552' title='bbox 3307 3749 3531 3821; x_wconf 84' lang='lat' dir='ltr'><strong>quando</strong></span> <span class='ocrx_word' id='word_1_553' title='bbox 3579 3747 3627 3802; x_wconf 85' lang='lat' dir='ltr'><strong>in</strong></span> <span class='ocrx_word' id='word_1_554' title='bbox 3663 3740 3792 3800; x_wconf 69' lang='grc' dir='ltr'><strong>εοῦω</strong></span> <span class='ocrx_word' id='word_1_555' title='bbox 3880 3744 3881 3805; x_wconf 63' lang='grc' dir='ltr'>Ϊ</span> 
     </span>
    </p>
   </div>
   <div class='ocr_carea' id='block_1_47' title="bbox 2291 3185 3881 3262">
    <p class='ocr_par' dir='ltr' id='par_1_47' title="bbox 2291 3185 3881 3262">
     <span class='ocr_line' id='line_1_48' title="bbox 2291 3185 3881 3262; baseline -0.001 -21"><span class='ocrx_word' id='word_1_556' title='bbox 2291 3187 2474 3259; x_wconf 83' lang='lat' dir='ltr'><strong>guinis</strong></span> <span class='ocrx_word' id='word_1_557' title='bbox 2500 3188 2797 3258; x_wconf 86' lang='lat' dir='ltr'><strong>baptizavit</strong></span> <span class='ocrx_word' id='word_1_558' title='bbox 2817 3204 2943 3245; x_wconf 91' lang='lat' dir='ltr'><strong>eum</strong></span> <span class='ocrx_word' id='word_1_559' title='bbox 2972 3191 3029 3245; x_wconf 91' lang='lat' dir='ltr'><strong>in</strong></span> <span class='ocrx_word' id='word_1_560' title='bbox 3074 3191 3291 3262; x_wconf 89' lang='lat' dir='ltr'><strong>piscina</strong></span> <span class='ocrx_word' id='word_1_561' title='bbox 3324 3193 3539 3248; x_wconf 91' lang='lat' dir='ltr'><strong>salutis.</strong></span> <span class='ocrx_word' id='word_1_562' title='bbox 3569 3189 3718 3246; x_wconf 80' lang='lat' dir='ltr'><strong>Odies</strong></span> <span class='ocrx_word' id='word_1_563' title='bbox 3740 3185 3797 3240; x_wconf 73' lang='lat' dir='ltr'><strong>illa</strong></span> <span class='ocrx_word' id='word_1_564' title='bbox 3880 3185 3881 3262; x_wconf 58' lang='grc' dir='ltr'><em>ξ</em></span> 
     </span>
    </p>
   </div>
   <div class='ocr_carea' id='block_1_48' title="bbox 585 3836 3881 3916">
    <p class='ocr_par' dir='ltr' id='par_1_48' title="bbox 585 3836 3881 3916">
     <span class='ocr_line' id='line_1_49' title="bbox 585 3836 3881 3916; baseline 0.005 -23"><span class='ocrx_word' id='word_1_565' title='bbox 585 3836 798 3896; x_wconf 84' lang='lat' dir='ltr'><strong>diutius</strong></span> <span class='ocrx_word' id='word_1_566' title='bbox 846 3851 991 3895; x_wconf 86' lang='lat' dir='ltr'><strong>stare</strong></span> <span class='ocrx_word' id='word_1_567' title='bbox 1030 3840 1252 3897; x_wconf 89' lang='lat' dir='ltr'><strong>nolebat</strong></span> <span class='ocrx_word' id='word_1_568' title='bbox 1288 3842 1345 3895; x_wconf 92' lang='lat' dir='ltr'><strong>in</strong></span> <span class='ocrx_word' id='word_1_569' title='bbox 1379 3843 1502 3899; x_wconf 91' lang='lat' dir='ltr'><strong>loco</strong></span> <span class='ocrx_word' id='word_1_570' title='bbox 1546 3843 1862 3915; x_wconf 79' lang='lat' dir='ltr'><strong>campestri,</strong></span> <span class='ocrx_word' id='word_1_571' title='bbox 1892 3844 2025 3899; x_wconf 91' lang='lat' dir='ltr'><strong>dum</strong></span> <span class='ocrx_word' id='word_1_572' title='bbox 2079 3861 2180 3916; x_wconf 89' lang='lat' dir='ltr'><strong>pro</strong></span> <span class='ocrx_word' id='word_1_573' title='bbox 2283 3838 2623 3911; x_wconf 83' lang='lat' dir='ltr'><strong>fonte,quasi</strong></span> <span class='ocrx_word' id='word_1_574' title='bbox 2641 3842 2877 3913; x_wconf 87' lang='lat' dir='ltr'><strong>piscium</strong></span> <span class='ocrx_word' id='word_1_575' title='bbox 2902 3842 3616 3915; x_wconf 72' lang='lat' dir='ltr'><strong>ingentiumsquammze,de</strong></span> <span class='ocrx_word' id='word_1_576' title='bbox 3634 3848 3791 3908; x_wconf 70' lang='grc' dir='ltr'><strong>σοφοκ</strong></span> <span class='ocrx_word' id='word_1_577' title='bbox 3880 3844 3881 3916; x_wconf 52' lang='grc' dir='ltr'><strong>ἦ</strong></span> 
     </span>
    </p>
   </div>
   <div class='ocr_carea' id='block_1_49' title="bbox 583 3929 3881 4019">
    <p class='ocr_par' dir='ltr' id='par_1_49' title="bbox 583 3929 3881 4019">
     <span class='ocr_line' id='line_1_50' title="bbox 583 3929 3881 4019; baseline 0 -34"><span class='ocrx_word' id='word_1_578' title='bbox 583 3929 879 3986; x_wconf 86' lang='lat' dir='ltr'><strong>dilectione</strong></span> <span class='ocrx_word' id='word_1_579' title='bbox 909 3929 1005 3988; x_wconf 86' lang='lat' dir='ltr'><strong>Dei</strong></span> <span class='ocrx_word' id='word_1_580' title='bbox 1024 3939 1150 4001; x_wconf 88' lang='lat' dir='ltr'><strong>post</strong></span> <span class='ocrx_word' id='word_1_581' title='bbox 1193 3932 1426 4003; x_wconf 87' lang='lat' dir='ltr'><strong>gratiam</strong></span> <span class='ocrx_word' id='word_1_582' title='bbox 1456 3934 1715 4005; x_wconf 88' lang='lat' dir='ltr'><strong>baptismi</strong></span> <span class='ocrx_word' id='word_1_583' title='bbox 1756 3935 1960 3991; x_wconf 89' lang='lat' dir='ltr'><strong>scalam</strong></span> <span class='ocrx_word' id='word_1_584' title='bbox 2010 3935 2179 3994; x_wconf 85' lang='lat' dir='ltr'><strong>Jacob</strong></span> <span class='ocrx_word' id='word_1_585' title='bbox 2282 3950 2385 3990; x_wconf 92' lang='lat' dir='ltr'><strong>suo</strong></span> <span class='ocrx_word' id='word_1_586' title='bbox 2414 3936 2576 4006; x_wconf 76' lang='lat' dir='ltr'><strong>lepra:</strong></span> <span class='ocrx_word' id='word_1_587' title='bbox 2596 3935 2836 3992; x_wconf 89' lang='lat' dir='ltr'><strong>volatilis</strong></span> <span class='ocrx_word' id='word_1_588' title='bbox 2866 3951 3037 4008; x_wconf 90' lang='lat' dir='ltr'><strong>genus</strong></span> <span class='ocrx_word' id='word_1_589' title='bbox 3060 3936 3350 3992; x_wconf 86' lang='lat' dir='ltr'><strong>decidebat</strong></span> <span class='ocrx_word' id='word_1_590' title='bbox 3372 3936 3609 3992; x_wconf 83' lang='lat' dir='ltr'><strong>infame!</strong></span> <span class='ocrx_word' id='word_1_591' title='bbox 3642 3930 3789 3987; x_wconf 78' lang='lat' dir='ltr'><strong>Odm</strong></span> 
     </span>
    </p>
   </div>
   <div class='ocr_carea' id='block_1_50' title="bbox 554 4022 3881 4101">
    <p class='ocr_par' dir='ltr' id='par_1_50' title="bbox 554 4022 3881 4101">
     <span class='ocr_line' id='line_1_51' title="bbox 554 4022 3881 4101; baseline 0 -24"><span class='ocrx_word' id='word_1_592' title='bbox 554 4028 561 4033; x_wconf 83' lang='grc'><em>’</em></span> <span class='ocrx_word' id='word_1_593' title='bbox 587 4036 657 4077; x_wconf 91' lang='lat' dir='ltr'><strong>eo</strong></span> <span class='ocrx_word' id='word_1_594' title='bbox 669 4022 834 4078; x_wconf 88' lang='lat' dir='ltr'><strong>altius</strong></span> <span class='ocrx_word' id='word_1_595' title='bbox 848 4038 972 4078; x_wconf 90' lang='lat' dir='ltr'><strong>cum</strong></span> <span class='ocrx_word' id='word_1_596' title='bbox 988 4023 1197 4095; x_wconf 83' lang='lat' dir='ltr'><strong>angelis</strong></span> <span class='ocrx_word' id='word_1_597' title='bbox 1214 4025 1636 4081; x_wconf 89' lang='lat' dir='ltr'><strong>ascendentibus</strong></span> <span class='ocrx_word' id='word_1_598' title='bbox 1649 4027 1914 4097; x_wconf 89' lang='lat' dir='ltr'><strong>ascendit,</strong></span> <span class='ocrx_word' id='word_1_599' title='bbox 1930 4044 2039 4099; x_wconf 92' lang='lat' dir='ltr'><strong>quo</strong></span> <span class='ocrx_word' id='word_1_600' title='bbox 2054 4038 2180 4087; x_wconf 86' lang='lat' dir='ltr'><strong>ante</strong></span> <span class='ocrx_word' id='word_1_601' title='bbox 2281 4026 2420 4093; x_wconf 90' lang='lat' dir='ltr'><strong>dies,</strong></span> <span class='ocrx_word' id='word_1_602' title='bbox 2449 4035 2502 4082; x_wconf 91' lang='lat' dir='ltr'><strong>et</strong></span> <span class='ocrx_word' id='word_1_603' title='bbox 2524 4027 2738 4083; x_wconf 68' lang='lat' dir='ltr'><strong>caneris</strong></span> <span class='ocrx_word' id='word_1_604' title='bbox 2768 4028 2972 4083; x_wconf 88' lang='lat' dir='ltr'><strong>clarior</strong></span> <span class='ocrx_word' id='word_1_605' title='bbox 2996 4028 3212 4094; x_wconf 89' lang='lat' dir='ltr'><strong>diebus,</strong></span> <span class='ocrx_word' id='word_1_606' title='bbox 3246 4028 3305 4083; x_wconf 91' lang='lat' dir='ltr'><strong>in</strong></span> <span class='ocrx_word' id='word_1_607' title='bbox 3333 4045 3448 4101; x_wconf 91' lang='lat' dir='ltr'><strong>qua</strong></span> <span class='ocrx_word' id='word_1_608' title='bbox 3474 4028 3591 4083; x_wconf 82' lang='lat' dir='ltr'><strong>ﬁnis</strong></span> <span class='ocrx_word' id='word_1_609' title='bbox 3615 4033 3661 4081; x_wconf 84' lang='lat' dir='ltr'><strong>et</strong></span> <span class='ocrx_word' id='word_1_610' title='bbox 3688 4029 3790 4077; x_wconf 70' lang='lat' dir='ltr'><strong>ortos</strong></span> <span class='ocrx_word' id='word_1_611' title='bbox 3880 4036 3881 4101; x_wconf 43' lang='grc' dir='ltr'>ξ</span> 
     </span>
    </p>
   </div>
   <div class='ocr_carea' id='block_1_51' title="bbox 581 4113 3787 4193">
    <p class='ocr_par' dir='ltr' id='par_1_51' title="bbox 581 4113 3787 4193">
     <span class='ocr_line' id='line_1_52' title="bbox 581 4113 3787 4193; baseline 0.004 -25"><span class='ocrx_word' id='word_1_612' title='bbox 581 4113 1174 4183; x_wconf 85' lang='lat' dir='ltr'><strong>baptismumeamdem</strong></span> <span class='ocrx_word' id='word_1_613' title='bbox 1187 4116 1391 4174; x_wconf 89' lang='lat' dir='ltr'><strong>scalam</strong></span> <span class='ocrx_word' id='word_1_614' title='bbox 1405 4119 1891 4190; x_wconf 89' lang='lat' dir='ltr'><strong>procompassione</strong></span> <span class='ocrx_word' id='word_1_615' title='bbox 1906 4123 2183 4193; x_wconf 83' lang='lat' dir='ltr'><strong>proximo-</strong></span> <span class='ocrx_word' id='word_1_616' title='bbox 2280 4118 2497 4174; x_wconf 77' lang='lat' dir='ltr'><strong>duabus</strong></span> <span class='ocrx_word' id='word_1_617' title='bbox 2524 4119 2710 4175; x_wconf 80' lang='lat' dir='ltr'><strong>collati</strong></span> <span class='ocrx_word' id='word_1_618' title='bbox 2737 4127 2866 4174; x_wconf 83' lang='lat' dir='ltr'><strong>sunt</strong></span> <span class='ocrx_word' id='word_1_619' title='bbox 2904 4120 3093 4187; x_wconf 83' lang='lat' dir='ltr'><strong>rebus,</strong></span> <span class='ocrx_word' id='word_1_620' title='bbox 3118 4120 3248 4191; x_wconf 80' lang='lat' dir='ltr'><strong>quia</strong></span> <span class='ocrx_word' id='word_1_621' title='bbox 3266 4135 3399 4175; x_wconf 87' lang='lat' dir='ltr'><strong>cum</strong></span> <span class='ocrx_word' id='word_1_622' title='bbox 3424 4134 3591 4175; x_wconf 82' lang='lat' dir='ltr'><strong>sonus</strong></span> <span class='ocrx_word' id='word_1_623' title='bbox 3619 4116 3665 4171; x_wconf 76' lang='lat' dir='ltr'><strong>in</strong></span> <span class='ocrx_word' id='word_1_624' title='bbox 3693 4121 3787 4180; x_wconf 66' lang='lat' dir='ltr'><strong>atl&#39;“</strong></span> 
     </span>
    </p>
   </div>
   <div class='ocr_carea' id='block_1_52' title="bbox 548 4198 3787 4285">
    <p class='ocr_par' dir='ltr' id='par_1_52' title="bbox 548 4198 3787 4285">
     <span class='ocr_line' id='line_1_53' title="bbox 548 4198 3787 4285; baseline 0.004 -25"><span class='ocrx_word' id='word_1_625' title='bbox 548 4204 1024 4285; x_wconf 55' lang='lat' dir='ltr'><strong>&#39;rumstudiosius</strong></span> <span class='ocrx_word' id='word_1_626' title='bbox 1044 4209 1857 4281; x_wconf 89' lang='lat' dir='ltr'><strong>cumangelisdescendentibus</strong></span> <span class='ocrx_word' id='word_1_627' title='bbox 1876 4215 2174 4273; x_wconf 81' lang='lat' dir='ltr'><strong>descendit.</strong></span> <span class='ocrx_word' id='word_1_628' title='bbox 2280 4210 2440 4281; x_wconf 80' lang='lat' dir='ltr'><strong>quasi</strong></span> <span class='ocrx_word' id='word_1_629' title='bbox 2468 4211 2764 4283; x_wconf 16' lang='lat' dir='ltr'><strong>sarl‘aginis</strong></span> <span class='ocrx_word' id='word_1_630' title='bbox 2796 4211 3077 4268; x_wconf 78' lang='lat' dir='ltr'><strong>stridentis</strong></span> <span class='ocrx_word' id='word_1_631' title='bbox 3120 4220 3264 4266; x_wconf 80' lang='lat' dir='ltr'><strong>esset</strong></span> <span class='ocrx_word' id='word_1_632' title='bbox 3307 4220 3552 4277; x_wconf 79' lang='lat' dir='ltr'><strong>exortUS.</strong></span> <span class='ocrx_word' id='word_1_633' title='bbox 3590 4209 3637 4262; x_wconf 78' lang='lat' dir='ltr'><strong>in</strong></span> <span class='ocrx_word' id='word_1_634' title='bbox 3678 4198 3787 4258; x_wconf 67' lang='grc' dir='ltr'><strong>οοηίε</strong></span> 
     </span>
    </p>
   </div>
   <div class='ocr_carea' id='block_1_53' title="bbox 583 4290 2187 4377">
    <p class='ocr_par' dir='ltr' id='par_1_53' title="bbox 583 4293 2177 4377">
     <span class='ocr_line' id='line_1_54' title="bbox 583 4293 2177 4377; baseline 0.007 -25"><span class='ocrx_word' id='word_1_635' title='bbox 583 4293 657 4353; x_wconf 87' lang='lat' dir='ltr'><strong>Ut</strong></span> <span class='ocrx_word' id='word_1_636' title='bbox 682 4297 830 4352; x_wconf 90' lang='lat' dir='ltr'><strong>enim</strong></span> <span class='ocrx_word' id='word_1_637' title='bbox 843 4298 1178 4369; x_wconf 54' lang='lat' dir='ltr'><strong>paenitentia!</strong></span> <span class='ocrx_word' id='word_1_638' title='bbox 1195 4302 1437 4358; x_wconf 89' lang='lat' dir='ltr'><strong>remedio</strong></span> <span class='ocrx_word' id='word_1_639' title='bbox 1453 4303 1649 4360; x_wconf 84' lang='lat' dir='ltr'><strong>animae</strong></span> <span class='ocrx_word' id='word_1_640' title='bbox 1662 4320 1775 4361; x_wconf 71' lang='lat' dir='ltr'><strong>suae</strong></span> <span class='ocrx_word' id='word_1_641' title='bbox 1785 4305 2018 4363; x_wconf 89' lang='lat' dir='ltr'><strong>diversis</strong></span> <span class='ocrx_word' id='word_1_642' title='bbox 2048 4323 2177 4377; x_wconf 89' lang='lat' dir='ltr'><strong>pos-</strong></span> 
     </span>
    </p>
   </div>
   <div class='ocr_carea' id='block_1_54' title="bbox 2291 4290 3786 4377">
    <p class='ocr_par' dir='ltr' id='par_1_54' title="bbox 2291 4290 3786 4369">
     <span class='ocr_line' id='line_1_55' title="bbox 2291 4290 3786 4369; baseline -0.003 -15"><span class='ocrx_word' id='word_1_643' title='bbox 2291 4300 2427 4356; x_wconf 63' lang='lat' dir='ltr'><strong>Lllius</strong></span> <span class='ocrx_word' id='word_1_644' title='bbox 2457 4300 2780 4356; x_wconf 66' lang='lat' dir='ltr'><strong>idololatria:</strong></span> <span class='ocrx_word' id='word_1_645' title='bbox 2803 4301 2950 4369; x_wconf 84' lang='lat' dir='ltr'><strong>ﬁnis,</strong></span> <span class='ocrx_word' id='word_1_646' title='bbox 2981 4311 3036 4357; x_wconf 91' lang='lat' dir='ltr'><strong>et</strong></span> <span class='ocrx_word' id='word_1_647' title='bbox 3064 4301 3191 4357; x_wconf 83' lang='lat' dir='ltr'><strong>ﬁdei</strong></span> <span class='ocrx_word' id='word_1_648' title='bbox 3216 4301 3386 4358; x_wconf 87' lang='lat' dir='ltr'><strong>datus</strong></span> <span class='ocrx_word' id='word_1_649' title='bbox 3409 4313 3494 4357; x_wconf 86' lang='lat' dir='ltr'><strong>est</strong></span> <span class='ocrx_word' id='word_1_650' title='bbox 3515 4300 3681 4355; x_wconf 84' lang='lat' dir='ltr'><strong>ortus!</strong></span> <span class='ocrx_word' id='word_1_651' title='bbox 3715 4290 3786 4345; x_wconf 78' lang='lat' dir='ltr'><strong>Pro</strong></span> 
     </span>
    </p>
   </div>
   <div class='ocr_carea' id='block_1_55' title="bbox 578 4385 3881 4471">
    <p class='ocr_par' dir='ltr' id='par_1_55' title="bbox 578 4385 3881 4471">
     <span class='ocr_line' id='line_1_56' title="bbox 578 4385 3881 4471; baseline 0.003 -25"><span class='ocrx_word' id='word_1_652' title='bbox 578 4397 666 4447; x_wconf 86' lang='lat' dir='ltr'><strong>set</strong></span> <span class='ocrx_word' id='word_1_653' title='bbox 697 4391 904 4448; x_wconf 78' lang='lat' dir='ltr'><strong>mederi</strong></span> <span class='ocrx_word' id='word_1_654' title='bbox 929 4393 1272 4461; x_wconf 89' lang='lat' dir='ltr'><strong>vulneribus,</strong></span> <span class='ocrx_word' id='word_1_655' title='bbox 1292 4396 1572 4454; x_wconf 90' lang='lat' dir='ltr'><strong>continuis</strong></span> <span class='ocrx_word' id='word_1_656' title='bbox 1600 4407 1807 4471; x_wconf 90' lang='lat' dir='ltr'><strong>septem</strong></span> <span class='ocrx_word' id='word_1_657' title='bbox 1837 4401 2033 4458; x_wconf 92' lang='lat' dir='ltr'><strong>diebus</strong></span> <span class='ocrx_word' id='word_1_658' title='bbox 2069 4403 2175 4457; x_wconf 89' lang='lat' dir='ltr'><strong>mi-</strong></span> <span class='ocrx_word' id='word_1_659' title='bbox 2279 4393 2539 4447; x_wconf 67' lang='lat' dir='ltr'><strong>exteriori</strong></span> <span class='ocrx_word' id='word_1_660' title='bbox 2563 4394 2712 4449; x_wconf 76' lang='grc' dir='ltr'>θηὶω</span> <span class='ocrx_word' id='word_1_661' title='bbox 2745 4394 2996 4465; x_wconf 71' lang='grc' dir='ltr'><strong>εοτροτῑδ</strong></span> <span class='ocrx_word' id='word_1_662' title='bbox 3049 4394 3222 4464; x_wconf 72' lang='grc' dir='ltr'><strong>Ιθιπίι,</strong></span> <span class='ocrx_word' id='word_1_663' title='bbox 3272 4403 3330 4449; x_wconf 72' lang='grc' dir='ltr'><strong>ει</strong></span> <span class='ocrx_word' id='word_1_664' title='bbox 3351 4392 3618 4449; x_wconf 67' lang='lat' dir='ltr'><strong>interioris</strong></span> <span class='ocrx_word' id='word_1_665' title='bbox 3651 4385 3785 4443; x_wconf 58' lang='lat' dir='ltr'><strong>alii”</strong></span> <span class='ocrx_word' id='word_1_666' title='bbox 3880 4385 3881 4455; x_wconf 37' lang='grc' dir='ltr'>Ὺ</span> 
     </span>
    </p>
   </div>
   <div class='ocr_carea' id='block_1_56' title="bbox 574 4481 3881 4592">
    <p class='ocr_par' dir='ltr' id='par_1_56' title="bbox 574 4481 3881 4592">
     <span class='ocr_line' id='line_1_57' title="bbox 574 4481 3881 4592; baseline 0.003 -52"><span class='ocrx_word' id='word_1_667' title='bbox 574 4483 894 4541; x_wconf 69' lang='lat' dir='ltr'><strong>sericordiae</strong></span> <span class='ocrx_word' id='word_1_668' title='bbox 911 4486 1128 4543; x_wconf 88' lang='lat' dir='ltr'><strong>vacavit</strong></span> <span class='ocrx_word' id='word_1_669' title='bbox 1146 4486 1423 4559; x_wconf 90' lang='lat' dir='ltr'><strong>operibus,</strong></span> <span class='ocrx_word' id='word_1_670' title='bbox 1447 4499 1508 4545; x_wconf 85' lang='lat' dir='ltr'><strong>ut</strong></span> <span class='ocrx_word' id='word_1_671' title='bbox 1537 4490 1593 4545; x_wconf 92' lang='lat' dir='ltr'><strong>in</strong></span> <span class='ocrx_word' id='word_1_672' title='bbox 1621 4492 1978 4549; x_wconf 69' lang='lat' dir='ltr'><strong>saecularibus</strong></span> <span class='ocrx_word' id='word_1_673' title='bbox 2006 4495 2171 4552; x_wconf 90' lang='lat' dir='ltr'><strong>rebus</strong></span> <span class='ocrx_word' id='word_1_674' title='bbox 2201 4536 2248 4592; x_wconf 69' lang='grc' dir='ltr'><strong>Β</strong></span> <span class='ocrx_word' id='word_1_675' title='bbox 2279 4481 2505 4551; x_wconf 59' lang='lat' dir='ltr'><strong>Offensa.</strong></span> <span class='ocrx_word' id='word_1_676' title='bbox 2529 4484 2729 4554; x_wconf 71' lang='grc' dir='ltr'><strong>ἀυρὶει</strong></span> <span class='ocrx_word' id='word_1_677' title='bbox 2749 4493 2833 4541; x_wconf 73' lang='grc' dir='ltr'><strong>εει</strong></span> <span class='ocrx_word' id='word_1_678' title='bbox 2864 4485 2919 4540; x_wconf 77' lang='lat' dir='ltr'><strong>in</strong></span> <span class='ocrx_word' id='word_1_679' title='bbox 2945 4500 3012 4541; x_wconf 78' lang='grc' dir='ltr'><strong>θο</strong></span> <span class='ocrx_word' id='word_1_680' title='bbox 3046 4485 3224 4541; x_wconf 59' lang='lat' dir='ltr'><strong>Virtus</strong></span> <span class='ocrx_word' id='word_1_681' title='bbox 3250 4483 3565 4541; x_wconf 65' lang='grc' dir='ltr'><strong>Πῖνίηίιίιῑίε</strong></span> <span class='ocrx_word' id='word_1_682' title='bbox 3603 4488 3781 4575; x_wconf 59' lang='grc' dir='ltr'><strong>οεῐευεξι</strong></span> 
     </span>
    </p>
   </div>
   <div class='ocr_carea' id='block_1_57' title="bbox 485 4575 2187 4659">
    <p class='ocr_par' dir='ltr' id='par_1_57' title="bbox 485 4576 2164 4659">
     <span class='ocr_line' id='line_1_58' title="bbox 485 4576 2164 4659; baseline 0.008 -29"><span class='ocrx_word' id='word_1_683' title='bbox 485 4645 488 4648; x_wconf 8' lang='grc' dir='ltr'><strong><em>ἢ</em></strong></span> <span class='ocrx_word' id='word_1_684' title='bbox 574 4587 646 4632; x_wconf 89' lang='lat' dir='ltr'><strong>eo</strong></span> <span class='ocrx_word' id='word_1_685' title='bbox 659 4576 843 4633; x_wconf 90' lang='lat' dir='ltr'><strong>minor</strong></span> <span class='ocrx_word' id='word_1_686' title='bbox 862 4577 914 4633; x_wconf 92' lang='lat' dir='ltr'><strong>ei</strong></span> <span class='ocrx_word' id='word_1_687' title='bbox 928 4578 1192 4651; x_wconf 89' lang='lat' dir='ltr'><strong>laborper</strong></span> <span class='ocrx_word' id='word_1_688' title='bbox 1204 4581 1869 4655; x_wconf 87' lang='lat' dir='ltr'><strong>singulosingravesceret</strong></span> <span class='ocrx_word' id='word_1_689' title='bbox 1891 4586 2030 4654; x_wconf 90' lang='lat' dir='ltr'><strong>dies,</strong></span> <span class='ocrx_word' id='word_1_690' title='bbox 2053 4603 2164 4659; x_wconf 89' lang='lat' dir='ltr'><strong>quo</strong></span> 
     </span>
    </p>
   </div>
   <div class='ocr_carea' id='block_1_58' title="bbox 2291 4575 3881 4659">
    <p class='ocr_par' dir='ltr' id='par_1_58' title="bbox 2291 4575 3881 4659">
     <span class='ocr_line' id='line_1_59' title="bbox 2291 4575 3881 4659; baseline -0.003 -30"><span class='ocrx_word' id='word_1_691' title='bbox 2291 4576 2400 4646; x_wconf 77' lang='lat' dir='ltr'><strong>[uia</strong></span> <span class='ocrx_word' id='word_1_692' title='bbox 2447 4576 2591 4631; x_wconf 87' lang='lat' dir='ltr'><strong>sicut</strong></span> <span class='ocrx_word' id='word_1_693' title='bbox 2626 4577 2859 4650; x_wconf 89' lang='lat' dir='ltr'><strong>vestigia</strong></span> <span class='ocrx_word' id='word_1_694' title='bbox 2909 4577 3179 4648; x_wconf 88' lang='lat' dir='ltr'><strong>serpentis</strong></span> <span class='ocrx_word' id='word_1_695' title='bbox 3221 4592 3334 4633; x_wconf 90' lang='lat' dir='ltr'><strong>non</strong></span> <span class='ocrx_word' id='word_1_696' title='bbox 3394 4575 3707 4633; x_wconf 85' lang='lat' dir='ltr'><strong>inveniuntur</strong></span> <span class='ocrx_word' id='word_1_697' title='bbox 3746 4580 3781 4620; x_wconf 82' lang='lat' dir='ltr'><strong>tn</strong></span> <span class='ocrx_word' id='word_1_698' title='bbox 3880 4590 3881 4659; x_wconf 23' lang='grc' dir='ltr'><strong>ᾖ</strong></span> 
     </span>
    </p>
   </div>
   <div class='ocr_carea' id='block_1_59' title="bbox 572 4665 3782 4746">
    <p class='ocr_par' dir='ltr' id='par_1_59' title="bbox 572 4665 3782 4746">
     <span class='ocr_line' id='line_1_60' title="bbox 572 4665 3782 4746; baseline 0.005 -21"><span class='ocrx_word' id='word_1_699' title='bbox 572 4666 636 4725; x_wconf 84' lang='lat' dir='ltr'><strong>in</strong></span> <span class='ocrx_word' id='word_1_700' title='bbox 660 4668 1041 4739; x_wconf 87' lang='lat' dir='ltr'><strong>spiritualibus</strong></span> <span class='ocrx_word' id='word_1_701' title='bbox 1053 4674 1240 4731; x_wconf 90' lang='lat' dir='ltr'><strong>causis</strong></span> <span class='ocrx_word' id='word_1_702' title='bbox 1258 4675 1438 4746; x_wconf 87' lang='lat' dir='ltr'><strong>major</strong></span> <span class='ocrx_word' id='word_1_703' title='bbox 1452 4676 1556 4732; x_wconf 92' lang='lat' dir='ltr'><strong>sibi</strong></span> <span class='ocrx_word' id='word_1_704' title='bbox 1570 4676 1854 4734; x_wconf 88' lang='lat' dir='ltr'><strong>videbatur</strong></span> <span class='ocrx_word' id='word_1_705' title='bbox 1865 4680 2167 4738; x_wconf 87' lang='lat' dir='ltr'><strong>consistere</strong></span> <span class='ocrx_word' id='word_1_706' title='bbox 2269 4676 2444 4737; x_wconf 63' lang='lat' dir='ltr'><strong>Deira.</strong></span> <span class='ocrx_word' id='word_1_707' title='bbox 2471 4668 2546 4723; x_wconf 69' lang='grc' dir='ltr'><strong>ίιει</strong></span> <span class='ocrx_word' id='word_1_708' title='bbox 2570 4684 2674 4725; x_wconf 73' lang='grc' dir='ltr'><strong>ιιθο</strong></span> <span class='ocrx_word' id='word_1_709' title='bbox 2696 4670 2753 4723; x_wconf 73' lang='lat' dir='ltr'><strong>in</strong></span> <span class='ocrx_word' id='word_1_710' title='bbox 2779 4669 2965 4725; x_wconf 71' lang='lat' dir='ltr'><strong>anima</strong></span> <span class='ocrx_word' id='word_1_711' title='bbox 2995 4669 3118 4741; x_wconf 71' lang='lat' dir='ltr'><strong>eius</strong></span> <span class='ocrx_word' id='word_1_712' title='bbox 3150 4670 3374 4726; x_wconf 64' lang='grc' dir='ltr'><strong>ίηνοηῑθ</strong></span> <span class='ocrx_word' id='word_1_713' title='bbox 3396 4679 3481 4727; x_wconf 67' lang='grc' dir='ltr'><strong>θεῖ</strong></span> <span class='ocrx_word' id='word_1_714' title='bbox 3502 4665 3699 4729; x_wconf 53' lang='lat' dir='ltr'><strong>maculat</strong></span> <span class='ocrx_word' id='word_1_715' title='bbox 3717 4671 3782 4714; x_wconf 68' lang='grc'><strong>³⁸⁸</strong></span> 
     </span>
    </p>
   </div>
   <div class='ocr_carea' id='block_1_60' title="bbox 543 4757 2784 4836">
    <p class='ocr_par' dir='ltr' id='par_1_60' title="bbox 543 4757 2784 4836">
     <span class='ocr_line' id='line_1_61' title="bbox 543 4757 2784 4836; baseline 0.008 -22"><span class='ocrx_word' id='word_1_716' title='bbox 543 4758 752 4832; x_wconf 82' lang='lat' dir='ltr'><strong>&#39;quies.</strong></span> <span class='ocrx_word' id='word_1_717' title='bbox 783 4757 902 4815; x_wconf 86' lang='lat' dir='ltr'><strong>Tali</strong></span> <span class='ocrx_word' id='word_1_718' title='bbox 926 4763 1127 4834; x_wconf 86' lang='lat' dir='ltr'><strong>quippe</strong></span> <span class='ocrx_word' id='word_1_719' title='bbox 1150 4764 1314 4820; x_wconf 92' lang='lat' dir='ltr'><strong>modo</strong></span> <span class='ocrx_word' id='word_1_720' title='bbox 1349 4781 1446 4836; x_wconf 91' lang='lat' dir='ltr'><strong>per</strong></span> <span class='ocrx_word' id='word_1_721' title='bbox 1485 4773 1630 4822; x_wconf 90' lang='lat' dir='ltr'><strong>totos</strong></span> <span class='ocrx_word' id='word_1_722' title='bbox 1656 4782 1734 4823; x_wconf 84' lang='lat' dir='ltr'><strong>vn</strong></span> <span class='ocrx_word' id='word_1_723' title='bbox 1792 4769 1912 4825; x_wconf 91' lang='lat' dir='ltr'><strong>dies</strong></span> <span class='ocrx_word' id='word_1_724' title='bbox 1960 4770 2161 4828; x_wconf 82' lang='lat' dir='ltr'><strong>divinae</strong></span> <span class='ocrx_word' id='word_1_725' title='bbox 2266 4759 2320 4814; x_wconf 76' lang='grc' dir='ltr'><strong>ίη</strong></span> <span class='ocrx_word' id='word_1_726' title='bbox 2356 4775 2588 4831; x_wconf 64' lang='lat' dir='ltr'><strong>corpore</strong></span> <span class='ocrx_word' id='word_1_727' title='bbox 2612 4760 2784 4833; x_wconf 70' lang='grc' dir='ltr'><strong>ιθρτει-</strong></span> 
     </span>
    </p>
   </div>
   <div class='ocr_carea' id='block_1_61' title="bbox 572 4849 3230 4929">
    <p class='ocr_par' dir='ltr' id='par_1_61' title="bbox 572 4849 3230 4929">
     <span class='ocr_line' id='line_1_62' title="bbox 572 4849 3230 4929; baseline 0.002 -22"><span class='ocrx_word' id='word_1_728' title='bbox 572 4865 637 4907; x_wconf 80' lang='lat' dir='ltr'><strong>se</strong></span> <span class='ocrx_word' id='word_1_729' title='bbox 661 4856 869 4922; x_wconf 84' lang='lat' dir='ltr'><strong>parans</strong></span> <span class='ocrx_word' id='word_1_730' title='bbox 896 4849 1067 4918; x_wconf 87' lang='lat' dir='ltr'><strong>laudi,</strong></span> <span class='ocrx_word' id='word_1_731' title='bbox 1108 4855 1306 4925; x_wconf 87' lang='lat' dir='ltr'><strong>templa</strong></span> <span class='ocrx_word' id='word_1_732' title='bbox 1355 4854 1797 4912; x_wconf 83' lang='lat' dir='ltr'><strong>Christianorum</strong></span> <span class='ocrx_word' id='word_1_733' title='bbox 1843 4859 2067 4929; x_wconf 89' lang='lat' dir='ltr'><strong>aperiri,</strong></span> <span class='ocrx_word' id='word_1_734' title='bbox 2104 4869 2161 4918; x_wconf 89' lang='lat' dir='ltr'><strong>et</strong></span> <span class='ocrx_word' id='word_1_735' title='bbox 2865 4855 3096 4912; x_wconf 82' lang='lat' dir='ltr'><strong>CAPUT</strong></span> <span class='ocrx_word' id='word_1_736' title='bbox 3135 4855 3230 4912; x_wconf 85' lang='lat' dir='ltr'><strong>1X.</strong></span> 
     </span>
    </p>
   </div>
   <div class='ocr_carea' id='block_1_62' title="bbox 569 4941 3881 5035">
    <p class='ocr_par' dir='ltr' id='par_1_62' title="bbox 569 4941 3881 5035">
     <span class='ocr_line' id='line_1_63' title="bbox 569 4941 3881 5035; baseline 0.001 -35"><span class='ocrx_word' id='word_1_737' title='bbox 569 4943 775 5014; x_wconf 84' lang='lat' dir='ltr'><strong>templa</strong></span> <span class='ocrx_word' id='word_1_738' title='bbox 804 4941 1078 4998; x_wconf 91' lang='lat' dir='ltr'><strong>idolorum</strong></span> <span class='ocrx_word' id='word_1_739' title='bbox 1104 4944 1348 5014; x_wconf 85' lang='lat' dir='ltr'><strong>jusserat</strong></span> <span class='ocrx_word' id='word_1_740' title='bbox 1398 4947 1610 5017; x_wconf 89' lang='lat' dir='ltr'><strong>claudi;</strong></span> <span class='ocrx_word' id='word_1_741' title='bbox 1642 4950 1739 5006; x_wconf 88' lang='lat' dir='ltr'><strong>sed</strong></span> <span class='ocrx_word' id='word_1_742' title='bbox 1799 4959 1853 5005; x_wconf 88' lang='lat' dir='ltr'><strong>et</strong></span> <span class='ocrx_word' id='word_1_743' title='bbox 1905 4953 2164 5010; x_wconf 90' lang='lat' dir='ltr'><strong>omnibus</strong></span> <span class='ocrx_word' id='word_1_744' title='bbox 2267 4945 2498 5017; x_wconf 83' lang='lat' dir='ltr'><strong>Lepram</strong></span> <span class='ocrx_word' id='word_1_745' title='bbox 2538 4945 2878 5004; x_wconf 81' lang='lat' dir='ltr'><strong>Constantini</strong></span> <span class='ocrx_word' id='word_1_746' title='bbox 2912 4947 3164 5003; x_wconf 87' lang='lat' dir='ltr'><strong>Naaman</strong></span> <span class='ocrx_word' id='word_1_747' title='bbox 3197 4946 3323 5020; x_wconf 85' lang='lat' dir='ltr'><strong>Syri</strong></span> <span class='ocrx_word' id='word_1_748' title='bbox 3367 4949 3527 5020; x_wconf 78' lang='lat' dir='ltr'><strong>lepra:</strong></span> <span class='ocrx_word' id='word_1_749' title='bbox 3557 4945 3775 5035; x_wconf 65' lang='lat' dir='ltr'><strong>compltd-</strong></span> <span class='ocrx_word' id='word_1_750' title='bbox 3880 5022 3881 5035; x_wconf 13' lang='grc' dir='ltr'>χ</span> 
     </span>
    </p>
   </div>
   <div class='ocr_carea' id='block_1_63' title="bbox 566 5033 3881 5115">
    <p class='ocr_par' dir='ltr' id='par_1_63' title="bbox 566 5033 3881 5115">
     <span class='ocr_line' id='line_1_64' title="bbox 566 5033 3881 5115; baseline 0 -22"><span class='ocrx_word' id='word_1_751' title='bbox 566 5037 761 5094; x_wconf 90' lang='lat' dir='ltr'><strong>volens</strong></span> <span class='ocrx_word' id='word_1_752' title='bbox 819 5033 1164 5103; x_wconf 83' lang='lat' dir='ltr'><strong>benefacere,</strong></span> <span class='ocrx_word' id='word_1_753' title='bbox 1195 5046 1250 5091; x_wconf 88' lang='lat' dir='ltr'><strong>et</strong></span> <span class='ocrx_word' id='word_1_754' title='bbox 1301 5038 1556 5096; x_wconf 88' lang='lat' dir='ltr'><strong>omnibus</strong></span> <span class='ocrx_word' id='word_1_755' title='bbox 1602 5055 1861 5112; x_wconf 89' lang='lat' dir='ltr'><strong>parcere,</strong></span> <span class='ocrx_word' id='word_1_756' title='bbox 1914 5043 2162 5115; x_wconf 90' lang='lat' dir='ltr'><strong>captivos</strong></span> <span class='ocrx_word' id='word_1_757' title='bbox 2342 5037 2449 5096; x_wconf 89' lang='lat' dir='ltr'><strong>Sed</strong></span> <span class='ocrx_word' id='word_1_758' title='bbox 2503 5040 2631 5112; x_wconf 88' lang='lat' dir='ltr'><strong>quia</strong></span> <span class='ocrx_word' id='word_1_759' title='bbox 2690 5057 2854 5097; x_wconf 90' lang='lat' dir='ltr'><strong>nemo</strong></span> <span class='ocrx_word' id='word_1_760' title='bbox 2899 5050 3097 5113; x_wconf 63' lang='lat' dir='ltr'><strong>praeter</strong></span> <span class='ocrx_word' id='word_1_761' title='bbox 3124 5042 3299 5098; x_wconf 89' lang='lat' dir='ltr'><strong>Deum</strong></span> <span class='ocrx_word' id='word_1_762' title='bbox 3328 5042 3397 5097; x_wconf 90' lang='lat' dir='ltr'><strong>de</strong></span> <span class='ocrx_word' id='word_1_763' title='bbox 3425 5034 3776 5114; x_wconf 73' lang='lat' dir='ltr'><strong>impossibilihtls</strong></span> <span class='ocrx_word' id='word_1_764' title='bbox 3880 5058 3881 5115; x_wconf 36' lang='grc' dir='ltr'>χ</span> 
     </span>
    </p>
   </div>
   <div class='ocr_carea' id='block_1_64' title="bbox 567 5124 3815 5206">
    <p class='ocr_par' dir='ltr' id='par_1_64' title="bbox 567 5124 3815 5206">
     <span class='ocr_line' id='line_1_65' title="bbox 567 5124 3815 5206; baseline -0 -19"><span class='ocrx_word' id='word_1_765' title='bbox 567 5147 601 5187; x_wconf 91' lang='lat' dir='ltr'><strong>a</strong></span> <span class='ocrx_word' id='word_1_766' title='bbox 657 5128 1012 5202; x_wconf 88' lang='lat' dir='ltr'><strong>captivitate,</strong></span> <span class='ocrx_word' id='word_1_767' title='bbox 1082 5137 1394 5186; x_wconf 87' lang='lat' dir='ltr'><strong>carceratos</strong></span> <span class='ocrx_word' id='word_1_768' title='bbox 1459 5132 1620 5203; x_wconf 89' lang='lat' dir='ltr'><strong>cjecit</strong></span> <span class='ocrx_word' id='word_1_769' title='bbox 1686 5149 1718 5190; x_wconf 90' lang='lat' dir='ltr'><strong>a</strong></span> <span class='ocrx_word' id='word_1_770' title='bbox 1778 5151 1999 5192; x_wconf 90' lang='lat' dir='ltr'><strong>carcere</strong></span> <span class='ocrx_word' id='word_1_771' title='bbox 2026 5179 2041 5204; x_wconf 92' lang='lat'><strong>,</strong></span> <span class='ocrx_word' id='word_1_772' title='bbox 2102 5146 2164 5193; x_wconf 91' lang='lat' dir='ltr'><strong>ut</strong></span> <span class='ocrx_word' id='word_1_773' title='bbox 2264 5133 2568 5204; x_wconf 86' lang='lat' dir='ltr'><strong>possibilia,</strong></span> <span class='ocrx_word' id='word_1_774' title='bbox 2609 5134 2694 5190; x_wconf 90' lang='lat' dir='ltr'><strong>vel</strong></span> <span class='ocrx_word' id='word_1_775' title='bbox 2721 5150 2789 5190; x_wconf 80' lang='lat' dir='ltr'><strong>ex</strong></span> <span class='ocrx_word' id='word_1_776' title='bbox 2825 5134 3184 5191; x_wconf 87' lang='lat' dir='ltr'><strong>dissimilibus</strong></span> <span class='ocrx_word' id='word_1_777' title='bbox 3211 5144 3392 5206; x_wconf 89' lang='lat' dir='ltr'><strong>potest</strong></span> <span class='ocrx_word' id='word_1_778' title='bbox 3417 5133 3587 5190; x_wconf 83' lang='lat' dir='ltr'><strong>facere</strong></span> <span class='ocrx_word' id='word_1_779' title='bbox 3615 5124 3815 5199; x_wconf 41' lang='lat' dir='ltr'><strong>simili,</strong></span> 
     </span>
    </p>
   </div>
   <div class='ocr_carea' id='block_1_65' title="bbox 565 5215 3815 5297">
    <p class='ocr_par' dir='ltr' id='par_1_65' title="bbox 565 5215 3815 5297">
     <span class='ocr_line' id='line_1_66' title="bbox 565 5215 3815 5297; baseline 0 -19"><span class='ocrx_word' id='word_1_780' title='bbox 565 5237 669 5294; x_wconf 91' lang='lat' dir='ltr'><strong>pro</strong></span> <span class='ocrx_word' id='word_1_781' title='bbox 715 5223 894 5280; x_wconf 90' lang='lat' dir='ltr'><strong>salute</strong></span> <span class='ocrx_word' id='word_1_782' title='bbox 949 5222 1125 5296; x_wconf 89' lang='lat' dir='ltr'><strong>ipsius</strong></span> <span class='ocrx_word' id='word_1_783' title='bbox 1176 5238 1243 5280; x_wconf 93' lang='lat' dir='ltr'><strong>eo</strong></span> <span class='ocrx_word' id='word_1_784' title='bbox 1291 5224 1490 5297; x_wconf 87' lang='lat' dir='ltr'><strong>majori</strong></span> <span class='ocrx_word' id='word_1_785' title='bbox 1535 5227 1726 5283; x_wconf 61' lang='lat' dir='ltr'><strong>latitia</strong></span> <span class='ocrx_word' id='word_1_786' title='bbox 1780 5246 1968 5287; x_wconf 85' lang='lat' dir='ltr'><strong>secum</strong></span> <span class='ocrx_word' id='word_1_787' title='bbox 2004 5231 2159 5289; x_wconf 63' lang='lat' dir='ltr'><strong>tanta-</strong></span> <span class='ocrx_word' id='word_1_788' title='bbox 2264 5227 2342 5281; x_wconf 92' lang='lat' dir='ltr'><strong>nil</strong></span> <span class='ocrx_word' id='word_1_789' title='bbox 2370 5235 2532 5283; x_wconf 91' lang='lat' dir='ltr'><strong>nocet</strong></span> <span class='ocrx_word' id='word_1_790' title='bbox 2559 5228 2606 5283; x_wconf 87' lang='lat' dir='ltr'><strong>si</strong></span> <span class='ocrx_word' id='word_1_791' title='bbox 2636 5244 2739 5286; x_wconf 92' lang='lat' dir='ltr'><strong>nos</strong></span> <span class='ocrx_word' id='word_1_792' title='bbox 2766 5243 2798 5285; x_wconf 93' lang='lat' dir='ltr'><strong>e</strong></span> <span class='ocrx_word' id='word_1_793' title='bbox 2826 5236 3019 5284; x_wconf 88' lang='lat' dir='ltr'><strong>contra</strong></span> <span class='ocrx_word' id='word_1_794' title='bbox 3045 5226 3252 5297; x_wconf 81' lang='lat' dir='ltr'><strong>similes</strong></span> <span class='ocrx_word' id='word_1_795' title='bbox 3277 5244 3364 5283; x_wconf 89' lang='lat' dir='ltr'><strong>res</strong></span> <span class='ocrx_word' id='word_1_796' title='bbox 3395 5215 3775 5289; x_wconf 67' lang='lat' dir='ltr'><strong>similibuseqni&#39;</strong></span> <span class='ocrx_word' id='word_1_797' title='bbox 3802 5216 3815 5233; x_wconf 71' lang='grc'><em>⁷</em></span> 
     </span>
    </p>
   </div>
   <div class='ocr_carea' id='block_1_66' title="bbox 562 5312 3813 5396">
    <p class='ocr_par' dir='ltr' id='par_1_66' title="bbox 562 5312 3813 5396">
     <span class='ocr_line' id='line_1_67' title="bbox 562 5312 3813 5396; baseline 0.001 -26"><span class='ocrx_word' id='word_1_798' title='bbox 562 5322 761 5372; x_wconf 86' lang='lat' dir='ltr'><strong>rentur</strong></span> <span class='ocrx_word' id='word_1_799' title='bbox 814 5315 873 5372; x_wconf 92' lang='lat' dir='ltr'><strong>in</strong></span> <span class='ocrx_word' id='word_1_800' title='bbox 928 5314 1214 5389; x_wconf 90' lang='lat' dir='ltr'><strong>Deo,quo</strong></span> <span class='ocrx_word' id='word_1_801' title='bbox 1267 5316 1338 5372; x_wconf 93' lang='lat' dir='ltr'><strong>ab</strong></span> <span class='ocrx_word' id='word_1_802' title='bbox 1385 5317 1536 5373; x_wconf 89' lang='lat' dir='ltr'><strong>omni</strong></span> <span class='ocrx_word' id='word_1_803' title='bbox 1572 5320 1855 5378; x_wconf 87' lang='lat' dir='ltr'><strong>servitutis</strong></span> <span class='ocrx_word' id='word_1_804' title='bbox 1899 5323 2033 5396; x_wconf 86' lang='lat' dir='ltr'><strong>jugo</strong></span> <span class='ocrx_word' id='word_1_805' title='bbox 2085 5325 2148 5380; x_wconf 75' lang='lat' dir='ltr'><strong>li.</strong></span> <span class='ocrx_word' id='word_1_806' title='bbox 2260 5328 2520 5390; x_wconf 88' lang='lat' dir='ltr'><strong>parantes</strong></span> <span class='ocrx_word' id='word_1_807' title='bbox 2566 5321 2757 5390; x_wconf 90' lang='lat' dir='ltr'><strong>rebus,</strong></span> <span class='ocrx_word' id='word_1_808' title='bbox 2786 5322 2994 5393; x_wconf 89' lang='lat' dir='ltr'><strong>lepram</strong></span> <span class='ocrx_word' id='word_1_809' title='bbox 3023 5319 3367 5377; x_wconf 87' lang='lat' dir='ltr'><strong>Constantini</strong></span> <span class='ocrx_word' id='word_1_810' title='bbox 3418 5321 3573 5391; x_wconf 73' lang='lat' dir='ltr'><strong>leprte</strong></span> <span class='ocrx_word' id='word_1_811' title='bbox 3593 5312 3813 5371; x_wconf 65' lang='lat' dir='ltr'><strong>Numa&#39;</strong></span> 
     </span>
    </p>
   </div>
   <div class='ocr_carea' id='block_1_67' title="bbox 564 5403 3770 5485">
    <p class='ocr_par' dir='ltr' id='par_1_67' title="bbox 564 5403 3770 5485">
     <span class='ocr_line' id='line_1_68' title="bbox 564 5403 3770 5485; baseline 0 -21"><span class='ocrx_word' id='word_1_812' title='bbox 564 5407 689 5465; x_wconf 90' lang='lat' dir='ltr'><strong>beri</strong></span> <span class='ocrx_word' id='word_1_813' title='bbox 734 5409 805 5465; x_wconf 91' lang='lat' dir='ltr'><strong>ab</strong></span> <span class='ocrx_word' id='word_1_814' title='bbox 831 5422 899 5465; x_wconf 92' lang='lat' dir='ltr'><strong>eo</strong></span> <span class='ocrx_word' id='word_1_815' title='bbox 928 5408 1088 5481; x_wconf 87' lang='lat' dir='ltr'><strong>quasi</strong></span> <span class='ocrx_word' id='word_1_816' title='bbox 1139 5423 1325 5466; x_wconf 87' lang='lat' dir='ltr'><strong>annuo</strong></span> <span class='ocrx_word' id='word_1_817' title='bbox 1344 5408 1752 5468; x_wconf 89' lang='lat' dir='ltr'><strong>dimitterentur</strong></span> <span class='ocrx_word' id='word_1_818' title='bbox 1784 5413 2029 5484; x_wconf 70' lang='lat' dir='ltr'><strong>jubilzeo.</strong></span> <span class='ocrx_word' id='word_1_819' title='bbox 2068 5416 2161 5474; x_wconf 91' lang='lat' dir='ltr'><strong>Sic</strong></span> <span class='ocrx_word' id='word_1_820' title='bbox 2262 5411 2387 5485; x_wconf 85' lang='lat' dir='ltr'><strong>Syri</strong></span> <span class='ocrx_word' id='word_1_821' title='bbox 2415 5412 2842 5485; x_wconf 55' lang='lat' dir='ltr'><strong>(comparemus.</strong></span> <span class='ocrx_word' id='word_1_822' title='bbox 2878 5412 3142 5482; x_wconf 88' lang='lat' dir='ltr'><strong>Quamvis</strong></span> <span class='ocrx_word' id='word_1_823' title='bbox 3182 5413 3330 5469; x_wconf 89' lang='lat' dir='ltr'><strong>enim</strong></span> <span class='ocrx_word' id='word_1_824' title='bbox 3374 5419 3595 5482; x_wconf 89' lang='lat' dir='ltr'><strong>uterque</strong></span> <span class='ocrx_word' id='word_1_825' title='bbox 3633 5403 3770 5460; x_wconf 73' lang='grc' dir='ltr'><strong>Ῑυὶδεα</strong></span> 
     </span>
    </p>
   </div>
   <div class='ocr_carea' id='block_1_68' title="bbox 564 5498 3769 5579">
    <p class='ocr_par' dir='ltr' id='par_1_68' title="bbox 564 5498 3769 5579">
     <span class='ocr_line' id='line_1_69' title="bbox 564 5498 3769 5579; baseline 0.003 -20"><span class='ocrx_word' id='word_1_826' title='bbox 564 5502 735 5576; x_wconf 88' lang='lat' dir='ltr'><strong>igitur</strong></span> <span class='ocrx_word' id='word_1_827' title='bbox 759 5518 887 5561; x_wconf 90' lang='lat' dir='ltr'><strong>cum</strong></span> <span class='ocrx_word' id='word_1_828' title='bbox 916 5504 986 5560; x_wconf 90' lang='lat' dir='ltr'><strong>ab</strong></span> <span class='ocrx_word' id='word_1_829' title='bbox 1007 5504 1267 5563; x_wconf 88' lang='lat' dir='ltr'><strong>omnibus</strong></span> <span class='ocrx_word' id='word_1_830' title='bbox 1286 5504 1559 5579; x_wconf 90' lang='lat' dir='ltr'><strong>angustiis</strong></span> <span class='ocrx_word' id='word_1_831' title='bbox 1605 5512 1662 5561; x_wconf 91' lang='lat' dir='ltr'><strong>et</strong></span> <span class='ocrx_word' id='word_1_832' title='bbox 1710 5506 2159 5570; x_wconf 86' lang='lat' dir='ltr'><strong>tribulationibus</strong></span> <span class='ocrx_word' id='word_1_833' title='bbox 2261 5507 2535 5564; x_wconf 83' lang='lat' dir='ltr'><strong>idolorum</strong></span> <span class='ocrx_word' id='word_1_834' title='bbox 2563 5507 2714 5563; x_wconf 83' lang='lat' dir='ltr'><strong>cultu</strong></span> <span class='ocrx_word' id='word_1_835' title='bbox 2752 5506 3022 5577; x_wconf 72' lang='lat' dir='ltr'><strong>famOSUS,</strong></span> <span class='ocrx_word' id='word_1_836' title='bbox 3044 5515 3277 5579; x_wconf 79' lang='lat' dir='ltr'><strong>uterque</strong></span> <span class='ocrx_word' id='word_1_837' title='bbox 3300 5513 3480 5561; x_wconf 74' lang='lat' dir='ltr'><strong>tamen</strong></span> <span class='ocrx_word' id='word_1_838' title='bbox 3525 5500 3661 5557; x_wconf 73' lang='grc' dir='ltr'><strong>ΐοηίε</strong></span> <span class='ocrx_word' id='word_1_839' title='bbox 3690 5498 3769 5549; x_wconf 60' lang='lat' dir='ltr'><strong>ei“</strong></span> 
     </span>
    </p>
   </div>
   <div class='ocr_carea' id='block_1_69' title="bbox 514 5595 3769 5674">
    <p class='ocr_par' dir='ltr' id='par_1_69' title="bbox 514 5595 3769 5674">
     <span class='ocr_line' id='line_1_70' title="bbox 514 5595 3769 5674; baseline -0.001 -24"><span class='ocrx_word' id='word_1_840' title='bbox 514 5636 518 5640; x_wconf 57' lang='grc' dir='ltr'><em>ρ</em></span> <span class='ocrx_word' id='word_1_841' title='bbox 566 5603 755 5653; x_wconf 86' lang='lat' dir='ltr'><strong>essent</strong></span> <span class='ocrx_word' id='word_1_842' title='bbox 784 5595 1025 5669; x_wconf 85' lang='lat' dir='ltr'><strong>expediti</strong></span> <span class='ocrx_word' id='word_1_843' title='bbox 1075 5597 1171 5669; x_wconf 92' lang='lat' dir='ltr'><strong>qui</strong></span> <span class='ocrx_word' id='word_1_844' title='bbox 1217 5597 1423 5672; x_wconf 82' lang='lat' dir='ltr'><strong>frigore</strong></span> <span class='ocrx_word' id='word_1_845' title='bbox 1463 5605 1519 5656; x_wconf 88' lang='lat' dir='ltr'><strong>et</strong></span> <span class='ocrx_word' id='word_1_846' title='bbox 1555 5599 1800 5656; x_wconf 86' lang='lat' dir='ltr'><strong>nuditate</strong></span> <span class='ocrx_word' id='word_1_847' title='bbox 1855 5602 1968 5659; x_wconf 90' lang='lat' dir='ltr'><strong>sive</strong></span> <span class='ocrx_word' id='word_1_848' title='bbox 2014 5602 2159 5662; x_wconf 86' lang='lat' dir='ltr'><strong>fame</strong></span> <span class='ocrx_word' id='word_1_849' title='bbox 2261 5608 2317 5656; x_wconf 92' lang='lat' dir='ltr'><strong>et</strong></span> <span class='ocrx_word' id='word_1_850' title='bbox 2339 5600 2511 5668; x_wconf 91' lang='lat' dir='ltr'><strong>dives,</strong></span> <span class='ocrx_word' id='word_1_851' title='bbox 2539 5601 2633 5657; x_wconf 91' lang='lat' dir='ltr'><strong>sed</strong></span> <span class='ocrx_word' id='word_1_852' title='bbox 2658 5601 2932 5673; x_wconf 78' lang='lat' dir='ltr'><strong>leprosos,</strong></span> <span class='ocrx_word' id='word_1_853' title='bbox 2964 5602 3092 5674; x_wconf 90' lang='lat' dir='ltr'><strong>quia</strong></span> <span class='ocrx_word' id='word_1_854' title='bbox 3118 5600 3166 5657; x_wconf 88' lang='lat' dir='ltr'><strong>si</strong></span> <span class='ocrx_word' id='word_1_855' title='bbox 3196 5599 3361 5657; x_wconf 88' lang='lat' dir='ltr'><strong>vitam</strong></span> <span class='ocrx_word' id='word_1_856' title='bbox 3398 5596 3769 5665; x_wconf 78' lang='lat' dir='ltr'><strong>utriusquecol-</strong></span> 
     </span>
    </p>
   </div>
   <div class='ocr_carea' id='block_1_70' title="bbox 571 5685 3766 5768">
    <p class='ocr_par' dir='ltr' id='par_1_70' title="bbox 571 5685 3766 5768">
     <span class='ocr_line' id='line_1_71' title="bbox 571 5685 3766 5768; baseline 0.003 -25"><span class='ocrx_word' id='word_1_857' title='bbox 571 5689 965 5746; x_wconf 89' lang='lat' dir='ltr'><strong>cruciabantur</strong></span> <span class='ocrx_word' id='word_1_858' title='bbox 983 5698 1039 5746; x_wconf 91' lang='lat' dir='ltr'><strong>et</strong></span> <span class='ocrx_word' id='word_1_859' title='bbox 1072 5689 1187 5759; x_wconf 90' lang='lat' dir='ltr'><strong>siti,</strong></span> <span class='ocrx_word' id='word_1_860' title='bbox 1212 5690 1416 5749; x_wconf 86' lang='lat' dir='ltr'><strong>factum</strong></span> <span class='ocrx_word' id='word_1_861' title='bbox 1445 5700 1531 5749; x_wconf 91' lang='lat' dir='ltr'><strong>est</strong></span> <span class='ocrx_word' id='word_1_862' title='bbox 1558 5702 1621 5750; x_wconf 92' lang='lat' dir='ltr'><strong>ut</strong></span> <span class='ocrx_word' id='word_1_863' title='bbox 1651 5709 1751 5767; x_wconf 85' lang='lat' dir='ltr'><strong>per</strong></span> <span class='ocrx_word' id='word_1_864' title='bbox 1781 5694 1899 5753; x_wconf 78' lang='lat' dir='ltr'><strong>haec</strong></span> <span class='ocrx_word' id='word_1_865' title='bbox 1938 5696 2155 5755; x_wconf 87' lang='lat' dir='ltr'><strong>diversa</strong></span> <span class='ocrx_word' id='word_1_866' title='bbox 2263 5693 2565 5751; x_wconf 90' lang='lat' dir='ltr'><strong>sideremus</strong></span> <span class='ocrx_word' id='word_1_867' title='bbox 2602 5694 2829 5765; x_wconf 90' lang='lat' dir='ltr'><strong>intente,</strong></span> <span class='ocrx_word' id='word_1_868' title='bbox 2867 5705 3097 5768; x_wconf 88' lang='lat' dir='ltr'><strong>uterque</strong></span> <span class='ocrx_word' id='word_1_869' title='bbox 3147 5709 3336 5752; x_wconf 89' lang='lat' dir='ltr'><strong>eorum</strong></span> <span class='ocrx_word' id='word_1_870' title='bbox 3376 5691 3572 5762; x_wconf 81' lang='lat' dir='ltr'><strong>lepram</strong></span> <span class='ocrx_word' id='word_1_871' title='bbox 3611 5685 3658 5740; x_wconf 68' lang='lat' dir='ltr'><strong>in</strong></span> <span class='ocrx_word' id='word_1_872' title='bbox 3680 5692 3766 5737; x_wconf 68' lang='grc' dir='ltr'><strong>(π’</strong></span> 
     </span>
    </p>
   </div>
   <div class='ocr_carea' id='block_1_71' title="bbox 556 5779 3765 5863">
    <p class='ocr_par' dir='ltr' id='par_1_71' title="bbox 556 5779 3765 5863">
     <span class='ocr_line' id='line_1_72' title="bbox 556 5779 3765 5863; baseline 0.003 -25"><span class='ocrx_word' id='word_1_873' title='bbox 556 5779 811 5838; x_wconf 81' lang='lat' dir='ltr'><strong>&#39;coelestis</strong></span> <span class='ocrx_word' id='word_1_874' title='bbox 828 5780 1221 5840; x_wconf 80' lang='lat' dir='ltr'><strong>misericordiae</strong></span> <span class='ocrx_word' id='word_1_875' title='bbox 1250 5786 1443 5843; x_wconf 83' lang='lat' dir='ltr'><strong>solatia</strong></span> <span class='ocrx_word' id='word_1_876' title='bbox 1472 5786 1602 5843; x_wconf 92' lang='lat' dir='ltr'><strong>mali</strong></span> <span class='ocrx_word' id='word_1_877' title='bbox 1628 5787 1986 5858; x_wconf 66' lang='lat' dir='ltr'><strong>praeedentis</strong></span> <span class='ocrx_word' id='word_1_878' title='bbox 2008 5790 2155 5863; x_wconf 90' lang='lat' dir='ltr'><strong>inju-</strong></span> <span class='ocrx_word' id='word_1_879' title='bbox 2260 5805 2421 5863; x_wconf 90' lang='lat' dir='ltr'><strong>pore,</strong></span> <span class='ocrx_word' id='word_1_880' title='bbox 2460 5798 2516 5847; x_wconf 92' lang='lat' dir='ltr'><strong>et</strong></span> <span class='ocrx_word' id='word_1_881' title='bbox 2547 5790 2755 5862; x_wconf 88' lang='lat' dir='ltr'><strong>lepram</strong></span> <span class='ocrx_word' id='word_1_882' title='bbox 2806 5790 3042 5849; x_wconf 86' lang='lat' dir='ltr'><strong>habebat</strong></span> <span class='ocrx_word' id='word_1_883' title='bbox 3067 5793 3123 5848; x_wconf 91' lang='lat' dir='ltr'><strong>in</strong></span> <span class='ocrx_word' id='word_1_884' title='bbox 3171 5798 3364 5847; x_wconf 88' lang='lat' dir='ltr'><strong>mente.</strong></span> <span class='ocrx_word' id='word_1_885' title='bbox 3398 5784 3548 5841; x_wconf 85' lang='lat' dir='ltr'><strong>Unde</strong></span> <span class='ocrx_word' id='word_1_886' title='bbox 3573 5791 3677 5837; x_wconf 73' lang='lat' dir='ltr'><strong>cum</strong></span> <span class='ocrx_word' id='word_1_887' title='bbox 3696 5781 3765 5847; x_wconf 64' lang='grc' dir='ltr'><strong><em>Ρ</em></strong></span> 
     </span>
    </p>
   </div>
  </div>
