  <div class='ocr_page' id='page_1' title='image "/cluster/home/n/w/nwhite01/storage/ocr_20150623/160/hvd.32044015473846/490.png"; bbox 0 0 3960 6316; ppageno 0'>
   <div class='ocr_carea' id='block_1_1' title="bbox 202 291 312 352">
    <p class='ocr_par' dir='ltr' id='par_1_1' title="bbox 202 291 312 352">
     <span class='ocr_line' id='line_1_1' title="bbox 202 291 312 352; baseline -0.036 0"><span class='ocrx_word' id='word_1_1' title='bbox 202 291 312 352; x_wconf 86' lang='lat'><strong>977</strong></span> 
     </span>
    </p>
   </div>
   <div class='ocr_carea' id='block_1_2' title="bbox 1125 288 2607 352">
    <p class='ocr_par' dir='ltr' id='par_1_2' title="bbox 1125 288 2607 352">
     <span class='ocr_line' id='line_1_2' title="bbox 1125 288 2607 352; baseline 0.003 -6"><span class='ocrx_word' id='word_1_2' title='bbox 1125 288 1212 347; x_wconf 86' lang='lat' dir='ltr'><strong>DE</strong></span> <span class='ocrx_word' id='word_1_3' title='bbox 1246 291 1499 350; x_wconf 57' lang='lat' dir='ltr'><strong>LAUDE”</strong></span> <span class='ocrx_word' id='word_1_4' title='bbox 1515 292 1605 349; x_wconf 89' lang='lat' dir='ltr'><strong>ET</strong></span> <span class='ocrx_word' id='word_1_5' title='bbox 1643 293 1782 351; x_wconf 82' lang='lat' dir='ltr'><strong>INV.</strong></span> <span class='ocrx_word' id='word_1_6' title='bbox 1827 293 1885 350; x_wconf 90' lang='lat' dir='ltr'><strong>S.</strong></span> <span class='ocrx_word' id='word_1_7' title='bbox 1926 293 2199 352; x_wconf 82' lang='lat' dir='ltr'><strong>CRUCIS.</strong></span> <span class='ocrx_word' id='word_1_8' title='bbox 2239 322 2310 333; x_wconf 86' lang='lat'><strong>——</strong></span> <span class='ocrx_word' id='word_1_9' title='bbox 2348 293 2477 350; x_wconf 89' lang='lat' dir='ltr'><strong>LIB.</strong></span> <span class='ocrx_word' id='word_1_10' title='bbox 2519 294 2607 350; x_wconf 90' lang='lat' dir='ltr'><strong>Ill.</strong></span> 
     </span>
    </p>
   </div>
   <div class='ocr_carea' id='block_1_3' title="bbox 3379 295 3510 354">
    <p class='ocr_par' dir='ltr' id='par_1_3' title="bbox 3379 295 3510 354">
     <span class='ocr_line' id='line_1_3' title="bbox 3379 295 3510 354; baseline 0.031 -3"><span class='ocrx_word' id='word_1_11' title='bbox 3379 295 3510 354; x_wconf 63' lang='lat'><strong>978..</strong></span> 
     </span>
    </p>
   </div>
   <div class='ocr_carea' id='block_1_4' title="bbox 199 381 3506 482">
    <p class='ocr_par' dir='ltr' id='par_1_4' title="bbox 199 381 3506 482">
     <span class='ocr_line' id='line_1_4' title="bbox 199 381 3506 482; baseline -0 -15"><span class='ocrx_word' id='word_1_12' title='bbox 199 411 506 468; x_wconf 78' lang='lat' dir='ltr'><strong>salvatione</strong></span> <span class='ocrx_word' id='word_1_13' title='bbox 531 409 820 482; x_wconf 84' lang='lat' dir='ltr'><strong>utriusque</strong></span> <span class='ocrx_word' id='word_1_14' title='bbox 847 409 924 466; x_wconf 85' lang='lat' dir='ltr'><strong>rei</strong></span> <span class='ocrx_word' id='word_1_15' title='bbox 957 419 1392 481; x_wconf 65' lang='lat' dir='ltr'><strong>unusquaareret</strong></span> <span class='ocrx_word' id='word_1_16' title='bbox 1419 427 1579 482; x_wconf 90' lang='lat' dir='ltr'><strong>opem</strong></span> <span class='ocrx_word' id='word_1_17' title='bbox 1618 410 1882 476; x_wconf 69' lang='lat' dir='ltr'><strong>Elisaei&#39;A</strong></span> <span class='ocrx_word' id='word_1_18' title='bbox 1905 427 2009 467; x_wconf 82' lang='lat' dir='ltr'><strong>mae</strong></span> <span class='ocrx_word' id='word_1_19' title='bbox 2059 420 2114 467; x_wconf 88' lang='lat' dir='ltr'><strong>et</strong></span> <span class='ocrx_word' id='word_1_20' title='bbox 2146 425 2335 466; x_wconf 91' lang='lat' dir='ltr'><strong>amore</strong></span> <span class='ocrx_word' id='word_1_21' title='bbox 2383 409 2620 467; x_wconf 63' lang='lat' dir='ltr'><strong>coalcstis</strong></span> <span class='ocrx_word' id='word_1_22' title='bbox 2665 409 2856 480; x_wconf 74' lang='lat' dir='ltr'><strong>patria:</strong></span> <span class='ocrx_word' id='word_1_23' title='bbox 2899 409 2958 464; x_wconf 91' lang='lat' dir='ltr'><strong>in</strong></span> <span class='ocrx_word' id='word_1_24' title='bbox 2994 409 3157 465; x_wconf 90' lang='lat' dir='ltr'><strong>corde</strong></span> <span class='ocrx_word' id='word_1_25' title='bbox 3192 423 3295 466; x_wconf 90' lang='lat' dir='ltr'><strong>suo</strong></span> <span class='ocrx_word' id='word_1_26' title='bbox 3323 381 3506 466; x_wconf 34' lang='lat' dir='ltr'><strong>ﬁnem‘</strong></span> 
     </span>
    </p>
   </div>
   <div class='ocr_carea' id='block_1_5' title="bbox 199 503 1793 576">
    <p class='ocr_par' dir='ltr' id='par_1_5' title="bbox 199 503 1793 576">
     <span class='ocr_line' id='line_1_5' title="bbox 199 503 1793 576; baseline 0.001 -18"><span class='ocrx_word' id='word_1_27' title='bbox 199 504 320 576; x_wconf 86' lang='lat' dir='ltr'><strong>(IV</strong></span> <span class='ocrx_word' id='word_1_28' title='bbox 352 505 474 576; x_wconf 86' lang='lat' dir='ltr'><strong>Reg.</strong></span> <span class='ocrx_word' id='word_1_29' title='bbox 504 505 580 576; x_wconf 90' lang='lat' dir='ltr'><strong>v),</strong></span> <span class='ocrx_word' id='word_1_30' title='bbox 633 513 687 561; x_wconf 92' lang='lat' dir='ltr'><strong>et</strong></span> <span class='ocrx_word' id='word_1_31' title='bbox 721 504 862 559; x_wconf 92' lang='lat' dir='ltr'><strong>alius</strong></span> <span class='ocrx_word' id='word_1_32' title='bbox 893 503 1009 571; x_wconf 86' lang='lat' dir='ltr'><strong>Dei,</strong></span> <span class='ocrx_word' id='word_1_33' title='bbox 1042 503 1242 559; x_wconf 78' lang='lat' dir='ltr'><strong>factum</strong></span> <span class='ocrx_word' id='word_1_34' title='bbox 1281 514 1365 560; x_wconf 88' lang='lat' dir='ltr'><strong>est</strong></span> <span class='ocrx_word' id='word_1_35' title='bbox 1391 514 1454 560; x_wconf 92' lang='lat' dir='ltr'><strong>ut</strong></span> <span class='ocrx_word' id='word_1_36' title='bbox 1497 506 1624 560; x_wconf 90' lang='lat' dir='ltr'><strong>licet</strong></span> <span class='ocrx_word' id='word_1_37' title='bbox 1648 521 1793 561; x_wconf 92' lang='lat' dir='ltr'><strong>unus</strong></span> 
     </span>
    </p>
   </div>
   <div class='ocr_carea' id='block_1_6' title="bbox 199 596 1795 668">
    <p class='ocr_par' dir='ltr' id='par_1_6' title="bbox 199 596 1795 668">
     <span class='ocr_line' id='line_1_6' title="bbox 199 596 1795 668; baseline -0.001 -14"><span class='ocrx_word' id='word_1_38' title='bbox 199 598 392 654; x_wconf 85' lang='lat' dir='ltr'><strong>curari</strong></span> <span class='ocrx_word' id='word_1_39' title='bbox 415 598 729 653; x_wconf 79' lang='lat' dir='ltr'><strong>crederetur</strong></span> <span class='ocrx_word' id='word_1_40' title='bbox 753 613 783 652; x_wconf 88' lang='lat' dir='ltr'><strong>a</strong></span> <span class='ocrx_word' id='word_1_41' title='bbox 814 596 944 664; x_wconf 91' lang='lat' dir='ltr'><strong>Deo,</strong></span> <span class='ocrx_word' id='word_1_42' title='bbox 970 605 1025 652; x_wconf 91' lang='lat' dir='ltr'><strong>et</strong></span> <span class='ocrx_word' id='word_1_43' title='bbox 1051 597 1191 652; x_wconf 89' lang='lat' dir='ltr'><strong>alius</strong></span> <span class='ocrx_word' id='word_1_44' title='bbox 1214 597 1284 652; x_wconf 90' lang='lat' dir='ltr'><strong>ab</strong></span> <span class='ocrx_word' id='word_1_45' title='bbox 1314 597 1526 665; x_wconf 87' lang='lat' dir='ltr'><strong>Eliseo,</strong></span> <span class='ocrx_word' id='word_1_46' title='bbox 1563 607 1795 668; x_wconf 87' lang='lat' dir='ltr'><strong>uterque</strong></span> 
     </span>
    </p>
   </div>
   <div class='ocr_carea' id='block_1_7' title="bbox 195 690 1795 746">
    <p class='ocr_par' dir='ltr' id='par_1_7' title="bbox 195 690 1795 746">
     <span class='ocr_line' id='line_1_7' title="bbox 195 690 1795 746; baseline 0.001 -2"><span class='ocrx_word' id='word_1_47' title='bbox 195 700 388 745; x_wconf 80' lang='lat' dir='ltr'><strong>tamen</strong></span> <span class='ocrx_word' id='word_1_48' title='bbox 431 705 558 746; x_wconf 90' lang='lat' dir='ltr'><strong>vere</strong></span> <span class='ocrx_word' id='word_1_49' title='bbox 589 699 876 746; x_wconf 84' lang='lat' dir='ltr'><strong>curaretur</strong></span> <span class='ocrx_word' id='word_1_50' title='bbox 904 707 934 746; x_wconf 90' lang='lat' dir='ltr'><strong>a</strong></span> <span class='ocrx_word' id='word_1_51' title='bbox 970 690 1100 745; x_wconf 91' lang='lat' dir='ltr'><strong>Deo.</strong></span> <span class='ocrx_word' id='word_1_52' title='bbox 1137 690 1368 746; x_wconf 80' lang='lat' dir='ltr'><strong>Dextera</strong></span> <span class='ocrx_word' id='word_1_53' title='bbox 1397 691 1544 746; x_wconf 91' lang='lat' dir='ltr'><strong>enim</strong></span> <span class='ocrx_word' id='word_1_54' title='bbox 1575 691 1795 746; x_wconf 90' lang='lat' dir='ltr'><strong>Domini</strong></span> 
     </span>
    </p>
   </div>
   <div class='ocr_carea' id='block_1_8' title="bbox 191 783 1794 858">
    <p class='ocr_par' dir='ltr' id='par_1_8' title="bbox 191 783 1794 858">
     <span class='ocr_line' id='line_1_8' title="bbox 191 783 1794 858; baseline 0.002 -19"><span class='ocrx_word' id='word_1_55' title='bbox 191 783 337 842; x_wconf 73' lang='lat' dir='ltr'><strong>fecit</strong></span> <span class='ocrx_word' id='word_1_56' title='bbox 358 787 635 854; x_wconf 80' lang='lat' dir='ltr'><strong>virtutem,</strong></span> <span class='ocrx_word' id='word_1_57' title='bbox 665 787 795 842; x_wconf 91' lang='lat' dir='ltr'><strong>dum</strong></span> <span class='ocrx_word' id='word_1_58' title='bbox 827 787 1077 858; x_wconf 89' lang='lat' dir='ltr'><strong>utrisque</strong></span> <span class='ocrx_word' id='word_1_59' title='bbox 1098 787 1274 843; x_wconf 90' lang='lat' dir='ltr'><strong>voluit</strong></span> <span class='ocrx_word' id='word_1_60' title='bbox 1305 795 1618 858; x_wconf 84' lang='lat' dir='ltr'><strong>exoptatam</strong></span> <span class='ocrx_word' id='word_1_61' title='bbox 1657 801 1794 842; x_wconf 88' lang='lat' dir='ltr'><strong>con-</strong></span> 
     </span>
    </p>
   </div>
   <div class='ocr_carea' id='block_1_9' title="bbox 189 875 1796 950">
    <p class='ocr_par' dir='ltr' id='par_1_9' title="bbox 189 875 1796 950">
     <span class='ocr_line' id='line_1_9' title="bbox 189 875 1796 950; baseline 0.002 -21"><span class='ocrx_word' id='word_1_62' title='bbox 189 875 349 932; x_wconf 83' lang='lat' dir='ltr'><strong>ferre</strong></span> <span class='ocrx_word' id='word_1_63' title='bbox 400 879 660 945; x_wconf 86' lang='lat' dir='ltr'><strong>salutem;</strong></span> <span class='ocrx_word' id='word_1_64' title='bbox 723 879 819 934; x_wconf 90' lang='lat' dir='ltr'><strong>sed</strong></span> <span class='ocrx_word' id='word_1_65' title='bbox 865 886 1050 934; x_wconf 90' lang='lat' dir='ltr'><strong>tamen</strong></span> <span class='ocrx_word' id='word_1_66' title='bbox 1106 877 1370 949; x_wconf 87' lang='lat' dir='ltr'><strong>majorem</strong></span> <span class='ocrx_word' id='word_1_67' title='bbox 1426 877 1656 950; x_wconf 79' lang='lat' dir='ltr'><strong>gratiam</strong></span> <span class='ocrx_word' id='word_1_68' title='bbox 1716 877 1796 933; x_wconf 89' lang='lat' dir='ltr'><strong>illi</strong></span> 
     </span>
    </p>
   </div>
   <div class='ocr_carea' id='block_1_10' title="bbox 191 967 1796 1042">
    <p class='ocr_par' dir='ltr' id='par_1_10' title="bbox 191 967 1796 1042">
     <span class='ocr_line' id='line_1_10' title="bbox 191 967 1796 1042; baseline 0.003 -21"><span class='ocrx_word' id='word_1_69' title='bbox 191 967 396 1024; x_wconf 83' lang='lat' dir='ltr'><strong>eadem</strong></span> <span class='ocrx_word' id='word_1_70' title='bbox 419 971 649 1026; x_wconf 85' lang='lat' dir='ltr'><strong>contulit</strong></span> <span class='ocrx_word' id='word_1_71' title='bbox 677 970 889 1039; x_wconf 79' lang='lat' dir='ltr'><strong>dextra,</strong></span> <span class='ocrx_word' id='word_1_72' title='bbox 917 970 1014 1042; x_wconf 86' lang='lat' dir='ltr'><strong>qui</strong></span> <span class='ocrx_word' id='word_1_73' title='bbox 1053 969 1109 1024; x_wconf 92' lang='lat' dir='ltr'><strong>in</strong></span> <span class='ocrx_word' id='word_1_74' title='bbox 1145 969 1293 1026; x_wconf 84' lang='lat' dir='ltr'><strong>fonte</strong></span> <span class='ocrx_word' id='word_1_75' title='bbox 1324 969 1624 1026; x_wconf 90' lang='lat' dir='ltr'><strong>Salvatoris</strong></span> <span class='ocrx_word' id='word_1_76' title='bbox 1647 971 1796 1026; x_wconf 92' lang='lat' dir='ltr'><strong>intus</strong></span> 
     </span>
    </p>
   </div>
   <div class='ocr_carea' id='block_1_11' title="bbox 191 1061 1797 1134">
    <p class='ocr_par' dir='ltr' id='par_1_11' title="bbox 191 1061 1797 1134">
     <span class='ocr_line' id='line_1_11' title="bbox 191 1061 1797 1134; baseline 0.002 -20"><span class='ocrx_word' id='word_1_77' title='bbox 191 1061 505 1117; x_wconf 81' lang='lat' dir='ltr'><strong>curabatur</strong></span> <span class='ocrx_word' id='word_1_78' title='bbox 530 1072 584 1118; x_wconf 92' lang='lat' dir='ltr'><strong>et</strong></span> <span class='ocrx_word' id='word_1_79' title='bbox 604 1072 778 1118; x_wconf 80' lang='lat' dir='ltr'><strong>extra.</strong></span> <span class='ocrx_word' id='word_1_80' title='bbox 813 1061 967 1118; x_wconf 91' lang='lat' dir='ltr'><strong>Unde</strong></span> <span class='ocrx_word' id='word_1_81' title='bbox 983 1078 1052 1118; x_wconf 92' lang='lat' dir='ltr'><strong>ne</strong></span> <span class='ocrx_word' id='word_1_82' title='bbox 1081 1078 1110 1118; x_wconf 92' lang='lat' dir='ltr'><strong>a</strong></span> <span class='ocrx_word' id='word_1_83' title='bbox 1126 1062 1288 1118; x_wconf 91' lang='lat' dir='ltr'><strong>nobis</strong></span> <span class='ocrx_word' id='word_1_84' title='bbox 1316 1078 1602 1119; x_wconf 90' lang='lat' dir='ltr'><strong>remanere</strong></span> <span class='ocrx_word' id='word_1_85' title='bbox 1621 1063 1797 1134; x_wconf 86' lang='lat' dir='ltr'><strong>possit</strong></span> 
     </span>
    </p>
   </div>
   <div class='ocr_carea' id='block_1_12' title="bbox 188 1147 1796 1224">
    <p class='ocr_par' dir='ltr' id='par_1_12' title="bbox 188 1147 1796 1224">
     <span class='ocr_line' id='line_1_12' title="bbox 188 1147 1796 1224; baseline 0.001 -20"><span class='ocrx_word' id='word_1_86' title='bbox 188 1147 469 1207; x_wconf 87' lang='lat' dir='ltr'><strong>intactum</strong></span> <span class='ocrx_word' id='word_1_87' title='bbox 512 1153 747 1224; x_wconf 86' lang='lat' dir='ltr'><strong>qualiter</strong></span> <span class='ocrx_word' id='word_1_88' title='bbox 784 1169 815 1208; x_wconf 87' lang='lat' dir='ltr'><strong>a</strong></span> <span class='ocrx_word' id='word_1_89' title='bbox 861 1152 974 1208; x_wconf 90' lang='lat' dir='ltr'><strong>Deo</strong></span> <span class='ocrx_word' id='word_1_90' title='bbox 1013 1169 1139 1208; x_wconf 90' lang='lat' dir='ltr'><strong>cum</strong></span> <span class='ocrx_word' id='word_1_91' title='bbox 1180 1160 1415 1224; x_wconf 90' lang='lat' dir='ltr'><strong>utroque</strong></span> <span class='ocrx_word' id='word_1_92' title='bbox 1457 1153 1528 1208; x_wconf 91' lang='lat' dir='ltr'><strong>sit</strong></span> <span class='ocrx_word' id='word_1_93' title='bbox 1565 1151 1796 1220; x_wconf 84' lang='lat' dir='ltr'><strong>factum,</strong></span> 
     </span>
    </p>
   </div>
   <div class='ocr_carea' id='block_1_13' title="bbox 189 1242 1796 1316">
    <p class='ocr_par' dir='ltr' id='par_1_13' title="bbox 189 1242 1796 1316">
     <span class='ocr_line' id='line_1_13' title="bbox 189 1242 1796 1316; baseline 0.002 -19"><span class='ocrx_word' id='word_1_94' title='bbox 189 1242 440 1300; x_wconf 77' lang='lat' dir='ltr'><strong>breviter</strong></span> <span class='ocrx_word' id='word_1_95' title='bbox 494 1245 585 1300; x_wconf 90' lang='lat' dir='ltr'><strong>hic</strong></span> <span class='ocrx_word' id='word_1_96' title='bbox 613 1245 906 1300; x_wconf 90' lang='lat' dir='ltr'><strong>dicendum</strong></span> <span class='ocrx_word' id='word_1_97' title='bbox 938 1253 1024 1301; x_wconf 89' lang='lat' dir='ltr'><strong>est</strong></span> <span class='ocrx_word' id='word_1_98' title='bbox 1068 1245 1124 1300; x_wconf 93' lang='lat' dir='ltr'><strong>in</strong></span> <span class='ocrx_word' id='word_1_99' title='bbox 1171 1247 1395 1301; x_wconf 88' lang='lat' dir='ltr'><strong>nomine</strong></span> <span class='ocrx_word' id='word_1_100' title='bbox 1423 1243 1651 1314; x_wconf 86' lang='lat' dir='ltr'><strong>Christi,</strong></span> <span class='ocrx_word' id='word_1_101' title='bbox 1685 1261 1796 1316; x_wconf 93' lang='lat' dir='ltr'><strong>quo</strong></span> 
     </span>
    </p>
   </div>
   <div class='ocr_carea' id='block_1_14' title="bbox 183 1335 1796 1396">
    <p class='ocr_par' dir='ltr' id='par_1_14' title="bbox 183 1335 1796 1396">
     <span class='ocr_line' id='line_1_14' title="bbox 183 1335 1796 1396; baseline 0.003 -7"><span class='ocrx_word' id='word_1_102' title='bbox 183 1335 379 1396; x_wconf 75' lang='lat' dir='ltr'><strong>virtus</strong></span> <span class='ocrx_word' id='word_1_103' title='bbox 426 1337 729 1394; x_wconf 83' lang='lat' dir='ltr'><strong>divinitatis</strong></span> <span class='ocrx_word' id='word_1_104' title='bbox 779 1338 856 1392; x_wconf 93' lang='lat' dir='ltr'><strong>illi</strong></span> <span class='ocrx_word' id='word_1_105' title='bbox 905 1338 1220 1394; x_wconf 85' lang='lat' dir='ltr'><strong>subveniret</strong></span> <span class='ocrx_word' id='word_1_106' title='bbox 1261 1346 1355 1393; x_wconf 90' lang='lat' dir='ltr'><strong>aut</strong></span> <span class='ocrx_word' id='word_1_107' title='bbox 1407 1338 1519 1394; x_wconf 90' lang='lat' dir='ltr'><strong>isti.</strong></span> <span class='ocrx_word' id='word_1_108' title='bbox 1549 1336 1796 1394; x_wconf 79' lang='lat' dir='ltr'><strong>Naaman</strong></span> 
     </span>
    </p>
   </div>
   <div class='ocr_carea' id='block_1_15' title="bbox 185 1427 1800 1502">
    <p class='ocr_par' dir='ltr' id='par_1_15' title="bbox 185 1427 1800 1502">
     <span class='ocr_line' id='line_1_15' title="bbox 185 1427 1800 1502; baseline 0.002 -19"><span class='ocrx_word' id='word_1_109' title='bbox 185 1427 386 1500; x_wconf 85' lang='lat' dir='ltr'><strong>itaque</strong></span> <span class='ocrx_word' id='word_1_110' title='bbox 439 1428 578 1502; x_wconf 81' lang='lat' dir='ltr'><strong>Syro</strong></span> <span class='ocrx_word' id='word_1_111' title='bbox 606 1431 833 1487; x_wconf 87' lang='lat' dir='ltr'><strong>verbum</strong></span> <span class='ocrx_word' id='word_1_112' title='bbox 868 1429 1152 1488; x_wconf 90' lang='lat' dir='ltr'><strong>Israelitici</strong></span> <span class='ocrx_word' id='word_1_113' title='bbox 1200 1431 1345 1502; x_wconf 88' lang='lat' dir='ltr'><strong>regis</strong></span> <span class='ocrx_word' id='word_1_114' title='bbox 1380 1446 1630 1486; x_wconf 91' lang='lat' dir='ltr'><strong>amarum</strong></span> <span class='ocrx_word' id='word_1_115' title='bbox 1679 1443 1800 1487; x_wconf 87' lang='lat' dir='ltr'><strong>erat</strong></span> 
     </span>
    </p>
   </div>
   <div class='ocr_carea' id='block_1_16' title="bbox 184 1520 1800 1595">
    <p class='ocr_par' dir='ltr' id='par_1_16' title="bbox 184 1520 1800 1595">
     <span class='ocr_line' id='line_1_16' title="bbox 184 1520 1800 1595; baseline 0.002 -21"><span class='ocrx_word' id='word_1_116' title='bbox 184 1528 258 1574; x_wconf 84' lang='lat' dir='ltr'><strong>ut</strong></span> <span class='ocrx_word' id='word_1_117' title='bbox 311 1520 401 1587; x_wconf 79' lang='lat' dir='ltr'><strong>fel,</strong></span> <span class='ocrx_word' id='word_1_118' title='bbox 426 1537 550 1577; x_wconf 90' lang='lat' dir='ltr'><strong>cum</strong></span> <span class='ocrx_word' id='word_1_119' title='bbox 587 1539 688 1594; x_wconf 91' lang='lat' dir='ltr'><strong>pro</strong></span> <span class='ocrx_word' id='word_1_120' title='bbox 727 1524 958 1580; x_wconf 87' lang='lat' dir='ltr'><strong>sanitate</strong></span> <span class='ocrx_word' id='word_1_121' title='bbox 988 1523 1162 1595; x_wconf 88' lang='lat' dir='ltr'><strong>ipsius</strong></span> <span class='ocrx_word' id='word_1_122' title='bbox 1189 1523 1517 1580; x_wconf 89' lang='lat' dir='ltr'><strong>vestimenta</strong></span> <span class='ocrx_word' id='word_1_123' title='bbox 1545 1538 1644 1578; x_wconf 93' lang='lat' dir='ltr'><strong>sua</strong></span> <span class='ocrx_word' id='word_1_124' title='bbox 1691 1523 1800 1578; x_wconf 91' lang='lat' dir='ltr'><strong>sci-</strong></span> 
     </span>
    </p>
   </div>
   <div class='ocr_carea' id='block_1_17' title="bbox 184 1612 1796 1688">
    <p class='ocr_par' dir='ltr' id='par_1_17' title="bbox 184 1612 1796 1688">
     <span class='ocr_line' id='line_1_17' title="bbox 184 1612 1796 1688; baseline 0.001 -20"><span class='ocrx_word' id='word_1_125' title='bbox 184 1612 349 1669; x_wconf 86' lang='lat' dir='ltr'><strong>disse</strong></span> <span class='ocrx_word' id='word_1_126' title='bbox 374 1614 583 1671; x_wconf 88' lang='lat' dir='ltr'><strong>videret</strong></span> <span class='ocrx_word' id='word_1_127' title='bbox 602 1631 784 1688; x_wconf 81' lang='lat' dir='ltr'><strong>regem</strong></span> <span class='ocrx_word' id='word_1_128' title='bbox 809 1616 994 1673; x_wconf 91' lang='lat' dir='ltr'><strong>Israel.</strong></span> <span class='ocrx_word' id='word_1_129' title='bbox 1019 1614 1382 1672; x_wconf 86' lang='lat' dir='ltr'><strong>Constantino</strong></span> <span class='ocrx_word' id='word_1_130' title='bbox 1399 1632 1529 1672; x_wconf 91' lang='lat' dir='ltr'><strong>vero</strong></span> <span class='ocrx_word' id='word_1_131' title='bbox 1558 1631 1587 1672; x_wconf 91' lang='lat' dir='ltr'><strong>e</strong></span> <span class='ocrx_word' id='word_1_132' title='bbox 1605 1624 1796 1671; x_wconf 90' lang='lat' dir='ltr'><strong>contra</strong></span> 
     </span>
    </p>
   </div>
   <div class='ocr_carea' id='block_1_18' title="bbox 182 1707 1794 1777">
    <p class='ocr_par' dir='ltr' id='par_1_18' title="bbox 182 1707 1794 1777">
     <span class='ocr_line' id='line_1_18' title="bbox 182 1707 1794 1777; baseline 0.002 -17"><span class='ocrx_word' id='word_1_133' title='bbox 182 1707 429 1762; x_wconf 81' lang='lat' dir='ltr'><strong>verbum</strong></span> <span class='ocrx_word' id='word_1_134' title='bbox 478 1708 724 1765; x_wconf 85' lang='lat' dir='ltr'><strong>veritatis</strong></span> <span class='ocrx_word' id='word_1_135' title='bbox 770 1709 928 1765; x_wconf 88' lang='lat' dir='ltr'><strong>dulce</strong></span> <span class='ocrx_word' id='word_1_136' title='bbox 967 1709 1255 1766; x_wconf 87' lang='lat' dir='ltr'><strong>videbatur</strong></span> <span class='ocrx_word' id='word_1_137' title='bbox 1307 1710 1522 1777; x_wconf 92' lang='lat' dir='ltr'><strong>utmel,</strong></span> <span class='ocrx_word' id='word_1_138' title='bbox 1567 1725 1694 1765; x_wconf 90' lang='lat' dir='ltr'><strong>cum</strong></span> <span class='ocrx_word' id='word_1_139' title='bbox 1738 1709 1794 1763; x_wconf 90' lang='lat' dir='ltr'><strong>in</strong></span> 
     </span>
    </p>
   </div>
   <div class='ocr_carea' id='block_1_19' title="bbox 186 1782 1871 1871">
    <p class='ocr_par' dir='ltr' id='par_1_19' title="bbox 186 1782 1871 1871">
     <span class='ocr_line' id='line_1_19' title="bbox 186 1782 1871 1871; baseline 0.005 -23"><span class='ocrx_word' id='word_1_140' title='bbox 186 1795 376 1851; x_wconf 86' lang='lat' dir='ltr'><strong>salute</strong></span> <span class='ocrx_word' id='word_1_141' title='bbox 423 1813 522 1853; x_wconf 90' lang='lat' dir='ltr'><strong>sua</strong></span> <span class='ocrx_word' id='word_1_142' title='bbox 566 1799 792 1855; x_wconf 89' lang='lat' dir='ltr'><strong>sentiret</strong></span> <span class='ocrx_word' id='word_1_143' title='bbox 824 1801 1143 1871; x_wconf 88' lang='lat' dir='ltr'><strong>prophetam</strong></span> <span class='ocrx_word' id='word_1_144' title='bbox 1183 1801 1239 1855; x_wconf 93' lang='lat' dir='ltr'><strong>in</strong></span> <span class='ocrx_word' id='word_1_145' title='bbox 1281 1799 1468 1856; x_wconf 91' lang='lat' dir='ltr'><strong>Israel.</strong></span> <span class='ocrx_word' id='word_1_146' title='bbox 1526 1799 1792 1868; x_wconf 88' lang='lat' dir='ltr'><strong>Naaman,</strong></span> <span class='ocrx_word' id='word_1_147' title='bbox 1826 1782 1871 1838; x_wconf 81' lang='grc' dir='ltr'><strong>Β</strong></span> 
     </span>
    </p>
   </div>
   <div class='ocr_carea' id='block_1_20' title="bbox 183 1886 1794 1961">
    <p class='ocr_par' dir='ltr' id='par_1_20' title="bbox 183 1886 1794 1961">
     <span class='ocr_line' id='line_1_20' title="bbox 183 1886 1794 1961; baseline 0.004 -18"><span class='ocrx_word' id='word_1_148' title='bbox 183 1886 478 1958; x_wconf 80' lang='lat' dir='ltr'><strong>profectus</strong></span> <span class='ocrx_word' id='word_1_149' title='bbox 513 1892 581 1947; x_wconf 91' lang='lat' dir='ltr'><strong>ad</strong></span> <span class='ocrx_word' id='word_1_150' title='bbox 630 1893 884 1948; x_wconf 89' lang='lat' dir='ltr'><strong>umbram</strong></span> <span class='ocrx_word' id='word_1_151' title='bbox 914 1891 1126 1950; x_wconf 81' lang='lat' dir='ltr'><strong>Veteris</strong></span> <span class='ocrx_word' id='word_1_152' title='bbox 1155 1893 1513 1961; x_wconf 89' lang='lat' dir='ltr'><strong>Testamenti,</strong></span> <span class='ocrx_word' id='word_1_153' title='bbox 1560 1894 1683 1949; x_wconf 89' lang='lat' dir='ltr'><strong>tulit</strong></span> <span class='ocrx_word' id='word_1_154' title='bbox 1708 1909 1794 1950; x_wconf 89' lang='lat' dir='ltr'><strong>sc-</strong></span> 
     </span>
    </p>
   </div>
   <div class='ocr_carea' id='block_1_21' title="bbox 187 1983 1790 2060">
    <p class='ocr_par' dir='ltr' id='par_1_21' title="bbox 187 1983 1790 2060">
     <span class='ocr_line' id='line_1_21' title="bbox 187 1983 1790 2060; baseline 0.004 -23"><span class='ocrx_word' id='word_1_155' title='bbox 187 1997 329 2038; x_wconf 89' lang='lat' dir='ltr'><strong>cum</strong></span> <span class='ocrx_word' id='word_1_156' title='bbox 361 1983 551 2040; x_wconf 91' lang='lat' dir='ltr'><strong>decem</strong></span> <span class='ocrx_word' id='word_1_157' title='bbox 603 1987 801 2044; x_wconf 90' lang='lat' dir='ltr'><strong>talenta</strong></span> <span class='ocrx_word' id='word_1_158' title='bbox 850 1988 1097 2060; x_wconf 82' lang='lat' dir='ltr'><strong>argenti;</strong></span> <span class='ocrx_word' id='word_1_159' title='bbox 1149 1987 1549 2045; x_wconf 89' lang='lat' dir='ltr'><strong>Constantinus</strong></span> <span class='ocrx_word' id='word_1_160' title='bbox 1587 1996 1790 2057; x_wconf 91' lang='lat' dir='ltr'><strong>autem,</strong></span> 
     </span>
    </p>
   </div>
   <div class='ocr_carea' id='block_1_22' title="bbox 186 2077 1792 2152">
    <p class='ocr_par' dir='ltr' id='par_1_22' title="bbox 186 2077 1792 2152">
     <span class='ocr_line' id='line_1_22' title="bbox 186 2077 1792 2152; baseline 0.002 -20"><span class='ocrx_word' id='word_1_161' title='bbox 186 2077 451 2134; x_wconf 85' lang='lat' dir='ltr'><strong>umbram</strong></span> <span class='ocrx_word' id='word_1_162' title='bbox 497 2079 740 2151; x_wconf 86' lang='lat' dir='ltr'><strong>decalogi</strong></span> <span class='ocrx_word' id='word_1_163' title='bbox 783 2091 1076 2152; x_wconf 86' lang='lat' dir='ltr'><strong>penetrans</strong></span> <span class='ocrx_word' id='word_1_164' title='bbox 1117 2083 1408 2152; x_wconf 88' lang='lat' dir='ltr'><strong>splendore</strong></span> <span class='ocrx_word' id='word_1_165' title='bbox 1439 2083 1792 2150; x_wconf 86' lang='lat' dir='ltr'><strong>sacramenti,</strong></span> 
     </span>
    </p>
   </div>
   <div class='ocr_carea' id='block_1_23' title="bbox 187 2167 1795 2245">
    <p class='ocr_par' dir='ltr' id='par_1_23' title="bbox 187 2167 1795 2245">
     <span class='ocr_line' id='line_1_23' title="bbox 187 2167 1795 2245; baseline 0.002 -20"><span class='ocrx_word' id='word_1_166' title='bbox 187 2167 251 2225; x_wconf 84' lang='lat' dir='ltr'><strong>in</strong></span> <span class='ocrx_word' id='word_1_167' title='bbox 285 2185 416 2226; x_wconf 87' lang='lat' dir='ltr'><strong>arca</strong></span> <span class='ocrx_word' id='word_1_168' title='bbox 465 2171 647 2227; x_wconf 91' lang='lat' dir='ltr'><strong>cordis</strong></span> <span class='ocrx_word' id='word_1_169' title='bbox 691 2171 777 2227; x_wconf 90' lang='lat' dir='ltr'><strong>sui</strong></span> <span class='ocrx_word' id='word_1_170' title='bbox 816 2173 1054 2227; x_wconf 85' lang='lat' dir='ltr'><strong>servavit</strong></span> <span class='ocrx_word' id='word_1_171' title='bbox 1094 2174 1416 2229; x_wconf 90' lang='lat' dir='ltr'><strong>memoriam</strong></span> <span class='ocrx_word' id='word_1_172' title='bbox 1459 2173 1675 2245; x_wconf 89' lang='lat' dir='ltr'><strong>pondus</strong></span> <span class='ocrx_word' id='word_1_173' title='bbox 1700 2189 1795 2228; x_wconf 88' lang='lat' dir='ltr'><strong>ar-</strong></span> 
     </span>
    </p>
   </div>
   <div class='ocr_carea' id='block_1_24' title="bbox 189 2258 1794 2337">
    <p class='ocr_par' dir='ltr' id='par_1_24' title="bbox 189 2258 1794 2337">
     <span class='ocr_line' id='line_1_24' title="bbox 189 2258 1794 2337; baseline 0.003 -22"><span class='ocrx_word' id='word_1_174' title='bbox 189 2259 367 2331; x_wconf 85' lang='lat' dir='ltr'><strong>genti.</strong></span> <span class='ocrx_word' id='word_1_175' title='bbox 401 2258 646 2316; x_wconf 88' lang='lat' dir='ltr'><strong>Naaman</strong></span> <span class='ocrx_word' id='word_1_176' title='bbox 681 2263 737 2317; x_wconf 90' lang='lat' dir='ltr'><strong>in</strong></span> <span class='ocrx_word' id='word_1_177' title='bbox 780 2262 1011 2334; x_wconf 86' lang='lat' dir='ltr'><strong>ﬁguram</strong></span> <span class='ocrx_word' id='word_1_178' title='bbox 1064 2263 1253 2320; x_wconf 89' lang='lat' dir='ltr'><strong>decem</strong></span> <span class='ocrx_word' id='word_1_179' title='bbox 1289 2265 1545 2335; x_wconf 89' lang='lat' dir='ltr'><strong>legalium</strong></span> <span class='ocrx_word' id='word_1_180' title='bbox 1585 2279 1794 2337; x_wconf 65' lang='lat' dir='ltr'><strong>praece-</strong></span> 
     </span>
    </p>
   </div>
   <div class='ocr_carea' id='block_1_25' title="bbox 185 2355 1790 2423">
    <p class='ocr_par' dir='ltr' id='par_1_25' title="bbox 185 2355 1790 2423">
     <span class='ocr_line' id='line_1_25' title="bbox 185 2355 1790 2423; baseline 0.002 -15"><span class='ocrx_word' id='word_1_181' title='bbox 185 2362 420 2423; x_wconf 87' lang='lat' dir='ltr'><strong>ptorum</strong></span> <span class='ocrx_word' id='word_1_182' title='bbox 437 2355 562 2410; x_wconf 89' lang='lat' dir='ltr'><strong>tulit</strong></span> <span class='ocrx_word' id='word_1_183' title='bbox 583 2370 770 2411; x_wconf 88' lang='lat' dir='ltr'><strong>secum</strong></span> <span class='ocrx_word' id='word_1_184' title='bbox 792 2356 978 2412; x_wconf 88' lang='lat' dir='ltr'><strong>decem</strong></span> <span class='ocrx_word' id='word_1_185' title='bbox 1000 2356 1294 2412; x_wconf 89' lang='lat' dir='ltr'><strong>mutatoria</strong></span> <span class='ocrx_word' id='word_1_186' title='bbox 1315 2359 1790 2414; x_wconf 88' lang='lat' dir='ltr'><strong>vestimentorum.</strong></span> 
     </span>
    </p>
   </div>
   <div class='ocr_carea' id='block_1_26' title="bbox 187 2442 1795 2516">
    <p class='ocr_par' dir='ltr' id='par_1_26' title="bbox 187 2442 1795 2516">
     <span class='ocr_line' id='line_1_26' title="bbox 187 2442 1795 2516; baseline 0.004 -19"><span class='ocrx_word' id='word_1_187' title='bbox 187 2442 597 2503; x_wconf 87' lang='lat' dir='ltr'><strong>Constantinus</strong></span> <span class='ocrx_word' id='word_1_188' title='bbox 622 2457 826 2516; x_wconf 90' lang='lat' dir='ltr'><strong>autem,</strong></span> <span class='ocrx_word' id='word_1_189' title='bbox 853 2463 1040 2504; x_wconf 90' lang='lat' dir='ltr'><strong>secum</strong></span> <span class='ocrx_word' id='word_1_190' title='bbox 1063 2447 1245 2504; x_wconf 80' lang='lat' dir='ltr'><strong>ferens</strong></span> <span class='ocrx_word' id='word_1_191' title='bbox 1277 2448 1465 2504; x_wconf 90' lang='lat' dir='ltr'><strong>decem</strong></span> <span class='ocrx_word' id='word_1_192' title='bbox 1498 2448 1795 2504; x_wconf 88' lang='lat' dir='ltr'><strong>mutatoria</strong></span> 
     </span>
    </p>
   </div>
   <div class='ocr_carea' id='block_1_27' title="bbox 187 2537 1796 2616">
    <p class='ocr_par' dir='ltr' id='par_1_27' title="bbox 187 2537 1796 2616">
     <span class='ocr_line' id='line_1_27' title="bbox 187 2537 1796 2616; baseline 0.001 -22"><span class='ocrx_word' id='word_1_193' title='bbox 187 2537 457 2610; x_wconf 81' lang='lat' dir='ltr'><strong>legalium</strong></span> <span class='ocrx_word' id='word_1_194' title='bbox 491 2541 914 2612; x_wconf 87' lang='lat' dir='ltr'><strong>scripturarum,</strong></span> <span class='ocrx_word' id='word_1_195' title='bbox 937 2558 1036 2615; x_wconf 89' lang='lat' dir='ltr'><strong>per</strong></span> <span class='ocrx_word' id='word_1_196' title='bbox 1062 2543 1356 2616; x_wconf 85' lang='lat' dir='ltr'><strong>mysticum</strong></span> <span class='ocrx_word' id='word_1_197' title='bbox 1376 2542 1708 2599; x_wconf 89' lang='lat' dir='ltr'><strong>intellectum</strong></span> <span class='ocrx_word' id='word_1_198' title='bbox 1731 2555 1796 2597; x_wconf 88' lang='lat' dir='ltr'><strong>ea</strong></span> 
     </span>
    </p>
   </div>
   <div class='ocr_carea' id='block_1_28' title="bbox 189 2633 1797 2703">
    <p class='ocr_par' dir='ltr' id='par_1_28' title="bbox 189 2633 1797 2703">
     <span class='ocr_line' id='line_1_28' title="bbox 189 2633 1797 2703; baseline 0.002 -16"><span class='ocrx_word' id='word_1_199' title='bbox 189 2633 433 2688; x_wconf 89' lang='lat' dir='ltr'><strong>mutavit</strong></span> <span class='ocrx_word' id='word_1_200' title='bbox 480 2634 536 2688; x_wconf 92' lang='lat' dir='ltr'><strong>in</strong></span> <span class='ocrx_word' id='word_1_201' title='bbox 591 2635 822 2692; x_wconf 89' lang='lat' dir='ltr'><strong>salutem</strong></span> <span class='ocrx_word' id='word_1_202' title='bbox 871 2635 1200 2692; x_wconf 90' lang='lat' dir='ltr'><strong>animarum.</strong></span> <span class='ocrx_word' id='word_1_203' title='bbox 1248 2635 1516 2703; x_wconf 85' lang='lat' dir='ltr'><strong>Naaman,</strong></span> <span class='ocrx_word' id='word_1_204' title='bbox 1553 2635 1797 2691; x_wconf 91' lang='lat' dir='ltr'><strong>nondum</strong></span> 
     </span>
    </p>
   </div>
   <div class='ocr_carea' id='block_1_29' title="bbox 189 2721 1800 2795">
    <p class='ocr_par' dir='ltr' id='par_1_29' title="bbox 189 2721 1800 2795">
     <span class='ocr_line' id='line_1_29' title="bbox 189 2721 1800 2795; baseline 0.001 -20"><span class='ocrx_word' id='word_1_205' title='bbox 189 2721 394 2776; x_wconf 87' lang='lat' dir='ltr'><strong>videns</strong></span> <span class='ocrx_word' id='word_1_206' title='bbox 447 2721 674 2793; x_wconf 80' lang='lat' dir='ltr'><strong>gloriam</strong></span> <span class='ocrx_word' id='word_1_207' title='bbox 729 2722 842 2790; x_wconf 91' lang='lat' dir='ltr'><strong>Dei,</strong></span> <span class='ocrx_word' id='word_1_208' title='bbox 876 2738 978 2793; x_wconf 93' lang='lat' dir='ltr'><strong>pro</strong></span> <span class='ocrx_word' id='word_1_209' title='bbox 1029 2724 1205 2780; x_wconf 89' lang='lat' dir='ltr'><strong>salute</strong></span> <span class='ocrx_word' id='word_1_210' title='bbox 1251 2723 1484 2795; x_wconf 89' lang='lat' dir='ltr'><strong>petenda</strong></span> <span class='ocrx_word' id='word_1_211' title='bbox 1533 2723 1683 2778; x_wconf 87' lang='lat' dir='ltr'><strong>stetit</strong></span> <span class='ocrx_word' id='word_1_212' title='bbox 1729 2721 1800 2777; x_wconf 89' lang='lat' dir='ltr'><strong>ad</strong></span> 
     </span>
    </p>
   </div>
   <div class='ocr_carea' id='block_1_30' title="bbox 191 2813 1800 2889">
    <p class='ocr_par' dir='ltr' id='par_1_30' title="bbox 191 2813 1800 2889">
     <span class='ocr_line' id='line_1_30' title="bbox 191 2813 1800 2889; baseline 0.002 -21"><span class='ocrx_word' id='word_1_213' title='bbox 191 2813 404 2868; x_wconf 90' lang='lat' dir='ltr'><strong>ostium</strong></span> <span class='ocrx_word' id='word_1_214' title='bbox 426 2815 622 2870; x_wconf 92' lang='lat' dir='ltr'><strong>domus</strong></span> <span class='ocrx_word' id='word_1_215' title='bbox 644 2814 855 2880; x_wconf 70' lang='lat' dir='ltr'><strong>Eliszei;</strong></span> <span class='ocrx_word' id='word_1_216' title='bbox 881 2815 1280 2873; x_wconf 90' lang='lat' dir='ltr'><strong>Constantinus</strong></span> <span class='ocrx_word' id='word_1_217' title='bbox 1301 2826 1482 2873; x_wconf 88' lang='lat' dir='ltr'><strong>autem</strong></span> <span class='ocrx_word' id='word_1_218' title='bbox 1499 2833 1601 2889; x_wconf 93' lang='lat' dir='ltr'><strong>pro</strong></span> <span class='ocrx_word' id='word_1_219' title='bbox 1624 2815 1800 2872; x_wconf 89' lang='lat' dir='ltr'><strong>salute</strong></span> 
     </span>
    </p>
   </div>
   <div class='ocr_carea' id='block_1_31' title="bbox 191 2906 1797 2980">
    <p class='ocr_par' dir='ltr' id='par_1_31' title="bbox 191 2906 1797 2980">
     <span class='ocr_line' id='line_1_31' title="bbox 191 2906 1797 2980; baseline 0.003 -21"><span class='ocrx_word' id='word_1_220' title='bbox 191 2906 517 2976; x_wconf 63' lang='lat' dir='ltr'><strong>qumrenda,</strong></span> <span class='ocrx_word' id='word_1_221' title='bbox 555 2907 623 2961; x_wconf 89' lang='lat' dir='ltr'><strong>ad</strong></span> <span class='ocrx_word' id='word_1_222' title='bbox 645 2908 849 2963; x_wconf 90' lang='lat' dir='ltr'><strong>ostium</strong></span> <span class='ocrx_word' id='word_1_223' title='bbox 872 2907 1021 2964; x_wconf 93' lang='lat' dir='ltr'><strong>illius</strong></span> <span class='ocrx_word' id='word_1_224' title='bbox 1049 2909 1214 2980; x_wconf 74' lang='lat' dir='ltr'><strong>coepit</strong></span> <span class='ocrx_word' id='word_1_225' title='bbox 1239 2916 1386 2965; x_wconf 91' lang='lat' dir='ltr'><strong>stare</strong></span> <span class='ocrx_word' id='word_1_226' title='bbox 1416 2908 1797 2977; x_wconf 86' lang='lat' dir='ltr'><strong>nihilominus,</strong></span> 
     </span>
    </p>
   </div>
   <div class='ocr_carea' id='block_1_32' title="bbox 193 2999 1796 3074">
    <p class='ocr_par' dir='ltr' id='par_1_32' title="bbox 193 2999 1796 3074">
     <span class='ocr_line' id='line_1_32' title="bbox 193 2999 1796 3074; baseline 0.001 -19"><span class='ocrx_word' id='word_1_227' title='bbox 193 2999 267 3055; x_wconf 87' lang='lat' dir='ltr'><strong>de</strong></span> <span class='ocrx_word' id='word_1_228' title='bbox 295 3016 404 3071; x_wconf 90' lang='lat' dir='ltr'><strong>quo</strong></span> <span class='ocrx_word' id='word_1_229' title='bbox 427 3000 486 3055; x_wconf 93' lang='lat' dir='ltr'><strong>in</strong></span> <span class='ocrx_word' id='word_1_230' title='bbox 519 2999 812 3073; x_wconf 88' lang='lat' dir='ltr'><strong>Evangelio</strong></span> <span class='ocrx_word' id='word_1_231' title='bbox 845 3021 857 3056; x_wconf 94' lang='lat'>:</span> <span class='ocrx_word' id='word_1_232' title='bbox 909 3000 1018 3074; x_wconf 86' lang='lat' dir='ltr'><strong>Ego</strong></span> <span class='ocrx_word' id='word_1_233' title='bbox 1055 3020 1174 3057; x_wconf 89' lang='lat' dir='ltr'><strong>sum</strong></span> <span class='ocrx_word' id='word_1_234' title='bbox 1204 3002 1573 3070; x_wconf 84' lang='lat' dir='ltr'><strong>ostium,dicit</strong></span> <span class='ocrx_word' id='word_1_235' title='bbox 1611 3001 1796 3056; x_wconf 87' lang='lat' dir='ltr'><strong>Domi-</strong></span> 
     </span>
    </p>
   </div>
   <div class='ocr_carea' id='block_1_33' title="bbox 193 3091 1798 3167">
    <p class='ocr_par' dir='ltr' id='par_1_33' title="bbox 193 3091 1798 3167">
     <span class='ocr_line' id='line_1_33' title="bbox 193 3091 1798 3167; baseline 0.001 -19"><span class='ocrx_word' id='word_1_236' title='bbox 193 3109 301 3148; x_wconf 85' lang='lat' dir='ltr'><strong>nus</strong></span> <span class='ocrx_word' id='word_1_237' title='bbox 339 3091 522 3165; x_wconf 84' lang='lat' dir='ltr'><strong>(Joan.</strong></span> <span class='ocrx_word' id='word_1_238' title='bbox 555 3093 632 3162; x_wconf 78' lang='grc' dir='ltr'><strong>χ).</strong></span> <span class='ocrx_word' id='word_1_239' title='bbox 663 3092 907 3151; x_wconf 91' lang='lat' dir='ltr'><strong>Naaman</strong></span> <span class='ocrx_word' id='word_1_240' title='bbox 937 3094 1094 3166; x_wconf 88' lang='lat' dir='ltr'><strong>signo</strong></span> <span class='ocrx_word' id='word_1_241' title='bbox 1116 3095 1297 3153; x_wconf 90' lang='lat' dir='ltr'><strong>crucis</strong></span> <span class='ocrx_word' id='word_1_242' title='bbox 1327 3111 1386 3151; x_wconf 90' lang='lat' dir='ltr'><strong>se</strong></span> <span class='ocrx_word' id='word_1_243' title='bbox 1417 3110 1703 3167; x_wconf 91' lang='lat' dir='ltr'><strong>nunquam</strong></span> <span class='ocrx_word' id='word_1_244' title='bbox 1740 3095 1798 3149; x_wconf 93' lang='lat' dir='ltr'><strong>in</strong></span> 
     </span>
    </p>
   </div>
   <div class='ocr_carea' id='block_1_34' title="bbox 193 3185 1802 3260">
    <p class='ocr_par' dir='ltr' id='par_1_34' title="bbox 193 3185 1802 3260">
     <span class='ocr_line' id='line_1_34' title="bbox 193 3185 1802 3260; baseline 0.002 -19"><span class='ocrx_word' id='word_1_245' title='bbox 193 3185 383 3242; x_wconf 82' lang='lat' dir='ltr'><strong>fronte</strong></span> <span class='ocrx_word' id='word_1_246' title='bbox 432 3188 798 3260; x_wconf 89' lang='lat' dir='ltr'><strong>consignans,</strong></span> <span class='ocrx_word' id='word_1_247' title='bbox 856 3189 926 3244; x_wconf 87' lang='lat' dir='ltr'><strong>ab</strong></span> <span class='ocrx_word' id='word_1_248' title='bbox 952 3187 1138 3244; x_wconf 89' lang='lat' dir='ltr'><strong>Eliseo</strong></span> <span class='ocrx_word' id='word_1_249' title='bbox 1187 3188 1383 3244; x_wconf 88' lang='lat' dir='ltr'><strong>avertit</strong></span> <span class='ocrx_word' id='word_1_250' title='bbox 1406 3205 1483 3251; x_wconf 87' lang='lat' dir='ltr'><strong>se.</strong></span> <span class='ocrx_word' id='word_1_251' title='bbox 1523 3198 1578 3244; x_wconf 89' lang='lat' dir='ltr'><strong>et</strong></span> <span class='ocrx_word' id='word_1_252' title='bbox 1615 3188 1802 3245; x_wconf 90' lang='lat' dir='ltr'><strong>abibat</strong></span> 
     </span>
    </p>
   </div>
   <div class='ocr_carea' id='block_1_35' title="bbox 195 3278 1800 3351">
    <p class='ocr_par' dir='ltr' id='par_1_35' title="bbox 195 3278 1800 3351">
     <span class='ocr_line' id='line_1_35' title="bbox 195 3278 1800 3351; baseline 0.001 -17"><span class='ocrx_word' id='word_1_253' title='bbox 195 3278 531 3351; x_wconf 87' lang='lat' dir='ltr'><strong>indignans;</strong></span> <span class='ocrx_word' id='word_1_254' title='bbox 575 3279 974 3336; x_wconf 89' lang='lat' dir='ltr'><strong>Constantinus</strong></span> <span class='ocrx_word' id='word_1_255' title='bbox 1001 3289 1184 3336; x_wconf 88' lang='lat' dir='ltr'><strong>autem</strong></span> <span class='ocrx_word' id='word_1_256' title='bbox 1202 3323 1217 3348; x_wconf 94' lang='lat'><strong>,</strong></span> <span class='ocrx_word' id='word_1_257' title='bbox 1248 3281 1567 3336; x_wconf 90' lang='lat' dir='ltr'><strong>charactere</strong></span> <span class='ocrx_word' id='word_1_258' title='bbox 1592 3278 1800 3336; x_wconf 89' lang='lat' dir='ltr'><strong>Christi</strong></span> 
     </span>
    </p>
   </div>
   <div class='ocr_carea' id='block_1_36' title="bbox 196 3373 1802 3446">
    <p class='ocr_par' dir='ltr' id='par_1_36' title="bbox 196 3373 1802 3446">
     <span class='ocr_line' id='line_1_36' title="bbox 196 3373 1802 3446; baseline -0.001 -17"><span class='ocrx_word' id='word_1_259' title='bbox 196 3388 261 3429; x_wconf 89' lang='lat' dir='ltr'><strong>se</strong></span> <span class='ocrx_word' id='word_1_260' title='bbox 294 3373 414 3430; x_wconf 89' lang='lat' dir='ltr'><strong>sine</strong></span> <span class='ocrx_word' id='word_1_261' title='bbox 464 3373 875 3430; x_wconf 89' lang='lat' dir='ltr'><strong>intermissione</strong></span> <span class='ocrx_word' id='word_1_262' title='bbox 909 3374 1264 3446; x_wconf 85' lang='lat' dir='ltr'><strong>consignans,</strong></span> <span class='ocrx_word' id='word_1_263' title='bbox 1312 3389 1345 3429; x_wconf 92' lang='lat' dir='ltr'><strong>a</strong></span> <span class='ocrx_word' id='word_1_264' title='bbox 1383 3373 1495 3428; x_wconf 89' lang='lat' dir='ltr'><strong>Deo</strong></span> <span class='ocrx_word' id='word_1_265' title='bbox 1543 3373 1713 3428; x_wconf 88' lang='lat' dir='ltr'><strong>averti</strong></span> <span class='ocrx_word' id='word_1_266' title='bbox 1745 3381 1802 3428; x_wconf 87' lang='lat' dir='ltr'><strong>et</strong></span> 
     </span>
    </p>
   </div>
   <div class='ocr_carea' id='block_1_37' title="bbox 196 3465 1802 3538">
    <p class='ocr_par' dir='ltr' id='par_1_37' title="bbox 196 3465 1802 3538">
     <span class='ocr_line' id='line_1_37' title="bbox 196 3465 1802 3538; baseline -0.002 -14"><span class='ocrx_word' id='word_1_267' title='bbox 196 3467 356 3524; x_wconf 81' lang='lat' dir='ltr'><strong>abire</strong></span> <span class='ocrx_word' id='word_1_268' title='bbox 408 3468 630 3523; x_wconf 87' lang='lat' dir='ltr'><strong>nolebat</strong></span> <span class='ocrx_word' id='word_1_269' title='bbox 662 3467 972 3538; x_wconf 85' lang='lat' dir='ltr'><strong>indignans.</strong></span> <span class='ocrx_word' id='word_1_270' title='bbox 1025 3465 1292 3536; x_wconf 88' lang='lat' dir='ltr'><strong>Naaman,</strong></span> <span class='ocrx_word' id='word_1_271' title='bbox 1339 3467 1474 3538; x_wconf 88' lang='lat' dir='ltr'><strong>jugo</strong></span> <span class='ocrx_word' id='word_1_272' title='bbox 1521 3465 1802 3522; x_wconf 89' lang='lat' dir='ltr'><strong>servitutis</strong></span> 
     </span>
    </p>
   </div>
   <div class='ocr_carea' id='block_1_38' title="bbox 196 3559 1802 3632">
    <p class='ocr_par' dir='ltr' id='par_1_38' title="bbox 196 3559 1802 3632">
     <span class='ocr_line' id='line_1_38' title="bbox 196 3559 1802 3632; baseline -0.001 -15"><span class='ocrx_word' id='word_1_273' title='bbox 196 3562 384 3619; x_wconf 87' lang='lat' dir='ltr'><strong>adhuc</strong></span> <span class='ocrx_word' id='word_1_274' title='bbox 417 3576 718 3632; x_wconf 87' lang='lat' dir='ltr'><strong>oppressus</strong></span> <span class='ocrx_word' id='word_1_275' title='bbox 744 3575 871 3615; x_wconf 93' lang='lat' dir='ltr'><strong>cum</strong></span> <span class='ocrx_word' id='word_1_276' title='bbox 894 3560 1059 3631; x_wconf 82' lang='lat' dir='ltr'><strong>Agar,</strong></span> <span class='ocrx_word' id='word_1_277' title='bbox 1085 3559 1329 3615; x_wconf 90' lang='lat' dir='ltr'><strong>Naaman</strong></span> <span class='ocrx_word' id='word_1_278' title='bbox 1363 3559 1506 3616; x_wconf 92' lang='lat' dir='ltr'><strong>inter</strong></span> <span class='ocrx_word' id='word_1_279' title='bbox 1535 3559 1802 3615; x_wconf 88' lang='lat' dir='ltr'><strong>terminos</strong></span> 
     </span>
    </p>
   </div>
   <div class='ocr_carea' id='block_1_39' title="bbox 196 3653 1799 3713">
    <p class='ocr_par' dir='ltr' id='par_1_39' title="bbox 196 3653 1799 3713">
     <span class='ocr_line' id='line_1_39' title="bbox 196 3653 1799 3713; baseline -0.004 0"><span class='ocrx_word' id='word_1_280' title='bbox 196 3666 419 3713; x_wconf 64' lang='lat' dir='ltr'><strong>aeterna:</strong></span> <span class='ocrx_word' id='word_1_281' title='bbox 470 3654 748 3712; x_wconf 77' lang='lat' dir='ltr'><strong>felicitatis</strong></span> <span class='ocrx_word' id='word_1_282' title='bbox 780 3669 846 3709; x_wconf 92' lang='lat' dir='ltr'><strong>eo</strong></span> <span class='ocrx_word' id='word_1_283' title='bbox 887 3653 1071 3708; x_wconf 90' lang='lat' dir='ltr'><strong>minus</strong></span> <span class='ocrx_word' id='word_1_284' title='bbox 1105 3654 1336 3709; x_wconf 90' lang='lat' dir='ltr'><strong>tentavit</strong></span> <span class='ocrx_word' id='word_1_285' title='bbox 1371 3654 1642 3710; x_wconf 88' lang='lat' dir='ltr'><strong>accubare</strong></span> <span class='ocrx_word' id='word_1_286' title='bbox 1671 3667 1799 3708; x_wconf 91' lang='lat' dir='ltr'><strong>cum</strong></span> 
     </span>
    </p>
   </div>
   <div class='ocr_carea' id='block_1_40' title="bbox 195 3743 1803 3820">
    <p class='ocr_par' dir='ltr' id='par_1_40' title="bbox 195 3743 1803 3820">
     <span class='ocr_line' id='line_1_40' title="bbox 195 3743 1803 3820; baseline -0.002 -18"><span class='ocrx_word' id='word_1_287' title='bbox 195 3746 474 3816; x_wconf 87' lang='lat' dir='ltr'><strong>Issachar,</strong></span> <span class='ocrx_word' id='word_1_288' title='bbox 501 3764 611 3820; x_wconf 90' lang='lat' dir='ltr'><strong>quo</strong></span> <span class='ocrx_word' id='word_1_289' title='bbox 642 3744 938 3803; x_wconf 75' lang='lat' dir='ltr'><strong>Iordanem</strong></span> <span class='ocrx_word' id='word_1_290' title='bbox 967 3743 1193 3799; x_wconf 90' lang='lat' dir='ltr'><strong>ﬂuvium</strong></span> <span class='ocrx_word' id='word_1_291' title='bbox 1219 3744 1483 3801; x_wconf 88' lang='lat' dir='ltr'><strong>leviorem</strong></span> <span class='ocrx_word' id='word_1_292' title='bbox 1511 3745 1803 3801; x_wconf 85' lang='lat' dir='ltr'><strong>aestimavit</strong></span> 
     </span>
    </p>
   </div>
   <div class='ocr_carea' id='block_1_41' title="bbox 196 3838 1802 3911">
    <p class='ocr_par' dir='ltr' id='par_1_41' title="bbox 196 3838 1802 3911">
     <span class='ocr_line' id='line_1_41' title="bbox 196 3838 1802 3911; baseline -0.001 -15"><span class='ocrx_word' id='word_1_293' title='bbox 196 3841 386 3899; x_wconf 89' lang='lat' dir='ltr'><strong>ﬂuviis</strong></span> <span class='ocrx_word' id='word_1_294' title='bbox 419 3841 694 3910; x_wconf 88' lang='lat' dir='ltr'><strong>Damasci,</strong></span> <span class='ocrx_word' id='word_1_295' title='bbox 738 3841 932 3897; x_wconf 85' lang='lat' dir='ltr'><strong>Abana</strong></span> <span class='ocrx_word' id='word_1_296' title='bbox 969 3850 1024 3897; x_wconf 90' lang='lat' dir='ltr'><strong>et</strong></span> <span class='ocrx_word' id='word_1_297' title='bbox 1057 3838 1371 3911; x_wconf 87' lang='lat' dir='ltr'><strong>Pharphar,</strong></span> <span class='ocrx_word' id='word_1_298' title='bbox 1408 3838 1802 3895; x_wconf 87' lang='lat' dir='ltr'><strong>Constantinus</strong></span> 
     </span>
    </p>
   </div>
   <div class='ocr_carea' id='block_1_42' title="bbox 196 3933 1800 4006">
    <p class='ocr_par' dir='ltr' id='par_1_42' title="bbox 196 3933 1800 4006">
     <span class='ocr_line' id='line_1_42' title="bbox 196 3933 1800 4006; baseline -0.003 -15"><span class='ocrx_word' id='word_1_299' title='bbox 196 3945 386 3992; x_wconf 89' lang='lat' dir='ltr'><strong>autem</strong></span> <span class='ocrx_word' id='word_1_300' title='bbox 416 3937 472 3991; x_wconf 91' lang='lat' dir='ltr'><strong>in</strong></span> <span class='ocrx_word' id='word_1_301' title='bbox 515 3936 664 3993; x_wconf 77' lang='lat' dir='ltr'><strong>fonte</strong></span> <span class='ocrx_word' id='word_1_302' title='bbox 703 3935 1005 3991; x_wconf 75' lang='lat' dir='ltr'><strong>Salvator-is</strong></span> <span class='ocrx_word' id='word_1_303' title='bbox 1043 3949 1108 3990; x_wconf 90' lang='lat' dir='ltr'><strong>eo</strong></span> <span class='ocrx_word' id='word_1_304' title='bbox 1144 3935 1321 4006; x_wconf 87' lang='lat' dir='ltr'><strong>magis</strong></span> <span class='ocrx_word' id='word_1_305' title='bbox 1364 3933 1569 4004; x_wconf 86' lang='lat' dir='ltr'><strong>optavit</strong></span> <span class='ocrx_word' id='word_1_306' title='bbox 1595 3943 1648 3988; x_wconf 87' lang='lat' dir='ltr'><strong>et</strong></span> <span class='ocrx_word' id='word_1_307' title='bbox 1676 3948 1800 3988; x_wconf 90' lang='lat' dir='ltr'><strong>cor-</strong></span> 
     </span>
    </p>
   </div>
   <div class='ocr_carea' id='block_1_43' title="bbox 196 4025 1802 4100">
    <p class='ocr_par' dir='ltr' id='par_1_43' title="bbox 196 4025 1802 4100">
     <span class='ocr_line' id='line_1_43' title="bbox 196 4025 1802 4100; baseline -0.003 -16"><span class='ocrx_word' id='word_1_308' title='bbox 196 4044 338 4100; x_wconf 86' lang='lat' dir='ltr'><strong>pore</strong></span> <span class='ocrx_word' id='word_1_309' title='bbox 367 4031 549 4085; x_wconf 90' lang='lat' dir='ltr'><strong>curari</strong></span> <span class='ocrx_word' id='word_1_310' title='bbox 607 4040 660 4086; x_wconf 91' lang='lat' dir='ltr'><strong>et</strong></span> <span class='ocrx_word' id='word_1_311' title='bbox 707 4038 889 4086; x_wconf 90' lang='lat' dir='ltr'><strong>mente</strong></span> <span class='ocrx_word' id='word_1_312' title='bbox 923 4027 1169 4095; x_wconf 87' lang='lat' dir='ltr'><strong>renasci,</strong></span> <span class='ocrx_word' id='word_1_313' title='bbox 1198 4042 1310 4098; x_wconf 88' lang='lat' dir='ltr'><strong>quo</strong></span> <span class='ocrx_word' id='word_1_314' title='bbox 1342 4025 1628 4081; x_wconf 90' lang='lat' dir='ltr'><strong>meliorem</strong></span> <span class='ocrx_word' id='word_1_315' title='bbox 1675 4041 1802 4080; x_wconf 90' lang='lat' dir='ltr'><strong>eum</strong></span> 
     </span>
    </p>
   </div>
   <div class='ocr_carea' id='block_1_44' title="bbox 199 4125 1798 4201">
    <p class='ocr_par' dir='ltr' id='par_1_44' title="bbox 199 4125 1798 4201">
     <span class='ocr_line' id='line_1_44' title="bbox 199 4125 1798 4201; baseline -0.006 -12"><span class='ocrx_word' id='word_1_316' title='bbox 199 4133 499 4189; x_wconf 66' lang='lat' dir='ltr'><strong>aestimavit</strong></span> <span class='ocrx_word' id='word_1_317' title='bbox 544 4133 766 4200; x_wconf 82' lang='lat' dir='ltr'><strong>Abana,</strong></span> <span class='ocrx_word' id='word_1_318' title='bbox 819 4141 877 4187; x_wconf 89' lang='lat' dir='ltr'><strong>et</strong></span> <span class='ocrx_word' id='word_1_319' title='bbox 946 4128 1253 4201; x_wconf 83' lang='lat' dir='ltr'><strong>Pharphari</strong></span> <span class='ocrx_word' id='word_1_320' title='bbox 1305 4127 1486 4183; x_wconf 88' lang='lat' dir='ltr'><strong>ﬂuviis</strong></span> <span class='ocrx_word' id='word_1_321' title='bbox 1523 4125 1798 4183; x_wconf 89' lang='lat' dir='ltr'><strong>Damasci.</strong></span> 
     </span>
    </p>
   </div>
   <div class='ocr_carea' id='block_1_45' title="bbox 198 4219 1802 4294">
    <p class='ocr_par' dir='ltr' id='par_1_45' title="bbox 198 4219 1802 4294">
     <span class='ocr_line' id='line_1_45' title="bbox 198 4219 1802 4294; baseline -0.007 -11"><span class='ocrx_word' id='word_1_322' title='bbox 198 4225 474 4294; x_wconf 86' lang='lat' dir='ltr'><strong>Naaman,</strong></span> <span class='ocrx_word' id='word_1_323' title='bbox 504 4226 672 4283; x_wconf 89' lang='lat' dir='ltr'><strong>Elisei</strong></span> <span class='ocrx_word' id='word_1_324' title='bbox 719 4225 862 4282; x_wconf 87' lang='lat' dir='ltr'><strong>servi</strong></span> <span class='ocrx_word' id='word_1_325' title='bbox 891 4222 991 4278; x_wconf 89' lang='lat' dir='ltr'><strong>Dei</strong></span> <span class='ocrx_word' id='word_1_326' title='bbox 1021 4222 1282 4278; x_wconf 90' lang='lat' dir='ltr'><strong>obediens</strong></span> <span class='ocrx_word' id='word_1_327' title='bbox 1327 4219 1530 4288; x_wconf 90' lang='lat' dir='ltr'><strong>verbis,</strong></span> <span class='ocrx_word' id='word_1_328' title='bbox 1560 4219 1616 4273; x_wconf 91' lang='lat' dir='ltr'><strong>in</strong></span> <span class='ocrx_word' id='word_1_329' title='bbox 1651 4219 1802 4272; x_wconf 88' lang='lat' dir='ltr'><strong>lava-</strong></span> 
     </span>
    </p>
   </div>
   <div class='ocr_carea' id='block_1_46' title="bbox 201 4310 1804 4383">
    <p class='ocr_par' dir='ltr' id='par_1_46' title="bbox 201 4310 1804 4383">
     <span class='ocr_line' id='line_1_46' title="bbox 201 4310 1804 4383; baseline -0.006 -7"><span class='ocrx_word' id='word_1_330' title='bbox 201 4321 359 4377; x_wconf 91' lang='lat' dir='ltr'><strong>tione</strong></span> <span class='ocrx_word' id='word_1_331' title='bbox 383 4319 678 4376; x_wconf 88' lang='lat' dir='ltr'><strong>Jordanica</strong></span> <span class='ocrx_word' id='word_1_332' title='bbox 710 4318 826 4375; x_wconf 91' lang='lat' dir='ltr'><strong>suis</strong></span> <span class='ocrx_word' id='word_1_333' title='bbox 866 4316 1151 4383; x_wconf 86' lang='lat' dir='ltr'><strong>obedierat</strong></span> <span class='ocrx_word' id='word_1_334' title='bbox 1177 4313 1380 4380; x_wconf 89' lang='lat' dir='ltr'><strong>servis;</strong></span> <span class='ocrx_word' id='word_1_335' title='bbox 1411 4310 1804 4367; x_wconf 89' lang='lat' dir='ltr'><strong>Constantinus</strong></span> 
     </span>
    </p>
   </div>
   <div class='ocr_carea' id='block_1_47' title="bbox 203 4401 1805 4483">
    <p class='ocr_par' dir='ltr' id='par_1_47' title="bbox 203 4401 1805 4483">
     <span class='ocr_line' id='line_1_47' title="bbox 203 4401 1805 4483; baseline -0.009 -13"><span class='ocrx_word' id='word_1_336' title='bbox 203 4422 418 4480; x_wconf 86' lang='lat' dir='ltr'><strong>autem,</strong></span> <span class='ocrx_word' id='word_1_337' title='bbox 439 4427 583 4483; x_wconf 72' lang='lat' dir='ltr'><strong>saepe</strong></span> <span class='ocrx_word' id='word_1_338' title='bbox 609 4409 930 4466; x_wconf 91' lang='lat' dir='ltr'><strong>inobediens</strong></span> <span class='ocrx_word' id='word_1_339' title='bbox 948 4407 1044 4463; x_wconf 91' lang='lat' dir='ltr'><strong>Dei</strong></span> <span class='ocrx_word' id='word_1_340' title='bbox 1069 4406 1230 4475; x_wconf 92' lang='lat' dir='ltr'><strong>Filio,</strong></span> <span class='ocrx_word' id='word_1_341' title='bbox 1250 4405 1392 4462; x_wconf 91' lang='lat' dir='ltr'><strong>servi</strong></span> <span class='ocrx_word' id='word_1_342' title='bbox 1419 4402 1515 4459; x_wconf 91' lang='lat' dir='ltr'><strong>Dei</strong></span> <span class='ocrx_word' id='word_1_343' title='bbox 1541 4401 1805 4474; x_wconf 88' lang='lat' dir='ltr'><strong>Sylvestri</strong></span> 
     </span>
    </p>
   </div>
   <div class='ocr_carea' id='block_1_48' title="bbox 203 4495 1886 4598">
    <p class='ocr_par' dir='ltr' id='par_1_48' title="bbox 203 4495 1886 4598">
     <span class='ocr_line' id='line_1_48' title="bbox 203 4495 1886 4598; baseline -0.008 -34"><span class='ocrx_word' id='word_1_344' title='bbox 203 4507 377 4578; x_wconf 60' lang='lat' dir='ltr'><strong>coepit</strong></span> <span class='ocrx_word' id='word_1_345' title='bbox 396 4506 616 4562; x_wconf 91' lang='lat' dir='ltr'><strong>obedire</strong></span> <span class='ocrx_word' id='word_1_346' title='bbox 651 4503 904 4561; x_wconf 91' lang='lat' dir='ltr'><strong>consilio.</strong></span> <span class='ocrx_word' id='word_1_347' title='bbox 928 4501 1198 4567; x_wconf 88' lang='lat' dir='ltr'><strong>Naaman,</strong></span> <span class='ocrx_word' id='word_1_348' title='bbox 1225 4499 1283 4554; x_wconf 93' lang='lat' dir='ltr'><strong>in</strong></span> <span class='ocrx_word' id='word_1_349' title='bbox 1313 4497 1552 4552; x_wconf 87' lang='lat' dir='ltr'><strong>Jordane</strong></span> <span class='ocrx_word' id='word_1_350' title='bbox 1579 4495 1806 4552; x_wconf 83' lang='lat' dir='ltr'><strong>ﬂumine</strong></span> <span class='ocrx_word' id='word_1_351' title='bbox 1834 4539 1886 4598; x_wconf 66' lang='grc' dir='ltr'>Β</span> 
     </span>
    </p>
   </div>
   <div class='ocr_carea' id='block_1_49' title="bbox 202 4589 1808 4671">
    <p class='ocr_par' dir='ltr' id='par_1_49' title="bbox 202 4589 1808 4671">
     <span class='ocr_line' id='line_1_49' title="bbox 202 4589 1808 4671; baseline -0.009 -14"><span class='ocrx_word' id='word_1_352' title='bbox 202 4601 412 4671; x_wconf 89' lang='lat' dir='ltr'><strong>septies</strong></span> <span class='ocrx_word' id='word_1_353' title='bbox 459 4599 627 4666; x_wconf 92' lang='lat' dir='ltr'><strong>lotus,</strong></span> <span class='ocrx_word' id='word_1_354' title='bbox 669 4613 702 4653; x_wconf 89' lang='lat' dir='ltr'><strong>a</strong></span> <span class='ocrx_word' id='word_1_355' title='bbox 751 4597 904 4668; x_wconf 86' lang='lat' dir='ltr'><strong>lepra</strong></span> <span class='ocrx_word' id='word_1_356' title='bbox 949 4593 1199 4666; x_wconf 86' lang='lat' dir='ltr'><strong>corporis</strong></span> <span class='ocrx_word' id='word_1_357' title='bbox 1230 4591 1472 4646; x_wconf 90' lang='lat' dir='ltr'><strong>mundus</strong></span> <span class='ocrx_word' id='word_1_358' title='bbox 1501 4589 1678 4644; x_wconf 84' lang='lat' dir='ltr'><strong>factus</strong></span> <span class='ocrx_word' id='word_1_359' title='bbox 1721 4595 1808 4643; x_wconf 90' lang='lat' dir='ltr'><strong>est</strong></span> 
     </span>
    </p>
   </div>
   <div class='ocr_carea' id='block_1_50' title="bbox 202 4680 1807 4754">
    <p class='ocr_par' dir='ltr' id='par_1_50' title="bbox 202 4680 1807 4754">
     <span class='ocr_line' id='line_1_50' title="bbox 202 4680 1807 4754; baseline -0.01 -5"><span class='ocrx_word' id='word_1_360' title='bbox 202 4701 378 4749; x_wconf 80' lang='lat' dir='ltr'><strong>totus.</strong></span> <span class='ocrx_word' id='word_1_361' title='bbox 403 4690 802 4747; x_wconf 89' lang='lat' dir='ltr'><strong>Constantinus</strong></span> <span class='ocrx_word' id='word_1_362' title='bbox 845 4694 1050 4754; x_wconf 89' lang='lat' dir='ltr'><strong>autem,</strong></span> <span class='ocrx_word' id='word_1_363' title='bbox 1080 4685 1136 4739; x_wconf 92' lang='lat' dir='ltr'><strong>in</strong></span> <span class='ocrx_word' id='word_1_364' title='bbox 1171 4682 1322 4739; x_wconf 81' lang='lat' dir='ltr'><strong>fonte</strong></span> <span class='ocrx_word' id='word_1_365' title='bbox 1357 4680 1661 4736; x_wconf 87' lang='lat' dir='ltr'><strong>Salvatoris</strong></span> <span class='ocrx_word' id='word_1_366' title='bbox 1694 4688 1807 4735; x_wconf 85' lang='lat' dir='ltr'><strong>ter-</strong></span> 
     </span>
    </p>
   </div>
   <div class='ocr_carea' id='block_1_51' title="bbox 202 4773 1809 4859">
    <p class='ocr_par' dir='ltr' id='par_1_51' title="bbox 202 4773 1809 4859">
     <span class='ocr_line' id='line_1_51' title="bbox 202 4773 1809 4859; baseline -0.009 -18"><span class='ocrx_word' id='word_1_367' title='bbox 202 4785 288 4841; x_wconf 92' lang='lat' dir='ltr'><strong>tio</strong></span> <span class='ocrx_word' id='word_1_368' title='bbox 313 4784 518 4840; x_wconf 89' lang='lat' dir='ltr'><strong>tinctus</strong></span> <span class='ocrx_word' id='word_1_369' title='bbox 550 4782 725 4854; x_wconf 86' lang='lat' dir='ltr'><strong>gratia</strong></span> <span class='ocrx_word' id='word_1_370' title='bbox 761 4777 1099 4859; x_wconf 79' lang='lat' dir='ltr'><strong>septiformis</strong></span> <span class='ocrx_word' id='word_1_371' title='bbox 1131 4776 1392 4847; x_wconf 90' lang='lat' dir='ltr'><strong>Spiritus,</strong></span> <span class='ocrx_word' id='word_1_372' title='bbox 1419 4773 1556 4830; x_wconf 84' lang='lat' dir='ltr'><strong>foris</strong></span> <span class='ocrx_word' id='word_1_373' title='bbox 1575 4773 1809 4830; x_wconf 89' lang='lat' dir='ltr'><strong>curaba-</strong></span> 
     </span>
    </p>
   </div>
   <div class='ocr_carea' id='block_1_52' title="bbox 203 4865 1803 4943">
    <p class='ocr_par' dir='ltr' id='par_1_52' title="bbox 203 4865 1803 4943">
     <span class='ocr_line' id='line_1_52' title="bbox 203 4865 1803 4943; baseline -0.007 -11"><span class='ocrx_word' id='word_1_374' title='bbox 203 4887 299 4932; x_wconf 94' lang='lat' dir='ltr'><strong>tur</strong></span> <span class='ocrx_word' id='word_1_375' title='bbox 327 4885 382 4932; x_wconf 94' lang='lat' dir='ltr'><strong>et</strong></span> <span class='ocrx_word' id='word_1_376' title='bbox 406 4877 576 4932; x_wconf 92' lang='lat' dir='ltr'><strong>intus.</strong></span> <span class='ocrx_word' id='word_1_377' title='bbox 606 4873 854 4930; x_wconf 87' lang='lat' dir='ltr'><strong>Naaman</strong></span> <span class='ocrx_word' id='word_1_378' title='bbox 889 4886 1242 4943; x_wconf 88' lang='lat' dir='ltr'><strong>nequaquam</strong></span> <span class='ocrx_word' id='word_1_379' title='bbox 1280 4868 1386 4924; x_wconf 82' lang='lat' dir='ltr'><strong>fuit</strong></span> <span class='ocrx_word' id='word_1_380' title='bbox 1415 4884 1558 4940; x_wconf 89' lang='lat' dir='ltr'><strong>aqua</strong></span> <span class='ocrx_word' id='word_1_381' title='bbox 1591 4876 1648 4922; x_wconf 91' lang='lat' dir='ltr'><strong>et</strong></span> <span class='ocrx_word' id='word_1_382' title='bbox 1676 4865 1803 4938; x_wconf 88' lang='lat' dir='ltr'><strong>Spi-</strong></span> 
     </span>
    </p>
   </div>
   <div class='ocr_carea' id='block_1_53' title="bbox 205 4957 1806 5037">
    <p class='ocr_par' dir='ltr' id='par_1_53' title="bbox 205 4957 1806 5037">
     <span class='ocr_line' id='line_1_53' title="bbox 205 4957 1806 5037; baseline -0.008 -11"><span class='ocrx_word' id='word_1_383' title='bbox 205 4969 320 5026; x_wconf 83' lang='lat' dir='ltr'><strong>ritu</strong></span> <span class='ocrx_word' id='word_1_384' title='bbox 361 4977 604 5036; x_wconf 88' lang='lat' dir='ltr'><strong>renatus,</strong></span> <span class='ocrx_word' id='word_1_385' title='bbox 635 4966 765 5037; x_wconf 88' lang='lat' dir='ltr'><strong>quia</strong></span> <span class='ocrx_word' id='word_1_386' title='bbox 812 4963 1056 5020; x_wconf 90' lang='lat' dir='ltr'><strong>nondum</strong></span> <span class='ocrx_word' id='word_1_387' title='bbox 1092 4960 1350 5016; x_wconf 88' lang='lat' dir='ltr'><strong>Christus</strong></span> <span class='ocrx_word' id='word_1_388' title='bbox 1373 4967 1500 5031; x_wconf 40' lang='lat' dir='ltr'><strong>erat.</strong></span> <span class='ocrx_word' id='word_1_389' title='bbox 1535 4957 1806 5030; x_wconf 88' lang='lat' dir='ltr'><strong>gloriﬁca-</strong></span> 
     </span>
    </p>
   </div>
   <div class='ocr_carea' id='block_1_54' title="bbox 206 5052 1806 5128">
    <p class='ocr_par' dir='ltr' id='par_1_54' title="bbox 206 5052 1806 5128">
     <span class='ocr_line' id='line_1_54' title="bbox 206 5052 1806 5128; baseline -0.006 -12"><span class='ocrx_word' id='word_1_390' title='bbox 206 5072 335 5128; x_wconf 90' lang='lat' dir='ltr'><strong>tus;</strong></span> <span class='ocrx_word' id='word_1_391' title='bbox 362 5059 762 5116; x_wconf 87' lang='lat' dir='ltr'><strong>Constantinus</strong></span> <span class='ocrx_word' id='word_1_392' title='bbox 796 5065 1003 5124; x_wconf 91' lang='lat' dir='ltr'><strong>autem,</strong></span> <span class='ocrx_word' id='word_1_393' title='bbox 1031 5055 1085 5110; x_wconf 83' lang='lat' dir='ltr'><strong>in</strong></span> <span class='ocrx_word' id='word_1_394' title='bbox 1119 5054 1342 5109; x_wconf 81' lang='lat' dir='ltr'><strong>lavacro</strong></span> <span class='ocrx_word' id='word_1_395' title='bbox 1373 5052 1806 5125; x_wconf 88' lang='lat' dir='ltr'><strong>regenerationis</strong></span> 
     </span>
    </p>
   </div>
   <div class='ocr_carea' id='block_1_55' title="bbox 210 5144 1807 5226">
    <p class='ocr_par' dir='ltr' id='par_1_55' title="bbox 210 5144 1807 5226">
     <span class='ocr_line' id='line_1_55' title="bbox 210 5144 1807 5226; baseline -0.008 -16"><span class='ocrx_word' id='word_1_396' title='bbox 210 5171 359 5226; x_wconf 90' lang='lat' dir='ltr'><strong>aqua</strong></span> <span class='ocrx_word' id='word_1_397' title='bbox 390 5163 444 5209; x_wconf 89' lang='lat' dir='ltr'><strong>et</strong></span> <span class='ocrx_word' id='word_1_398' title='bbox 489 5152 694 5224; x_wconf 87' lang='lat' dir='ltr'><strong>Spiritu</strong></span> <span class='ocrx_word' id='word_1_399' title='bbox 737 5159 982 5218; x_wconf 88' lang='lat' dir='ltr'><strong>renatus,</strong></span> <span class='ocrx_word' id='word_1_400' title='bbox 1009 5157 1123 5204; x_wconf 91' lang='lat' dir='ltr'><strong>tam</strong></span> <span class='ocrx_word' id='word_1_401' title='bbox 1176 5147 1235 5202; x_wconf 91' lang='lat' dir='ltr'><strong>in</strong></span> <span class='ocrx_word' id='word_1_402' title='bbox 1269 5160 1500 5216; x_wconf 89' lang='lat' dir='ltr'><strong>corpore</strong></span> <span class='ocrx_word' id='word_1_403' title='bbox 1537 5159 1703 5214; x_wconf 89' lang='lat' dir='ltr'><strong>quam</strong></span> <span class='ocrx_word' id='word_1_404' title='bbox 1750 5144 1807 5199; x_wconf 91' lang='lat' dir='ltr'><strong>in</strong></span> 
     </span>
    </p>
   </div>
   <div class='ocr_carea' id='block_1_56' title="bbox 153 5236 1805 5312">
    <p class='ocr_par' dir='ltr' id='par_1_56' title="bbox 153 5236 1805 5312">
     <span class='ocr_line' id='line_1_56' title="bbox 153 5236 1805 5312; baseline -0.008 -7"><span class='ocrx_word' id='word_1_405' title='bbox 153 5305 160 5312; x_wconf 78' lang='grc'><strong><em>,</em></strong></span> <span class='ocrx_word' id='word_1_406' title='bbox 209 5249 401 5305; x_wconf 87' lang='lat' dir='ltr'><strong>anima</strong></span> <span class='ocrx_word' id='word_1_407' title='bbox 429 5247 713 5302; x_wconf 86' lang='lat' dir='ltr'><strong>videbatur</strong></span> <span class='ocrx_word' id='word_1_408' title='bbox 747 5260 869 5301; x_wconf 89' lang='lat' dir='ltr'><strong>esse</strong></span> <span class='ocrx_word' id='word_1_409' title='bbox 891 5252 1135 5301; x_wconf 89' lang='lat' dir='ltr'><strong>curatus.</strong></span> <span class='ocrx_word' id='word_1_410' title='bbox 1159 5237 1404 5294; x_wconf 85' lang='lat' dir='ltr'><strong>Naaman</strong></span> <span class='ocrx_word' id='word_1_411' title='bbox 1423 5279 1438 5306; x_wconf 91' lang='lat'><strong>,</strong></span> <span class='ocrx_word' id='word_1_412' title='bbox 1464 5253 1715 5294; x_wconf 89' lang='lat' dir='ltr'><strong>reversus</strong></span> <span class='ocrx_word' id='word_1_413' title='bbox 1737 5236 1805 5291; x_wconf 93' lang='lat' dir='ltr'><strong>ad</strong></span> 
     </span>
    </p>
   </div>
   <div class='ocr_carea' id='block_1_57' title="bbox 212 5331 1811 5411">
    <p class='ocr_par' dir='ltr' id='par_1_57' title="bbox 212 5331 1811 5411">
     <span class='ocr_line' id='line_1_57' title="bbox 212 5331 1811 5411; baseline -0.007 -13"><span class='ocrx_word' id='word_1_414' title='bbox 212 5343 443 5398; x_wconf 89' lang='lat' dir='ltr'><strong>domum</strong></span> <span class='ocrx_word' id='word_1_415' title='bbox 469 5341 574 5396; x_wconf 84' lang='lat' dir='ltr'><strong>viri</strong></span> <span class='ocrx_word' id='word_1_416' title='bbox 597 5341 714 5407; x_wconf 91' lang='lat' dir='ltr'><strong>Dei,</strong></span> <span class='ocrx_word' id='word_1_417' title='bbox 743 5355 844 5411; x_wconf 91' lang='lat' dir='ltr'><strong>pro</strong></span> <span class='ocrx_word' id='word_1_418' title='bbox 874 5337 1108 5395; x_wconf 87' lang='lat' dir='ltr'><strong>sanitate</strong></span> <span class='ocrx_word' id='word_1_419' title='bbox 1143 5343 1361 5405; x_wconf 91' lang='lat' dir='ltr'><strong>recepta</strong></span> <span class='ocrx_word' id='word_1_420' title='bbox 1392 5333 1596 5405; x_wconf 86' lang='lat' dir='ltr'><strong>gratias</strong></span> <span class='ocrx_word' id='word_1_421' title='bbox 1623 5331 1811 5387; x_wconf 88' lang='lat' dir='ltr'><strong>retulit</strong></span> 
     </span>
    </p>
   </div>
   <div class='ocr_carea' id='block_1_58' title="bbox 213 5426 1810 5502">
    <p class='ocr_par' dir='ltr' id='par_1_58' title="bbox 213 5426 1810 5502">
     <span class='ocr_line' id='line_1_58' title="bbox 213 5426 1810 5502; baseline -0.006 -11"><span class='ocrx_word' id='word_1_422' title='bbox 213 5435 299 5502; x_wconf 90' lang='lat' dir='ltr'><strong>ei;</strong></span> <span class='ocrx_word' id='word_1_423' title='bbox 329 5434 724 5490; x_wconf 89' lang='lat' dir='ltr'><strong>Constantinus</strong></span> <span class='ocrx_word' id='word_1_424' title='bbox 745 5449 894 5499; x_wconf 89' lang='lat' dir='ltr'><strong>vero,</strong></span> <span class='ocrx_word' id='word_1_425' title='bbox 920 5449 949 5488; x_wconf 89' lang='lat' dir='ltr'><strong>a</strong></span> <span class='ocrx_word' id='word_1_426' title='bbox 978 5429 1216 5487; x_wconf 63' lang='lat' dir='ltr'><strong>caelestis</strong></span> <span class='ocrx_word' id='word_1_427' title='bbox 1242 5429 1431 5500; x_wconf 67' lang='lat' dir='ltr'><strong>patriae</strong></span> <span class='ocrx_word' id='word_1_428' title='bbox 1459 5427 1624 5483; x_wconf 91' lang='lat' dir='ltr'><strong>domo</strong></span> <span class='ocrx_word' id='word_1_429' title='bbox 1647 5426 1810 5497; x_wconf 87' lang='lat' dir='ltr'><strong>longo</strong></span> 
     </span>
    </p>
   </div>
   <div class='ocr_carea' id='block_1_59' title="bbox 213 5521 1866 5597">
    <p class='ocr_par' dir='ltr' id='par_1_59' title="bbox 213 5521 1866 5597">
     <span class='ocr_line' id='line_1_59' title="bbox 213 5521 1866 5597; baseline -0.008 -11"><span class='ocrx_word' id='word_1_430' title='bbox 213 5539 466 5586; x_wconf 84' lang='lat' dir='ltr'><strong>remotus</strong></span> <span class='ocrx_word' id='word_1_431' title='bbox 505 5530 722 5596; x_wconf 78' lang='lat' dir='ltr'><strong>exsilio,</strong></span> <span class='ocrx_word' id='word_1_432' title='bbox 747 5529 816 5587; x_wconf 87' lang='lat' dir='ltr'><strong>ad</strong></span> <span class='ocrx_word' id='word_1_433' title='bbox 839 5529 1064 5583; x_wconf 89' lang='lat' dir='ltr'><strong>domum</strong></span> <span class='ocrx_word' id='word_1_434' title='bbox 1089 5525 1264 5597; x_wconf 90' lang='lat' dir='ltr'><strong>patris</strong></span> <span class='ocrx_word' id='word_1_435' title='bbox 1298 5524 1385 5580; x_wconf 92' lang='lat' dir='ltr'><strong>sui</strong></span> <span class='ocrx_word' id='word_1_436' title='bbox 1415 5539 1540 5578; x_wconf 92' lang='lat' dir='ltr'><strong>cum</strong></span> <span class='ocrx_word' id='word_1_437' title='bbox 1579 5521 1808 5592; x_wconf 85' lang='lat' dir='ltr'><strong>prodigo</strong></span> <span class='ocrx_word' id='word_1_438' title='bbox 1861 5546 1866 5548; x_wconf 91' lang='lat'><em>-</em></span> 
     </span>
    </p>
   </div>
   <div class='ocr_carea' id='block_1_60' title="bbox 213 5615 1860 5688">
    <p class='ocr_par' dir='ltr' id='par_1_60' title="bbox 213 5615 1860 5688">
     <span class='ocr_line' id='line_1_60' title="bbox 213 5615 1860 5688; baseline -0.009 -7"><span class='ocrx_word' id='word_1_439' title='bbox 213 5639 474 5681; x_wconf 82' lang='lat' dir='ltr'><strong>reversus</strong></span> <span class='ocrx_word' id='word_1_440' title='bbox 499 5635 586 5680; x_wconf 90' lang='lat' dir='ltr'><strong>est</strong></span> <span class='ocrx_word' id='word_1_441' title='bbox 622 5624 774 5679; x_wconf 89' lang='lat' dir='ltr'><strong>ﬁlio:</strong></span> <span class='ocrx_word' id='word_1_442' title='bbox 808 5621 1052 5677; x_wconf 85' lang='lat' dir='ltr'><strong>Naaman</strong></span> <span class='ocrx_word' id='word_1_443' title='bbox 1084 5620 1265 5688; x_wconf 89' lang='lat' dir='ltr'><strong>enim,</strong></span> <span class='ocrx_word' id='word_1_444' title='bbox 1313 5617 1511 5674; x_wconf 82' lang='lat' dir='ltr'><strong>divinae</strong></span> <span class='ocrx_word' id='word_1_445' title='bbox 1539 5615 1808 5670; x_wconf 84' lang='lat' dir='ltr'><strong>voluntati</strong></span> <span class='ocrx_word' id='word_1_446' title='bbox 1855 5669 1860 5676; x_wconf 75' lang='grc'>,</span> 
     </span>
    </p>
   </div>
   <div class='ocr_carea' id='block_1_61' title="bbox 215 5713 1812 5785">
    <p class='ocr_par' dir='ltr' id='par_1_61' title="bbox 215 5713 1812 5785">
     <span class='ocr_line' id='line_1_61' title="bbox 215 5713 1812 5785; baseline -0.007 -10"><span class='ocrx_word' id='word_1_447' title='bbox 215 5719 502 5776; x_wconf 74' lang='lat' dir='ltr'><strong>voluntate</strong></span> <span class='ocrx_word' id='word_1_448' title='bbox 552 5719 813 5778; x_wconf 86' lang='lat' dir='ltr'><strong>resistens</strong></span> <span class='ocrx_word' id='word_1_449' title='bbox 861 5714 1083 5783; x_wconf 86' lang='lat' dir='ltr'><strong>frivola,</strong></span> <span class='ocrx_word' id='word_1_450' title='bbox 1132 5730 1234 5785; x_wconf 87' lang='lat' dir='ltr'><strong>pro</strong></span> <span class='ocrx_word' id='word_1_451' title='bbox 1303 5713 1480 5769; x_wconf 89' lang='lat' dir='ltr'><strong>salute</strong></span> <span class='ocrx_word' id='word_1_452' title='bbox 1547 5724 1812 5782; x_wconf 85' lang='lat' dir='ltr'><strong>corporea</strong></span> 
     </span>
    </p>
   </div>
   <div class='ocr_carea' id='block_1_62' title="bbox 216 5801 1864 5882">
    <p class='ocr_par' dir='ltr' id='par_1_62' title="bbox 216 5801 1864 5882">
     <span class='ocr_line' id='line_1_62' title="bbox 216 5801 1864 5882; baseline -0.002 -14"><span class='ocrx_word' id='word_1_453' title='bbox 216 5812 517 5882; x_wconf 78' lang='lat' dir='ltr'><strong>respuebat</strong></span> <span class='ocrx_word' id='word_1_454' title='bbox 545 5812 708 5882; x_wconf 91' lang='lat' dir='ltr'><strong>idola;</strong></span> <span class='ocrx_word' id='word_1_455' title='bbox 741 5808 1137 5867; x_wconf 88' lang='lat' dir='ltr'><strong>Constantinus</strong></span> <span class='ocrx_word' id='word_1_456' title='bbox 1162 5816 1341 5864; x_wconf 88' lang='lat' dir='ltr'><strong>autem</strong></span> <span class='ocrx_word' id='word_1_457' title='bbox 1369 5820 1469 5877; x_wconf 91' lang='lat' dir='ltr'><strong>pro</strong></span> <span class='ocrx_word' id='word_1_458' title='bbox 1495 5804 1670 5864; x_wconf 88' lang='lat' dir='ltr'><strong>salute</strong></span> <span class='ocrx_word' id='word_1_459' title='bbox 1694 5801 1815 5865; x_wconf 48' lang='lat' dir='ltr'><strong>ani‘</strong></span> <span class='ocrx_word' id='word_1_460' title='bbox 1860 5863 1864 5865; x_wconf 71' lang='lat'><strong>.</strong></span> 
     </span>
    </p>
   </div>
   <div class='ocr_carea' id='block_1_63' title="bbox 1896 497 3551 577">
    <p class='ocr_par' dir='ltr' id='par_1_63' title="bbox 1896 497 3551 577">
     <span class='ocr_line' id='line_1_63' title="bbox 1896 497 3551 577; baseline -0.005 -16"><span class='ocrx_word' id='word_1_461' title='bbox 1896 505 2135 577; x_wconf 85' lang='lat' dir='ltr'><strong>perﬁdiae</strong></span> <span class='ocrx_word' id='word_1_462' title='bbox 2174 513 2228 560; x_wconf 91' lang='lat' dir='ltr'><strong>et</strong></span> <span class='ocrx_word' id='word_1_463' title='bbox 2257 519 2516 559; x_wconf 88' lang='lat' dir='ltr'><strong>occasum</strong></span> <span class='ocrx_word' id='word_1_464' title='bbox 2548 502 2698 558; x_wconf 91' lang='lat' dir='ltr'><strong>dedit</strong></span> <span class='ocrx_word' id='word_1_465' title='bbox 2719 501 3080 569; x_wconf 58' lang='lat' dir='ltr'><strong>,idololatriae.</strong></span> <span class='ocrx_word' id='word_1_466' title='bbox 3108 497 3354 556; x_wconf 87' lang='lat' dir='ltr'><strong>Naaman</strong></span> <span class='ocrx_word' id='word_1_467' title='bbox 3385 501 3491 555; x_wconf 66' lang='lat' dir='ltr'><strong>ali~</strong></span> <span class='ocrx_word' id='word_1_468' title='bbox 3537 515 3551 575; x_wconf 54' lang='grc' dir='ltr'><em>ε</em></span> 
     </span>
    </p>
   </div>
   <div class='ocr_carea' id='block_1_64' title="bbox 1896 586 3542 670">
    <p class='ocr_par' dir='ltr' id='par_1_64' title="bbox 1896 586 3542 670">
     <span class='ocr_line' id='line_1_64' title="bbox 1896 586 3542 670; baseline -0.002 -16"><span class='ocrx_word' id='word_1_469' title='bbox 1896 599 2159 670; x_wconf 91' lang='lat' dir='ltr'><strong>quantula</strong></span> <span class='ocrx_word' id='word_1_470' title='bbox 2189 596 2430 654; x_wconf 76' lang='lat' dir='ltr'><strong>Judaicae</strong></span> <span class='ocrx_word' id='word_1_471' title='bbox 2461 595 2586 651; x_wconf 89' lang='lat' dir='ltr'><strong>ﬁdei</strong></span> <span class='ocrx_word' id='word_1_472' title='bbox 2619 593 2990 650; x_wconf 89' lang='lat' dir='ltr'><strong>inﬂammatus</strong></span> <span class='ocrx_word' id='word_1_473' title='bbox 3016 592 3164 662; x_wconf 82' lang='lat' dir='ltr'><strong>face,</strong></span> <span class='ocrx_word' id='word_1_474' title='bbox 3194 593 3264 649; x_wconf 88' lang='lat' dir='ltr'><strong>ab</strong></span> <span class='ocrx_word' id='word_1_475' title='bbox 3293 592 3493 651; x_wconf 62' lang='lat' dir='ltr'><strong>Eliseo</strong></span> <span class='ocrx_word' id='word_1_476' title='bbox 3535 586 3542 613; x_wconf 71' lang='grc'><strong><em>⁷</em></strong></span> 
     </span>
    </p>
   </div>
   <div class='ocr_carea' id='block_1_65' title="bbox 1895 687 3492 762">
    <p class='ocr_par' dir='ltr' id='par_1_65' title="bbox 1895 687 3492 762">
     <span class='ocr_line' id='line_1_65' title="bbox 1895 687 3492 762; baseline 0 -17"><span class='ocrx_word' id='word_1_477' title='bbox 1895 692 2014 747; x_wconf 93' lang='lat' dir='ltr'><strong>viro</strong></span> <span class='ocrx_word' id='word_1_478' title='bbox 2050 691 2146 747; x_wconf 88' lang='lat' dir='ltr'><strong>Dei</strong></span> <span class='ocrx_word' id='word_1_479' title='bbox 2188 692 2338 747; x_wconf 90' lang='lat' dir='ltr'><strong>abire</strong></span> <span class='ocrx_word' id='word_1_480' title='bbox 2366 691 2652 747; x_wconf 90' lang='lat' dir='ltr'><strong>videbatur</strong></span> <span class='ocrx_word' id='word_1_481' title='bbox 2685 689 2740 745; x_wconf 91' lang='lat' dir='ltr'><strong>in</strong></span> <span class='ocrx_word' id='word_1_482' title='bbox 2769 705 2930 762; x_wconf 91' lang='lat' dir='ltr'><strong>pace;</strong></span> <span class='ocrx_word' id='word_1_483' title='bbox 2967 687 3363 746; x_wconf 86' lang='lat' dir='ltr'><strong>Constantinus</strong></span> <span class='ocrx_word' id='word_1_484' title='bbox 3386 704 3492 745; x_wconf 88' lang='lat' dir='ltr'><strong>au-</strong></span> 
     </span>
    </p>
   </div>
   <div class='ocr_carea' id='block_1_66' title="bbox 1897 783 3493 854">
    <p class='ocr_par' dir='ltr' id='par_1_66' title="bbox 1897 783 3493 854">
     <span class='ocr_line' id='line_1_66' title="bbox 1897 783 3493 854; baseline -0.001 -13"><span class='ocrx_word' id='word_1_485' title='bbox 1897 793 2006 841; x_wconf 85' lang='lat' dir='ltr'><strong>tem</strong></span> <span class='ocrx_word' id='word_1_486' title='bbox 2039 786 2095 840; x_wconf 92' lang='lat' dir='ltr'><strong>in</strong></span> <span class='ocrx_word' id='word_1_487' title='bbox 2147 786 2251 841; x_wconf 89' lang='lat' dir='ltr'><strong>ﬁde</strong></span> <span class='ocrx_word' id='word_1_488' title='bbox 2287 786 2557 842; x_wconf 88' lang='lat' dir='ltr'><strong>catholica</strong></span> <span class='ocrx_word' id='word_1_489' title='bbox 2600 784 2720 841; x_wconf 88' lang='lat' dir='ltr'><strong>veri</strong></span> <span class='ocrx_word' id='word_1_490' title='bbox 2767 783 2935 841; x_wconf 66' lang='lat' dir='ltr'><strong>Elisei</strong></span> <span class='ocrx_word' id='word_1_491' title='bbox 2979 783 3334 840; x_wconf 88' lang='lat' dir='ltr'><strong>conﬁrmatus</strong></span> <span class='ocrx_word' id='word_1_492' title='bbox 3365 797 3493 854; x_wconf 87' lang='lat' dir='ltr'><strong>ope,</strong></span> 
     </span>
    </p>
   </div>
   <div class='ocr_carea' id='block_1_67' title="bbox 1896 874 3496 950">
    <p class='ocr_par' dir='ltr' id='par_1_67' title="bbox 1896 874 3496 950">
     <span class='ocr_line' id='line_1_67' title="bbox 1896 874 3496 950; baseline -0.003 -15"><span class='ocrx_word' id='word_1_493' title='bbox 1896 877 2290 950; x_wconf 86' lang='lat' dir='ltr'><strong>evangelizavit</strong></span> <span class='ocrx_word' id='word_1_494' title='bbox 2339 893 2529 950; x_wconf 90' lang='lat' dir='ltr'><strong>pacem</strong></span> <span class='ocrx_word' id='word_1_495' title='bbox 2572 877 2660 934; x_wconf 89' lang='lat' dir='ltr'><strong>his</strong></span> <span class='ocrx_word' id='word_1_496' title='bbox 2699 877 2799 948; x_wconf 91' lang='lat' dir='ltr'><strong>qui</strong></span> <span class='ocrx_word' id='word_1_497' title='bbox 2849 875 3032 947; x_wconf 86' lang='lat' dir='ltr'><strong>longe,</strong></span> <span class='ocrx_word' id='word_1_498' title='bbox 3067 883 3122 930; x_wconf 90' lang='lat' dir='ltr'><strong>et</strong></span> <span class='ocrx_word' id='word_1_499' title='bbox 3167 889 3356 948; x_wconf 88' lang='lat' dir='ltr'><strong>pacem</strong></span> <span class='ocrx_word' id='word_1_500' title='bbox 3405 874 3496 930; x_wconf 85' lang='lat' dir='ltr'><strong>his</strong></span> 
     </span>
    </p>
   </div>
   <div class='ocr_carea' id='block_1_68' title="bbox 1897 973 2210 1043">
    <p class='ocr_par' dir='ltr' id='par_1_68' title="bbox 1897 973 2210 1043">
     <span class='ocr_line' id='line_1_68' title="bbox 1897 973 2210 1043; baseline -0.003 -16"><span class='ocrx_word' id='word_1_501' title='bbox 1897 973 1989 1043; x_wconf 90' lang='lat' dir='ltr'><strong>qui</strong></span> <span class='ocrx_word' id='word_1_502' title='bbox 2023 987 2210 1043; x_wconf 92' lang='lat' dir='ltr'><strong>prope.</strong></span> 
     </span>
    </p>
   </div>
   <div class='ocr_carea' id='block_1_69' title="bbox 2530 1060 2861 1119">
    <p class='ocr_par' dir='ltr' id='par_1_69' title="bbox 2530 1060 2861 1119">
     <span class='ocr_line' id='line_1_69' title="bbox 2530 1060 2861 1119; baseline 0 -1"><span class='ocrx_word' id='word_1_503' title='bbox 2530 1060 2760 1119; x_wconf 86' lang='lat' dir='ltr'><strong>CAPUT</strong></span> <span class='ocrx_word' id='word_1_504' title='bbox 2790 1061 2861 1118; x_wconf 83' lang='lat' dir='ltr'><strong>X.</strong></span> 
     </span>
    </p>
   </div>
   <div class='ocr_carea' id='block_1_70' title="bbox 1971 1150 3420 1225">
    <p class='ocr_par' dir='ltr' id='par_1_70' title="bbox 1971 1150 3420 1225">
     <span class='ocr_line' id='line_1_70' title="bbox 1971 1150 3420 1225; baseline -0.005 -12"><span class='ocrx_word' id='word_1_505' title='bbox 1971 1157 2224 1213; x_wconf 87' lang='lat' dir='ltr'><strong>Naaman</strong></span> <span class='ocrx_word' id='word_1_506' title='bbox 2244 1166 2292 1212; x_wconf 85' lang='lat' dir='ltr'><strong>et</strong></span> <span class='ocrx_word' id='word_1_507' title='bbox 2312 1155 2654 1214; x_wconf 82' lang='lat' dir='ltr'><strong>Constantini</strong></span> <span class='ocrx_word' id='word_1_508' title='bbox 2677 1151 2934 1211; x_wconf 86' lang='lat' dir='ltr'><strong>vocabula</strong></span> <span class='ocrx_word' id='word_1_509' title='bbox 2954 1150 3082 1225; x_wconf 88' lang='lat' dir='ltr'><strong>quid</strong></span> <span class='ocrx_word' id='word_1_510' title='bbox 3102 1150 3420 1224; x_wconf 83' lang='lat' dir='ltr'><strong>significent.</strong></span> 
     </span>
    </p>
   </div>
   <div class='ocr_carea' id='block_1_71' title="bbox 1969 1242 3497 1322">
    <p class='ocr_par' dir='ltr' id='par_1_71' title="bbox 1969 1242 3497 1322">
     <span class='ocr_line' id='line_1_71' title="bbox 1969 1242 3497 1322; baseline -0.005 -16"><span class='ocrx_word' id='word_1_511' title='bbox 1969 1250 2238 1319; x_wconf 83' lang='lat' dir='ltr'><strong>Quoniam</strong></span> <span class='ocrx_word' id='word_1_512' title='bbox 2289 1251 2456 1322; x_wconf 89' lang='lat' dir='ltr'><strong>igitur</strong></span> <span class='ocrx_word' id='word_1_513' title='bbox 2486 1248 2825 1320; x_wconf 85' lang='lat' dir='ltr'><strong>comparatio</strong></span> <span class='ocrx_word' id='word_1_514' title='bbox 2853 1245 3100 1302; x_wconf 88' lang='lat' dir='ltr'><strong>Naaman</strong></span> <span class='ocrx_word' id='word_1_515' title='bbox 3130 1252 3185 1300; x_wconf 89' lang='lat' dir='ltr'><strong>et</strong></span> <span class='ocrx_word' id='word_1_516' title='bbox 3220 1242 3497 1300; x_wconf 83' lang='lat' dir='ltr'><strong>Constan-</strong></span> 
     </span>
    </p>
   </div>
   <div class='ocr_carea' id='block_1_72' title="bbox 1897 1335 3499 1407">
    <p class='ocr_par' dir='ltr' id='par_1_72' title="bbox 1897 1335 3499 1407">
     <span class='ocr_line' id='line_1_72' title="bbox 1897 1335 3499 1407; baseline -0.005 -9"><span class='ocrx_word' id='word_1_517' title='bbox 1897 1342 1996 1398; x_wconf 89' lang='lat' dir='ltr'><strong>tini</strong></span> <span class='ocrx_word' id='word_1_518' title='bbox 2026 1335 2066 1397; x_wconf 33' lang='lat' dir='ltr'><strong>a&#39;</strong></span> <span class='ocrx_word' id='word_1_519' title='bbox 2089 1343 2248 1398; x_wconf 89' lang='lat' dir='ltr'><strong>nobis</strong></span> <span class='ocrx_word' id='word_1_520' title='bbox 2273 1351 2357 1398; x_wconf 90' lang='lat' dir='ltr'><strong>est</strong></span> <span class='ocrx_word' id='word_1_521' title='bbox 2388 1341 2640 1398; x_wconf 89' lang='lat' dir='ltr'><strong>discussa</strong></span> <span class='ocrx_word' id='word_1_522' title='bbox 2677 1339 2978 1407; x_wconf 86' lang='lat' dir='ltr'><strong>moraliter,</strong></span> <span class='ocrx_word' id='word_1_523' title='bbox 3007 1341 3182 1393; x_wconf 90' lang='lat' dir='ltr'><strong>restat</strong></span> <span class='ocrx_word' id='word_1_524' title='bbox 3207 1343 3268 1391; x_wconf 93' lang='lat' dir='ltr'><strong>ut</strong></span> <span class='ocrx_word' id='word_1_525' title='bbox 3297 1349 3499 1392; x_wconf 87' lang='lat' dir='ltr'><strong>nomen</strong></span> 
     </span>
    </p>
   </div>
   <div class='ocr_carea' id='block_1_73' title="bbox 1897 1428 3500 1504">
    <p class='ocr_par' dir='ltr' id='par_1_73' title="bbox 1897 1428 3500 1504">
     <span class='ocr_line' id='line_1_73' title="bbox 1897 1428 3500 1504; baseline -0.007 -12"><span class='ocrx_word' id='word_1_526' title='bbox 1897 1435 2141 1492; x_wconf 85' lang='lat' dir='ltr'><strong>Naaman</strong></span> <span class='ocrx_word' id='word_1_527' title='bbox 2171 1450 2424 1492; x_wconf 89' lang='lat' dir='ltr'><strong>seorsum</strong></span> <span class='ocrx_word' id='word_1_528' title='bbox 2455 1433 2787 1491; x_wconf 90' lang='lat' dir='ltr'><strong>discutiatur</strong></span> <span class='ocrx_word' id='word_1_529' title='bbox 2812 1431 3116 1504; x_wconf 59' lang='lat' dir='ltr'><strong>aequaliter,</strong></span> <span class='ocrx_word' id='word_1_530' title='bbox 3149 1440 3211 1487; x_wconf 93' lang='lat' dir='ltr'><strong>ut</strong></span> <span class='ocrx_word' id='word_1_531' title='bbox 3246 1428 3500 1496; x_wconf 75' lang='lat' dir='ltr'><strong>saluatio,</strong></span> 
     </span>
    </p>
   </div>
   <div class='ocr_carea' id='block_1_74' title="bbox 1897 1519 3499 1602">
    <p class='ocr_par' dir='ltr' id='par_1_74' title="bbox 1897 1519 3499 1602">
     <span class='ocr_line' id='line_1_74' title="bbox 1897 1519 3499 1602; baseline -0.007 -17"><span class='ocrx_word' id='word_1_532' title='bbox 1897 1547 2007 1602; x_wconf 91' lang='lat' dir='ltr'><strong>qua</strong></span> <span class='ocrx_word' id='word_1_533' title='bbox 2033 1531 2089 1585; x_wconf 91' lang='lat' dir='ltr'><strong>in</strong></span> <span class='ocrx_word' id='word_1_534' title='bbox 2111 1538 2346 1602; x_wconf 89' lang='lat' dir='ltr'><strong>utroque</strong></span> <span class='ocrx_word' id='word_1_535' title='bbox 2387 1529 2628 1586; x_wconf 90' lang='lat' dir='ltr'><strong>salvatus</strong></span> <span class='ocrx_word' id='word_1_536' title='bbox 2653 1535 2739 1584; x_wconf 90' lang='lat' dir='ltr'><strong>est</strong></span> <span class='ocrx_word' id='word_1_537' title='bbox 2767 1525 3010 1594; x_wconf 89' lang='lat' dir='ltr'><strong>homine,</strong></span> <span class='ocrx_word' id='word_1_538' title='bbox 3041 1522 3375 1580; x_wconf 88' lang='lat' dir='ltr'><strong>concordare</strong></span> <span class='ocrx_word' id='word_1_539' title='bbox 3411 1519 3499 1574; x_wconf 80' lang='lat' dir='ltr'><strong>vi-</strong></span> 
     </span>
    </p>
   </div>
   <div class='ocr_carea' id='block_1_75' title="bbox 1897 1612 3502 1689">
    <p class='ocr_par' dir='ltr' id='par_1_75' title="bbox 1897 1612 3502 1689">
     <span class='ocr_line' id='line_1_75' title="bbox 1897 1612 3502 1689; baseline -0.006 -11"><span class='ocrx_word' id='word_1_540' title='bbox 1897 1623 2090 1679; x_wconf 90' lang='lat' dir='ltr'><strong>deatur</strong></span> <span class='ocrx_word' id='word_1_541' title='bbox 2137 1641 2264 1680; x_wconf 91' lang='lat' dir='ltr'><strong>cum</strong></span> <span class='ocrx_word' id='word_1_542' title='bbox 2307 1623 2549 1679; x_wconf 89' lang='lat' dir='ltr'><strong>nomine.</strong></span> <span class='ocrx_word' id='word_1_543' title='bbox 2591 1620 2734 1689; x_wconf 86' lang='lat' dir='ltr'><strong>Quia</strong></span> <span class='ocrx_word' id='word_1_544' title='bbox 2778 1618 3103 1676; x_wconf 91' lang='lat' dir='ltr'><strong>enimidem</strong></span> <span class='ocrx_word' id='word_1_545' title='bbox 3152 1615 3396 1672; x_wconf 88' lang='lat' dir='ltr'><strong>Naaman</strong></span> <span class='ocrx_word' id='word_1_546' title='bbox 3442 1612 3502 1668; x_wconf 90' lang='lat' dir='ltr'><strong>in</strong></span> 
     </span>
    </p>
   </div>
   <div class='ocr_carea' id='block_1_76' title="bbox 1896 1709 3501 1785">
    <p class='ocr_par' dir='ltr' id='par_1_76' title="bbox 1896 1709 3501 1785">
     <span class='ocr_line' id='line_1_76' title="bbox 1896 1709 3501 1785; baseline -0.007 -14"><span class='ocrx_word' id='word_1_547' title='bbox 1896 1716 2098 1780; x_wconf 83' lang='lat' dir='ltr'><strong>virtute</strong></span> <span class='ocrx_word' id='word_1_548' title='bbox 2109 1717 2378 1773; x_wconf 92' lang='lat' dir='ltr'><strong>bellorum</strong></span> <span class='ocrx_word' id='word_1_549' title='bbox 2408 1715 2655 1771; x_wconf 90' lang='lat' dir='ltr'><strong>animum</strong></span> <span class='ocrx_word' id='word_1_550' title='bbox 2680 1729 2898 1785; x_wconf 90' lang='lat' dir='ltr'><strong>semper</strong></span> <span class='ocrx_word' id='word_1_551' title='bbox 2918 1710 3111 1768; x_wconf 89' lang='lat' dir='ltr'><strong>habuit</strong></span> <span class='ocrx_word' id='word_1_552' title='bbox 3131 1709 3367 1775; x_wconf 90' lang='lat' dir='ltr'><strong>virilem,</strong></span> <span class='ocrx_word' id='word_1_553' title='bbox 3385 1718 3501 1761; x_wconf 92' lang='lat' dir='ltr'><strong>non</strong></span> 
     </span>
    </p>
   </div>
   <div class='ocr_carea' id='block_1_77' title="bbox 1896 1796 3502 1879">
    <p class='ocr_par' dir='ltr' id='par_1_77' title="bbox 1896 1796 3502 1879">
     <span class='ocr_line' id='line_1_77' title="bbox 1896 1796 3502 1879; baseline -0.007 -15"><span class='ocrx_word' id='word_1_554' title='bbox 1896 1809 2197 1879; x_wconf 87' lang='lat' dir='ltr'><strong>incongrue</strong></span> <span class='ocrx_word' id='word_1_555' title='bbox 2245 1807 2532 1863; x_wconf 85' lang='lat' dir='ltr'><strong>videbatur</strong></span> <span class='ocrx_word' id='word_1_556' title='bbox 2563 1807 2827 1878; x_wconf 88' lang='lat' dir='ltr'><strong>populum</strong></span> <span class='ocrx_word' id='word_1_557' title='bbox 2875 1803 3186 1876; x_wconf 88' lang='lat' dir='ltr'><strong>signiﬁcare</strong></span> <span class='ocrx_word' id='word_1_558' title='bbox 3217 1796 3502 1871; x_wconf 85' lang='lat' dir='ltr'><strong>gentilem,</strong></span> 
     </span>
    </p>
   </div>
   <div class='ocr_carea' id='block_1_78' title="bbox 1896 1886 3503 1973">
    <p class='ocr_par' dir='ltr' id='par_1_78' title="bbox 1896 1886 3503 1973">
     <span class='ocr_line' id='line_1_78' title="bbox 1896 1886 3503 1973; baseline -0.009 -16"><span class='ocrx_word' id='word_1_559' title='bbox 1896 1900 2046 1973; x_wconf 89' lang='lat' dir='ltr'><strong>quod</strong></span> <span class='ocrx_word' id='word_1_560' title='bbox 2074 1901 2239 1956; x_wconf 90' lang='lat' dir='ltr'><strong>etiam</strong></span> <span class='ocrx_word' id='word_1_561' title='bbox 2273 1900 2408 1955; x_wconf 90' lang='lat' dir='ltr'><strong>bene</strong></span> <span class='ocrx_word' id='word_1_562' title='bbox 2450 1898 2694 1954; x_wconf 87' lang='lat' dir='ltr'><strong>nominis</strong></span> <span class='ocrx_word' id='word_1_563' title='bbox 2721 1897 2898 1969; x_wconf 89' lang='lat' dir='ltr'><strong>ipsius</strong></span> <span class='ocrx_word' id='word_1_564' title='bbox 2927 1890 3377 1965; x_wconf 79' lang='lat' dir='ltr'><strong>interpretatione</strong></span> <span class='ocrx_word' id='word_1_565' title='bbox 3421 1886 3503 1944; x_wconf 87' lang='lat' dir='ltr'><strong>si-</strong></span> 
     </span>
    </p>
   </div>
   <div class='ocr_carea' id='block_1_79' title="bbox 1896 1979 3506 2066">
    <p class='ocr_par' dir='ltr' id='par_1_79' title="bbox 1896 1979 3506 2066">
     <span class='ocr_line' id='line_1_79' title="bbox 1896 1979 3506 2066; baseline -0.008 -18"><span class='ocrx_word' id='word_1_566' title='bbox 1896 2003 2113 2066; x_wconf 90' lang='lat' dir='ltr'><strong>gnatur,</strong></span> <span class='ocrx_word' id='word_1_567' title='bbox 2142 1993 2272 2065; x_wconf 91' lang='lat' dir='ltr'><strong>quia</strong></span> <span class='ocrx_word' id='word_1_568' title='bbox 2298 1991 2543 2048; x_wconf 88' lang='lat' dir='ltr'><strong>Naaman</strong></span> <span class='ocrx_word' id='word_1_569' title='bbox 2564 1991 2724 2045; x_wconf 87' lang='lat' dir='ltr'><strong>decus</strong></span> <span class='ocrx_word' id='word_1_570' title='bbox 2755 1989 2870 2046; x_wconf 90' lang='lat' dir='ltr'><strong>sive</strong></span> <span class='ocrx_word' id='word_1_571' title='bbox 2893 1986 3177 2043; x_wconf 87' lang='lat' dir='ltr'><strong>commotio</strong></span> <span class='ocrx_word' id='word_1_572' title='bbox 3206 1997 3386 2039; x_wconf 85' lang='lat' dir='ltr'><strong>eorum</strong></span> <span class='ocrx_word' id='word_1_573' title='bbox 3417 1979 3506 2036; x_wconf 84' lang='lat' dir='ltr'><strong>in-</strong></span> 
     </span>
    </p>
   </div>
   <div class='ocr_carea' id='block_1_80' title="bbox 1895 2072 3507 2162">
    <p class='ocr_par' dir='ltr' id='par_1_80' title="bbox 1895 2072 3507 2162">
     <span class='ocr_line' id='line_1_80' title="bbox 1895 2072 3507 2162; baseline -0.01 -19"><span class='ocrx_word' id='word_1_574' title='bbox 1895 2095 2247 2162; x_wconf 85' lang='lat' dir='ltr'><strong>terpretatur.</strong></span> <span class='ocrx_word' id='word_1_575' title='bbox 2272 2086 2394 2158; x_wconf 88' lang='lat' dir='ltr'><strong>Ipse</strong></span> <span class='ocrx_word' id='word_1_576' title='bbox 2413 2085 2560 2142; x_wconf 88' lang='lat' dir='ltr'><strong>enim</strong></span> <span class='ocrx_word' id='word_1_577' title='bbox 2585 2084 2706 2140; x_wconf 91' lang='lat' dir='ltr'><strong>sine</strong></span> <span class='ocrx_word' id='word_1_578' title='bbox 2731 2083 2929 2138; x_wconf 88' lang='lat' dir='ltr'><strong>decore</strong></span> <span class='ocrx_word' id='word_1_579' title='bbox 2957 2082 3226 2136; x_wconf 89' lang='lat' dir='ltr'><strong>virtutum</strong></span> <span class='ocrx_word' id='word_1_580' title='bbox 3251 2076 3364 2132; x_wconf 92' lang='lat' dir='ltr'><strong>Deo</strong></span> <span class='ocrx_word' id='word_1_581' title='bbox 3388 2072 3507 2132; x_wconf 78' lang='lat' dir='ltr'><strong>s&#39;er-</strong></span> 
     </span>
    </p>
   </div>
   <div class='ocr_carea' id='block_1_81' title="bbox 1893 2167 3504 2244">
    <p class='ocr_par' dir='ltr' id='par_1_81' title="bbox 1893 2167 3504 2244">
     <span class='ocr_line' id='line_1_81' title="bbox 1893 2167 3504 2244; baseline -0.011 -8"><span class='ocrx_word' id='word_1_582' title='bbox 1893 2181 2011 2236; x_wconf 79' lang='lat' dir='ltr'><strong>vire</strong></span> <span class='ocrx_word' id='word_1_583' title='bbox 2051 2180 2247 2236; x_wconf 89' lang='lat' dir='ltr'><strong>nolens</strong></span> <span class='ocrx_word' id='word_1_584' title='bbox 2282 2180 2444 2235; x_wconf 94' lang='lat' dir='ltr'><strong>oculo</strong></span> <span class='ocrx_word' id='word_1_585' title='bbox 2471 2178 2538 2234; x_wconf 87' lang='lat' dir='ltr'><strong>ad</strong></span> <span class='ocrx_word' id='word_1_586' title='bbox 2582 2177 2826 2244; x_wconf 91' lang='lat' dir='ltr'><strong>oculum,</strong></span> <span class='ocrx_word' id='word_1_587' title='bbox 2861 2177 2929 2231; x_wconf 89' lang='lat' dir='ltr'><strong>ad</strong></span> <span class='ocrx_word' id='word_1_588' title='bbox 2966 2174 3133 2230; x_wconf 89' lang='lat' dir='ltr'><strong>unius</strong></span> <span class='ocrx_word' id='word_1_589' title='bbox 3157 2169 3258 2227; x_wconf 91' lang='lat' dir='ltr'><strong>Dei</strong></span> <span class='ocrx_word' id='word_1_590' title='bbox 3293 2167 3504 2225; x_wconf 90' lang='lat' dir='ltr'><strong>cultum</strong></span> 
     </span>
    </p>
   </div>
   <div class='ocr_carea' id='block_1_82' title="bbox 1895 2259 3506 2346">
    <p class='ocr_par' dir='ltr' id='par_1_82' title="bbox 1895 2259 3506 2346">
     <span class='ocr_line' id='line_1_82' title="bbox 1895 2259 3506 2346; baseline -0.011 -15"><span class='ocrx_word' id='word_1_591' title='bbox 1895 2275 2153 2346; x_wconf 87' lang='lat' dir='ltr'><strong>gentilem</strong></span> <span class='ocrx_word' id='word_1_592' title='bbox 2194 2273 2492 2330; x_wconf 89' lang='lat' dir='ltr'><strong>commovit</strong></span> <span class='ocrx_word' id='word_1_593' title='bbox 2518 2271 2781 2342; x_wconf 93' lang='lat' dir='ltr'><strong>populum</strong></span> <span class='ocrx_word' id='word_1_594' title='bbox 2829 2266 2938 2340; x_wconf 86' lang='lat' dir='ltr'><strong>(IV</strong></span> <span class='ocrx_word' id='word_1_595' title='bbox 2974 2266 3102 2337; x_wconf 86' lang='lat' dir='ltr'><strong>Reg.</strong></span> <span class='ocrx_word' id='word_1_596' title='bbox 3135 2265 3214 2336; x_wconf 91' lang='lat' dir='ltr'><strong>v),</strong></span> <span class='ocrx_word' id='word_1_597' title='bbox 3247 2276 3317 2319; x_wconf 92' lang='lat' dir='ltr'><strong>ne</strong></span> <span class='ocrx_word' id='word_1_598' title='bbox 3346 2259 3506 2317; x_wconf 87' lang='lat' dir='ltr'><strong>simi-</strong></span> 
     </span>
    </p>
   </div>
   <div class='ocr_carea' id='block_1_83' title="bbox 1896 2352 3506 2429">
    <p class='ocr_par' dir='ltr' id='par_1_83' title="bbox 1896 2352 3506 2429">
     <span class='ocr_line' id='line_1_83' title="bbox 1896 2352 3506 2429; baseline -0.01 -6"><span class='ocrx_word' id='word_1_599' title='bbox 1896 2368 1965 2423; x_wconf 91' lang='lat' dir='ltr'><strong>lis</strong></span> <span class='ocrx_word' id='word_1_600' title='bbox 1991 2368 2101 2424; x_wconf 90' lang='lat' dir='ltr'><strong>illis</strong></span> <span class='ocrx_word' id='word_1_601' title='bbox 2144 2369 2299 2424; x_wconf 89' lang='lat' dir='ltr'><strong>ﬁcret</strong></span> <span class='ocrx_word' id='word_1_602' title='bbox 2330 2367 2386 2420; x_wconf 92' lang='lat' dir='ltr'><strong>in</strong></span> <span class='ocrx_word' id='word_1_603' title='bbox 2414 2363 2768 2421; x_wconf 87' lang='lat' dir='ltr'><strong>interioribus</strong></span> <span class='ocrx_word' id='word_1_604' title='bbox 2799 2360 2997 2427; x_wconf 92' lang='lat' dir='ltr'><strong>oculis,</strong></span> <span class='ocrx_word' id='word_1_605' title='bbox 3025 2357 3094 2413; x_wconf 90' lang='lat' dir='ltr'><strong>de</strong></span> <span class='ocrx_word' id='word_1_606' title='bbox 3119 2357 3322 2429; x_wconf 88' lang='lat' dir='ltr'><strong>quibus</strong></span> <span class='ocrx_word' id='word_1_607' title='bbox 3365 2352 3506 2408; x_wconf 86' lang='lat' dir='ltr'><strong>scri-</strong></span> 
     </span>
    </p>
   </div>
   <div class='ocr_carea' id='block_1_84' title="bbox 1896 2449 3511 2532">
    <p class='ocr_par' dir='ltr' id='par_1_84' title="bbox 1896 2449 3511 2532">
     <span class='ocr_line' id='line_1_84' title="bbox 1896 2449 3511 2532; baseline -0.012 -15"><span class='ocrx_word' id='word_1_608' title='bbox 1896 2470 2052 2532; x_wconf 89' lang='lat' dir='ltr'><strong>ptum</strong></span> <span class='ocrx_word' id='word_1_609' title='bbox 2073 2469 2160 2516; x_wconf 91' lang='lat' dir='ltr'><strong>est</strong></span> <span class='ocrx_word' id='word_1_610' title='bbox 2185 2480 2197 2515; x_wconf 90' lang='lat'>:</span> <span class='ocrx_word' id='word_1_611' title='bbox 2224 2459 2431 2514; x_wconf 85' lang='lat' dir='ltr'><strong>Dedisti</strong></span> <span class='ocrx_word' id='word_1_612' title='bbox 2456 2473 2549 2512; x_wconf 89' lang='lat' dir='ltr'><strong>nos</strong></span> <span class='ocrx_word' id='word_1_613' title='bbox 2570 2457 2626 2510; x_wconf 88' lang='lat' dir='ltr'><strong>in</strong></span> <span class='ocrx_word' id='word_1_614' title='bbox 2647 2452 3057 2510; x_wconf 82' lang='lat' dir='ltr'><strong>similitudinem</strong></span> <span class='ocrx_word' id='word_1_615' title='bbox 3079 2449 3344 2522; x_wconf 85' lang='lat' dir='ltr'><strong>gentibus;</strong></span> <span class='ocrx_word' id='word_1_616' title='bbox 3363 2461 3511 2500; x_wconf 84' lang='lat' dir='ltr'><strong>cont-</strong></span> 
     </span>
    </p>
   </div>
   <div class='ocr_carea' id='block_1_85' title="bbox 1900 2532 3510 2621">
    <p class='ocr_par' dir='ltr' id='par_1_85' title="bbox 1900 2532 3510 2621">
     <span class='ocr_line' id='line_1_85' title="bbox 1900 2532 3510 2621; baseline -0.012 -14"><span class='ocrx_word' id='word_1_617' title='bbox 1900 2553 2186 2607; x_wconf 86' lang='lat' dir='ltr'><strong>motionem</strong></span> <span class='ocrx_word' id='word_1_618' title='bbox 2228 2549 2419 2621; x_wconf 80' lang='lat' dir='ltr'><strong>capitis</strong></span> <span class='ocrx_word' id='word_1_619' title='bbox 2454 2548 2512 2602; x_wconf 92' lang='lat' dir='ltr'><strong>in</strong></span> <span class='ocrx_word' id='word_1_620' title='bbox 2544 2544 2753 2618; x_wconf 86' lang='lat' dir='ltr'><strong>populis</strong></span> <span class='ocrx_word' id='word_1_621' title='bbox 2786 2541 2961 2615; x_wconf 84' lang='lat' dir='ltr'><strong>(Psal.</strong></span> <span class='ocrx_word' id='word_1_622' title='bbox 2995 2539 3176 2611; x_wconf 75' lang='lat' dir='ltr'><strong>mn).</strong></span> <span class='ocrx_word' id='word_1_623' title='bbox 3210 2536 3317 2606; x_wconf 93' lang='lat' dir='ltr'><strong>Qui</strong></span> <span class='ocrx_word' id='word_1_624' title='bbox 3349 2532 3510 2607; x_wconf 82' lang='lat' dir='ltr'><strong>quasi</strong></span> 
     </span>
    </p>
   </div>
   <div class='ocr_carea' id='block_1_86' title="bbox 1899 2627 3514 2718">
    <p class='ocr_par' dir='ltr' id='par_1_86' title="bbox 1899 2627 3514 2718">
     <span class='ocr_line' id='line_1_86' title="bbox 1899 2627 3514 2718; baseline -0.012 -15"><span class='ocrx_word' id='word_1_625' title='bbox 1899 2661 2028 2704; x_wconf 88' lang='lat' dir='ltr'><strong>cum</strong></span> <span class='ocrx_word' id='word_1_626' title='bbox 2053 2644 2241 2718; x_wconf 88' lang='lat' dir='ltr'><strong>gentili</strong></span> <span class='ocrx_word' id='word_1_627' title='bbox 2263 2643 2464 2714; x_wconf 92' lang='lat' dir='ltr'><strong>populo</strong></span> <span class='ocrx_word' id='word_1_628' title='bbox 2484 2641 2540 2696; x_wconf 91' lang='lat' dir='ltr'><strong>in</strong></span> <span class='ocrx_word' id='word_1_629' title='bbox 2555 2639 2800 2695; x_wconf 66' lang='lat' dir='ltr'><strong>Iudaeam</strong></span> <span class='ocrx_word' id='word_1_630' title='bbox 2821 2635 3050 2692; x_wconf 89' lang='lat' dir='ltr'><strong>veniens</strong></span> <span class='ocrx_word' id='word_1_631' title='bbox 3069 2634 3137 2691; x_wconf 91' lang='lat' dir='ltr'><strong>ad</strong></span> <span class='ocrx_word' id='word_1_632' title='bbox 3157 2633 3382 2689; x_wconf 89' lang='lat' dir='ltr'><strong>domum</strong></span> <span class='ocrx_word' id='word_1_633' title='bbox 3399 2627 3514 2718; x_wconf 87' lang='lat' dir='ltr'><strong>Eli-</strong></span> 
     </span>
    </p>
   </div>
   <div class='ocr_carea' id='block_1_87' title="bbox 1902 2717 3510 2808">
    <p class='ocr_par' dir='ltr' id='par_1_87' title="bbox 1902 2717 3510 2808">
     <span class='ocr_line' id='line_1_87' title="bbox 1902 2717 3510 2808; baseline -0.016 -12"><span class='ocrx_word' id='word_1_634' title='bbox 1902 2739 2020 2806; x_wconf 74' lang='lat' dir='ltr'><strong>saei,</strong></span> <span class='ocrx_word' id='word_1_635' title='bbox 2056 2717 2360 2795; x_wconf 86' lang='lat' dir='ltr'><strong>secundum</strong></span> <span class='ocrx_word' id='word_1_636' title='bbox 2389 2734 2565 2808; x_wconf 89' lang='lat' dir='ltr'><strong>legem</strong></span> <span class='ocrx_word' id='word_1_637' title='bbox 2592 2731 2765 2803; x_wconf 81' lang='lat' dir='ltr'><strong>Moysi</strong></span> <span class='ocrx_word' id='word_1_638' title='bbox 2805 2729 3014 2786; x_wconf 92' lang='lat' dir='ltr'><strong>cultum</strong></span> <span class='ocrx_word' id='word_1_639' title='bbox 3044 2731 3362 2783; x_wconf 89' lang='lat' dir='ltr'><strong>servaverat</strong></span> <span class='ocrx_word' id='word_1_640' title='bbox 3391 2717 3510 2785; x_wconf 92' lang='lat' dir='ltr'><strong>Dei,</strong></span> 
     </span>
    </p>
   </div>
   <div class='ocr_carea' id='block_1_88' title="bbox 1901 2811 3516 2902">
    <p class='ocr_par' dir='ltr' id='par_1_88' title="bbox 1901 2811 3516 2902">
     <span class='ocr_line' id='line_1_88' title="bbox 1901 2811 3516 2902; baseline -0.015 -12"><span class='ocrx_word' id='word_1_641' title='bbox 1901 2849 1974 2890; x_wconf 91' lang='lat' dir='ltr'><strong>ne</strong></span> <span class='ocrx_word' id='word_1_642' title='bbox 2003 2833 2062 2888; x_wconf 90' lang='lat' dir='ltr'><strong>in</strong></span> <span class='ocrx_word' id='word_1_643' title='bbox 2087 2827 2527 2902; x_wconf 85' lang='lat' dir='ltr'><strong>transgressione</strong></span> <span class='ocrx_word' id='word_1_644' title='bbox 2551 2825 2717 2882; x_wconf 92' lang='lat' dir='ltr'><strong>unius</strong></span> <span class='ocrx_word' id='word_1_645' title='bbox 2742 2821 3008 2889; x_wconf 89' lang='lat' dir='ltr'><strong>mandati,</strong></span> <span class='ocrx_word' id='word_1_646' title='bbox 3033 2834 3219 2876; x_wconf 87' lang='lat' dir='ltr'><strong>coram</strong></span> <span class='ocrx_word' id='word_1_647' title='bbox 3243 2815 3419 2872; x_wconf 92' lang='lat' dir='ltr'><strong>oculis</strong></span> <span class='ocrx_word' id='word_1_648' title='bbox 3447 2811 3516 2867; x_wconf 90' lang='lat' dir='ltr'><strong>il-</strong></span> 
     </span>
    </p>
   </div>
   <div class='ocr_carea' id='block_1_89' title="bbox 1902 2903 3509 2992">
    <p class='ocr_par' dir='ltr' id='par_1_89' title="bbox 1902 2903 3509 2992">
     <span class='ocr_line' id='line_1_89' title="bbox 1902 2903 3509 2992; baseline -0.016 -10"><span class='ocrx_word' id='word_1_649' title='bbox 1902 2925 2012 2983; x_wconf 91' lang='lat' dir='ltr'><strong>lius</strong></span> <span class='ocrx_word' id='word_1_650' title='bbox 2039 2924 2195 2980; x_wconf 91' lang='lat' dir='ltr'><strong>ﬁeret</strong></span> <span class='ocrx_word' id='word_1_651' title='bbox 2215 2921 2463 2978; x_wconf 91' lang='lat' dir='ltr'><strong>omnium</strong></span> <span class='ocrx_word' id='word_1_652' title='bbox 2487 2933 2636 2985; x_wconf 87' lang='lat' dir='ltr'><strong>reus,</strong></span> <span class='ocrx_word' id='word_1_653' title='bbox 2660 2916 2727 2973; x_wconf 92' lang='lat' dir='ltr'><strong>de</strong></span> <span class='ocrx_word' id='word_1_654' title='bbox 2749 2931 2862 2988; x_wconf 90' lang='lat' dir='ltr'><strong>quo</strong></span> <span class='ocrx_word' id='word_1_655' title='bbox 2881 2913 3147 2984; x_wconf 83' lang='lat' dir='ltr'><strong>scriptum</strong></span> <span class='ocrx_word' id='word_1_656' title='bbox 3169 2917 3256 2965; x_wconf 89' lang='lat' dir='ltr'><strong>est</strong></span> <span class='ocrx_word' id='word_1_657' title='bbox 3280 2927 3292 2962; x_wconf 94' lang='lat'>:</span> <span class='ocrx_word' id='word_1_658' title='bbox 3318 2903 3509 2992; x_wconf 60' lang='lat' dir='ltr'><strong>illotus</strong></span> 
     </span>
    </p>
   </div>
   <div class='ocr_carea' id='block_1_90' title="bbox 1904 2995 3513 3085">
    <p class='ocr_par' dir='ltr' id='par_1_90' title="bbox 1904 2995 3513 3085">
     <span class='ocr_line' id='line_1_90' title="bbox 1904 2995 3513 3085; baseline -0.014 -11"><span class='ocrx_word' id='word_1_659' title='bbox 1904 3019 1963 3074; x_wconf 88' lang='lat' dir='ltr'><strong>in</strong></span> <span class='ocrx_word' id='word_1_660' title='bbox 1988 3016 2183 3072; x_wconf 65' lang='lat' dir='ltr'><strong>Iudaea</strong></span> <span class='ocrx_word' id='word_1_661' title='bbox 2206 3013 2348 3068; x_wconf 89' lang='lat' dir='ltr'><strong>Deus</strong></span> <span class='ocrx_word' id='word_1_662' title='bbox 2379 3011 2556 3085; x_wconf 87' lang='lat' dir='ltr'><strong>(Psal.</strong></span> <span class='ocrx_word' id='word_1_663' title='bbox 2597 3008 2784 3080; x_wconf 83' lang='lat' dir='ltr'><strong>Lx-xv).</strong></span> <span class='ocrx_word' id='word_1_664' title='bbox 2829 3007 2958 3075; x_wconf 85' lang='lat' dir='ltr'><strong>Sed,</strong></span> <span class='ocrx_word' id='word_1_665' title='bbox 2981 3006 3112 3077; x_wconf 87' lang='lat' dir='ltr'><strong>quia</strong></span> <span class='ocrx_word' id='word_1_666' title='bbox 3141 3015 3344 3058; x_wconf 87' lang='lat' dir='ltr'><strong>nomen</strong></span> <span class='ocrx_word' id='word_1_667' title='bbox 3363 2995 3513 3052; x_wconf 84' lang='lat' dir='ltr'><strong>Naa-</strong></span> 
     </span>
    </p>
   </div>
   <div class='ocr_carea' id='block_1_91' title="bbox 1905 3089 3514 3175">
    <p class='ocr_par' dir='ltr' id='par_1_91' title="bbox 1905 3089 3514 3175">
     <span class='ocr_line' id='line_1_91' title="bbox 1905 3089 3514 3175; baseline -0.014 -9"><span class='ocrx_word' id='word_1_668' title='bbox 1905 3125 2035 3166; x_wconf 86' lang='lat' dir='ltr'><strong>man</strong></span> <span class='ocrx_word' id='word_1_669' title='bbox 2082 3105 2366 3164; x_wconf 89' lang='lat' dir='ltr'><strong>moraliter</strong></span> <span class='ocrx_word' id='word_1_670' title='bbox 2413 3103 2816 3175; x_wconf 85' lang='lat' dir='ltr'><strong>expressimus;</strong></span> <span class='ocrx_word' id='word_1_671' title='bbox 2873 3101 2948 3155; x_wconf 92' lang='lat' dir='ltr'><strong>ita</strong></span> <span class='ocrx_word' id='word_1_672' title='bbox 3003 3112 3105 3170; x_wconf 92' lang='lat' dir='ltr'><strong>pro</strong></span> <span class='ocrx_word' id='word_1_673' title='bbox 3153 3089 3514 3167; x_wconf 80' lang='lat' dir='ltr'><strong>exprimendo</strong></span> 
     </span>
    </p>
   </div>
   <div class='ocr_carea' id='block_1_92' title="bbox 1903 3185 3506 3266">
    <p class='ocr_par' dir='ltr' id='par_1_92' title="bbox 1903 3185 3506 3266">
     <span class='ocr_line' id='line_1_92' title="bbox 1903 3185 3506 3266; baseline -0.013 -8"><span class='ocrx_word' id='word_1_674' title='bbox 1903 3199 2250 3259; x_wconf 90' lang='lat' dir='ltr'><strong>Constantini</strong></span> <span class='ocrx_word' id='word_1_675' title='bbox 2275 3196 2497 3253; x_wconf 90' lang='lat' dir='ltr'><strong>nomine</strong></span> <span class='ocrx_word' id='word_1_676' title='bbox 2517 3195 2642 3251; x_wconf 88' lang='lat' dir='ltr'><strong>aliis</strong></span> <span class='ocrx_word' id='word_1_677' title='bbox 2664 3190 3070 3266; x_wconf 89' lang='lat' dir='ltr'><strong>procedendum</strong></span> <span class='ocrx_word' id='word_1_678' title='bbox 3098 3195 3182 3244; x_wconf 90' lang='lat' dir='ltr'><strong>est</strong></span> <span class='ocrx_word' id='word_1_679' title='bbox 3202 3185 3506 3258; x_wconf 82' lang='lat' dir='ltr'><strong>gressibus;</strong></span> 
     </span>
    </p>
   </div>
   <div class='ocr_carea' id='block_1_93' title="bbox 1903 3273 3514 3360">
    <p class='ocr_par' dir='ltr' id='par_1_93' title="bbox 1903 3273 3514 3360">
     <span class='ocr_line' id='line_1_93' title="bbox 1903 3273 3514 3360; baseline -0.014 -12"><span class='ocrx_word' id='word_1_680' title='bbox 1903 3301 1984 3360; x_wconf 90' lang='lat' dir='ltr'><strong>ut,</strong></span> <span class='ocrx_word' id='word_1_681' title='bbox 2023 3291 2070 3347; x_wconf 91' lang='lat' dir='ltr'><strong>si</strong></span> <span class='ocrx_word' id='word_1_682' title='bbox 2103 3306 2137 3346; x_wconf 90' lang='lat' dir='ltr'><strong>a</strong></span> <span class='ocrx_word' id='word_1_683' title='bbox 2165 3288 2327 3346; x_wconf 90' lang='lat' dir='ltr'><strong>nobis</strong></span> <span class='ocrx_word' id='word_1_684' title='bbox 2357 3286 2588 3358; x_wconf 79' lang='lat' dir='ltr'><strong>exprimi</strong></span> <span class='ocrx_word' id='word_1_685' title='bbox 2629 3299 2742 3340; x_wconf 93' lang='lat' dir='ltr'><strong>non</strong></span> <span class='ocrx_word' id='word_1_686' title='bbox 2771 3289 2955 3356; x_wconf 88' lang='lat' dir='ltr'><strong>p0test</strong></span> <span class='ocrx_word' id='word_1_687' title='bbox 2978 3277 3290 3350; x_wconf 88' lang='lat' dir='ltr'><strong>allegorice,</strong></span> <span class='ocrx_word' id='word_1_688' title='bbox 3319 3273 3514 3330; x_wconf 90' lang='lat' dir='ltr'><strong>saltem</strong></span> 
     </span>
    </p>
   </div>
   <div class='ocr_carea' id='block_1_94' title="bbox 1903 3361 3518 3456">
    <p class='ocr_par' dir='ltr' id='par_1_94' title="bbox 1903 3361 3518 3456">
     <span class='ocr_line' id='line_1_94' title="bbox 1903 3361 3518 3456; baseline -0.014 -16"><span class='ocrx_word' id='word_1_689' title='bbox 1903 3382 2142 3456; x_wconf 86' lang='lat' dir='ltr'><strong>quadarn</strong></span> <span class='ocrx_word' id='word_1_690' title='bbox 2197 3377 2558 3436; x_wconf 89' lang='lat' dir='ltr'><strong>similitudine</strong></span> <span class='ocrx_word' id='word_1_691' title='bbox 2614 3374 2955 3446; x_wconf 87' lang='lat' dir='ltr'><strong>exprimatur</strong></span> <span class='ocrx_word' id='word_1_692' title='bbox 3013 3365 3297 3427; x_wconf 89' lang='lat' dir='ltr'><strong>historice.</strong></span> <span class='ocrx_word' id='word_1_693' title='bbox 3361 3361 3518 3456; x_wconf 82' lang='lat' dir='ltr'><strong>Sicut</strong></span> 
     </span>
    </p>
   </div>
   <div class='ocr_carea' id='block_1_95' title="bbox 1904 3451 3512 3542">
    <p class='ocr_par' dir='ltr' id='par_1_95' title="bbox 1904 3451 3512 3542">
     <span class='ocr_line' id='line_1_95' title="bbox 1904 3451 3512 3542; baseline -0.016 -11"><span class='ocrx_word' id='word_1_694' title='bbox 1904 3451 2053 3532; x_wconf 77' lang='lat' dir='ltr'><strong>enim</strong></span> <span class='ocrx_word' id='word_1_695' title='bbox 2087 3488 2156 3528; x_wconf 80' lang='lat' dir='ltr'><strong>ex</strong></span> <span class='ocrx_word' id='word_1_696' title='bbox 2184 3469 2586 3542; x_wconf 89' lang='lat' dir='ltr'><strong>longinquitate</strong></span> <span class='ocrx_word' id='word_1_697' title='bbox 2613 3467 2815 3523; x_wconf 92' lang='lat' dir='ltr'><strong>dicitur</strong></span> <span class='ocrx_word' id='word_1_698' title='bbox 2843 3462 3202 3535; x_wconf 89' lang='lat' dir='ltr'><strong>longinquus,</strong></span> <span class='ocrx_word' id='word_1_699' title='bbox 3238 3466 3294 3512; x_wconf 91' lang='lat' dir='ltr'><strong>et</strong></span> <span class='ocrx_word' id='word_1_700' title='bbox 3324 3469 3392 3510; x_wconf 82' lang='lat' dir='ltr'><strong>ex</strong></span> <span class='ocrx_word' id='word_1_701' title='bbox 3424 3451 3512 3507; x_wconf 91' lang='lat' dir='ltr'><strong>vi-</strong></span> 
     </span>
    </p>
   </div>
   <div class='ocr_carea' id='block_1_96' title="bbox 1905 3548 3516 3633">
    <p class='ocr_par' dir='ltr' id='par_1_96' title="bbox 1905 3548 3516 3633">
     <span class='ocr_line' id='line_1_96' title="bbox 1905 3548 3516 3633; baseline -0.017 -10"><span class='ocrx_word' id='word_1_702' title='bbox 1905 3566 2132 3623; x_wconf 88' lang='lat' dir='ltr'><strong>cinitate</strong></span> <span class='ocrx_word' id='word_1_703' title='bbox 2157 3567 2408 3633; x_wconf 90' lang='lat' dir='ltr'><strong>vicinus;</strong></span> <span class='ocrx_word' id='word_1_704' title='bbox 2442 3563 2525 3620; x_wconf 89' lang='lat' dir='ltr'><strong>sic</strong></span> <span class='ocrx_word' id='word_1_705' title='bbox 2543 3576 2613 3618; x_wconf 83' lang='lat' dir='ltr'><strong>ex</strong></span> <span class='ocrx_word' id='word_1_706' title='bbox 2639 3558 2940 3615; x_wconf 90' lang='lat' dir='ltr'><strong>Constante</strong></span> <span class='ocrx_word' id='word_1_707' title='bbox 2960 3548 3342 3614; x_wconf 89' lang='lat' dir='ltr'><strong>Constantius,</strong></span> <span class='ocrx_word' id='word_1_708' title='bbox 3372 3554 3428 3601; x_wconf 91' lang='lat' dir='ltr'><strong>et</strong></span> <span class='ocrx_word' id='word_1_709' title='bbox 3446 3558 3516 3598; x_wconf 81' lang='lat' dir='ltr'><strong>ex</strong></span> 
     </span>
    </p>
   </div>
   <div class='ocr_carea' id='block_1_97' title="bbox 1903 3637 3517 3717">
    <p class='ocr_par' dir='ltr' id='par_1_97' title="bbox 1903 3637 3517 3717">
     <span class='ocr_line' id='line_1_97' title="bbox 1903 3637 3517 3717; baseline -0.017 0"><span class='ocrx_word' id='word_1_710' title='bbox 1903 3660 2228 3717; x_wconf 89' lang='lat' dir='ltr'><strong>Constantio</strong></span> <span class='ocrx_word' id='word_1_711' title='bbox 2259 3658 2440 3716; x_wconf 91' lang='lat' dir='ltr'><strong>dictus</strong></span> <span class='ocrx_word' id='word_1_712' title='bbox 2480 3663 2566 3713; x_wconf 90' lang='lat' dir='ltr'><strong>est</strong></span> <span class='ocrx_word' id='word_1_713' title='bbox 2592 3650 3021 3715; x_wconf 89' lang='lat' dir='ltr'><strong>Constantinus;</strong></span> <span class='ocrx_word' id='word_1_714' title='bbox 3053 3645 3110 3702; x_wconf 93' lang='lat' dir='ltr'><strong>in</strong></span> <span class='ocrx_word' id='word_1_715' title='bbox 3150 3642 3333 3713; x_wconf 91' lang='lat' dir='ltr'><strong>seipso</strong></span> <span class='ocrx_word' id='word_1_716' title='bbox 3359 3637 3517 3694; x_wconf 87' lang='lat' dir='ltr'><strong>vide-</strong></span> 
     </span>
    </p>
   </div>
   <div class='ocr_carea' id='block_1_98' title="bbox 1904 3737 3518 3825">
    <p class='ocr_par' dir='ltr' id='par_1_98' title="bbox 1904 3737 3518 3825">
     <span class='ocr_line' id='line_1_98' title="bbox 1904 3737 3518 3825; baseline -0.015 -18"><span class='ocrx_word' id='word_1_717' title='bbox 1904 3753 2034 3810; x_wconf 89' lang='lat' dir='ltr'><strong>licet</strong></span> <span class='ocrx_word' id='word_1_718' title='bbox 2058 3752 2231 3825; x_wconf 90' lang='lat' dir='ltr'><strong>patris</strong></span> <span class='ocrx_word' id='word_1_719' title='bbox 2259 3761 2315 3808; x_wconf 88' lang='lat' dir='ltr'><strong>et</strong></span> <span class='ocrx_word' id='word_1_720' title='bbox 2337 3751 2427 3807; x_wconf 90' lang='lat' dir='ltr'><strong>avi</strong></span> <span class='ocrx_word' id='word_1_721' title='bbox 2450 3749 2538 3807; x_wconf 92' lang='lat' dir='ltr'><strong>sui</strong></span> <span class='ocrx_word' id='word_1_722' title='bbox 2570 3744 2938 3804; x_wconf 87' lang='lat' dir='ltr'><strong>constantiam</strong></span> <span class='ocrx_word' id='word_1_723' title='bbox 2961 3753 3084 3797; x_wconf 90' lang='lat' dir='ltr'><strong>esse</strong></span> <span class='ocrx_word' id='word_1_724' title='bbox 3104 3737 3518 3825; x_wconf 83' lang='lat' dir='ltr'><strong>demonstrans,</strong></span> 
     </span>
    </p>
   </div>
   <div class='ocr_carea' id='block_1_99' title="bbox 1905 3821 3518 3917">
    <p class='ocr_par' dir='ltr' id='par_1_99' title="bbox 1905 3821 3518 3917">
     <span class='ocr_line' id='line_1_99' title="bbox 1905 3821 3518 3917; baseline -0.016 -16"><span class='ocrx_word' id='word_1_725' title='bbox 1905 3821 2145 3917; x_wconf 76' lang='lat' dir='ltr'><strong>quorum</strong></span> <span class='ocrx_word' id='word_1_726' title='bbox 2176 3860 2320 3900; x_wconf 91' lang='lat' dir='ltr'><strong>unus</strong></span> <span class='ocrx_word' id='word_1_727' title='bbox 2346 3841 2645 3898; x_wconf 80' lang='lat' dir='ltr'><strong>dicebatur</strong></span> <span class='ocrx_word' id='word_1_728' title='bbox 2687 3852 2812 3895; x_wconf 90' lang='lat' dir='ltr'><strong>esse</strong></span> <span class='ocrx_word' id='word_1_729' title='bbox 2852 3830 3236 3896; x_wconf 91' lang='lat' dir='ltr'><strong>Constantius,</strong></span> <span class='ocrx_word' id='word_1_730' title='bbox 3287 3833 3342 3881; x_wconf 93' lang='lat' dir='ltr'><strong>et</strong></span> <span class='ocrx_word' id='word_1_731' title='bbox 3372 3821 3518 3878; x_wconf 90' lang='lat' dir='ltr'><strong>alius</strong></span> 
     </span>
    </p>
   </div>
   <div class='ocr_carea' id='block_1_100' title="bbox 1905 3918 3522 4008">
    <p class='ocr_par' dir='ltr' id='par_1_100' title="bbox 1905 3918 3522 4008">
     <span class='ocr_line' id='line_1_100' title="bbox 1905 3918 3522 4008; baseline -0.015 -13"><span class='ocrx_word' id='word_1_732' title='bbox 1905 3938 2203 3995; x_wconf 91' lang='lat' dir='ltr'><strong>Constans.</strong></span> <span class='ocrx_word' id='word_1_733' title='bbox 2233 3935 2369 3992; x_wconf 88' lang='lat' dir='ltr'><strong>Tam</strong></span> <span class='ocrx_word' id='word_1_734' title='bbox 2405 3949 2664 4008; x_wconf 86' lang='lat' dir='ltr'><strong>magnam</strong></span> <span class='ocrx_word' id='word_1_735' title='bbox 2694 3930 2898 4004; x_wconf 90' lang='lat' dir='ltr'><strong>quippe</strong></span> <span class='ocrx_word' id='word_1_736' title='bbox 2927 3925 3298 3985; x_wconf 87' lang='lat' dir='ltr'><strong>constantiam</strong></span> <span class='ocrx_word' id='word_1_737' title='bbox 3323 3918 3522 3977; x_wconf 89' lang='lat' dir='ltr'><strong>habuit</strong></span> 
     </span>
    </p>
   </div>
   <div class='ocr_carea' id='block_1_101' title="bbox 1906 4012 3522 4106">
    <p class='ocr_par' dir='ltr' id='par_1_101' title="bbox 1906 4012 3522 4106">
     <span class='ocr_line' id='line_1_101' title="bbox 1906 4012 3522 4106; baseline -0.014 -16"><span class='ocrx_word' id='word_1_738' title='bbox 1906 4050 1976 4089; x_wconf 83' lang='lat' dir='ltr'><strong>ex</strong></span> <span class='ocrx_word' id='word_1_739' title='bbox 2004 4031 2256 4103; x_wconf 86' lang='lat' dir='ltr'><strong>utrisque</strong></span> <span class='ocrx_word' id='word_1_740' title='bbox 2280 4028 2608 4106; x_wconf 89' lang='lat' dir='ltr'><strong>Constantio</strong></span> <span class='ocrx_word' id='word_1_741' title='bbox 2634 4036 2689 4082; x_wconf 92' lang='lat' dir='ltr'><strong>et</strong></span> <span class='ocrx_word' id='word_1_742' title='bbox 2717 4024 3040 4090; x_wconf 85' lang='lat' dir='ltr'><strong>Constante,</strong></span> <span class='ocrx_word' id='word_1_743' title='bbox 3063 4028 3127 4076; x_wconf 90' lang='lat' dir='ltr'><strong>ut</strong></span> <span class='ocrx_word' id='word_1_744' title='bbox 3154 4017 3376 4091; x_wconf 85' lang='lat' dir='ltr'><strong>clypeus</strong></span> <span class='ocrx_word' id='word_1_745' title='bbox 3398 4012 3522 4084; x_wconf 85' lang='lat' dir='ltr'><strong>ejus</strong></span> 
     </span>
    </p>
   </div>
   <div class='ocr_carea' id='block_1_102' title="bbox 1907 4111 3523 4196">
    <p class='ocr_par' dir='ltr' id='par_1_102' title="bbox 1907 4111 3523 4196">
     <span class='ocr_line' id='line_1_102' title="bbox 1907 4111 3523 4196; baseline -0.013 -16"><span class='ocrx_word' id='word_1_746' title='bbox 1907 4127 1965 4181; x_wconf 93' lang='lat' dir='ltr'><strong>in</strong></span> <span class='ocrx_word' id='word_1_747' title='bbox 1992 4125 2137 4182; x_wconf 90' lang='lat' dir='ltr'><strong>bello</strong></span> <span class='ocrx_word' id='word_1_748' title='bbox 2179 4138 2465 4196; x_wconf 90' lang='lat' dir='ltr'><strong>nunquam</strong></span> <span class='ocrx_word' id='word_1_749' title='bbox 2505 4120 2808 4188; x_wconf 87' lang='lat' dir='ltr'><strong>declinaret</strong></span> <span class='ocrx_word' id='word_1_750' title='bbox 2838 4124 3011 4184; x_wconf 88' lang='lat' dir='ltr'><strong>retro,</strong></span> <span class='ocrx_word' id='word_1_751' title='bbox 3058 4111 3155 4168; x_wconf 89' lang='lat' dir='ltr'><strong>sed</strong></span> <span class='ocrx_word' id='word_1_752' title='bbox 3185 4116 3332 4177; x_wconf 90' lang='lat' dir='ltr'><strong>ante,</strong></span> <span class='ocrx_word' id='word_1_753' title='bbox 3365 4111 3523 4161; x_wconf 83' lang='lat' dir='ltr'><strong>tanta</strong></span> 
     </span>
    </p>
   </div>
   <div class='ocr_carea' id='block_1_103' title="bbox 1905 4196 3523 4274">
    <p class='ocr_par' dir='ltr' id='par_1_103' title="bbox 1905 4196 3523 4274">
     <span class='ocr_line' id='line_1_103' title="bbox 1905 4196 3523 4274; baseline -0.014 0"><span class='ocrx_word' id='word_1_754' title='bbox 1905 4217 2162 4274; x_wconf 90' lang='lat' dir='ltr'><strong>videlicet</strong></span> <span class='ocrx_word' id='word_1_755' title='bbox 2189 4215 2359 4274; x_wconf 87' lang='lat' dir='ltr'><strong>animi</strong></span> <span class='ocrx_word' id='word_1_756' title='bbox 2387 4213 2699 4271; x_wconf 89' lang='lat' dir='ltr'><strong>constantia</strong></span> <span class='ocrx_word' id='word_1_757' title='bbox 2727 4207 2940 4266; x_wconf 92' lang='lat' dir='ltr'><strong>inimici</strong></span> <span class='ocrx_word' id='word_1_758' title='bbox 2974 4196 3193 4262; x_wconf 86' lang='lat' dir='ltr'><strong>timoris</strong></span> <span class='ocrx_word' id='word_1_759' title='bbox 3233 4198 3523 4257; x_wconf 83' lang='lat' dir='ltr'><strong>invasione</strong></span> 
     </span>
    </p>
   </div>
   <div class='ocr_carea' id='block_1_104' title="bbox 1908 4292 3523 4377">
    <p class='ocr_par' dir='ltr' id='par_1_104' title="bbox 1908 4292 3523 4377">
     <span class='ocr_line' id='line_1_104' title="bbox 1908 4292 3523 4377; baseline -0.012 -12"><span class='ocrx_word' id='word_1_760' title='bbox 1908 4310 2146 4377; x_wconf 89' lang='lat' dir='ltr'><strong>detersa,</strong></span> <span class='ocrx_word' id='word_1_761' title='bbox 2177 4316 2238 4362; x_wconf 96' lang='lat' dir='ltr'><strong>ut</strong></span> <span class='ocrx_word' id='word_1_762' title='bbox 2262 4307 2423 4362; x_wconf 90' lang='lat' dir='ltr'><strong>hasta</strong></span> <span class='ocrx_word' id='word_1_763' title='bbox 2462 4305 2582 4376; x_wconf 87' lang='lat' dir='ltr'><strong>ejus</strong></span> <span class='ocrx_word' id='word_1_764' title='bbox 2608 4304 2665 4359; x_wconf 92' lang='lat' dir='ltr'><strong>in</strong></span> <span class='ocrx_word' id='word_1_765' title='bbox 2688 4302 2879 4375; x_wconf 60' lang='lat' dir='ltr'><strong>praelia</strong></span> <span class='ocrx_word' id='word_1_766' title='bbox 2914 4311 3202 4370; x_wconf 89' lang='lat' dir='ltr'><strong>nunquam</strong></span> <span class='ocrx_word' id='word_1_767' title='bbox 3237 4292 3523 4350; x_wconf 85' lang='lat' dir='ltr'><strong>videretur</strong></span> 
     </span>
    </p>
   </div>
   <div class='ocr_carea' id='block_1_105' title="bbox 1909 4387 3519 4467">
    <p class='ocr_par' dir='ltr' id='par_1_105' title="bbox 1909 4387 3519 4467">
     <span class='ocr_line' id='line_1_105' title="bbox 1909 4387 3519 4467; baseline -0.012 -9"><span class='ocrx_word' id='word_1_768' title='bbox 1909 4419 2123 4459; x_wconf 89' lang='lat' dir='ltr'><strong>aversa.</strong></span> <span class='ocrx_word' id='word_1_769' title='bbox 2162 4399 2337 4467; x_wconf 90' lang='lat' dir='ltr'><strong>Unde,</strong></span> <span class='ocrx_word' id='word_1_770' title='bbox 2377 4399 2504 4455; x_wconf 89' lang='lat' dir='ltr'><strong>licet</strong></span> <span class='ocrx_word' id='word_1_771' title='bbox 2537 4397 2728 4453; x_wconf 92' lang='lat' dir='ltr'><strong>eadem</strong></span> <span class='ocrx_word' id='word_1_772' title='bbox 2759 4393 3128 4452; x_wconf 91' lang='lat' dir='ltr'><strong>declinatione</strong></span> <span class='ocrx_word' id='word_1_773' title='bbox 3155 4405 3187 4445; x_wconf 91' lang='lat' dir='ltr'><strong>e</strong></span> <span class='ocrx_word' id='word_1_774' title='bbox 3215 4387 3519 4444; x_wconf 86' lang='lat' dir='ltr'><strong>Constante</strong></span> 
     </span>
    </p>
   </div>
   <div class='ocr_carea' id='block_1_106' title="bbox 1909 4479 3520 4561">
    <p class='ocr_par' dir='ltr' id='par_1_106' title="bbox 1909 4479 3520 4561">
     <span class='ocr_line' id='line_1_106' title="bbox 1909 4479 3520 4561; baseline -0.014 -7"><span class='ocrx_word' id='word_1_775' title='bbox 1909 4496 2290 4561; x_wconf 89' lang='lat' dir='ltr'><strong>Constantius,</strong></span> <span class='ocrx_word' id='word_1_776' title='bbox 2317 4501 2372 4548; x_wconf 90' lang='lat' dir='ltr'><strong>et</strong></span> <span class='ocrx_word' id='word_1_777' title='bbox 2392 4508 2423 4546; x_wconf 92' lang='lat' dir='ltr'><strong>a</strong></span> <span class='ocrx_word' id='word_1_778' title='bbox 2446 4487 2768 4546; x_wconf 91' lang='lat' dir='ltr'><strong>Constantio</strong></span> <span class='ocrx_word' id='word_1_779' title='bbox 2788 4487 3067 4542; x_wconf 91' lang='lat' dir='ltr'><strong>derivetur</strong></span> <span class='ocrx_word' id='word_1_780' title='bbox 3092 4479 3520 4544; x_wconf 90' lang='lat' dir='ltr'><strong>Constantinus,</strong></span> 
     </span>
    </p>
   </div>
   <div class='ocr_carea' id='block_1_107' title="bbox 1913 4570 3526 4664">
    <p class='ocr_par' dir='ltr' id='par_1_107' title="bbox 1913 4570 3526 4664">
     <span class='ocr_line' id='line_1_107' title="bbox 1913 4570 3526 4664; baseline -0.014 -17"><span class='ocrx_word' id='word_1_781' title='bbox 1913 4608 2024 4664; x_wconf 92' lang='lat' dir='ltr'><strong>qua</strong></span> <span class='ocrx_word' id='word_1_782' title='bbox 2061 4590 2132 4644; x_wconf 90' lang='lat' dir='ltr'><strong>ab</strong></span> <span class='ocrx_word' id='word_1_783' title='bbox 2159 4585 2504 4643; x_wconf 88' lang='lat' dir='ltr'><strong>humanitate</strong></span> <span class='ocrx_word' id='word_1_784' title='bbox 2540 4583 2820 4639; x_wconf 89' lang='lat' dir='ltr'><strong>derivatur</strong></span> <span class='ocrx_word' id='word_1_785' title='bbox 2847 4580 3146 4644; x_wconf 86' lang='lat' dir='ltr'><strong>humanus,</strong></span> <span class='ocrx_word' id='word_1_786' title='bbox 3174 4583 3229 4630; x_wconf 90' lang='lat' dir='ltr'><strong>et</strong></span> <span class='ocrx_word' id='word_1_787' title='bbox 3259 4589 3292 4629; x_wconf 93' lang='lat' dir='ltr'><strong>a</strong></span> <span class='ocrx_word' id='word_1_788' title='bbox 3321 4570 3526 4628; x_wconf 87' lang='lat' dir='ltr'><strong>divini-</strong></span> 
     </span>
    </p>
   </div>
   <div class='ocr_carea' id='block_1_108' title="bbox 1868 4661 3525 4747">
    <p class='ocr_par' dir='ltr' id='par_1_108' title="bbox 1868 4661 3525 4747">
     <span class='ocr_line' id='line_1_108' title="bbox 1868 4661 3525 4747; baseline -0.014 -8"><span class='ocrx_word' id='word_1_789' title='bbox 1868 4733 1874 4738; x_wconf 91' lang='lat'><strong>.</strong></span> <span class='ocrx_word' id='word_1_790' title='bbox 1912 4661 2024 4739; x_wconf 77' lang='lat' dir='ltr'><strong>tate</strong></span> <span class='ocrx_word' id='word_1_791' title='bbox 2062 4682 2316 4747; x_wconf 88' lang='lat' dir='ltr'><strong>divinus,</strong></span> <span class='ocrx_word' id='word_1_792' title='bbox 2349 4675 2756 4734; x_wconf 78' lang='lat' dir='ltr'><strong>Constantinus</strong></span> <span class='ocrx_word' id='word_1_793' title='bbox 2781 4682 2967 4729; x_wconf 90' lang='lat' dir='ltr'><strong>tamen</strong></span> <span class='ocrx_word' id='word_1_794' title='bbox 3005 4684 3106 4741; x_wconf 91' lang='lat' dir='ltr'><strong>pro</strong></span> <span class='ocrx_word' id='word_1_795' title='bbox 3142 4666 3388 4723; x_wconf 90' lang='lat' dir='ltr'><strong>Ecclesia</strong></span> <span class='ocrx_word' id='word_1_796' title='bbox 3426 4661 3525 4717; x_wconf 89' lang='lat' dir='ltr'><strong>Dei</strong></span> 
     </span>
    </p>
   </div>
   <div class='ocr_carea' id='block_1_109' title="bbox 1867 4753 3521 4845">
    <p class='ocr_par' dir='ltr' id='par_1_109' title="bbox 1867 4753 3521 4845">
     <span class='ocr_line' id='line_1_109' title="bbox 1867 4753 3521 4845; baseline -0.015 -15"><span class='ocrx_word' id='word_1_797' title='bbox 1867 4827 1872 4830; x_wconf 89' lang='lat'><strong>.</strong></span> <span class='ocrx_word' id='word_1_798' title='bbox 1914 4789 2131 4845; x_wconf 86' lang='lat' dir='ltr'><strong>semper</strong></span> <span class='ocrx_word' id='word_1_799' title='bbox 2150 4771 2407 4827; x_wconf 91' lang='lat' dir='ltr'><strong>laborare</strong></span> <span class='ocrx_word' id='word_1_800' title='bbox 2430 4767 2640 4824; x_wconf 90' lang='lat' dir='ltr'><strong>solebat</strong></span> <span class='ocrx_word' id='word_1_801' title='bbox 2664 4762 3057 4831; x_wconf 89' lang='lat' dir='ltr'><strong>abundantius,</strong></span> <span class='ocrx_word' id='word_1_802' title='bbox 3085 4773 3252 4832; x_wconf 90' lang='lat' dir='ltr'><strong>quam</strong></span> <span class='ocrx_word' id='word_1_803' title='bbox 3286 4765 3412 4813; x_wconf 88' lang='lat' dir='ltr'><strong>ante</strong></span> <span class='ocrx_word' id='word_1_804' title='bbox 3435 4753 3521 4824; x_wconf 92' lang='lat' dir='ltr'><strong>ip-</strong></span> 
     </span>
    </p>
   </div>
   <div class='ocr_carea' id='block_1_110' title="bbox 1915 4847 3579 4940">
    <p class='ocr_par' dir='ltr' id='par_1_110' title="bbox 1915 4847 3579 4940">
     <span class='ocr_line' id='line_1_110' title="bbox 1915 4847 3579 4940; baseline -0.016 -14"><span class='ocrx_word' id='word_1_805' title='bbox 1915 4886 2040 4927; x_wconf 92' lang='lat' dir='ltr'><strong>sum</strong></span> <span class='ocrx_word' id='word_1_806' title='bbox 2082 4879 2328 4940; x_wconf 90' lang='lat' dir='ltr'><strong>unquam</strong></span> <span class='ocrx_word' id='word_1_807' title='bbox 2374 4861 2652 4919; x_wconf 89' lang='lat' dir='ltr'><strong>Constans</strong></span> <span class='ocrx_word' id='word_1_808' title='bbox 2689 4859 2965 4914; x_wconf 89' lang='lat' dir='ltr'><strong>laboraret</strong></span> <span class='ocrx_word' id='word_1_809' title='bbox 3004 4861 3102 4911; x_wconf 92' lang='lat' dir='ltr'><strong>aut</strong></span> <span class='ocrx_word' id='word_1_810' title='bbox 3140 4847 3522 4910; x_wconf 85' lang='lat' dir='ltr'><strong>Constantius.</strong></span> <span class='ocrx_word' id='word_1_811' title='bbox 3561 4893 3579 4940; x_wconf 37' lang='grc' dir='ltr'><em>λ</em></span> 
     </span>
    </p>
   </div>
   <div class='ocr_carea' id='block_1_111' title="bbox 1914 4919 3580 5031">
    <p class='ocr_par' dir='ltr' id='par_1_111' title="bbox 1914 4919 3580 5031">
     <span class='ocr_line' id='line_1_111' title="bbox 1914 4919 3580 5031; baseline -0.017 -11"><span class='ocrx_word' id='word_1_812' title='bbox 1914 4961 2048 5019; x_wconf 90' lang='lat' dir='ltr'><strong>Post</strong></span> <span class='ocrx_word' id='word_1_813' title='bbox 2074 4919 2367 5018; x_wconf 68' lang='lat' dir='ltr'><strong>sanitatem</strong></span> <span class='ocrx_word' id='word_1_814' title='bbox 2391 4955 2592 5028; x_wconf 90' lang='lat' dir='ltr'><strong>quippe</strong></span> <span class='ocrx_word' id='word_1_815' title='bbox 2615 4959 2910 5025; x_wconf 88' lang='lat' dir='ltr'><strong>receptam,</strong></span> <span class='ocrx_word' id='word_1_816' title='bbox 2934 4946 3187 5004; x_wconf 91' lang='lat' dir='ltr'><strong>eumdem</strong></span> <span class='ocrx_word' id='word_1_817' title='bbox 3213 4943 3387 4999; x_wconf 91' lang='lat' dir='ltr'><strong>Deum</strong></span> <span class='ocrx_word' id='word_1_818' title='bbox 3407 4951 3524 4993; x_wconf 77' lang='lat' dir='ltr'><strong>ete-</strong></span> <span class='ocrx_word' id='word_1_819' title='bbox 3558 4919 3580 5031; x_wconf 66' lang='grc' dir='ltr'><strong>ξ</strong></span> 
     </span>
    </p>
   </div>
   <div class='ocr_carea' id='block_1_112' title="bbox 1915 5032 3578 5132">
    <p class='ocr_par' dir='ltr' id='par_1_112' title="bbox 1915 5032 3578 5132">
     <span class='ocr_line' id='line_1_112' title="bbox 1915 5032 3578 5132; baseline -0.017 -17"><span class='ocrx_word' id='word_1_820' title='bbox 1915 5061 1996 5132; x_wconf 90' lang='lat' dir='ltr'><strong>pit</strong></span> <span class='ocrx_word' id='word_1_821' title='bbox 2037 5059 2268 5114; x_wconf 90' lang='lat' dir='ltr'><strong>adorare</strong></span> <span class='ocrx_word' id='word_1_822' title='bbox 2311 5068 2439 5111; x_wconf 90' lang='lat' dir='ltr'><strong>cum</strong></span> <span class='ocrx_word' id='word_1_823' title='bbox 2478 5048 2748 5116; x_wconf 88' lang='lat' dir='ltr'><strong>Naaman,</strong></span> <span class='ocrx_word' id='word_1_824' title='bbox 2776 5060 2942 5118; x_wconf 90' lang='lat' dir='ltr'><strong>quem</strong></span> <span class='ocrx_word' id='word_1_825' title='bbox 2977 5051 3104 5099; x_wconf 90' lang='lat' dir='ltr'><strong>ante</strong></span> <span class='ocrx_word' id='word_1_826' title='bbox 3145 5053 3206 5096; x_wconf 88' lang='lat' dir='ltr'><strong>se</strong></span> <span class='ocrx_word' id='word_1_827' title='bbox 3239 5032 3526 5108; x_wconf 80' lang='lat' dir='ltr'><strong>quondam</strong></span> <span class='ocrx_word' id='word_1_828' title='bbox 3573 5092 3578 5116; x_wconf 29' lang='grc' dir='ltr'>ς</span> 
     </span>
    </p>
   </div>
   <div class='ocr_carea' id='block_1_113' title="bbox 1917 5127 3528 5212">
    <p class='ocr_par' dir='ltr' id='par_1_113' title="bbox 1917 5127 3528 5212">
     <span class='ocr_line' id='line_1_113' title="bbox 1917 5127 3528 5212; baseline -0.019 0"><span class='ocrx_word' id='word_1_829' title='bbox 1917 5127 2180 5211; x_wconf 75' lang='lat' dir='ltr'><strong>adorasse</strong></span> <span class='ocrx_word' id='word_1_830' title='bbox 2201 5149 2490 5206; x_wconf 87' lang='lat' dir='ltr'><strong>videbatur</strong></span> <span class='ocrx_word' id='word_1_831' title='bbox 2511 5145 2790 5201; x_wconf 84' lang='lat' dir='ltr'><strong>Abraham</strong></span> <span class='ocrx_word' id='word_1_832' title='bbox 2830 5139 2983 5212; x_wconf 86' lang='lat' dir='ltr'><strong>(Gen.</strong></span> <span class='ocrx_word' id='word_1_833' title='bbox 3015 5134 3194 5206; x_wconf 83' lang='lat' dir='ltr'><strong>xvm),</strong></span> <span class='ocrx_word' id='word_1_834' title='bbox 3226 5131 3320 5203; x_wconf 89' lang='lat' dir='ltr'><strong>qui</strong></span> <span class='ocrx_word' id='word_1_835' title='bbox 3361 5127 3528 5184; x_wconf 89' lang='lat' dir='ltr'><strong>ﬁdem</strong></span> 
     </span>
    </p>
   </div>
   <div class='ocr_carea' id='block_1_114' title="bbox 1915 5216 3575 5301">
    <p class='ocr_par' dir='ltr' id='par_1_114' title="bbox 1915 5216 3575 5301">
     <span class='ocr_line' id='line_1_114' title="bbox 1915 5216 3575 5301; baseline -0.018 -3"><span class='ocrx_word' id='word_1_836' title='bbox 1915 5250 2119 5298; x_wconf 64' lang='lat' dir='ltr'><strong>sanctae</strong></span> <span class='ocrx_word' id='word_1_837' title='bbox 2179 5235 2466 5293; x_wconf 89' lang='lat' dir='ltr'><strong>Trinitatis</strong></span> <span class='ocrx_word' id='word_1_838' title='bbox 2519 5231 2680 5289; x_wconf 90' lang='lat' dir='ltr'><strong>nobis</strong></span> <span class='ocrx_word' id='word_1_839' title='bbox 2734 5222 3118 5301; x_wconf 74' lang='lat' dir='ltr'><strong>prtesignando</strong></span> <span class='ocrx_word' id='word_1_840' title='bbox 3173 5216 3527 5279; x_wconf 83' lang='lat' dir='ltr'><strong>monstravit,</strong></span> <span class='ocrx_word' id='word_1_841' title='bbox 3571 5217 3575 5220; x_wconf 83' lang='grc'><em>’</em></span> 
     </span>
    </p>
   </div>
   <div class='ocr_carea' id='block_1_115' title="bbox 1914 5307 3528 5403">
    <p class='ocr_par' dir='ltr' id='par_1_115' title="bbox 1914 5307 3528 5403">
     <span class='ocr_line' id='line_1_115' title="bbox 1914 5307 3528 5403; baseline -0.017 -14"><span class='ocrx_word' id='word_1_842' title='bbox 1914 5335 2045 5389; x_wconf 91' lang='lat' dir='ltr'><strong>dum</strong></span> <span class='ocrx_word' id='word_1_843' title='bbox 2068 5329 2227 5403; x_wconf 91' lang='lat' dir='ltr'><strong>quasi</strong></span> <span class='ocrx_word' id='word_1_844' title='bbox 2253 5329 2358 5384; x_wconf 91' lang='lat' dir='ltr'><strong>sub</strong></span> <span class='ocrx_word' id='word_1_845' title='bbox 2382 5327 2580 5383; x_wconf 90' lang='lat' dir='ltr'><strong>arbore</strong></span> <span class='ocrx_word' id='word_1_846' title='bbox 2601 5321 2785 5379; x_wconf 85' lang='lat' dir='ltr'><strong>crucis</strong></span> <span class='ocrx_word' id='word_1_847' title='bbox 2808 5328 2922 5374; x_wconf 91' lang='lat' dir='ltr'><strong>tres</strong></span> <span class='ocrx_word' id='word_1_848' title='bbox 2957 5314 3114 5382; x_wconf 91' lang='lat' dir='ltr'><strong>vidit,</strong></span> <span class='ocrx_word' id='word_1_849' title='bbox 3140 5321 3194 5370; x_wconf 91' lang='lat' dir='ltr'><strong>et</strong></span> <span class='ocrx_word' id='word_1_850' title='bbox 3215 5326 3389 5367; x_wconf 87' lang='lat' dir='ltr'><strong>unum</strong></span> <span class='ocrx_word' id='word_1_851' title='bbox 3430 5307 3528 5364; x_wconf 55' lang='lat' dir='ltr'><strong>ad‘</strong></span> 
     </span>
    </p>
   </div>
   <div class='ocr_carea' id='block_1_116' title="bbox 1915 5405 3587 5489">
    <p class='ocr_par' dir='ltr' id='par_1_116' title="bbox 1915 5405 3587 5489">
     <span class='ocr_line' id='line_1_116' title="bbox 1915 5405 3587 5489; baseline -0.016 -7"><span class='ocrx_word' id='word_1_852' title='bbox 1915 5427 2110 5483; x_wconf 90' lang='lat' dir='ltr'><strong>oravit.</strong></span> <span class='ocrx_word' id='word_1_853' title='bbox 2137 5424 2244 5480; x_wconf 88' lang='lat' dir='ltr'><strong>Sed</strong></span> <span class='ocrx_word' id='word_1_854' title='bbox 2272 5433 2455 5480; x_wconf 88' lang='lat' dir='ltr'><strong>tamen</strong></span> <span class='ocrx_word' id='word_1_855' title='bbox 2477 5421 2613 5477; x_wconf 87' lang='lat' dir='ltr'><strong>alter</strong></span> <span class='ocrx_word' id='word_1_856' title='bbox 2635 5431 2747 5489; x_wconf 61' lang='lat' dir='ltr'><strong>pra</strong></span> <span class='ocrx_word' id='word_1_857' title='bbox 2762 5413 2934 5468; x_wconf 90' lang='lat' dir='ltr'><strong>altero</strong></span> <span class='ocrx_word' id='word_1_858' title='bbox 2957 5406 3183 5479; x_wconf 88' lang='lat' dir='ltr'><strong>majoris</strong></span> <span class='ocrx_word' id='word_1_859' title='bbox 3199 5405 3387 5478; x_wconf 69' lang='lat' dir='ltr'><strong>gratia:</strong></span> <span class='ocrx_word' id='word_1_860' title='bbox 3416 5419 3507 5458; x_wconf 81' lang='lat' dir='ltr'><strong>re—</strong></span> <span class='ocrx_word' id='word_1_861' title='bbox 3575 5413 3587 5438; x_wconf 62' lang='grc' dir='ltr'>ε</span> 
     </span>
    </p>
   </div>
   <div class='ocr_carea' id='block_1_117' title="bbox 1922 5497 3531 5591">
    <p class='ocr_par' dir='ltr' id='par_1_117' title="bbox 1922 5497 3531 5591">
     <span class='ocr_line' id='line_1_117' title="bbox 1922 5497 3531 5591; baseline -0.017 -14"><span class='ocrx_word' id='word_1_862' title='bbox 1922 5520 2064 5591; x_wconf 90' lang='lat' dir='ltr'><strong>cepit</strong></span> <span class='ocrx_word' id='word_1_863' title='bbox 2087 5519 2402 5590; x_wconf 87' lang='lat' dir='ltr'><strong>puritatem,</strong></span> <span class='ocrx_word' id='word_1_864' title='bbox 2427 5515 2556 5570; x_wconf 91' lang='lat' dir='ltr'><strong>dum</strong></span> <span class='ocrx_word' id='word_1_865' title='bbox 2584 5511 2673 5568; x_wconf 88' lang='lat' dir='ltr'><strong>ille</strong></span> <span class='ocrx_word' id='word_1_866' title='bbox 2695 5516 2916 5566; x_wconf 90' lang='lat' dir='ltr'><strong>secutus</strong></span> <span class='ocrx_word' id='word_1_867' title='bbox 2939 5513 3025 5561; x_wconf 89' lang='lat' dir='ltr'><strong>est</strong></span> <span class='ocrx_word' id='word_1_868' title='bbox 3044 5501 3320 5568; x_wconf 89' lang='lat' dir='ltr'><strong>umbram,</strong></span> <span class='ocrx_word' id='word_1_869' title='bbox 3343 5506 3397 5554; x_wconf 92' lang='lat' dir='ltr'><strong>et</strong></span> <span class='ocrx_word' id='word_1_870' title='bbox 3421 5497 3531 5552; x_wconf 87' lang='lat' dir='ltr'><strong>iste</strong></span> 
     </span>
    </p>
   </div>
   <div class='ocr_carea' id='block_1_118' title="bbox 1918 5594 3528 5679">
    <p class='ocr_par' dir='ltr' id='par_1_118' title="bbox 1918 5594 3528 5679">
     <span class='ocr_line' id='line_1_118' title="bbox 1918 5594 3528 5679; baseline -0.016 -12"><span class='ocrx_word' id='word_1_871' title='bbox 1918 5611 2234 5677; x_wconf 89' lang='lat' dir='ltr'><strong>veritatem;</strong></span> <span class='ocrx_word' id='word_1_872' title='bbox 2271 5607 2424 5679; x_wconf 90' lang='lat' dir='ltr'><strong>quia,</strong></span> <span class='ocrx_word' id='word_1_873' title='bbox 2455 5605 2598 5660; x_wconf 91' lang='lat' dir='ltr'><strong>sicut</strong></span> <span class='ocrx_word' id='word_1_874' title='bbox 2628 5598 2886 5657; x_wconf 91' lang='lat' dir='ltr'><strong>omnibus</strong></span> <span class='ocrx_word' id='word_1_875' title='bbox 2917 5594 3288 5668; x_wconf 86' lang='lat' dir='ltr'><strong>perspicuum,</strong></span> <span class='ocrx_word' id='word_1_876' title='bbox 3318 5598 3371 5645; x_wconf 93' lang='lat' dir='ltr'><strong>et</strong></span> <span class='ocrx_word' id='word_1_877' title='bbox 3401 5603 3528 5644; x_wconf 88' lang='lat' dir='ltr'><strong>om-</strong></span> 
     </span>
    </p>
   </div>
   <div class='ocr_carea' id='block_1_119' title="bbox 1924 5684 3532 5772">
    <p class='ocr_par' dir='ltr' id='par_1_119' title="bbox 1924 5684 3532 5772">
     <span class='ocr_line' id='line_1_119' title="bbox 1924 5684 3532 5772; baseline -0.016 -12"><span class='ocrx_word' id='word_1_878' title='bbox 1924 5705 2088 5760; x_wconf 89' lang='lat' dir='ltr'><strong>nibus</strong></span> <span class='ocrx_word' id='word_1_879' title='bbox 2131 5710 2215 5758; x_wconf 89' lang='lat' dir='ltr'><strong>cst</strong></span> <span class='ocrx_word' id='word_1_880' title='bbox 2249 5701 2495 5772; x_wconf 85' lang='lat' dir='ltr'><strong>planum,</strong></span> <span class='ocrx_word' id='word_1_881' title='bbox 2535 5697 2623 5752; x_wconf 88' lang='lat' dir='ltr'><strong>ille</strong></span> <span class='ocrx_word' id='word_1_882' title='bbox 2669 5693 2906 5766; x_wconf 92' lang='lat' dir='ltr'><strong>paleam,</strong></span> <span class='ocrx_word' id='word_1_883' title='bbox 2953 5699 3008 5746; x_wconf 90' lang='lat' dir='ltr'><strong>et</strong></span> <span class='ocrx_word' id='word_1_884' title='bbox 3051 5689 3156 5744; x_wconf 90' lang='lat' dir='ltr'><strong>iste</strong></span> <span class='ocrx_word' id='word_1_885' title='bbox 3187 5690 3408 5742; x_wconf 90' lang='lat' dir='ltr'><strong>secutus</strong></span> <span class='ocrx_word' id='word_1_886' title='bbox 3444 5684 3532 5772; x_wconf 78' lang='lat' dir='ltr'><strong>est</strong></span> 
     </span>
    </p>
   </div>
   <div class='ocr_carea' id='block_1_120' title="bbox 1928 5771 3528 5872">
    <p class='ocr_par' dir='ltr' id='par_1_120' title="bbox 1928 5771 3528 5872">
     <span class='ocr_line' id='line_1_120' title="bbox 1928 5771 3528 5872; baseline -0.018 -17"><span class='ocrx_word' id='word_1_887' title='bbox 1928 5813 2179 5872; x_wconf 85' lang='lat' dir='ltr'><strong>granum.</strong></span> <span class='ocrx_word' id='word_1_888' title='bbox 2228 5771 2383 5853; x_wconf 74' lang='lat' dir='ltr'><strong>Unde</strong></span> <span class='ocrx_word' id='word_1_889' title='bbox 2410 5792 2612 5847; x_wconf 89' lang='lat' dir='ltr'><strong>mirum</strong></span> <span class='ocrx_word' id='word_1_890' title='bbox 2657 5794 2898 5856; x_wconf 84' lang='lat' dir='ltr'><strong>nonest,</strong></span> <span class='ocrx_word' id='word_1_891' title='bbox 2935 5780 3082 5856; x_wconf 91' lang='lat' dir='ltr'><strong>quod</strong></span> <span class='ocrx_word' id='word_1_892' title='bbox 3107 5777 3284 5852; x_wconf 89' lang='lat' dir='ltr'><strong>major</strong></span> <span class='ocrx_word' id='word_1_893' title='bbox 3327 5771 3528 5850; x_wconf 62' lang='lat' dir='ltr'><strong>gratia,</strong></span> 
     </span>
    </p>
   </div>
  </div>
