3960 6316
550 308 659 368 979
1479 294 1870 356 BERENGOSI
1907 287 2158 348 ABBATI

2261 286 2298 342 ὃ.
2335 278 2592 340 MAXIM!
2632 272 2919 335 TREVIR.
3625 269 3634 280 '
3696 263 3770 322 III

551 441 720 498 quam
739 423 843 480 sub
863 421 1057 478 umbra
1077 418 1212 492 legis
1234 415 1365 473 olim
1382 414 1704 486 contigisset
1721 409 1967 466 Naaman
1989 407 2150 478 Syro,
2181 407 2230 465 Α
2254 398 2480 472 perbus,
2505 393 2677 452 servis
2719 387 2940 462 prefuit
2968 392 3031 444 ut
3055 379 3348 449 Dominus,
3379 386 3432 435 et
3454 376 3662 434 Domino
3679 377 3775 433 obe-

2266 493 2299 498 --
2345 493 2356 498 -
2735 483 2793 498 η.
2868 481 2880 494 .
3108 475 3303 498 _,_,,,___
3337 470 3544 498 “mm
3572 471 3775 498 “Mm;

553 470 720 498 ,ιν-η.
740 470 840 480 η-
868 470 1057 478 ﬂ---”
1081 470 1209 492 --οη
1390 470 1405 472 -
1429 470 1432 471 ν
1536 470 1563 486 υ
2034 470 2049 478 ,
2258 470 2272 472 ,

550 535 650 591 per
672 517 901 591 gratiam
925 514 1169 569 veritatis
1193 511 1323 567 huic
1343 507 1662 565 beatissimo
1683 505 1879 562 collata
1903 508 1987 556 est
2006 497 2144 565 viro;
2249 493 2385 548 divit
2406 499 2468 545 ut
2489 502 2702 545 servus.
2732 481 2885 540 Giezi
2906 479 3075 536 etiam
3102 475 3308 532 oblitus
3335 470 3548 527 Domini
3571 471 3778 524 creatoris

553 561 639 591 ,ιω
672 561 901 591 διν-..η-
936 561 1168 569 mm---
1197 561 1320 567 ----
1699 561 1704 562 κ
2129 561 2139 565 -

553 611 836 684 quoniam,
864 610 1008 666 sicut
1032 607 1123 662 ille
1155 602 1356 677 septies
1379 605 1526 659 lotus
1555 601 1620 657 de
1639 597 1960 672 paganismo
1986 591 2150 648 rediit
2251 584 2358 653 sui,
2389 589 2581 638 contra
2610 581 2944 649 praeceptum
2970 568 3109 640 legis
3135 563 3452 635 concupivit
3475 576 3583 616 rem
3601 561 3777 631 proximi

2322 675 2334 684 .
2397 672 2430 684 ,η
2545 679 2556 684 ,
2641 669 2672 684 Α.
2766 682 2781 684 Α
2833 671 3006 684 ,,-.,...
3039 666 3223 684 una-..
3262 661 3586 684 anmals-ullum
3620 650 3777 684 Πωηὶηἶ

553 650 836 684 ιιυυιιιυιιυο
864 650 1008 666 σιω--
1033 650 1123 662 -ιιν
1156 650 1356 677 mer-um
1383 650 1524 659 -ν--η-
1556 650 1618 657 νη
1641 650 1812 672 τ-ον---
1844 650 1860 652 ἡ
1941 650 1944 651 ν
2345 650 2352 653 γ

553 706 619 762 ad
658 704 1032 786 ludaismum,
1077 701 1159 759 sic
1197 700 1300 758 iste
1333 695 1639 770 septiformi
1676 693 1872 765 spiritu
1901 696 2147 756 renatus,
2251 675 2364 742 Sui;
2391 669 2787 728 Constantinus
2827 671 3010 739 autem
3034 666 3226 716 (δοίητε
3262 661 3589 728 ρτεοεριιιω
3620 650 3781 706 Milli

1875 785 1883 786 κ
2262 778 2297 786 _.
2324 768 2491 786 |_u-__
2521 762 2693 786 ll--.-:
2743 773 2856 786 ..Α-η
2885 753 3118 786 -ι-Λνῖωἷ
3150 749 3234 786 an;
3259 745 3637 786 ιιηηοηηίςιοριιρ
3656 744 3781 786 noluit

551 798 800 870 pervenit
826 797 893 853 ad
916 795 1250 867 baptismum
1275 809 1289 847 :
1321 791 1542 864 quando
1565 790 1692 846 licet
1712 801 1856 843 unus
1873 785 2149 840 lavaretur

552 891 743 958 invite,
780 898 836 946 et
874 890 1017 945 alius
1049 895 1262 959 sponte,
1307 899 1456 942 unus
1496 893 1680 940 tamen
1707 882 1766 937 in
1807 878 2061 943 Jordane,
2096 883 2152 932 et

554 987 697 1040 alius
722 985 1018 1041 curabatur
1045 983 1101 1038 in
1127 982 1292 1037 fonte.
1318 977 1582 1048 Quamvis
1607 977 1751 1033 enim
1777 989 1875 1046 per
1897 970 2150 1043 spiritum

557 1079 648 1133 Dei
674 1080 730 1133 in
756 1078 1024 1137 cordibus
1037 1086 1228 1133 eorum
1250 1075 1668 1140 inhabitantem,
1693 1072 1782 1127 ille
1801 1071 2036 1126 litteram
2058 1081 2152 1122 oc-

555 1173 848 1242 cidentem,
895 1185 949 1228 et
978 1172 1082 1228 iste
1133 1171 1384 1242 spiritum
1435 1176 1754 1239 sequeretur
1785 1162 2151 1220 vivificantem

557 1262 647 1336 (II
684 1263 809 1346 Cor.
845 1263 928 1336 in)
957 1284 969 1319 :
995 1272 1121 1336 post
1143 1261 1406 1319 beneﬁcia
1435 1269 1620 1315 tamen
1647 1255 1898 1314 sanitatis
1919 1260 2154 1324 expertae

555 1359 624 1416 ad
655 1361 885 1432 gratiam
915 1358 1230 1414 Conditoris
1255 1355 1541 1427 pervenire
1562 1352 1876 1409 merebatur
1899 1358 2149 1417 uterque.

558 1447 686 1518 Sed,
717 1453 859 1508 sicut
883 1453 952 1506 in
969 1452 1056 1507 his
1079 1451 1293 1506 duabus
1333 1447 1538 1514 causis,
1566 1445 1762 1500 umbra
1786 1441 1992 1499 scilicet
2018 1438 2154 1508 legis

555 1554 610 1600 et
641 1544 813 1618 gratia
841 1545 1108 1609 veritatis,
1155 1553 1313 1600 erant
1346 1540 1675 1612 inaequales,
1722 1538 1796 1593 ita
1823 1533 2039 1591 duobus
2060 1531 2154 1586 his

556 1639 737 1696 modis
761 1639 1088 1695 videbantur
1107 1637 1372 1709 aequales;
1406 1635 1557 1706 quia,
1583 1633 1726 1690 sicut
1746 1645 1844 1702 per
1868 1627 2022 1682 illum
2045 1621 2156 1678 Do-

558 1733 743 1824 minus
789 1732 1021 1788 salutem
1051 1730 1199 1788 dedit
1245 1728 1446 1801 Syriae,
1478 1727 1555 1784 ita
1581 1739 1680 1796 per
1716 1723 1886 1780 istum
1921 1719 2154 1776 salutem

559 1826 707 1882 dedit
739 1824 1012 1881 Ecclesiae.

2252 837 2401 919 cum‘
2420 857 2593 915 Giezi.
2646 852 2798 910 Giezi
2844 850 3011 906 etiam
3053 860 3154 918 pro
3200 841 3496 912 iniquitate
3539 837 3784 908 cupiditatis

2252 967 2442 1026 typum
2471 966 2582 1007 non
2605 945 2844 1004 habebat
2865 942 3108 1006 illorum,
3123 938 3192 994 de
3213 935 3422 1007 quibus
3443 930 3681 1002 scriptum
3701 940 3783 984 est:

2256 1024 2341 1101 Ea:
2405 1044 2585 1099 usuris
2646 1047 2698 1094 et
2747 1037 3030 1108 iniquitate
3097 1029 3322 1084 redimet
3385 1024 3592 1078 animos
3658 1038 3785 1074 eorum

2258 1137 2434 1209 (Psal.
2460 1132 2641 1206 LXXI);
2667 1127 3070 1188 Constantinus
3093 1131 3278 1179 autem
3306 1116 3452 1190 justi
3485 1115 3622 1170 illius
3647 1113 3789 1168 meruit

2256 1206 2458 1285 habere
2486 1227 2742 1298 figuram,
2767 1221 2858 1294 qui
2879 1235 2978 1290 pro
2999 1216 3148 1270 lucro
3177 1223 3387 1268 terrena
3409 1206 3667 1279 pecuniam
3683 1220 3787 1256 tuen

2257 1337 2360 1374 non
2387 1296 2630 1373 dedit—ad
2656 1328 2877 1369 usuram
2903 1307 3085 1381 (Psal.
3114 1303 3254 1376 xw).
3284 1299 3443 1358 Giezi
3466 1296 3708 1354 declinare
3729 1307 3789 1347 no-

2257 1413 2360 1468 luit
2389 1411 2481 1466 illa
2505 1404 2889 1464 conventicula
2920 1399 3227 1462 fallaciam,
3250 1394 3320 1450 de
3357 1391 3563 1463 quibus
3589 1385 3789 1455 scriptum

2257 1513 2342 1561 est
2370 1524 2382 1558 :
2419 1503 2490 1559 Ut
2518 1501 2644 1573 quid
2676 1497 2905 1568 diligitis
2949 1493 3263 1554 vanitatem,
3284 1495 3336 1541 et
3364 1481 3603 1555 quwritis
3630 1476 3790 1531 utenda-

2259 1600 2400 1653 cium
2415 1569 2625 1666 ?(Psal.
2646 1585 3157 1661 tv.)Constantinus
3178 1589 3365 1638 autem
3393 1576 3644 1632 adversus
3659 1569 3791 1642 proxi-

2265 1705 2417 1746 mum
2460 1662 2628 1744 suum
2671 1682 2806 1739 illud
2852 1677 3130 1752 Sapientis
3181 1670 3428 1730 servavit
3459 1662 3790 1736 epitaciuni,in

2185 1757 2234 1819 Β
2261 1798 2373 1853 quo
2440 1780 2642 1836 dicitur
2678 1797 2691 1832 :
2735 1773 2866 1829 Noli
2912 1771 3164 1826 adversus
3217 1765 3450 1836 fratrem
3491 1769 3627 1813 tuum
3668 1769 3791 1808 cum

2263 1846 2598 1928 mendacium
2621 1865 2851 1938 (Eccles.
2876 1861 2997 1933 vn).
3023 1857 3175 1915 Gieti
3197 1855 3364 1911 fidem
3389 1846 3685 1907 Conditoris
3707 1859 3791 1914 per-

2260 1964 2400 2022 fecte
2429 1980 2539 2020 non
2572 1961 2803 2026 habens,
2831 1965 2895 2013 ut
2920 1953 3218 2018 Abraham,
3250 1963 3371 2005 non
3417 1941 3676 2000 immerito
3692 1939 3790 2007 lepra

2258 2057 2669 2131 percussus'est
2693 2052 2959 2109 Naaman.
2998 2042 3409 2103 Constantinus
3432 2045 3612 2093 autem
3645 2031 3792 2086 habens

2260 2119 2421 2205 iidem
2449 2146 2678 2214 Christi,
2707 2144 2916 2215 lepram
2941 2139 3092 2194 illam
3123 2132 3304 2190 noluit
3327 2129 3608 2187 adhaerere
3633 2119 3792 2186 sibi,de

2259 2258 2368 2314 qua
2391 2240 2621 2304 Elisaeus
2645 2238 2713 2294 ad
2735 2213 2886 2293 Ciezi
2913 2251 2927 2288 :
2955 2231 3150 2301 Lepra,
3175 2224 3382 2297 inquit,
3416 2219 3654 2276 Naamatt
3671 2213 3792 2267 adir-

2262 2304 2395 2394 ἔειιίι
2450 2333 2545 2388 tibi
2589 2329 2704 2404 (IV
2737 2328 2864 2400 Reg.
2895 2325 2971 2396 v).
2999 2321 3150 2380 Giezi
3181 2316 3422 2390 caligine
3470 2311 3702 2367 vitiorum
3731 2304 3774 2358 de

2261 2429 2512 2500 nigratus
2543 2403 2606 2482 ut
2652 2423 2766 2495 pix,
2789 2421 2858 2478 ab
2879 2418 3079 2474 Elisaao
3104 2426 3368 2486 egressus
3411 2415 3498 2464 est
3529 2405 3737 2474 leprosus
3758 2403 3794 2448 ut

2260 2520 2385 2588 nix;
2435 2518 2833 2575 Constantinus
2886 2521 3072 2569 autem
3118 2524 3150 2564 a
3189 2502 3486 2577 nigredine
3516 2502 3792 2570 peccatorum

2256 2586 2491 2668 suorum
2520 2609 2802 2666 dealhatus
2836 2613 2899 2660 ut
2936 2603 3056 2668 nix,
3089 2596 3338 2655 tenebris
3386 2586 3690 2649 idololatriae
3711 2596 3790 2636 am-

2263 2706 2408 2776 plius
2436 2701 2714 2775 denigrari
2744 2715 2853 2755 non
2889 2695 3110 2752 volebat
3141 2699 3202 2747 ut
3228 2689 3348 2761 pix.
3400 2684 3528 2750 Sed,
3560 2679 3669 2753 quia
3691 2673 3791 2776 (iisti

2262 2766 2364 2866 per
2393 2766 2628 2865 abrupta
2657 2791 2940 2855 vitiorum,
2968 2785 3026 2842 in
3051 2783 3251 2838 vallem
3277 2774 3598 2849 cupiditatis
3621 2786 3648 2825 a
3669 2766 3793 2834 seipse

2261 2854 2484 2961 longius
2503 2854 2623 2952 ivit,
2648 2885 2779 2940 dum
2807 2882 2876 2938 de
2909 2854 3072 2935 bonis
3090 2873 3343 2930 Naaman
3362 2867 3566 2940 rapui‘v
3593 2854 3790 2961 quidquid

2255 2948 2391 3039 sibi"
2415 2948 2736 3043 delectabile
2782 2974 2941 3040 vidit,
2987 2969 3196 3026 mirum
3238 2980 3358 3020 non
3396 2968 3504 3027 est,
3532 2954 3661 3028 quod
3683 2948 3793 3022 quale

2263 3072 2550 3145 praemium
2577 3069 2705 3126 inde
2735 3065 3012 3130 habuerit,
3050 3057 3294 3116 nominis
3321 3054 3501 3126 ipsius
3543 3049 3792 3145 interpreta-

2178 3150 2227 3210 ὀ
2261 3137 2414 3224 ίίοηθ
2454 3166 2737 3237 signatur,
2775 3158 3038 3231 quoniam
3085 3150 3239 3208 Giezi
3282 3154 3610 3220 prazruptum
3649 3137 3791 3233 rident,

2261 3261 2349 3317 vel
2375 3224 2535 3315 ualli;
2562 3257 2696 3312 visio
2723 3224 3154 3322 interpretatur,
3187 3241 3286 3315 qui
3317 3239 3471 3297 enim
3494 3237 3548 3291 in
3569 3224 3791 3289 inaccessis

2268 3351 2522 3421 rupibus,
2543 3357 2599 3404 et
2625 3347 2681 3403 in
2706 3341 3004 3417 praeruptis
3032 3336 3306 3401 silicibus,
3330 3329 3496 3405 quasi
3519 3327 3572 3383 in
3598 3323 3789 3377 virtutum

2268 3411 2552 3498 montibus
2590 3411 2916 3511 spiritaliter
2951 3430 3130 3488 noluit
3161 3425 3421 3484 habitare
3442 3434 3565 3479 cum
3598 3411 3787 3511 ibicibus;

2259 3536 2392 3592 ideo
2427 3531 2727 3589 virtutibus
2754 3509 3023 3592 irascens,
3054 3529 3110 3578 et
3153 3518 3306 3576 vitiis
3327 3513 3595 3578 arridens,
3623 3520 3710 3562 non
3737 3500 3790 3555 iii-

2266 3645 2510 3702 congrue
2540 3628 2724 3684 dictus
2740 3633 2828 3682 est
2860 3625 3198 3694 praeruptum
3224 3612 3442 3670 videns.
3474 3605 3606 3675 Quia
3628 3612 3728 3655 vero

2264 3723 2407 3778 valle
2430 3721 2692 3778 vitiorum
2714 3719 2772 3773 in
2806 3686 3062 3772 montem—
3079 3709 3350 3764 virtutum
3392 3697 3666 3758 ascendere
3692 3686 3790 3778 nole-

2266 3814 2383 3884 bat,
2411 3829 2524 3869 non
2565 3808 2841 3867 immerito
2862 3804 3003 3861 visio
3024 3800 3184 3858 vallis
3224 3799 3412 3854 dictus
3442 3797 3575 3855 erat,
3603 3777 3788 3884 quoium

2267 3907 2540 3964 bonorum
2563 3916 2792 3975 operum
2833 3895 3096 3970 gradibus
3117 3889 3457 3947 ascensione;
3483 3882 3595 3938 illas
3620 3878 3666 3929 in
3687 3867 3788 3924 τοτέε

2267 4017 2366 4056 tuo
2389 4015 2494 4054 non
2513 3970 2799 4066 disposuit,
2823 3993 2881 4046 in
2907 3987 3044 4044 ualle
3065 3985 3457 4054 lacrymarum,
3479 3975 3536 4028 in
3554 3970 3668 4030 loco,
3682 3971 3784 4059 φηςι·

2685 4050 2942 4155 tritam).
2973 4077 3132 4134 Unde
3159 4050 3431 4148 quoniam
3471 4069 3524 4122 in
3548 4050 3788 4164 montem:

2268 4147 2449 4242 tutum
2479 4147 2742 4238 tamraro
2786 4177 2856 4234 ab
2991 4168 3225 4244 justitite
3265 4165 3426 4221 visus
3466 4167 3549 4216 est
3593 4147 3787 4241 milia?

2270 4295 2474 4337 nomen
2496 4277 2617 4347 eius
2642 4288 2752 4329 non
2777 4267 3055 4327 immerito
3082 4263 3364 4320 diceretur
3379 4254 3526 4311 ‘visio
3549 4243 3696 4347 vallis:
3715 4249 3784 4289 ω’·

2267 4389 2396 4429 rum
2419 4386 2532 4427 non
2553 4376 2637 4425 est
2662 4363 2812 4438 quod
2847 4376 2948 4434 pro
2977 4359 3126 4430 lepra
3157 4354 3423 4410 vitiorum
3458 4352 3660 4403 suorum

2271 4472 2518 4522 remotus
2540 4479 2573 4519 a
2595 4461 2774 4518 salute
2801 4452 3167 4516 credentium,
3190 4446 3371 4503 uidere
3391 4456 3502 4498 non
3525 4437 3676 4508 potest
3697 4425 3784 4477 5°"

2271 4559 2489 4616 Domini
2531 4558 2593 4612 in
2651 4564 2794 4610 terra
2838 4547 3125 4607 viventium
3154 4539 3332 4616 (Psal.
3363 4536 3535 4604 xxvi).
3572 4524 3661 4582 Sed

2269 4656 2421 4712 niam
2447 4655 2505 4710 in
2537 4647 2953 4722 comparatione
2979 4638 3132 4698 Giezi
3161 4607 3217 4693 et
3252 4623 3590 4690 Constantini
3610 4620 3701 4691 jam
3722 4607 3784 4714 diu

2269 4767 2467 4811 sumus
2519 4744 2824 4812 immorati,
2847 4743 2980 4798 dum
3031 4735 3202 4793 unius
3249 4727 3577 4801 impietatem
3623 4713 3783 4812 ιὶιεηπε

2270 4843 2718 4917 eomparavimus
2743 4796 2974 4910 pietati:
3009 4837 3184 4888 restat
3213 4833 3294 4890 ut,
3327 4796 3471 4879 sicut
3488 4827 3580 4889 pro
3602 4796 3780 4910 conside:

2259 4894 2486 4997 .ratiorne
2505 4936 2726 4992 illorum
2748 4931 2805 4987 in
2825 4930 2935 4985 hoc
2956 4937 3212 4983 sermone
3251 4919 3474 4989 longum
3497 4894 3782 4997 promxinlﬂi

2271 5033 2458 5099 tilum,
2487 5030 2566 5086 ita
2600 5042 2751 5083 nunc
2797 5024 2866 5081 de
2893 5018 3046 5078 (ἱίαί
3085 5016 3157 5075 ad
3201 5006 3608 5099 Constantinum
3643 4995 3782 5099 ηιξξῑξ

2273 5079 2545 5182 orationis
2587 5121 2771 5176 denuo
2820 5122 3104 5172 vertamus
3139 5106 3363 5180 stylum.
3401 5097 3480 5156 Ne
3520 5091 3646 5151 enim

2275 5178 2677 5277 Constantinus
2708 5213 2864 5284 lepra
2914 5178 3454 5280 corporaliﬁamplius
3491 5178 3780 5284 pereat-eti?

2279 5328 2410 5372 cum
2433 5310 2606 5378 Gieai,
2643 5270 2964 5382 spiritaliter
3009 5270 3177 5370 coepit
3204 5297 3375 5367 legem
3407 5293 3609 5382 servare

2278 5353 2538 5482 quamvis
2757 5353 2991 5475 gratiam
3016 5353 3289 5466 baptismi
3311 5384 3534 5443 multum
3579 5353 3778 5482 inde

2281 5463 2597 5573 erupissent.
2620 5463 2888 5567 derogare
2905 5463 3111 5558 Judaei,
3147 5483 3295 5559 quod
3344 5488 3450 5537 tam
3478 5481 3604 5540 sape
3627 5463 3778 5573 mi”:

2279 5604 2528 5663 cordiam
2549 5600 2668 5658 veri
2714 5596 2965 5671 quaesivit
3012 5589 3217 5649 Elisazi.
3267 5584 3401 5642 Cum
3450 5573 3579 5632 enim
3621 5557 3776 5671 πξοηῑξε

2283 5661 2430 5762 beati
2465 5701 2716 5760 Silvestri
2734 5661 2853 5756 non
2883 5696 3064 5754 solum
3090 5711 3121 5750 a
3163 5686 3396 5747 vinculis
3425 5661 3694 5762 idololatt'i2

2281 5799 2453 5869 latus,
2489 5797 2586 5854 sed
2613 5797 2783 5862 etiam
2805 5794 3028 5852 lavacro
3051 5789 3250 5846 divinae
3277 5759 3659 5855 regenerationis
3678 5745 3774 5806 ὅσα

1181 1913 1414 1972 CAPUT
1442 1911 1537 1967 XI.

551 2080 562 2086 υ
596 2009 738 2077 Quid
762 2011 901 2066 inter
922 2007 1334 2066 Constantinum
1353 2017 1403 2062 et
1427 2005 1575 2062 Giezi
1601 2003 1864 2075 leprosum
1883 1998 2115 2055 intersit.

629 2105 769 2174 Quia
814 2106 980 2178 igitur
1021 2107 1088 2162 de
1132 2106 1245 2177 typi
1276 2103 1561 2160 curatione
1603 2098 1704 2154 viri
1750 2095 1916 2166 hujus
1944 2093 2157 2150 utrius-

558 2212 679 2281 que
725 2196 983 2253 charitati
1040 2205 1238 2253 vestrae
1263 2238 1277 2262 ,
1329 2189 1708 2257 dilectissimi,
1777 2185 1910 2243 satis
1962 2185 2157 2255 loque-

561 2278 778 2360 bamur,
805 2291 1100 2364 hucusque
1139 2299 1357 2360 tempus
1383 2295 1488 2353 est,
1532 2293 1593 2340 ut
1614 2283 1728 2354 jam
1757 2281 1824 2336 de
1862 2278 1948 2334 his
1971 2285 2157 2332 trans-

545 2394 756 2459 euntes
829 2385 901 2442 ad
955 2393 1151 2440 caetera
1224 2397 1326 2453 pro
1385 2375 1708 2449 eloquendis
1793 2371 1918 2427 aliis
1975 2368 2157 2423 denuo

558 2493 702 2536 nava
746 2475 1095 2550 proferamus
1153 2483 1208 2531 et
1252 2483 1460 2530 vetera.
1511 2466 1670 2524 Unde
1725 2473 1787 2520 ut
1841 2471 1896 2518 et
1938 2460 2078 2516 alius
2121 2471 2158 2513 ε

559 2570 743 2628 vicino
792 2570 1048 2642 leprosus
1105 2567 1161 2622 in
1211 2565 1392 2620 locum
1437 2558 1685 2615 Naaman
1746 2570 1778 2610 a
1841 2551 2002 2607 nobis
2053 2561 2157 2602 va-

560 2665 671 2722 leat
702 2639 938 2720 inveniri
981 2660 1114 2734 :qui
1158 2675 1260 2731 pro
1300 2654 1619 2711 inﬁrmitate
1667 2643 1937 2717 corporali
1977 2639 2156 2698 eidem

569 2753 936 2811 Constantino
976 2731 1141 2823 digna
1195 2745 1602 2818 comparatione
1644 2737 1822 2812 possit
1863 2733 2032 2799 uniri,
2081 2731 2160 2786 nil

562 2847 766 2914 obstat,
798 2845 846 2902 si
881 2845 937 2900 in
965 2822 1114 2901 scala
1139 2839 1422 2905 Ecclesiae,
1449 2836 1600 2891 velut
1639 2833 1695 2887 in
1717 2827 2066 2886 humiliorem
2090 2822 2159 2878 de

563 2939 738 3014 gradu
761 2938 1162 2996 descendentes
1193 2927 1673 2997 altiore,eumdem
1703 2922 1884 2977 virum
1917 2912 2160 2974 clarissi-

561 3047 716 3089 mum
753 3031 936 3087 adhuc
966 3030 1085 3084 viro
1114 3035 1500 3096 comparemus
1522 3014 1788 3074 inferiori.
1817 3010 1952 3079 Quis
1971 3015 2157 3064 autem

560 3125 816 3196 leprosus
866 3123 957 3178 ille
1001 3129 1184 3192 potest
1224 3105 1349 3174 esse
1389 3113 1495 3171 nisi
1549 3108 1721 3175 Giezi,
1745 3104 1839 3177 qui
1872 3119 1904 3158 a
1930 3097 2158 3173 praefato

557 3189 808 3274 Naaman
877 3189 1169 3286 pecuniam
1235 3222 1394 3265 suam
1449 3201 1669 3260 fallacia
1718 3192 1950 3253 extorsit
1997 3198 2054 3247 et
2103 3189 2157 3244 vi

561 3309 678 3384 (ιν.
712 3309 840 3382 Reg.
873 3282 927 3380 ἓ)
959 3303 1222 3378 ,quando
1261 3315 1373 3357 non
1415 3297 1520 3355 sub
1565 3307 1687 3360 suo,
1715 3287 1938 3348 sedsub
1979 3282 2159 3339 Elistui

560 3375 1049 3472 neiuine'duplicia
1075 3398 1221 3455 dona
1247 3395 1317 3452 ab
1339 3391 1534 3449 eodem
1561 3382 1863 3458 reportavit
1891 3375 2162 3435 homine?

560 3493 720 3552 Unde
766 3471 992 3565 dignum
1049 3499 1135 3547 est
1182 3495 1265 3554 ut,
1294 3485 1437 3543 sicut
1463 3482 1644 3554 pietas
1677 3471 1955 3535 severitati
1983 3483 2163 3542 quon-

561 3591 688 3648 dam
729 3564 938 3645 sociata
962 3585 1066 3642 fuit
1113 3585 1171 3640 in
1211 3591 1431 3654 pectore
1461 3574 1666 3648 Moysi,
1700 3572 1777 3628 ita
1806 3581 1955 3624 nunc
1983 3564 2161 3636 pieta—

564 3691 677 3738 tem
719 3676 1074 3738 Constantini
1122 3651 1347 3730 malitite
1397 3677 1779 3738 comparemus
1816 3657 2003 3722 Giezi;
2032 3651 2163 3724 quia

567 3773 715 3830 sicut
735 3771 886 3828 Giezi
914 3783 1016 3841 pro
1039 3765 1338 3838 cupiditate
1359 3771 1413 3818 et
1437 3756 1668 3816 avaritia
1706 3751 1900 3809 incidit
1934 3750 1988 3805 il
2013 3746 2165 3800 inﬁr-

566 3866 816 3922 mitatem
839 3905 855 3933 ,
903 3838 979 3919 ita
1035 3857 1436 3917 Constantinus
1471 3865 1575 3925 pro
1614 3849 1819 3922 pietate
1860 3851 1914 3899 et
1951 3838 2161 3912 iustitia

562 3959 769 4016 meruit
793 3957 1040 4028 recipere
1063 3952 1374 4010 sanitatem.
1400 3944 1557 4004 Giezi
1576 3938 1883 4006 enim,sine
1907 3935 2063 3989 lucro
2081 3927 2166 4014 dl-

562 4049 681 4108 vini
718 4043 1088 4116 sacramenti,
1108 4060 1139 4099 a
1177 4039 1428 4097 Naaman
1473 4033 1684 4106 accepit
1713 4031 1824 4087 duo
1847 4025 2053 4083 talenta
2071 4009 2165 4076 ar-

563 4143 739 4218 genti.
771 4113 1174 4198 Constantinus
1220 4141 1403 4190 autem
1453 4142 1608 4200 aeque
1650 4124 1762 4182 duo
1798 4121 2002 4178 talenta
2027 4113 2168 4172 reci-
2245 4159 2248 4162 ί

565 4237 727 4310 piens
761 4252 794 4292 a
848 4233 983 4300 Deo,
1008 4247 1135 4289 cum
1179 4227 1337 4285 lucro
1377 4223 1510 4281 boni
1556 4219 1740 4294 operis
1760 4233 1892 4274 vero
1933 4215 2169 4288 portavit

569 4305 794 4386 iiiisaao.
813 4326 966 4384 Giezi
987 4323 1217 4397 praemio
1231 4319 1441 4379 caelesti
1464 4317 1659 4373 nolens
1680 4311 2012 4370 :eternaliter
2031 4305 2164 4375 frui,

569 4425 691 4481 sine
756 4421 1038 4479 taxatione
1089 4413 1376 4474 abscondit
1431 4408 1723 4484 pecuniam
1775 4401 1986 4461 domini
2046 4399 2164 4467 sui;

570 4516 972 4574 Constantinus
1017 4521 1202 4570 autem
1239 4525 1342 4582 pro
1362 4503 1628 4563 lucranda
1658 4501 1745 4559 sui
1767 4495 1977 4555 domini
2001 4510 2169 4566 pecu-
2200 4515 2246 4571 ι)

573 4611 660 4666 uia
680 4653 695 4678 ,
720 4626 782 4670 se
817 4624 1033 4681 suaque
1060 4607 1245 4664 omnia
1279 4603 1394 4659 Deo
1418 4610 1474 4657 et
1505 4594 1823 4655 hominibus
1848 4591 2026 4647 voluit
2047 4603 2172 4646 esse

572 4707 910 4763 communia.
924 4704 1076 4762 Giezi
1096 4719 1197 4775 pro
1211 4701 1415 4774 duplici
1431 4693 1856 4755 mutatoriorum
1888 4703 2054 4761 quam
2073 4702 2168 4743 ac-

570 4805 794 4870 ceperat
821 4805 999 4864 veste,
1036 4797 1106 4853 ab
1140 4796 1340 4852 Elisaao
1379 4793 1500 4849 viro
1532 4789 1654 4858 Dei,
1679 4788 1848 4860 lepra:
1872 4781 2171 4838 Naamani-

571 4895 695 4951 ticaa
711 4907 1024 4966 percussus
1044 4897 1131 4945 est
1157 4897 1342 4960 peste;
1371 4882 1773 4942 Constantinus
1793 4887 1977 4937 autem
2002 4875 2172 4946 lepra:

571 4985 967 5059 elephantiacae
993 4981 1261 5036 liberatus
1283 4995 1316 5035 a
1347 4986 1520 5049 peste,
1541 4969 1978 5033 immortalitatis
2004 4976 2059 5026 et
2083 4968 2170 5025 in-

571 5080 843 5138 nocentiae
877 5074 1085 5149 duplici
1125 5091 1156 5130 a
1181 5072 1295 5130 Deo
1321 5071 1547 5128 indutus
1574 5081 1659 5129 est
1690 5078 1860 5127 veste.
1894 5064 2045 5123 Giezi
2074 5078 2174 5120 cu-

569 5173 802 5245 piditate
828 5180 882 5227 et
927 5167 1159 5225 avaritia
1190 5165 1437 5236 selpsum
1461 5163 1683 5231 delusit,
1709 5162 1839 5218 dum
1889 5159 2034 5216 dona
2065 5155 2174 5212 du-

570 5265 735 5339 plicia
779 5263 998 5320 duobus
1047 5259 1226 5318 saccis
1269 5254 1522 5322 inclusit;
1553 5251 1952 5311 Constantinus
1990 5258 2176 5307 autem

571 5358 866 5434 pecuniam
896 5373 1056 5414 suam
1094 5351 1295 5411 veteris
1327 5348 1475 5406 illius
1506 5347 1651 5405 sacci
1676 5344 1851 5402 noluit
1889 5343 2172 5400 includere

572 5457 816 5523 malitia,
853 5454 922 5511 de
971 5467 1083 5524 quo
1135 5448 1404 5520 scriptum
1448 5451 1550 5499 est.
1611 5437 1909 5496 Concidirti
1956 5444 2170 5492 saccum

571 5557 845 5617 meum,“
873 5543 1277 5604 circumdedisti
1307 5555 1389 5594 me
1415 5531 1803 5605 lmtitiaﬂ’sat.
1833 5527 2173 5599 xux).Giezi

573 5651 771 5700 contra
795 5653 1096 5699 conservos
1124 5634 1388 5700 tumidus,
1413 5638 1470 5686 et
1500 5634 1694 5684 contra
1718 5623 1956 5680 humiles
1979 5637 2174 5694 super-

571 5738 700 5802 bus,
728 5733 964 5790 Domino
992 5745 1095 5788 suo
1127 5728 1351 5785 obedire
1379 5722 1620 5784 nolebat,
1662 5727 1725 5774 ut
1765 5732 1989 5784 servus;
2021 5715 2172 5772 Con-

575 5817 858 5890 stantinus
881 5831 1064 5880 autem
1093 5819 1322 5879 humilis
1352 5813 1677 5883 humilibus,
1708 5818 1764 5868 et
1793 5808 2044 5883 superbis
2071 5823 2170 5869 su-

2251 778 2306 824 et
2324 768 2496 840 legem
2521 762 2719 835 Moysi,
2743 773 2858 816 rem
2885 753 3122 828 proximi
3150 749 3237 808 sui
3259 745 3638 818 concupiscere
3656 744 3798 800 noluit-
