3960 6316
169 369 294 432 98!

1226 377 1358 436 LIB.
1400 376 1488 436 DE
1525 374 1884 439 MYSTERIO
1919 377 2105 438 LIGNI
2141 375 2470 435 DOMINICI.

3372 369 3477 438 932
3551 455 3558 462 ο

169 490 446 560 ablutus,
478 505 543 546 eo
581 489 876 563 perfectius
903 492 956 549 in
980 495 1143 551 corde
1192 511 1294 554 suo
1334 472 1588 570 supernae
1636 498 1776 555 dile-
1807 511 1857 572 Α
1885 495 2228 552 tribulatione
2275 494 2452 568 (Psal.
2487 493 2588 565 ut),
2629 493 2760 549 dum
2815 507 2846 548 a
2900 495 3104 566 duplici
3156 497 3474 559 inﬁrmitate

173 586 394 641 ctionis
435 586 656 643 inclusit
679 605 940 658 amorem,
973 606 1082 662 quo
1109 592 1342 662 perfecta
1373 593 1608 649 charitas
1631 595 1776 666 foras

170 679 344 733 misit
367 680 609 734 timorem
633 679 687 753 (Ι
712 681 873 737 Joan.
902 683 997 755 1v).
1029 682 1095 738 Et
1117 699 1225 739 non
1249 685 1523 742 immerito
1556 686 1776 758 quidem

171 768 386 840 Deum,
419 772 648 831 internae
671 776 978 834 dilectionis
1000 777 1187 834 dilexit
1210 794 1418 847 amore,
1441 780 1536 851 qui
1562 780 1778 851 gemina

1855 582 2128 660 eorporis
2161 595 2225 654 ,et
2259 588 2479 655 animae,
2504 585 2739 657 duplicis
2776 589 2964 658 gratia:
3010 589 3210 646 meruit
3242 591 3473 648 relevari

1883 683 2194 751 curamine;
2243 684 2466 755 quando
2515 685 2574 739 in
2630 683 2850 738 lavacro
2894 684 3321 755 regenerationis
3358 686 3476 742 haec

1847 771 1856 774 ’
1883 778 1995 835 duo
2021 778 2322 835 sanitatum
2352 777 2557 850 recepit
2592 777 2974 846 medicamina,
3001 787 3063 835 ut
3091 779 3148 834 in
3183 795 3413 852 corpore
3440 795 3472 836 a

168 867 427 924 sanitate
467 868 684 939 adjutor
721 869 840 941 ejus
899 869 1004 926 fuit
1055 871 1111 926 in
1161 871 1674 942 opportunitatibus,
1722 871 1780 927 in
1847 865 2185 944 “lepra,eta
2216 871 2361 927 vitiis
2383 873 2743 928 mandaretur
2764 871 2821 925 in
2841 870 3045 926 anima.

857 1219 1908 1338 sanam-.051
1986 1223 2802 1350 ABBATIS
2879 1318 2882 1320 .

1440 1421 1822 1503 LIBELLUS
1837 1433 1854 1531 ς
1878 1433 2226 1498 INSIGNIS

702 1611 886 1744 DE
973 1626 1715 1745 MYSTERIO
1801 1627 2199 1744 LIGNI
2283 1629 2955 1749 DOMINICI

1776 1865 1850 1907 ΕΤ

172 2011 280 2072 DE
315 1976 502 2072 tuon
531 2011 806 2075 VISIBILI
831 2010 923 2076 ET
945 2009 1294 2070 INYISIBILI
1319 2008 1461 2066 PER
1488 2007 1686 2078 QUAM
1715 2004 2313 2092 ANTIQUIIPATRES
2348 2008 2518 2068 eum
2552 2010 2994 2074 MERUERUNT
3026 1985 3470 2102 iLLUSTnAru.

1445 2175 1722 2252 (Biblioth.
1751 2173 1909 2230 Patr.
1933 2173 2053 2247 XII,
2076 2176 2228 2253 566.)

252 2467 530 2538 Quoniam
564 2468 776 2540 primus
816 2469 1003 2537 homo,
1033 2466 1376 2524 dilectissimi
1422 2464 1641 2534 fratres,
1682 2481 1782 2538 pro
1808 2468 1857 2546 Β
1886 2479 1988 2537 pro
2017 2465 2132 2536 illa,
2169 2481 2294 2538 qua:
2318 2467 2594 2538 promissa
2628 2477 2742 2538 est,
2758 2484 2949 2526 eorum
2988 2469 3044 2526 in
3068 2471 3325 2529 omnibus
3345 2471 3475 2532 imi-

130 2567 144 2578 '
171 2563 311 2626 cibo
347 2563 684 2635 cupiditatis,
712 2579 874 2634 quem
920 2563 1110 2619 illicite
1140 2561 1380 2618 comedit
1403 2559 1556 2632 (Gen.
1592 2558 1698 2631 ιιι),
1721 2560 1778 2623 in

170 2655 426 2711 tenebris
456 2663 510 2710 et
547 2655 603 2724 in
633 2655 828 2710 umbra
866 2655 1063 2710 mortis
1111 2653 1242 2710 olim
1277 2652 1586 2708 diutissime
1615 2653 1776 2720 sedit,

173 2749 560 2805 necessarium
607 2757 725 2804 erat
767 2756 829 2804 ut
862 2748 1176 2821 unigenitus
1230 2746 1327 2802 Dei
1366 2745 1538 2802 Filius
1572 2761 1671 2818 pro
1714 2761 1780 2801 eo

175 2850 295 2896 tam
318 2840 606 2912 dignanter
627 2841 1004 2908 interveniret,
1035 2848 1097 2896 ut
1123 2841 1192 2896 ad
1220 2840 1362 2896 viam
1398 2840 1537 2895 lucis
1565 2846 1782 2894 aeternae

174 2933 288 2990 sibi
317 2934 420 2988 iter
445 2934 699 3005 aperiret.
726 2933 829 2989 Diu
859 2950 1099 3006 namque
1128 2932 1234 2989 fuit
1253 2933 1424 3005 quod,
1455 2933 1665 2988 lumine
1687 2947 1782 2987 ve-

176 3026 366 3081 ritatis
400 3025 630 3097 amisso,
660 3029 902 3098 antiquae
946 3027 1207 3083 caecitatis
1237 3042 1348 3083 non
1386 3027 1587 3097 injuste
1609 3026 1778 3090 valla-

172 3117 344 3176 batur
363 3119 591 3192 abysso;
623 3122 882 3192 quoniam
902 3129 1204 3193 spontanea
1229 3121 1510 3177 voluntate
1537 3120 1778 3191 seipsum

175 3211 369 3268 divina
414 3213 536 3269 luce
578 3214 873 3286 separavit,
905 3213 1037 3269 dum
1081 3220 1277 3270 contra
1311 3220 1641 3285 praeceptum
1674 3211 1782 3266 Do-

175 3303 322 3370 mini
373 3321 555 3376 prava:
600 3308 834 3374 actionis
864 3308 1119 3364 tenebras
1151 3307 1380 3365 amavit.
1414 3304 1521 3361 Sed
1549 3305 1678 3378 quia
1713 3305 1781 3384 de

178 3397 528 3469 tenebris'ad
556 3399 736 3468 lucem
780 3402 930 3458 nulla
958 3408 1174 3473 poterat
1198 3401 1412 3457 ratione
1441 3401 1639 3468 redire,
1671 3399 1780 3457 nisi

181 3491 440 3550 Salvator
463 3503 650 3556 noster
671 3510 769 3568 per
791 3495 1034 3570 seipsum
1055 3495 1160 3551 sibi
1185 3494 1329 3551 viam
1346 3495 1507 3550 vellet
1533 3493 1776 3565 aperire;

179 3584 308 3641 ideo
344 3586 414 3642 ad
445 3588 837 3646 ostendendam
859 3589 908 3644 ei
933 3589 1239 3644 claritatem
1269 3587 1664 3644 amantissimae
1690 3588 1778 3642 lu-

179 3683 288 3749 eis,
319 3681 493 3752 factus
518 3691 594 3744 est
616 3698 710 3753 pro
734 3683 885 3738 nobis
915 3683 1160 3742 obediens
1176 3683 1326 3740 Patri
1357 3699 1519 3756 usque
1542 3683 1612 3740 ad
1635 3700 1778 3738 mor-

181 3785 309 3842 tem,
336 3783 558 3838 mortem
597 3784 775 3840 autem
809 3778 983 3840 crucis
1011 3777 1237 3850 (Philip.
1275 3776 1360 3850 ιι).
1386 3775 1544 3834 Unde
1573 3777 1778 3850 gratias

182 3867 318 3936 Deo,
342 3868 472 3939 quia
510 3869 641 3924 dum
666 3868 839 3926 Filius
872 3869 1023 3924 Patri
1054 3871 1256 3937 obedit,
1287 3886 1467 3926 caecus
1499 3870 1777 3942 evangeli-

181 3976 285 4018 cus
318 3961 387 4018 ad
413 3963 598 4020 lumen
641 3961 781 4020 redit
817 3981 830 4016 :
857 3971 918 4024 ut
950 3963 1253 4024 humanum
1279 3979 1452 4036 genus
1485 3979 1551 4019 eo
1594 3965 1778 4031 minus

176 4053 298 4128 jam
325 4055 575 4127 pristinae
593 4055 853 4112 caecitatis
882 4056 1132 4128 pulsetur
1156 4056 1376 4125 affectu,
1397 4071 1510 4128 quo
1529 4072 1627 4128 per
1649 4072 1778 4112 san-

175 4149 408 4222 guinem
430 4148 638 4214 Christi
661 4166 914 4222 superna:
943 4151 1083 4207 lucis
1112 4149 1433 4224 quotidiano
1472 4149 1778 4204 illustratur

184 4251 432 4314 aspectu.
487 4242 750 4318 Alioquin
792 4245 972 4302 lucem
1016 4245 1167 4300 illam
1207 4259 1316 4300 non
1343 4243 1548 4300 videbit
1585 4259 1779 4298 aman-

183 4337 336 4405 dam,
367 4337 438 4398 de
459 4353 566 4409 qua
592 4339 857 4418 scriptum
901 4347 987 4396 est
1015 4359 1029 4396 :
1063 4338 1304 4410 Populus
1334 4338 1425 4412 qui
1465 4336 1776 4413 ambulabat

185 4431 242 4484 in
268 4430 512 4498 tenebris,
557 4431 691 4502 vidi}
736 4431 906 4488 lucem
933 4447 1184 4503 magnam
1206 4428 1364 4503 (Isai.
1393 4429 1506 4502 1x);
1542 4427 1650 4484 nisi
1681 4443 1778 4498 per

186 4520 428 4578 fructum
456 4521 587 4591 boni
617 4522 796 4593 operis
823 4522 1044 4596 illorum
1070 4531 1346 4602 mereatur
1379 4521 1613 4598 adunari
1639 4521 1776 4576 cbo-

188 4614 318 4681 reis,
341 4614 408 4668 de
430 4615 631 4684 quibus
653 4614 1006 4687 subjuugitur
1036 4633 1050 4670 :
1086 4614 1472 4669 Habitantibus
1494 4615 1550 4668 in
1569 4615 1777 4685 regione

187 4703 388 4760 umbrae
415 4707 627 4777 mortis,
656 4705 753 4760 lux
774 4715 895 4760 orta
914 4714 994 4762 est
1021 4707 1099 4761 eis
1141 4705 1343 4780 (ibid.).
1381 4704 1508 4762 Haec
1532 4714 1616 4762 est
1645 4720 1778 4778 ergo

187 4797 280 4853 illa
310 4799 426 4869 lux,
458 4815 567 4872 qua
612 4800 826 4872 primus
866 4800 1035 4875 homo
1056 4800 1262 4872 privari
1302 4800 1523 4868 meruit,
1556 4799 1777 4872 quando

187 4893 345 4965 uilpa
372 4909 495 4950 eum
534 4895 778 4976 appetiit,
809 4902 866 4950 et
901 4896 1075 4966 gratia
1101 4895 1363 4970 deseruit,
1387 4894 1517 4966 quia
1545 4894 1676 4949 dum
1720 4894 1778 4948 iu

186 4987 333 5060 ligno
376 4987 572 5044 mortis
597 4988 1060 5060 oblectamentum
1104 4989 1279 5064 culpae
1319 4987 1424 5045 sibi
1447 4988 1652 5044 arctius
1675 4987 1779 5042 im-

187 5078 408 5150 pressit,
457 5079 636 5136 virtus
676 5080 862 5136 divina
911 5080 1100 5137 lumen
1151 5095 1323 5134 unum
1347 5080 1399 5136 ei
1448 5077 1692 5144 abstulit,
1726 5086 1781 5131 et

1846 2635 1848 2637 ν
1884 2566 2065 2615 temur
2119 2559 2381 2629 actiones,
2414 2562 2482 2617 de
2536 2562 2739 2634 quibus
2784 2564 3050 2635 scriptum
3093 2573 3219 2621 est:
3255 2565 3476 2638 Operati

1848 2713 1852 2718 ι
1883 2660 2006 2704 sunt
2030 2651 2328 2721 justitiam,
2357 2653 2538 2724 adepti
2561 2665 2685 2708 sunt
2705 2656 3138 2726 repromissione:
3169 2655 3473 2732 (Hebmu).

1884 2743 2021 2799 Cum
2072 2745 2218 2801 enim
2273 2763 2383 2803 una
2428 2747 2521 2803 lux
2568 2757 2785 2806 terrena
2831 2750 2921 2818 sit,
2963 2760 3019 2819 et
3059 2751 3165 2806 alia
3210 2753 3474 2823 caelestis,

1884 2837 2110 2909 dignum
2134 2847 2218 2894 est
2241 2847 2302 2893 ut
2331 2839 2607 2896 ccelestem
2630 2841 2809 2896 lucem
2839 2841 3086 2899 moribus
3109 2859 3326 2914 semper
3347 2858 3478 2916 pro-

1885 2947 2182 3002 sequamur
2216 2933 2462 2991 honestis
2511 2945 2590 3004 ut,
2619 2935 2764 2996 sicut
2809 2951 2906 3008 per
2940 2937 3148 3008 lignum
3185 2938 3382 2996 mortis
3409 2937 3477 2994 de

1885 3033 2028 3082 terra
2053 3043 2245 3082 sumus
2276 3036 2588 3095 terrestres,
2606 3030 2680 3086 ita
2702 3045 2798 3101 per
2824 3030 3030 3101 lignum
3055 3031 3180 3086 vitae
3205 3047 3398 3087 sumus
3421 3039 3476 3086 et

1885 3118 1952 3175 de
2001 3121 2140 3176 ctelo
2185 3121 2456 3177 caelestes.
2492 3122 2748 3192 Alioquin
2791 3123 2968 3178 lucem
3016 3124 3166 3179 illam
3206 3123 3480 3202 visibilem

1885 3213 2198 3272 nullatenus
2224 3215 2407 3270 videre
2444 3214 2714 3283 valemus,
2753 3232 2917 3286 quam
2945 3231 3055 3271 non
3079 3215 3483 3286 corporalibus,

1886 3308 1981 3364 sed
2009 3309 2388 3379 spiritualibus
2410 3309 2584 3366 oculis
2611 3308 2946 3380 quandoque
2979 3309 3164 3367 videre
3193 3311 3477 3376 debemus,

1885 3400 1992 3456 nisi
2036 3401 2105 3456 ab
2138 3401 2384 3458 hacluce
2411 3402 2615 3458 visibili
2656 3403 2812 3474 prius
2844 3402 3165 3458 erudiamur
3203 3404 3257 3458 in
3296 3402 3477 3469 terris,

1886 3509 2010 3566 quae
2033 3495 2117 3550 vel
2147 3496 2328 3566 qualis
2363 3495 2434 3552 sit
2466 3496 2581 3562 illa,
2613 3496 2772 3552 nobis
2803 3504 3116 3552 reservatur
3145 3497 3199 3551 in
3230 3495 3405 3552 caelis.

1958 3586 2133 3654 Unde,
2159 3589 2288 3660 quia
2320 3591 2664 3660 temporariae
2688 3589 2829 3646 lucis
2855 3597 2909 3645 et
2952 3597 3169 3645 aeternae
3206 3589 3298 3645 hic
3320 3605 3353 3645 a
3375 3603 3480 3648 no-

1885 3680 1970 3737 bis
2017 3680 2161 3737 facta
2207 3690 2291 3738 est
2341 3681 2585 3749 mentio,
2629 3682 2751 3736 ideo
2779 3680 3115 3736 differentias
3139 3695 3331 3737 eorum
3369 3694 3480 3736 non

1886 3774 2150 3832 debemus
2199 3772 2499 3832 'oblitcrare
2552 3775 2799 3844 silentio,
2859 3775 3122 3846 quoniam
3183 3773 3480 3846 margarita

1886 3868 2028 3925 lucis
2071 3876 2350 3942 perpetuae
2395 3883 2461 3924 eo
2490 3867 2686 3940 majori
2723 3884 2755 3922 a
2802 3868 2964 3924 nobis
2995 3867 3366 3939 comparanda
3392 3872 3481 3922 est

1883 3961 2080 4034 pretio,
2105 3978 2217 4034 quo
2256 3962 2397 4018 inter
2427 3961 2570 4018 hanc
2607 3970 2662 4017 et
2699 3961 2848 4016 illam
2887 3976 3086 4033 magna
3113 3961 3330 4017 videtur
3358 3975 3482 4017 esse

1883 4055 2162 4113 discretio.
2193 4054 2348 4111 Sicut
2375 4055 2521 4112 enim
2546 4054 2807 4112 differunt
2829 4055 2900 4110 ab
2919 4054 3165 4111 adversis
3193 4069 3479 4126 prospera,

1881 4149 1968 4204 vel
1992 4164 2022 4202 a
2043 4147 2295 4204 tristibus
2313 4147 2434 4203 laeta
2449 4189 2464 4214 ,
2494 4148 2575 4204 sic
2595 4163 2705 4202 una
2729 4147 2823 4202 lux
2842 4146 2913 4202 ab
2938 4145 3044 4201 alia
3074 4146 3341 4218 probatur
3360 4159 3484 4230 esse

1883 4242 2115 4302 discreta
2155 4262 2168 4296 :
2205 4243 2444 4300 maxime
2485 4259 2612 4300 cum
2654 4259 2763 4297 una
2811 4240 2968 4297 alteri
3018 4241 3094 4297 ita
3117 4241 3366 4296 videatur
3399 4239 3484 4294 in-

1883 4334 2130 4405 aequalis,
2169 4342 2230 4388 ut
2263 4349 2372 4389 una
2399 4335 2471 4390 sit
2506 4343 2729 4403 aeterna,
2762 4343 2818 4390 et
2852 4335 2962 4390 alia
2998 4333 3337 4406 temporalis.
3381 4329 3483 4386 Ve—

1882 4442 2029 4494 rum,
2068 4426 2194 4482 licet
2228 4433 2517 4495 utramque
2538 4425 2718 4482 lucem
2747 4427 3098 4496 exstinguere
3121 4441 3232 4481 non
3254 4432 3487 4495 possunt

1884 4517 2361 4590 inexstinguibiles
2383 4533 2568 4589 aquae,
2600 4533 2799 4588 magna
2825 4526 3009 4572 tamen
3049 4516 3339 4572 diversitas
3357 4530 3483 4569 veru

1848 4617 2038 4686 _satur
2066 4609 2123 4664 in
2171 4617 2431 4679 utraque;
2471 4607 2756 4679 quoniam,
2789 4607 2933 4662 sicut
2978 4621 3148 4664 sacrae
3190 4603 3488 4678 Scriptura:

1850 4704 2083 4776 pagina
2123 4711 2376 4771 testatur,
2410 4718 2521 4758 una
2561 4701 2835 4756 illuminat
2866 4709 2921 4756 et
2969 4701 3340 4770 illuminatur;
3379 4699 3488 4756 alia

1883 4815 2015 4856 vero
2046 4798 2339 4865 illuminat,
2367 4806 2423 4852 et
2449 4812 2559 4852 non
2599 4795 2962 4850 illuminatur.
3001 4792 3058 4849 Si
3087 4795 3234 4849 enim
3263 4793 3484 4849 clarita-

1885 4898 1996 4946 tem
2027 4891 2316 4959 utriusque
2344 4886 2759 4943 consideremus
2797 4885 3025 4954 intente,
3059 4886 3128 4941 ab
3159 4901 3268 4940 una
3295 4882 3485 4955 procul

1847 5055 1850 5057 ,
1885 4983 2054 5042 dubio
2095 4983 2150 5038 in
2188 4996 2418 5053 corpore
2441 4975 2497 5036 et
2526 4980 2596 5035 ab
2627 4979 2732 5043 alia
2766 4980 3144 5034 illuminamur
3171 4977 3226 5031 in
3263 4984 3483 5041 mente;
3585 5009 3592 5016 -

1886 5077 2150 5150 quoniam
2171 5083 2324 5130 tanta
2356 5074 2438 5130 vis
2459 5081 2543 5131 est
2562 5072 2788 5129 luminis
2810 5088 2841 5128 a
2864 5072 3051 5128 divino
3084 5070 3375 5142 splendore
3393 5082 3488 5122 ve-

188 5172 335 5228 aliud
363 5173 652 5242 concessit.
683 5171 804 5244 Ipse
825 5173 995 5242 enim,
1019 5174 1109 5246 qui
1130 5182 1208 5228 est
1231 5173 1379 5229 testis
1403 5173 1459 5226 in
1481 5172 1619 5228 coelo
1643 5170 1779 5242 βόε-
1805 5185 1857 5248 υ
1884 5170 2110 5238 nientis,
2133 5176 2196 5224 ut
2218 5167 2339 5240 capi
2363 5183 2474 5222 non
2501 5164 2678 5238 possit
2705 5165 2878 5221 oculis
2899 5159 3172 5234 corporis,
3199 5159 3296 5216 sed
3326 5159 3488 5214 obtu-

188 5266 254 5322 lis
283 5265 470 5338 (Apoc.
495 5266 560 5338 ι),
583 5282 751 5339 unam
775 5267 826 5322 ei
850 5268 1028 5340 lucem
1053 5267 1109 5322 in
1153 5266 1333 5332 terris,
1371 5274 1425 5321 et
1446 5264 1610 5324 aliam
1642 5279 1777 5337 prae-

191 5363 400 5434 rogavit
427 5361 484 5418 in
505 5363 689 5432 caelis;
711 5363 865 5434 quia,
889 5363 1020 5419 dum
1045 5362 1098 5418 in
1127 5361 1248 5433 ipsa
1279 5360 1559 5417 creatione
1584 5360 1772 5434 saeculi

191 5451 330 5510 dona
356 5469 480 5524 sua,
502 5462 668 5526 prout
691 5469 832 5526 opus
852 5462 990 5522 erat,
1015 5453 1310 5526 unicuique
1339 5461 1605 5510 creaturae
1634 5439 1776 5521 divi-

191 5550 280 5620 sit,
305 5551 552 5616 humano
569 5551 756 5625 generi
780 5551 957 5616 lucem
983 5565 1151 5607 unam
1179 5551 1352 5621 dedit,
1373 5560 1428 5609 et
1451 5551 1616 5608 aliam
1646 5567 1776 5626 pro-

192 5645 359 5702 misit.
387 5644 516 5714 Sed,
543 5647 805 5718 quoniam
827 5662 895 5716 ex
924 5661 1036 5701 una
1060 5645 1204 5714 luce,
1231 5661 1356 5717 quae
1376 5644 1650 5718 promissa
1669 5654 1776 5716 est,

194 5755 259 5797 eo
290 5741 598 5799 securiores
625 5757 749 5800 esse
766 5741 1015 5800 valemus
1035 5755 1147 5813 quo
1180 5740 1346 5798 aliam
1376 5758 1500 5814 quae
1525 5742 1652 5800 data
1670 5750 1775 5810 est,

113 5867 124 5876 -
198 5835 571 5908 corporalibus
594 5837 771 5894 oculis
795 5835 1040 5910 quotidie
1060 5835 1332 5908 videmus,
1355 5835 1583 5911 dignum
1610 5844 1698 5894 est
1715 5841 1780 5892 ut

1884 5261 2034 5318 tibus
2063 5257 2284 5314 mentis.
2313 5253 2490 5325 Unde,
2519 5257 2565 5311 si
2589 5256 2768 5335 lucem
2808 5254 2973 5309 istam
3003 5248 3361 5320 temporalem
3392 5263 3486 5303 so-

1853 5355 2063 5424 lemus
2100 5349 2365 5408 intuendo
2416 5350 2627 5420 mirari,
2673 5366 2771 5422 per
2799 5363 2967 5420 quam
3003 5359 3115 5402 non
3166 5343 3352 5409 corda,
3392 5339 3488 5424 sed

1888 5463 2120 5520 corpora
2143 5447 2398 5504 videntur
2427 5444 2720 5512 illustrari,
2751 5441 2926 5500 multo
2945 5437 3120 5512 magis
3143 5438 3326 5493 lumen
3353 5434 3487 5516 illud

1887 5555 2155 5602 aeternum
2188 5545 2388 5602 debent
2423 5538 2681 5598 admirari
2712 5535 3015 5605 credentes,
3053 5549 3152 5607 per
3174 5531 3323 5604 quod
3360 5545 3485 5586 cor-

1889 5656 2026 5716 pora
2053 5656 2246 5697 eorum
2285 5641 2633 5696 illustrantur
2669 5644 2724 5690 et
2760 5641 2992 5690 mentes.
3027 5631 3297 5687 Praeterea
3333 5642 3483 5714 vero,

1889 5738 1940 5796 si
1975 5736 2109 5794 solis
2142 5744 2198 5792 et
2245 5736 2391 5792 lunae
2430 5734 2611 5789 lucem
2661 5731 2806 5786 hanc
2834 5727 3106 5784 visibilem
3143 5723 3488 5784 admirantur

1891 5829 2104 5908 populi,
2133 5843 2236 5901 pro
2256 5827 2416 5900 cujus
2450 5824 2737 5897 splendore
2770 5820 3100 5879 intolerabili
3131 5817 3360 5876 humani
3383 5829 3498 5881 δυο,
