3960 6316
563 366 572 371 _
599 295 706 353 sas

595 503 725 558 dum
751 510 835 559 est
874 503 1059 558 lumen
1088 501 1222 557 illud
1247 500 1589 574 angelorum,
1621 501 1768 572 quod
1794 500 1910 572 capi
1941 515 2051 556 non
2084 514 2187 570 po-

594 603 701 651 test
724 595 914 651 auditu
939 595 1178 663 aurium,
1204 609 1307 650 nec
1325 594 1447 650 visu
1471 594 1774 650 oculorum.

665 687 733 741 Et
752 702 879 743 ecce
917 687 1179 758 quoniam
1211 687 1301 742 hic
1325 687 1483 743 nobis
1507 687 1726 744 occasio
1764 701 1823 742 se
1875 684 2072 757 ingerit
2092 700 2193 758 op-

591 790 850 851 portuna,
881 789 943 836 ut
972 782 1113 837 inter
1143 781 1250 837 alia
1295 781 1472 838 sidera
1501 782 1753 852 quaedam
1794 781 1862 836 de
1889 781 2003 836 sole
2039 779 2193 836 dica-

593 889 718 929 mus
755 882 810 929 et
840 873 972 928 luna
1007 893 1019 928 :
1058 873 1282 945 dignum
1306 883 1410 942 est,
1442 883 1504 928 ut
1534 873 1649 944 jam
1687 889 1814 929 cum
1839 871 2191 944 processione

590 966 844 1022 lectionis
867 966 935 1022 ad
963 966 1366 1037 susceptionem
1387 966 1702 1022 eorumdem
1729 964 2083 1020 luminarium
2107 961 2194 1018 fo-

593 1075 688 1114 ras
715 1073 1072 1130 properemus
1097 1058 1301 1127 anheli,
1324 1058 1391 1114 de
1412 1058 1614 1129 quibus
1643 1057 1910 1112 Dominus
1949 1079 1961 1111 :
2001 1053 2192 1125 Fiant,

591 1152 796 1222 inquit,
819 1150 1112 1207 luminaria
1145 1153 1203 1207 in
1227 1151 1563 1224 ﬁrmamento
1594 1153 1731 1207 caeli.
1763 1152 1937 1222 Dixit,
1966 1159 2016 1205 et
2046 1150 2192 1221 facta

591 1255 715 1298 sunt
747 1243 900 1315 (Gen.
933 1245 996 1318 1).
1028 1244 1160 1303 Post
1180 1247 1419 1318 primum
1456 1263 1694 1318 namque
1719 1246 1869 1302 vocis
1898 1244 2193 1300 Dominicae

589 1338 935 1409 mandatum,
969 1341 1403 1412 unumquodque
1451 1340 1509 1395 in
1555 1354 1656 1396 suo
1687 1339 1879 1395 ordine
1907 1337 2192 1393 videbatur

590 1446 714 1488 esse
733 1433 996 1503 locatum,
1010 1434 1085 1490 ita
1107 1442 1167 1488 ut
1180 1434 1323 1491 sicut
1334 1434 1463 1491 olim
1487 1433 1714 1504 antiqua
1727 1431 1982 1487 divinitas
1997 1445 2196 1501 praeor.

593 1522 900 1594 dinaverat,
957 1525 1390 1597 unumquodque
1434 1525 1490 1580 in
1535 1539 1636 1580 suo
1682 1525 1805 1578 loco
1854 1532 1908 1578 et
1950 1533 2192 1593 tempore

587 1630 808 1686 semper
832 1616 1045 1673 oriatur
1073 1627 1126 1673 et
1155 1618 1388 1674 occidat.
1426 1617 1718 1673 Sciendum
1751 1626 1834 1672 est
1861 1615 2011 1672 enim
2037 1616 2189 1686 quia,

584 1705 730 1761 sicut
763 1708 818 1762 in
842 1708 1020 1778 prima
1046 1710 1135 1765 die
1167 1710 1292 1767 coeli
1315 1711 1546 1766 distenta
1585 1719 1669 1765 est
1701 1711 1887 1780 pellis,
1913 1711 1994 1766 sic
2017 1710 2186 1766 etiam

583 1808 782 1868 quarta
826 1801 914 1857 die
947 1804 1143 1860 vestita
1185 1813 1270 1861 est
1302 1806 1493 1874 stellis,
1531 1806 1764 1877 ideoque
1810 1806 2005 1876 pellem
2040 1805 2192 1861 hanc

583 1890 724 1946 coelo
757 1892 836 1947 illi
875 1909 1094 1964 possem
1119 1911 1439 1969 comparare
1477 1897 1524 1953 si
1555 1898 1770 1965 vellem,
1799 1897 1866 1953 de
1903 1913 2012 1968 quo
2041 1897 2182 1954 scri-

581 1990 738 2053 ptum
760 1994 878 2040 est:
914 1984 1219 2044 Extendens
1247 1989 1434 2044 malum
1458 1991 1596 2044 sicut
1621 1990 1809 2061 pellem
1840 1989 2014 2061 (Psal.
2039 1989 2178 2062 cm).

583 2074 715 2146 Sed,
755 2079 884 2136 licet
908 2080 964 2136 in
987 2083 1180 2138 eodem
1209 2084 1348 2140 coelo
1376 2084 1462 2139 vel
1482 2084 1620 2156 pelle
1649 2085 1827 2140 adhuc
1851 2084 2078 2141 diversae
2099 2085 2184 2139 in-

580 2167 707 2227 ﬁxae
735 2181 866 2228 sunt
893 2175 1089 2245 stellae,
1119 2176 1202 2232 sol
1237 2185 1418 2234 tamen
1446 2188 1500 2234 et
1525 2178 1656 2233 luna
1678 2179 1889 2235 caeteris
1911 2178 2182 2235 sideribus

581 2277 650 2319 eo
680 2265 854 2338 magis
883 2267 1136 2324 videntur
1161 2270 1480 2342 principari,
1510 2287 1620 2342 quo
1654 2272 1873 2328 Christo
1906 2282 1960 2327 et
1989 2271 2181 2329 Eccle-

580 2357 681 2417 siae
705 2375 814 2416 non
845 2360 1145 2434 incongrue
1168 2374 1400 2434 possunt
1419 2366 1746 2438 comparari.
1781 2367 1935 2422 Sicut
1956 2367 2099 2422 enim
2123 2367 2181 2422 in

578 2449 930 2508 ﬁrmamento
950 2454 1074 2510 coeli
1099 2452 1314 2512 duobu‘s
1345 2457 1451 2513 illis
1479 2457 1844 2514 luminaribus
1875 2459 2023 2513 nulla
2052 2457 2182 2514 stel-

577 2539 761 2600 larum
789 2554 1042 2602 creatura
1067 2549 1314 2606 claritate
1342 2550 1558 2606 videtur
1585 2551 1844 2619 eximior,
1879 2552 1958 2607 sic
1990 2552 2044 2605 in
2083 2551 2179 2605 ﬁr-

575 2645 861 2693 mamento
890 2636 1149 2696 Ecclesiie
1176 2641 1389 2698 duabus
1416 2643 1503 2699 his
1542 2644 1792 2714 personis
1821 2645 1968 2699 nulla
2002 2652 2182 2715 potest

575 2743 704 2785 esse
731 2731 1018 2788 sublimior
1050 2752 1062 2788 :
1096 2734 1348 2804 quamvis
1367 2735 1510 2791 sicut
1535 2735 1691 2790 stella
1714 2735 1778 2789 ab
1809 2735 1964 2790 stella
1999 2737 2180 2806 di/fcrt

573 2822 636 2878 in
657 2823 901 2880 claritate
931 2824 985 2898 (I
1012 2825 1136 2882 Cor.
1162 2828 1285 2900 xv);
1310 2825 1386 2883 ita
1415 2826 1669 2884 Christus
1692 2827 1949 2884 Ecclesiae
1969 2829 2179 2885 caelesti

573 2914 930 2984 praeemineat
943 2916 1225 2988 dignitate.
1250 2915 1405 2974 Unde
1427 2919 1728 2974 notandum
1751 2927 1851 2987 est,
1875 2919 2040 2990 quod,
2073 2919 2180 2975 sic-

575 3012 643 3060 ut
666 3005 723 3061 in
751 3008 1028 3066 creatione
1050 3011 1234 3068 saeculi
1257 3025 1398 3066 nova
1420 3011 1542 3067 luce
1563 3027 1740 3067 novus
1763 3013 2003 3068 mundus
2042 3011 2181 3067 emi-

574 3096 724 3165 cuit,
754 3099 836 3155 sic
887 3099 942 3155 in
977 3102 1235 3173 passione
1263 3120 1364 3160 sua
1392 3103 1645 3161 Christus
1688 3103 1991 3160 Ecclesiam
2023 3103 2179 3160 radio

575 3190 683 3247 sibi
707 3207 862 3250 novae
888 3195 1152 3254 claritatis
1175 3197 1456 3270 applicuit,
1489 3198 1564 3254 ita
1593 3198 1731 3254 utin
1756 3209 1981 3255 externo
2006 3202 2178 3272 gemi-

571 3298 663 3340 na:
685 3285 994 3344 dilectionis
1037 3287 1233 3346 aﬂ‘ectu
1256 3306 1354 3361 per
1381 3292 1703 3364 mysterium
1728 3292 1909 3348 crucis
1940 3293 2078 3348 alter
2098 3292 2178 3347 al-

572 3374 751 3432 terius
770 3375 886 3448 jam
906 3379 1205 3437 delectetur
1232 3390 1477 3454 aspectu.
1507 3383 1627 3455 Ipse
1649 3384 1818 3452 enim,
1843 3386 1934 3456 qui
1957 3384 2027 3438 ad
2050 3399 2174 3438 cur-

574 3469 797 3524 rendum
821 3472 963 3526 viam
982 3475 1259 3545 passionis
1279 3476 1407 3532 olim
1437 3476 1724 3533 exsultavit
1744 3486 1803 3532 ut
1822 3479 1970 3550 gigas
1995 3477 2171 3550 (Psal.

572 3561 757 3630 xvm),
799 3564 857 3620 in
891 3581 990 3622 ara
1025 3569 1230 3638 crucis,
1277 3570 1410 3627 solis
1444 3580 1498 3628 et
1531 3572 1695 3640 lunae,
1739 3571 1854 3627 sive
1890 3571 2078 3643 sponsi
2121 3580 2177 3628 et

573 3670 798 3727 sponsae
825 3660 1083 3730 copulare
1116 3662 1373 3734 dignatus
1407 3671 1492 3721 est
1533 3665 1689 3736 bigas
1721 3667 1919 3738 typice,
1968 3665 2177 3722 scilicet

569 3753 736 3810 nobis
770 3755 1059 3813 insinuans
1110 3757 1260 3829 quod
1307 3758 1385 3814 illi
1426 3750 1714 3816 verissime
1740 3759 1946 3816 Christi
1989 3768 2044 3815 et
2067 3760 2172 3816 Ec-

570 3845 756 3903 clesiae
793 3848 954 3904 ﬂde‘m
984 3850 1186 3906 habere
1217 3843 1536 3920 creduntur,
1578 3852 1674 3922 qui
1711 3851 1766 3906 in
1794 3851 2016 3907 Christo
2043 3850 2172 3908 Jesu

572 3940 806 4010 geminae
849 3941 1160 3998 dilectionis
1209 3944 1335 4016 biga
1383 3951 1666 4017 reguntur.
1706 3943 1791 3999 Ad
1837 3944 1944 4017 hoc
1973 3944 2174 4016 quippe

565 4030 667 4090 Sol
683 4032 914 4104 iustitia:
937 4035 1339 4091 tabernaculum
1357 4054 1511 4092 suum
1528 4039 1829 4109 ponebatin
1842 4037 1950 4094 sole
1967 4039 2169 4113 (ibid.),

529 4109 793 4197 ’.κυεηᾶο
833 4141 934 4198 pro
959 4127 1201 4183 humana
1237 4129 1414 4186 salute
1442 4146 1474 4186 a
1506 4129 1744 4187 feminea
1770 4140 2065 4204 conceptus
2087 4142 2172 4189 est

567 4218 728 4291 prole
760 4235 774 4270 :
811 4229 870 4274 ut
908 4228 963 4276 et
986 4229 1068 4289 tu,
1091 4221 1278 4291 homo,
1307 4223 1424 4294 jam
1449 4240 1514 4280 eo
1551 4225 1729 4297 magis
1759 4225 1959 4282 laeteris
1981 4227 2035 4281 in
2057 4225 2170 4283 Deo

565 4309 798 4366 salutari
830 4318 948 4380 tuo,
977 4315 1239 4384 quoniam
1266 4314 1434 4385 Deus,
1460 4331 1560 4389 pro
1589 4326 1641 4374 te
1671 4327 1921 4390 tanquam
1947 4335 2167 4389 sponsus

560 4406 834 4476 processit
859 4408 922 4462 de
959 4407 1195 4464 thalamo
1223 4425 1318 4464 suo
1341 4409 1544 4482 (ibid.).
1577 4407 1732 4466 Unde
1761 4410 2042 4467 sciendum
2085 4421 2171 4469 est

1544 272 1935 349 beneNcOsr
1971 288 2267 347 ABBATlS
2311 289 2368 346 s.
2409 287 2663 346 MAXIM!
2703 289 2985 348 TREVIR.

595 409 826 481 pissime
847 401 1264 465 reverberantur
1288 405 1464 475 Oculi;
1487 409 1702 464 occulto
1722 408 1895 480 magis
1918 405 2194 462 admiran—
2220 408 2269 468 Α
2297 404 2528 460 ctrinam
2581 413 2943 476 sequerentur
2977 404 3220 475 illorum,
3271 403 3336 465 de
3365 411 3544 482 quibus
3587 416 3775 488 scriptum
3872 427 3873 460 ἲ

2291 505 2413 553 est:
2452 495 2521 551 In
2574 515 2779 553 omnem
2837 507 3032 553 terram
3076 497 3240 554 exivit
3280 519 3430 557 sonus
3469 522 3619 560 eorum
3657 508 3776 579 (Psal.
3872 545 3873 552 η

2218 1774 2263 1830 Β

2205 3143 2248 3203 C

3179 204 3335 259 έ·
3379 216 3446 230 ·--

2291 589 2471 661 xvm).
2521 587 2708 646 Nostis
2755 591 2977 662 quippe,
3014 591 3165 664 quia,
3217 595 3355 650 sicut
3387 594 3632 668 Scriptura
3666 611 3778 658 testa-

2289 689 2382 738 tur
2408 681 2592 738 divina
2638 683 2778 756 (Act.
2817 683 2916 755 tv),
2960 701 3057 756 per
3082 686 3252 742 solem
3291 699 3344 744 et
3367 689 3537 746 lunam
3567 697 3779 764 apostolica

2291 775 2452 831 nobis
2487 777 3019 847 praemonstrabatur
3057 779 3329 847 doctrina,
3360 782 3405 837 si
3428 792 3589 839 tamen
3608 790 3781 858 exemplo

2291 869 2512 924 illorum
2553 871 2713 927 nobis
2740 872 2812 928 sit
2842 888 2934 927 cor
2972 889 3137 927 unum
3197 883 3246 928 et
3270 876 3444 929 anima
3479 893 3588 944 una,
3619 894 3782 949 quorum

2293 961 2541 1017 doctrina
2594 960 2764 1034 fulget
2811 963 2871 1018 in
2919 963 3165 1021 Ecclesia
3208 974 3270 1020 ut
3313 967 3393 1022 sol
3436 976 3488 1022 et
3520 969 3645 1024 luna.
3682 968 3784 1026 Unde

2299 1071 2527 1112 necesse
2559 1067 2644 1112 est
2677 1067 2739 1113 ut
2763 1067 2817 1114 et
2838 1068 2918 1126 tu,
2957 1058 3298 1128 Christiane,
3334 1061 3445 1133 jam
3481 1064 3604 1134 apud
3631 1074 3671 1120 te
3701 1065 3785 1119 dili-
3872 1055 3873 1094 δ

2296 1149 2514 1220 gentius
2545 1164 2744 1220 penses
2770 1152 3010 1222 qualiter
3034 1153 3152 1209 haec
3172 1153 3282 1209 duo
3313 1154 3587 1210 luminaria
3613 1173 3686 1227 per
3711 1159 3788 1213 dies

2295 1256 2362 1296 ac
2390 1250 2598 1309 noctes,
2636 1258 2731 1312 per
2759 1259 2935 1301 annos
2964 1245 3376 1318 distinguuntur
3403 1257 3455 1303 et
3477 1264 3676 1316 menses,
3694 1266 3786 1321 quo-

2294 1333 2444 1388 niam
2485 1333 2740 1391 Christus
2782 1346 2836 1392 et
2873 1336 3120 1394 Ecclesia
3160 1339 3228 1394 ad
3271 1339 3595 1397 irradiandos
3621 1341 3787 1397 ﬁdelium

2295 1424 2509 1480 animos
2533 1434 2586 1480 et
2606 1426 2982 1498 illustrandos,
3006 1429 3166 1485 nobis
3197 1430 3448 1486 similiter
3463 1441 3604 1486 erunt
3624 1431 3666 1486 in
3686 1432 3788 1502 signa

2294 1523 2348 1570 et
2381 1523 2658 1587 tempora,
2701 1518 2820 1574 dies
2859 1529 2913 1575 et
2961 1535 3156 1576 annos.
3198 1519 3340 1588 Quia
3385 1523 3524 1578 enim
3557 1523 3684 1579 solet
3707 1523 3791 1578 luna

2293 1605 2500 1664 Christi
2541 1617 2596 1664 et
2634 1607 2894 1667 Ecclesia:
2934 1621 3124 1684 typum
3169 1622 3404 1684 gerunt,
3457 1629 3560 1669 non
3597 1615 3791 1668 immerito

2294 1700 2452 1756 nobis
2481 1699 2538 1755 in
2568 1701 2724 1773 signa
2749 1712 2804 1758 et
2835 1715 3102 1774 tempora,
3131 1713 3187 1760 et
3209 1704 3349 1772 dies,
3377 1712 3432 1760 et
3451 1719 3608 1760 annos
3634 1703 3793 1760 ulterius

2288 1801 2468 1859 erunt,
2515 1793 2646 1864 quia
2683 1794 2826 1851 sicut
2862 1795 2945 1852 sol
2981 1806 3035 1852 et
3063 1797 3193 1853 luna
3233 1797 3398 1853 nobis
3427 1797 3642 1853 exterius
3670 1797 3792 1866 quoti-

2290 1885 2471 1942 dianis
2509 1885 2816 1958 fulgoribus
2855 1887 3200 1957 illucescunt,
3234 1889 3312 1944 ita
3339 1887 3582 1946 Christus
3601 1898 3646 1944 et
3666 1887 3794 1944 Eccle-

2287 1977 2369 2033 sia
2398 1979 2604 2034 nostris
2633 1979 2893 2038 cordibus
2916 1981 3131 2037 interna
3157 1996 3379 2053 semper
3403 1981 3522 2038 luce
3549 1981 3792 2038 clarescunt.

2289 2069 2584 2127 Sciendum
2613 2081 2698 2127 est
2732 2073 2934 2145 quippe
2960 2075 3091 2144 quia
3122 2075 3267 2131 sicut
3290 2075 3347 2129 in
3370 2075 3543 2146 prima
3563 2073 3640 2130 die
3655 2072 3796 2139 saeculi,

2297 2160 2485 2215 coelum
2512 2164 2709 2217 creavit
2736 2173 2784 2218 et
2810 2163 3006 2220 terram
3049 2164 3202 2237 (Gen.
3241 2166 3315 2238 1),
3361 2167 3442 2222 sic
3469 2174 3642 2238 quarta
3660 2166 3724 2221 die
3741 2165 3797 2222 lt-

2285 2267 2404 2309 cem
2443 2254 2605 2311 nobis
2628 2256 2802 2313 voluit
2831 2256 3036 2314 donare
3069 2273 3391 2330 supernam,
3429 2260 3630 2331 quando
3650 2257 3796 2314 adillu-

2283 2346 2576 2403 minandas
2613 2349 2882 2405 triduana:
2918 2350 3170 2424 caliginis
3215 2352 3445 2408 umbras
3474 2353 3798 2424 nubesqueno-

2282 2439 2490 2508 vellas,
2538 2450 2735 2510 quarto
2771 2437 2860 2498 die
2911 2445 3213 2514 producere
3252 2445 3511 2518 dignatus
3552 2454 3627 2502 est
3655 2443 3795 2509 solem,
3871 2493 3873 2516 Α

2282 2525 2470 2592 lunam
2505 2544 2560 2592 et
2589 2538 2773 2596 stellas
2825 2539 2977 2611 (Gen.
3022 2540 3128 2613 ιιι).
3173 2540 3328 2598 Unde
3358 2543 3487 2600 licet
3517 2543 3612 2599 alia
3643 2543 3798 2599 claritas

2283 2629 2356 2684 sit
2403 2629 2555 2697 solis,
2599 2631 2707 2686 alia
2742 2632 2908 2700 lunae,
2949 2632 3057 2688 alia
3101 2634 3413 2704 stellarum,
3449 2635 3653 2706 dignum
3677 2641 3799 2688 tamen

2282 2732 2365 2780 est
2402 2732 2464 2779 ut
2492 2739 2594 2780 nos
2621 2725 2926 2782 claritatem
2963 2727 3210 2784 omnium
3237 2729 3311 2784 ad
3337 2728 3564 2784 salutem
3591 2727 3799 2782 tabamus
3872 2779 3873 2784 η

3704 305 3773 365 tu
3872 295 3873 364 ἓ

2282 2817 2612 2886 animarum,
2656 2826 2929 2888 quatenus
2973 2820 3162 2875 aeterni
3201 2820 3437 2877 luminis
3475 2819 3622 2876 nobis
3650 2816 3800 2873 ainant:
3872 2849 3873 2910 ἐ

2283 2910 2602 2982 spiramine,
2627 2910 2696 2966 ab
2716 2919 2950 2983 utroque
2976 2911 3184 2968 lumine
3206 2924 3445 2984 corpora
3472 2920 3642 2968 nostra
3663 2907 3800 2964 illumi-

2281 3011 2482 3064 nentur
2512 3011 2568 3060 et
2597 3003 2815 3060 animae.
2849 3003 3086 3078 Dignum
3119 3006 3327 3077 quippe
3361 3015 3448 3063 est
3483 3014 3540 3062 ut
3564 3000 3801 3077 proilluni-
3872 3000 3873 3032 ἦ

2283 3093 2428 3152 natis
2463 3095 2588 3167 jam.
2621 3097 2690 3153 ab
2723 3106 2929 3154 azterno
2964 3098 3170 3153 lumine
3211 3098 3539 3170 corporibus
3578 3095 3739 3152 nostris
3764 3103 3799 3146 et

2281 3191 2604 3261 animabus,
2649 3193 2769 3249 sine
2806 3192 3220 3250 intermissione
3263 3191 3384 3250 Deo
3425 3208 3625 3265 semper
3657 3188 3799 3264 gratias

2281 3299 2531 3356 agamus,
2561 3285 2691 3357 quia
2714 3287 2859 3342 sicut
2887 3287 2946 3341 in
2965 3283 3318 3342 ﬁrmamento
3343 3287 3472 3343 caeli
3492 3283 3725 3357 quondam
3741 3295 3801 3335 so-

2279 3379 2388 3435 lem
2412 3388 2467 3436 et
2494 3380 2684 3436 lunam
2716 3389 2915 3452 quarto
2938 3379 3027 3436 die
3055 3379 3368 3437 divinitatis
3405 3380 3568 3436 verbo
3596 3372 3798 3449 produxit.

2279 3471 2361 3528 sic
2403 3472 2461 3528 in
2505 3472 2851 3530 ﬁrmamento
2881 3471 3145 3530 Ecclesia:
3187 3488 3436 3544 sponsus
3476 3485 3672 3544 sponsa
3697 3465 3800 3521 radio

2277 3578 2434 3619 novae
2461 3564 2727 3620 claritatis
2771 3563 2980 3632 illuxit,
3026 3562 3248 3635 quando
3284 3561 3437 3618 idem
3473 3559 3669 3616 Deuset
3691 3556 3798 3610 homo

2278 3657 2346 3713 ad
2377 3657 2807 3730 cruciﬁgendum
2838 3672 2939 3728 pro
2968 3656 3129 3713 nobis
3156 3657 3439 3712 humanos
3471 3653 3650 3711 obtulit
3680 3657 3798 3707 ams.

2278 3765 2376 3821 per
2398 3752 2584 3822 iquem
2628 3751 2758 3807 olim
2806 3749 3014 3806 factum
3055 3758 3142 3806 est
3179 3763 3414 3820 vespere
3461 3755 3516 3803 et
3556 3758 3693 3801 mane
3722 3740 3797 3796 dies

2276 3852 2527 3914 quartus.

2346 3945 2490 4018 Ergo
2517 3945 2662 4003 sicut
2679 3945 2747 4002 de
2767 3945 2900 4014 sole,
2927 3945 3058 4002 luna
3079 3952 3135 4001 et
3156 3942 3334 4002 stellis
3354 3941 3688 4002 tractavimus
3704 3929 3794 3992 beri.

2274 4039 2351 4096 ita
2373 4041 2674 4111 temporale
2702 4041 2890 4095 lumen
2913 4047 2969 4095 et
2992 4047 3264 4096 aeternum
3288 4037 3457 4095 hodie
3478 4025 3796 4093 debemusdii-

2274 4130 2592 4203 gentissime
2614 4131 2837 4200 intueri,
2863 4131 3101 4186 maxime
3131 4147 3259 4188 cum
3286 4146 3391 4202 pro
3421 4139 3640 4199 utroque
3655 4119 3796 4178 lumine

2237 4227 2240 4230 ’
2273 4223 2330 4279 in
2359 4232 2512 4281 tanto
2540 4225 2812 4281 miraculo
2845 4224 3148 4281 debeamus
3181 4224 3392 4280 habere
3415 4221 3738 4279 Conditorem.
3758 4216 3795 4262 Il

2273 4331 2340 4371 ex
2364 4333 2476 4373 uno
2504 4317 2794 4374 credamus
2821 4331 2948 4373 eum
2977 4316 3310 4385 mirabilem,
3359 4315 3410 4373 si
3447 4314 3611 4370 altero
3633 4300 3794 4364 mini!"

2271 4407 2486 4465 liorem.
2535 4409 2677 4476 Quia
2718 4409 2866 4466 enim
2911 4423 3084 4466 unum
3124 4416 3349 4465 terrena
3389 4414 3630 4470 tantum,
3666 4406 3795 4454 αυαι

563 4497 745 4567 nobis,
773 4499 923 4571 quia,
961 4501 1010 4557 si
1041 4501 1214 4558 solem
1245 4502 1392 4558 hunc
1424 4501 1695 4558 visibilem
1724 4501 1983 4558 invisibili
2007 4518 2162 4559 com-
2188 4499 2242 4561 D
2268 4501 2513 4558 cmicstia
2547 4502 2812 4572 illustrat,
2861 4501 3010 4558 aliud
3047 4516 3180 4556 vero
3209 4506 3313 4556 nec
3343 4498 3549 4556 caelum
3581 4509 3668 4551 nec
3698 4497 3792 4543 ιατι

560 4604 886 4660 pararemus
920 4593 1056 4662 Soli,
1089 4610 1436 4669 nequaquam
1477 4596 1535 4652 in
1582 4597 1690 4652 hoc
1719 4596 2037 4668 prophetico
2077 4597 2161 4652 vi-

2269 4603 2611 4668 coaugustat,
2655 4594 2778 4650 ideo
2827 4593 2874 4650 si
2898 4594 3025 4665 quis
3059 4592 3383 4664 qualitatem
3421 4589 3686 4646 amborum
3710 4573 3794 4631 veli

561 4681 761 4738 demur
783 4701 1015 4756 regnare
1049 4702 1322 4755 sermone,
1352 4688 1446 4759 qui
1483 4686 1666 4744 Solem
1699 4686 2032 4744 invisibilem
2057 4689 2162 4744 hu-
2265 4705 2501 4760 pensare
2527 4687 2805 4755 subtilius,
2832 4703 3003 4743 unum
3032 4701 3199 4758 quam
3228 4683 3506 4750 mirabile,
3536 4689 3588 4737 et

559 4791 743 4831 mante
794 4776 1082 4834 insinuans
1118 4781 1354 4850 notitiae,
1387 4782 1713 4850 timentibus,
1751 4781 1949 4854 inquit,
1989 4781 2159 4836 Deum
2266 4782 2596 4839 mirabilius.
2633 4779 2790 4837 Unde
2814 4780 2862 4837 si
2886 4779 3199 4836 mirandum
3229 4786 3316 4834 est
3341 4767 3792 4834 cmlumistud‘il'

558 4867 764 4922 orietur
788 4865 884 4923 Sol
899 4869 1135 4940 justitite
1160 4871 1420 4944 (Malach.
1449 4873 1545 4935 tv).
1572 4872 1632 4929 In
1669 4889 1835 4930 cursu
1858 4882 2040 4932 autem
2068 4875 2157 4930 lu-

557 4975 666 5027 nm,
693 4977 816 5033 quae
834 4977 937 5018 nos
963 4962 1224 5019 tredecies
1248 4965 1386 5021 solet
1413 4967 1689 5024 illustrare
1714 4983 1813 5039 per
1841 4984 2068 5037 annum,
2094 4969 2162 5024 il-

555 5051 652 5108 lud
675 5054 948 5125 praecipue
976 5054 1137 5110 nobis
1175 5064 1259 5113 est
1283 5058 1764 5128 considerandum,
1802 5074 1872 5115 ne
1901 5059 2026 5131 quis
2052 5073 2156 5116 no-

557 5154 736 5202 strum
761 5163 860 5218 per
883 5147 1070 5204 varias
1111 5149 1444 5207 mutationes
1483 5152 1652 5208 animi
1693 5153 1978 5209 stultitiam
2008 5151 2158 5209 illius

555 5238 825 5296 imitando
851 5251 1132 5314 sequatur,
1164 5243 1231 5299 de
1260 5258 1372 5314 quo
1398 5245 1660 5316 scriptum
1691 5254 1774 5302 est
1806 5264 1818 5300 :
1858 5244 2066 5302 Stultus
2093 5253 2157 5301 ut

555 5329 686 5386 luna
711 5341 952 5389 mutatur
983 5333 1178 5404 (Eccli.
1217 5336 1415 5408 xxvu).
1445 5335 1743 5409 Postquam
1769 5339 1918 5394 enim
1950 5332 2154 5412 Sol'ju-

555 5425 720 5482 stitia:
745 5443 843 5498 per
872 5429 1072 5486 divinae
1099 5430 1387 5488 charitatis
1430 5431 1766 5501 incendium,
1799 5434 2060 5505 angelicae
2097 5441 2148 5492 et

554 5516 814 5576 humana:
835 5521 1197 5580 dissensionis
1219 5524 1412 5581 lunare
1433 5525 1607 5580 voluit
1629 5525 1905 5581 illustrare
1930 5528 2154 5599 dispen-

551 5609 727 5679 dium,
756 5613 941 5669 statim
974 5615 1274 5685 plenilunio
1296 5617 1418 5674 lidei
1442 5634 1616 5686 novas,
1643 5627 1698 5674 et
1717 5618 2024 5676 dilectionis
2054 5638 2152 5677 an-

552 5702 720 5772 tiqum
744 5721 839 5776 per
867 5709 1225 5779 apostolicam
1253 5713 1697 5782 praedicationem
1740 5715 2014 5773 mentibus
2039 5717 2146 5771 hu-

2262 4875 2392 4943 bile,
2425 4874 2572 4945 quod
2600 4873 2820 4930 extendi
2861 4871 3078 4930 videtur
3100 4880 3162 4928 ut
3190 4870 3366 4943 pellis,
3392 4885 3493 4942 per
3515 4864 3646 4939 quod

2264 4968 2353 5024 die
2395 4967 2791 5023 illustramura
2837 4965 2972 5034 sole,
3007 4965 3136 5020 luna
3163 4973 3221 5020 et
3248 4963 3442 5031 stellis,
3480 4959 3641 5017 multo
3672 4960 3790 5019 111³8³⁵

2265 5060 2586 5118 admiranda
2615 5068 2699 5116 est
2719 5057 2841 5114 Lux
2869 5058 2964 5114 illa
2984 5072 3244 5129 superna,
3273 5070 3372 5127 per
3389 5069 3558 5127 quam
3577 5053 3625 5134 in
3643 5038 3787 5114 πεδί’

2263 5162 2319 5211 et
2350 5154 2669 5210 hominibus
2697 5153 2898 5210 ccelum
2925 5151 3269 5208 illuminatur
3302 5166 3369 5208 ac
3405 5159 3571 5207 terra.
3607 5141 3710 5198 ιία
3736 5139 3788 5188 εει

2263 5248 2411 5305 enim
2440 5249 2532 5304 illa
2567 5249 2660 5303 lux
2691 5263 2789 5318 per
2813 5263 2980 5319 quam
3003 5246 3245 5318 nos,.qui
3267 5244 3366 5301 ﬁlii
3403 5243 3546 5300 lucis
3575 5234 3786 5330 σωυξςι

2259 5341 2356 5398 ﬁlii
2383 5339 2480 5396 Dei
2507 5340 2838 5412 quandoque
2870 5339 3057 5395 videre
3101 5338 3363 5395 debemus
3404 5335 3685 5394 claritatem
3706 5324 3784 5384 Μ’

2259 5435 2311 5492 si
2342 5442 2525 5491 tamen
2551 5433 2669 5504 ipse
2713 5433 2769 5488 in
2798 5432 2960 5489 nobis
2981 5431 3098 5503 jam
3130 5432 3401 5488 illuminet
3421 5425 3708 5486 abscondita
3733 5428 3783 5472 ιο·

2260 5528 2580 5594 nebrarum,
2604 5526 2700 5598 qui
2719 5541 2821 5583 nos
2857 5526 2915 5581 in
2939 5523 3127 5582 futuro
3161 5526 3537 5582 illustratnms
3561 5528 3637 5578 est
3658 5517 3782 5583 inspe-

2262 5623 2443 5678 ctione
2465 5620 2773 5676 animarum
2798 5630 3134 5676 sanctarum.
3158 5618 3262 5687 Qui
3283 5617 3542 5690 quoniam
3562 5612 3622 5669 ad
3639 5616 3781 5677 cogno-

2261 5715 2518 5773 scendam
2547 5713 2687 5771 lucis
2734 5722 3010 5786 perpetua:
3047 5712 3349 5780 veritatem,
3396 5700 3700 5781 temporanei
3727 5698 3781 5751 ll'

551 5795 734 5849 manis
764 5795 942 5853 illuxit
977 5799 1180 5869 ubique
1207 5811 1477 5871 quatenus
1505 5805 1570 5860 ad
1597 5806 1756 5861 tidem
1789 5805 2016 5876 Christi,
2049 5807 2149 5866 do-
2261 5811 2428 5866 minis
2451 5810 2614 5869 istius
2645 5807 2992 5866 umbratilem
3025 5805 3186 5864 nobis
3203 5803 3375 5862 voluit
3405 5811 3687 5875 premam
3706 5788 3778 5844 δ’·

1371 5946 1421 5974 vl
1440 5954 1488 5980 vi-
1509 5963 1586 5980 -.',l
1611 5974 1617 5980 .
1638 5958 1654 5980 ,ί
2064 5965 2122 5980 σοι⁶³

2204 5956 2224 5964 ι-
2247 5951 2296 5974 η
2383 5965 2388 5970 .
2400 5964 2417 5972 .,
2440 5962 2496 5977 μὴ
2506 5973 2521 5978 __
