3960 6316
184 325 291 387 935
1208 309 1340 365 LIB.
1382 307 1473 364 DE
1509 305 1867 364 MYSTERIO
1906 306 2089 365 LlGNI
2127 306 2432 366 DOMlNlCl
2467 325 2472 330 ‘
3339 309 3461 372 98.6

181 448 422 507 malem.
447 435 673 508 dignum
693 437 799 499 est.
825 426 957 487 dum
984 425 1043 483 ίιι
1068 425 1173 482 hac
1192 425 1316 480 luce
1337 422 1593 491 ViVimuS.
1617 421 1778 478 bonis
1806 424 1853 484 A
1881 423 1957 479 ita
1981 423 2152 482 Judaei
2179 443 2303 482 cum
2336 425 2495 483 caecis
2517 425 2626 483 illis
2655 425 2984 499 evangelicis
3013 424 3069 482 in
3100 427 3462 499 praecipitium

181 533 442 608 operibus
478 527 612 584 illud
633 539 849 596 semper
877 520 1160 582 elaborare
1182 517 1519 583 studeamus,
1551 523 1612 570 ιιι
1647 530 1773 571 cum
1874 521 2120 588 vadunt,
2172 521 2240 576 de
2287 522 2490 592 quibus
2529 521 2792 591 scriptum
2840 530 2926 578 est
2957 539 2970 578 :
3004 519 3064 577 Si
3111 538 3280 578 cwcus
3325 539 3463 578 σαῖσι)

176 645 250 687 ex
286 629 390 683 hac
415 624 526 680 vita
553 617 994 693 migraverimus,
1043 614 1112 670 ad
1141 621 1402 669 mternam
1437 611 1615 666 lucem
1643 625 1772 680 per-
1877 611 2133 666 ducatum
2168 613 2485 682 prwbuerit,
2510 611 2664 666 ambo
2693 613 2751 667 in
2803 611 3005 682 foveam
3040 612 3236 666 cadunt
3277 612 3460 684 (Matt.

171 719 368 776 venire
403 715 701 771 valeamus.
767 706 1062 765 Sciendum
1095 713 1180 762 est
1212 719 1449 776 namque
1472 703 1602 774 quia
1633 701 1776 758 sicut
1875 704 1990 776 xv).
2021 704 2321 761 Christiani
2351 705 2511 762 caecis
2537 705 2646 760 illis
2668 705 3146 776 semperlarrident
3168 705 3236 760 de
3262 703 3461 775 quibus

172 828 294 867 una
334 811 426 866 lux
456 821 624 879 parva
656 812 760 872 est,
791 810 843 859 et
880 801 987 857 alia
1011 814 1230 872 magna,
1264 798 1344 854 sic
1375 812 1485 852 una
1514 794 1772 850 nimirum
1878 799 2142 870 scriptum
2199 807 2284 854 est
2317 817 2329 855 :
2363 797 2503 854 Caeci
2535 798 2709 853 vident
2759 797 2952 870 (Matt.
3000 797 3087 871 χι)
3108 840 3122 866 ,
3167 797 3241 853 ita
3289 795 3462 852 Judaei

169 903 389 975 indiga,
418 910 474 956 et
491 899 598 955 alia
632 905 716 954 est
742 895 990 968 prodiga,
1019 892 1220 964 quippe
1245 889 1505 962 quoniam
1538 888 1626 942 illa
1654 901 1775 957 quae
1877 905 2053 961 usque
2095 891 2148 944 in
2199 891 2336 945 iram
2370 889 2859 946 consummationis
2901 889 3061 945 caecis
3106 888 3214 944 illis
3258 887 3465 944 similes
3525 929 3528 934 .

169 995 411 1067 prodiga
447 1001 553 1060 est,
581 989 741 1047 bonis
779 987 1036 1044 omnibus
1069 984 1312 1041 abundat
1343 991 1397 1038 et
1432 980 1774 1051 superabun-
1878 992 2042 1040 erunt
2065 1025 2080 1052 ,
2131 985 2198 1040 de
2238 983 2440 1056 quibus
2464 983 2666 1039 dicitur
2699 1001 2712 1038 :
2748 980 2941 1038 Oculos
2964 980 3155 1035 habent
3188 987 3236 1034 et
3265 995 3368 1032 non
3395 978 3469 1032 υἱ-

174 1086 297 1154 dat,
324 1087 454 1141 dum
488 1101 557 1140 ex
595 1098 662 1138 eo
691 1081 837 1153 quod
859 1079 1021 1135 habet
1045 1078 1138 1134 dat
1155 1076 1432 1133 omnibus.
1460 1072 1617 1130 Unde
1638 1087 1776 1143 quo-
1878 1076 2076 1131 debunt
2103 1075 2222 1149 (Ps.
2255 1074 2434 1147 cxrn).
2465 1073 2606 1142 Quia
2657 1075 2804 1130 enim
2853 1071 3026 1129 Judaei
3074 1087 3183 1128 non
3234 1069 3470 1141 conjun-

173 1179 333 1234 niam
367 1179 508 1233 inter
533 1177 650 1232 haec
677 1176 788 1230 duo
818 1172 1026 1228 lumina
1062 1171 1188 1228 talis
1217 1178 1301 1226 est
1335 1168 1488 1234 talio,
1529 1175 1591 1222 ut
1628 1164 1776 1236 quod
1879 1177 2084 1241 guntnr
2105 1167 2436 1224 Christianis
2461 1209 2476 1236 ,
2509 1183 2611 1224 nec
2638 1165 2938 1222 Christiani
2969 1163 3172 1219 Iudaeis
3194 1204 3208 1229 ,
3240 1161 3361 1216 ideo
3382 1160 3471 1215 lu-

173 1286 296 1329 non
324 1271 555 1327 habetur
595 1270 653 1324 in
686 1282 799 1324 uno
835 1265 1145 1322 inveniatur
1187 1263 1245 1319 in
1272 1261 1403 1329 alio,
1440 1273 1665 1316 necesse
1692 1265 1778 1312 est
1880 1278 2007 1318 men
2032 1262 2278 1318 veritatis
2303 1262 2492 1316 datum
2514 1268 2599 1317 est
2631 1259 2791 1315 nobis
2818 1301 2832 1326 ,
2872 1266 2927 1314 ει
2967 1258 3211 1313 abmum
3237 1267 3320 1312 est
3349 1254 3468 1321 eis;

171 1375 239 1422 ut
285 1381 383 1438 per
417 1365 526 1420 hoc
561 1363 747 1419 lumen
787 1360 936 1432 quod
971 1358 1085 1431 jam
1120 1357 1390 1412 habemus
1426 1355 1484 1408 in
1514 1368 1603 1420 re,
1643 1365 1774 1421 pro-
1881 1352 2134 1426 quamvis
2183 1353 2349 1408 etiam
2385 1352 2492 1423 ipsi
2525 1351 2854 1422 quandoque
2899 1348 3117 1405 Patrem
3168 1356 3223 1404 et
3269 1345 3468 1400 Filium

170 1472 438 1530 peremus
479 1457 548 1512 ad
583 1455 730 1512 aliud
768 1453 917 1526 quod
952 1452 1134 1508 adhuc
1163 1456 1548 1520 exspectamus
1579 1444 1635 1499 in
1657 1458 1772 1513 spe.
1882 1448 2117 1504 debeant
2139 1447 2370 1502 adorare
2398 1445 2688 1502 nobiscum
2715 1486 2730 1512 ,
2762 1443 2984 1514 impleto
3036 1441 3183 1513 quod
3222 1439 3422 1496 dicitur
3452 1455 3469 1494 :

175 1551 481 1608 Sciendum
517 1557 603 1606 cst
622 1549 824 1620 quippe
846 1546 976 1618 quia
1007 1545 1138 1601 licet
1163 1559 1276 1598 uno
1301 1541 1467 1597 modo
1502 1537 1779 1594 illumille-
1888 1541 2284 1614 Utcognoscant
2302 1549 2351 1596 te
2374 1539 2547 1595 solum
2570 1556 2747 1595 verum
2765 1537 2956 1605 Deum,
2981 1547 3052 1605 et,
3075 1552 3228 1608 quem
3253 1533 3472 1601 misisti,

172 1661 311 1702 mur
331 1645 401 1700 ab
420 1643 548 1711 alio,
577 1651 630 1698 et
651 1641 760 1696 alio
783 1640 851 1695 ab
874 1640 999 1706 isto,
1030 1643 1326 1706 utrumque
1353 1643 1535 1688 tamen
1557 1641 1778 1699 sperare
1883 1633 2068 1690 Jesum
2093 1633 2366 1690 Christum
2394 1631 2578 1705 (Joan.
2607 1631 2692 1703 ιι).
2723 1628 2829 1686 Sed
2856 1629 3142 1688 sciendum
3167 1625 3297 1698 quia
3313 1667 3329 1693 ,
3351 1624 3479 1680 licet

173 1739 446 1795 debemus
481 1753 514 1792 a
542 1735 784 1803 Christo,
817 1733 1080 1805 quoniam
1107 1731 1244 1802 ipse,
1281 1744 1313 1784 a
1341 1742 1453 1799 quo
1481 1741 1652 1780 unum
1692 1723 1778 1778 lu-
1813 1791 1856 1805 n
1886 1728 1941 1783 in
1967 1726 2230 1800 mysterio
2260 1725 2442 1781 crucis
2463 1723 2613 1780 aliud
2643 1723 2886 1779 sentiant
2909 1719 3230 1787 Christiani,
3251 1727 3304 1773 et
3328 1714 3477 1772 aliud

171 1848 311 1888 men
356 1833 622 1887 habemus
663 1827 1058 1899 temporaliter,
1116 1839 1241 1881 cum
1268 1820 1432 1876 Patre
1469 1827 1524 1874 et
1569 1816 1778 1888 Spiritu
1813 1791 1857 1846 Β
1883 1791 2077 1888 Judaei,
2101 1835 2292 1875 omnes
2316 1827 2498 1899 tamen
2519 1823 2886 1888 peccaverunt
2904 1824 2959 1870 et
2978 1822 3140 1886 egent
3159 1808 3476 1884 gloria'Dei,

173 1925 333 1982 aliud
361 1923 524 1980 habet
545 1922 892 1979 aaternaliter.
931 1919 1087 1976 Sicut
1107 1918 1254 1974 enim
1291 1917 1348 1970 in
1378 1914 1556 1970 tribus
1585 1926 1779 1983 perso-
1886 1915 1962 1970 ita
1991 1924 2052 1970 ut
2076 1928 2305 1969 necesse
2336 1913 2410 1968 sit
2433 1910 2690 1968 omnibus
2708 1907 3002 1981 justiﬁcari
3031 1904 3204 1976 gratis
3233 1919 3330 1975 per
3354 1915 3482 1972 gra-

170 2019 273 2076 nis
300 2015 603 2075 secundum
632 2007 888 2073 naturam
919 2013 1224 2070 divinitatis
1245 2026 1419 2067 unum
1444 2017 1528 2065 est
1551 2021 1777 2074 numen,
1886 2011 2017 2066 tiam
2049 2007 2254 2079 ipsius,
2278 2023 2310 2062 a
2335 2022 2447 2078 quo
2467 2003 2856 2076 justiﬁcandus
2889 2011 2975 2059 est
2996 2000 3198 2072 impius
3223 2039 3238 2066 ,
3272 2007 3327 2054 et
3362 1995 3481 2068 glo-

172 2111 259 2168 lla
301 2112 358 2166 in
390 2111 497 2167 illis
527 2125 638 2165 ῐιοη
681 2109 784 2164 ll‘la
822 2107 1059 2174 lumina,
1114 2105 1210 2161 Sed
1255 2119 1429 2169 unum
1460 2109 1544 2156 εει
1571 2100 1776 2166 lumen.
1886 2103 2190 2161 riﬁcandus
2218 2112 2302 2158 est
2331 2100 2478 2171 pius.
2507 2097 2663 2155 Unde
2690 2096 2962 2153 orandum
2988 2103 3074 2151 est
3101 2092 3262 2149 nobis
3297 2098 3359 2144 ut
3385 2087 3482 2142 lux

135 2229 140 2232 ·
173 2203 331 2277 quod
380 2213 561 2260 tamen
601 2217 668 2260 eo
696 2202 871 2274 magis
911 2201 1051 2257 solet
1088 2212 1200 2270 prae
1239 2195 1450 2252 caeteris
1487 2207 1783 2250 coruscare
1888 2214 2042 2264 vera,
2081 2212 2198 2266 qua:
2242 2192 2516 2248 illuminat
2560 2207 2766 2246 omnem
2802 2189 3065 2243 hominem
3094 2187 3382 2240 venientem
3424 2181 3483 2235 in

175 2297 516 2367 luminibus,
558 2313 670 2369 quo
706 2297 889 2366 ipsum
920 2293 1196 2350 illuminat
1236 2290 1522 2356 homines,
1572 2298 1627 2343 et
1669 2301 1781 2340 non
1888 2292 2026 2346 hunc
2053 2290 2309 2344 mundum
2335 2286 2518 2360 (Joan.
2544 2285 2706 2355 xvn),
2741 2282 2955 2340 Iudaici
2984 2280 3168 2337 cordis
3192 2279 3268 2334 ita
3296 2277 3486 2349 digne-

175 2391 530 2448 illuminalur
569 2391 638 2446 ab
688 2388 1026 2444 hominibus.
1076 2384 1313 2440 Proinde
1362 2383 1489 2436 licet
1529 2380 1668 2434 nihil
1712 2379 1784 2435 sit
1889 2393 1982 2440 tur
2008 2382 2320 2438 illuminare
2347 2377 2688 2451 profundum
2717 2417 2734 2446 ,
2763 2386 2828 2432 ut
2855 2375 3024 2432 etiam
3060 2373 3166 2444 ipsi
3195 2371 3484 2427 nobiscum

176 2486 333 2559 quod
372 2485 550 2541 eidem
591 2483 788 2539 lumini
829 2482 994 2553 digne
1028 2479 1306 2551 possimus
1345 2490 1586 2547 aequare,
1617 2487 1786 2545 quas—
1892 2479 1962 2534 ab
1984 2476 2176 2532 eadem
2212 2480 2530 2530 mereantur
2575 2470 2698 2526 luce
2733 2465 3034 2540 perfundi,
3073 2465 3142 2521 de
3188 2478 3298 2535 qua
3351 2459 3489 2517 scri-

176 2553 314 2634 dam
361 2585 540 2643 tamen
573 2575 785 2647 species
815 2574 1000 2645 aliquo
1036 2571 1198 2628 modo
1235 2571 1286 2626 ei
1329 2569 1595 2625 debemus
1632 2581 1787 2622 com-
1893 2579 2048 2641 ptum
2080 2575 2167 2624 est
2199 2584 2213 2622 :
2246 2565 2362 2636 Ego
2386 2579 2506 2618 sum
2535 2562 2629 2616 lux
2660 2559 2846 2615 mundi
2873 2556 3059 2632 (Joan.
3089 2553 3190 2626 ιχ).

177 2685 402 2742 parare,
437 2678 495 2724 ut
534 2644 752 2724 facilius
803 2644 1033 2738 intelligi
1075 2663 1251 2735 possit
1290 2677 1387 2733 per
1425 2660 1616 2715 eadem
1647 2657 1787 2713 aeni-
1965 2661 2094 2717 Haac
2123 2669 2208 2716 est
2242 2659 2409 2730 igitur
2435 2657 2528 2712 illa
2549 2656 2644 2710 lux
2672 2669 2770 2726 per
2797 2665 2964 2724 quam
3013 2648 3111 2704 Dei
3159 2644 3333 2701 Filius
3379 2651 3492 2697 tra-

180 2772 374 2836 gmata
421 2778 644 2830 rerum,
700 2761 849 2832 quod
890 2759 1021 2814 huic
1062 2758 1172 2812 luci
1221 2755 1422 2811 visibili
1469 2753 1658 2822 dispar
1705 2758 1790 2806 εει
1895 2757 2034 2813 hens
2055 2754 2243 2812 omnia
2266 2767 2453 2809 secum
2481 2751 2537 2805 in
2565 2765 2662 2805 ara
2683 2747 2896 2814 crucis,
2927 2740 3302 2814 evangelicum
3334 2735 3488 2791 illum

180 2857 377 2913 lumen
430 2857 701 2911 luminum
732 2897 747 2923 9
815 2862 870 2910 ει
909 2852 1039 2908 dies
1087 2851 1320 2906 dierum.
1387 2845 1592 2902 Eadem
1641 2841 1789 2898 enim
1896 2848 2307 2905 illuminaverat
2336 2859 2577 2910 caecum,
2609 2841 2708 2913 qui
2737 2841 2897 2911 juxta
2924 2837 3071 2893 viam
3097 2833 3220 2890 ﬁdei
3253 2843 3493 2903 propen-

181 2949 561 3022 (Ῐίεετθρθηῑίὲ
592 2951 660 3022 \Sl
699 2949 808 3005 δῖοί
845 2945 1050 3016 Πυθίη),
1080 2953 1166 3000 εει
1194 2943 1251 2998 in
1274 2943 1378 2997 hac
1400 2940 1523 2995 luce
1547 2936 1788 3010 εθωίηθ,
1898 2946 2018 3002 sius
2042 2943 2354 3013 imprecans
2404 2938 2635 3012 gloriam
2663 2935 2760 2992 Dei
2786 2953 2800 2991 :
2835 2933 2979 3001 Fili,
3024 2929 3202 3002 inquit
3229 2970 3246 2996 ,
3277 2923 3451 2982 David
3471 2963 3489 2991 ,

183 3061 319 3119 qua?
352 3046 410 3100 l“
439 3045 685 3101 maSCUlO
719 3043 1132 3099 demOHSll‘alur
1162 3053 1228 3094 ac
1272 3035 1508 3102 femina,
1557 3046 1790 3104 Ρνεθεεΐο·
1897 3042 2148 3096 miserere
2175 3035 2278 3091 mei
2304 3031 2488 3106 (Matt.
2527 3047 2586 3098 ιι,
2623 3028 2756 3083 Luc.
2786 3026 2968 3097 xvm).
2999 3023 3082 3078 Ad
3113 3022 3222 3077 hoc
3255 3029 3496 3094 namque

185 3141 298 3197 llm
331 3155 456 3197 cum
484 3140 668 3195 minor
701 3137 900 3209 malo“
929 3135 1121 3192 ‘30de
1162 3132 1325 3189 ωοάο
1352 3128 1700 3200 ευδὶίοίθιυτ,
1727 3133 1792 3180 ιιι
1812 3145 1865 3209 α
1898 3150 1998 3208 per
2037 3140 2274 3189 mortem
2319 3126 2502 3184 crucis
2548 3119 2868 3178 mortiﬁcari
2915 3115 3091 3172 voluit
3116 3127 3349 3186 granum
3377 3108 3496 3164 fru-

188 3233 417 3306 οΡίῐιοΐν
452 3248 562 3305 quo
595 3247 736 3288 υἱον
757 3231 880 3286 Vll‘O
905 3246 1013 3285 ηοη
1045 3227 1223 3298 maior
1246 3223 1465 3280 Videt“?
1493 3236 1616 3278 esse
1647 3261 1662 3288 ν
1695 3220 1793 3276 sed
1825 3202 1863 3209 —
1899 3202 2070 3285 menti
2099 3269 2114 3295 ,
2143 3232 2206 3281 ut
2234 3224 2328 3278 lux
2356 3218 2600 3278 caelestis
2635 3216 2981 3271 illucesceret
3015 3208 3169 3265 omni
3204 3202 3492 3272 credenti,

193 3327 408 3382 minor.
448 3325 722 3382 Praeterea
750 3340 882 3379 vero
918 3323 1060 3378 sicut
1092 3319 1395 3376 maximum
1447 3331 1479 3371 a
1518 3314 1750 3370 minimo
1775 3353 1792 3381 ,
1899 3337 2008 3396 qua
2039 3320 2184 3376 sicut
2206 3316 2465 3374 omnibus
2487 3320 2679 3369 uotum
2705 3351 2722 3377 ,
2753 3308 2919 3364 etiam
2965 3301 3224 3360 omnibus
3250 3306 3336 3356 εει
3370 3297 3494 3368 pla-

189 3429 262 3474 ut
292 3436 550 3491 magnum
580 3419 747 3475 distat
773 3435 804 3473 a
833 3416 1034 3488 pusillo
1054 3456 1068 3482 ,
1104 3414 1178 3468 ita
1207 3413 1415 3468 distare
1455 3407 1674 3464 videtur
1702 3407 1794 3461 lu-
1899 3395 2034 3472 uum
2057 3455 2072 3483 ,
2106 3414 2160 3468 iu
2187 3411 2379 3468 eodem
2412 3422 2558 3464 οωοο
2583 3419 2758 3476 genus
2786 3397 3116 3456 illuminavit
3162 3395 3490 3451 humanum.

191 3527 328 3569 me“
356 3512 460 3568 hoc
481 3513 680 3580 abillo:
707 3511 836 3582 (lilia
858 3511 984 3565 llcel
1003 3517 1300 3577 liliumque
1317 3503 1476 3559 "Obls
1500 3514 1796 3557 οοτυεοπθ
1903 3509 2052 3565 Deus
2075 3521 2315 3577 namque
2358 3503 2538 3557 lucem
2569 3512 2727 3553 suam
2772 3493 2972 3550 bifaria
3006 3490 3223 3546 ratione
3265 3483 3494 3550 divisit,

189 3607 454 3664 videatur
478 3623 510 3662 a
543 3577 768 3662 Christ-0
791 3647 806 3672 ,
830 3603 1010 3674 major
1047 3610 1228 3659 tamen
1258 3597 1433 3670 gratia
1469 3594 1630 3650 nobis
1655 3592 1796 3649 solet
1901 3604 2036 3660 dum
2089 3601 2266 3658 eidem
2319 3609 2464 3651 αεοθ
2513 3592 2624 3649 duo
2676 3588 2888 3644 lumina
2934 3583 3206 3650 reddidit,
3255 3578 3351 3651 qui
3389 3577 3500 3633 duo

195 3702 277 3765 ab
302 3701 394 3756 illo
416 3700 706 3772 provenire
728 3714 894 3770 quam
919 3673 1046 3751 isto.
1075 3691 1372 3750 Sciendum
1394 3699 1482 3746 est
1505 3689 1650 3745 enim
1667 3689 1794 3760 quia
1903 3695 2090 3752 amisit
2109 3735 2122 3760 ,
2157 3691 2285 3763 quia
2315 3689 2363 3744 si
2393 3685 2666 3756 duplicem
2689 3679 2942 3738 sanitatis
2964 3678 3086 3749 ejus
3107 3673 3338 3748 gratiam
3365 3683 3502 3726 con.

195 3762 472 3865 qllanluln
499 3762 764 3847 (Ῐίίῖετιιηί
807 3805 839 3844 ³
867 3786 1182 3843 carnalibus
1229 3781 1536 3854 SPllllualla
1562 3823 1578 3849 9
1627 3789 1683 3834 et
1729 3778 1800 3834 ab
1904 3762 2213 3847 sideremus
2245 3785 2452 3840 intente
2479 3822 2496 3849 ,
2523 3794 2622 3850 per
2654 3774 2978 3849 mysterium
3006 3769 3189 3826 crucis
3223 3767 3408 3821 lumen
3442 3762 3500 3818 in

194 3886 558 3944 inferioribus
586 3900 823 3957 superna
842 3925 858 3953 ,
895 3890 1105 3938 tantum
1128 3881 1223 3934 lux
1265 3879 1370 3934 ista
1418 3873 1738 3947 temporalis
1767 3889 1800 3927 a
1903 3895 2170 3954 corpore,
2203 3885 2258 3934 et
2279 3877 2466 3930 lumen
2505 3869 2716 3941 recepit
2753 3868 2811 3921 in
2841 3871 3047 3920 mente.
3074 3858 3230 3915 Unde
3271 3855 3317 3911 si
3347 3853 3502 3908 νοιιι-

196 3981 327 4038 luce
368 3981 537 4038 ἀίδῐεη
572 3989 774 4037 merui!
801 4022 816 4047 ν
848 3977 1090 4034 malee
1129 3991 1255 4032 cum
1287 3975 1356 4031 ad
1385 3974 1638 4030 eumdem
1676 3983 1799 4026 mO-
1905 3993 2035 4033 mus
2063 3984 2124 4030 ut
2148 3987 2274 4028 cum
2303 3969 2497 4026 eodem
2521 3961 2825 4022 caecolucis
2853 3968 3071 4016 aeterna:
3099 3961 3505 4022 consequamur

199 4075 338 4132 dum
371 4075 615 4132 cmlestia
644 4073 880 4129 terrenis
905 4115 920 4139 ,
962 4080 1018 4127 et
1048 4085 1265 4126 summa
1314 4084 1424 4123 non
1474 4066 1804 4122 conveniant
1909 4068 2146 4143 gratiam
2173 4108 2187 4133 ,
2219 4079 2320 4136 pro
2349 4077 2458 4133 qua
2489 4058 2759 4114 Dominus
2791 4051 2860 4109 ad
2886 4067 3014 4108 eum
3045 4065 3059 4102 :
3088 4044 3231 4114 Quid
3263 4043 3395 4108 tibi,
3418 4040 3506 4093 in-

200 4171 338 4226 imis
365 4213 380 4238 ,
431 4185 543 4241 quo
589 4169 768 4240 prima
816 4183 928 4223 non
977 4165 1310 4221 conveniunt
1349 4161 1699 4227 novissimis,
1750 4166 1805 4212 et
1909 4163 2060 4234 quit,
2098 4161 2177 4214 vis
2213 4155 2455 4228 faciam?
2489 4151 2622 4224 (Luc
2646 4147 2826 4219 xvm.)
2859 4146 3084 4218 dignum
3126 4147 3212 4196 est
3232 4143 3294 4193 ut
3325 4147 3506 4241 unus-

201 4263 510 4320 novissima
557 4261 771 4333 primis.
820 4259 1016 4314 Adhuc
1061 4258 1226 4313 etiam
1269 4255 1461 4311 eodem
1497 4253 1662 4308 modo
1709 4251 1804 4304 lux
1910 4254 2148 4326 quisque
2194 4257 2446 4305 nostrum
2499 4259 2627 4300 cum
2673 4256 2740 4296 eo
2772 4236 2973 4308 saepius
3017 4230 3322 4333 orationem
3359 4225 3506 4279 tunc

199 4373 321 4414 una
347 4357 515 4413 distat
543 4318 614 4412 ab
641 4355 770 4423 alia,
798 4369 910 4426 quo
942 4352 1169 4424 spiritus
1192 4367 1222 4406 a
1250 4351 1430 4415 littera
1458 4348 1542 4402 vel
1572 4359 1805 4417 granum
1913 4318 2342 4413 dicat-exiguam
2372 4380 2386 4407 ,
2425 4352 2591 4408 quam
2643 4333 2761 4404 ipse
2808 4325 3092 4399 respondit
3131 4323 3181 4380 ei
3206 4363 3223 4388 ,
3267 4318 3458 4422 dicens
3485 4328 3501 4367 :

203 4452 489 4522 discrepat
519 4466 549 4506 a
577 4451 732 4522 palea
803 4410 872 4503 ne
901 4455 956 4503 et
972 4410 1096 4502 ἠοξ
1138 4460 1293 4500 more
1318 4410 1648 4498 'Judaeoruvm
1679 4451 1807 4509 gra-
1845 4520 1867 4522 ζ
1913 4410 2266 4503 Domina-ut
2294 4431 2503 4486 videam
2531 4426 2734 4501 (ibid.).
2761 4422 3020 4492 Alioquin
3057 4417 3244 4522 turbae
3276 4410 3500 4519 cogi-ta-

201 4544 347 4601 tiam
374 4543 470 4600 Dei
497 4543 830 4613 recipiamus
861 4542 918 4596 in
947 4555 1184 4606 vanum,
1215 4553 1324 4608 quo
1353 4552 1455 4607 pro
1492 4535 1670 4589 littera
1717 4545 1811 4586 se-
1843 4520 1888 4576 Β
1917 4532 2131 4589 tionum
2157 4571 2172 4597 ,
2222 4541 2346 4598 qua:
2398 4523 2558 4579 nobis
2604 4521 2765 4576 bona:
2807 4511 3103 4571 voluntatis
3156 4505 3510 4565 seminariam

206 4644 460 4710 quuntur
483 4635 737 4706 spiritum
764 4674 780 4702 ,
813 4640 868 4688 et
896 4647 997 4703 pro
1022 4631 1178 4702 palea
1205 4643 1456 4700 granum.
1483 4625 1704 4680 Certum
1726 4630 1812 4678 est
1919 4626 2179 4689 demunt,
2212 4633 2338 4675 cum
2368 4616 2562 4672 eodem
2598 4625 2742 4668 caeco
2781 4621 2974 4663 vocem
2998 4610 3203 4659 nostra:
3249 4599 3516 4710 deprec'a-

211 4687 450 4710 -ι-------
766 4687 780 4702 .
826 4687 834 4688 7
897 4687 915 4703 .
1024 4687 1042 4702 .
1205 4687 1235 4700 υ
2167 4687 2172 4689 7

204 4729 362 4785 enim
386 4729 516 4799 quia
544 4769 559 4796 ,
598 4727 739 4783 sicut
761 4727 828 4781 ad
851 4721 1295 4796 cognoscendum
1338 4723 1513 4793 legem
1556 4732 1724 4772 unam
1757 4724 1813 4771 et
1918 4716 2090 4774 tionis
2115 4717 2403 4786 premunt,
2435 4706 2544 4763 nisi
2574 4704 2959 4776 phantasmata
2983 4695 3243 4751 vitiorum
3273 4706 3398 4762 quae
3435 4687 3516 4790 ie-

209 4779 362 4785 ν--η-
390 4779 516 4799 γη
544 4779 559 4796 ,
863 4779 950 4796 77.,
1009 4779 1014 4780 7
1393 4779 1422 4793 υ
2116 4779 2134 4786 -

205 4819 717 4890 aliam,Christiani
740 4833 972 4891 granum
989 4824 1044 4872 et
1065 4814 1239 4870 Judaei
1256 4821 1562 4885 sequuntur
1574 4810 1810 4883 paleam,
1921 4813 2103 4867 cimus
2129 4807 2198 4862 ab
2235 4803 2411 4860 oculis
2440 4797 2689 4856 cordium
2716 4789 2954 4850 assiduis
2982 4779 3518 4888 repellamuspreci-

208 4917 298 4974 sic
328 4876 566 4986 utraque
600 4913 687 4969 lex
841 4910 1044 4984 populo
1068 4908 1314 4980 loquitur
1334 4876 1406 4962 ἐι
1434 4876 1590 4961 alteri
1643 4902 1806 4970 silet,
1921 4904 2054 4961 bus.
2082 4901 2188 4957 Per
2221 4900 2328 4955 hoc
2354 4902 2537 4952 autem
2561 4889 2709 4962 quod
2744 4901 2924 4944 caecus
2954 4883 3058 4939 iste
3073 4881 3241 4986 iuxta.
3263 4876 3520 4986 ‘viamft

208 4963 298 4974 νη
335 4963 563 4986 -ν---ιη
723 4963 814 4968 ----
841 4963 1036 4984 ,γη-
1072 4963 1110 4964 77
1143 4963 1161 4980 .
1233 4963 1237 4964 7
1791 4963 1802 4970 ν

159 5011 166 5016 Ι
207 5012 349 5070 dum
372 5025 474 5082 Ρτο
504 5007 768 5064 intuenda
788 5007 912 5062 luce
942 5001 1221 5060 creatoris
1251 5015 1397 5056 unus
1422 5006 1507 5055 εει
1533 5012 1732 5063 caecus.
1754 5002 1811 5050 ει
1921 4995 2122 5069 nonin
2153 4992 2245 5048 via
2273 4989 2518 5054 sedebat,
2548 4978 2967 5054 imperfectioris
3001 4975 3184 5032 adhuc
3209 4969 3333 5026 ﬁdei
3357 4963 3518 5020 nobis

209 5071 550 5164 alius-videt.
585 5103 935 5159 Credendum
963 5108 1046 5157 est
1071 5112 1202 5156 sane
1237 5095 1367 5167 quia
1417 5094 1562 5151 sicut
1609 5091 1811 5148 electo-
1926 5087 2246 5160 exemplum
2276 5080 2559 5155 praebebat
2582 5121 2599 5148 ,
2626 5085 2688 5133 ut
2716 5071 3100 5167 unusquisque
3132 5073 3384 5122 nostrum
3421 5071 3521 5167 ger

210 5147 361 5164 ωηη
393 5147 550 5162 ..νυν
589 5147 935 5159 -.-..-........-
965 5147 1046 5157 ν--
1071 5147 1200 5156 ---η
1241 5147 1367 5167 Ἰηη
1419 5147 1532 5151 _,-,,
1625 5147 1632 5148 ,
2094 5147 2109 5160 .
2278 5147 2294 5155 _
3478 5147 3489 5158 ⁸

210 5180 461 5258 rumlux
489 5196 789 5254 tentatione
811 5210 920 5250 non
951 5191 1340 5263 exstinguitur,
1366 5188 1461 5243 sed
1483 5187 1810 5251 illustratur,
1929 5176 2415 5238 mortiﬁcationem
2465 5169 2649 5248 carnis
2684 5183 2781 5225 cor
2814 5178 2977 5220 suum
3013 5161 3087 5214 ita
3123 5168 3339 5263 semper
3379 5147 3522 5263 aint;

213 5239 345 5258 ...ιη
366 5239 461 5255 ...Α
490 5239 789 5254 η.......ν..ν
812 5239 920 5250 ..νη
953 5239 1306 5263 annuo---“
1325 5239 1340 5257 ,
1367 5239 1461 5243 _--_
1592 5239 1601 5240 ,
1643 5239 1648 5240 ,
1795 5239 1809 5251 ,
2470 5245 2472 5248 τ

213 5294 294 5349 ita
324 5293 545 5350 caecitas
564 5289 882 5347 Judaeorum
903 5301 1082 5358 usque
1106 5285 1173 5340 ad
1204 5296 1489 5354 vesperam
1517 5277 1710 5334 mundi
1733 5291 1814 5332 se-
1930 5285 2063 5352 gat,
2091 5283 2152 5331 ut
2179 5275 2237 5328 in
2264 5269 2492 5328 veritate
2524 5265 2656 5322 boni
2707 5260 2890 5333 operis
2933 5265 3180 5328 gressum
3211 5249 3370 5350 ﬁgat.
3415 5239 3522 5358 S‘ed

220 5333 294 5349 ¹¹¹⁸¹
324 5333 545 5350 νουνηιω
564 5333 774 5347 ’““ννν·
791 5333 882 5344 νη·-
908 5333 1081 5358 “·υ“ι“·ν
1106 5333 1173 5340 --·
1218 5333 1384 5354 "'1’"
1403 5333 1489 5336 ηπ
1519 5333 1532 5334 ί
1932 5333 1983 5352 οί
2050 5333 2062 5345 ι
3304 5339 3314 5350 _
3360 5337 3370 5348 ,
3474 5333 3486 5345 ,

220 5387 500 5445 nescentis
540 5387 742 5442 durare
786 5383 1071 5456 probatur,
1103 5387 1376 5451 quatenus
1421 5372 1720 5432 Christiani
1762 5379 1819 5428 et
1931 5371 2042 5428 hoc
2071 5367 2192 5424 ﬁcri
2224 5380 2334 5422 non
2356 5370 2578 5436 potest,
2600 5357 2708 5413 nisi
2736 5369 2844 5409 nox
2873 5349 2963 5404 illa
2989 5389 3007 5415 ,
3039 5359 3204 5418 quam
3235 5333 3521 5456 originalis

220 5435 499 5445 --υυπ--η-
543 5435 738 5442 -—-—--
787 5435 1070 5456 τ-ηπτη.
1114 5435 1138 5451 7.

173 5496 180 5502 '
220 5479 397 5536 Judaei
429 5481 571 5537 duos
593 5479 831 5553 populos
881 5492 1005 5535 esse
1037 5491 1097 5533 se
1125 5475 1305 5532 sciant
1344 5473 1412 5530 de
1441 5471 1642 5544 quibus
1675 5467 1818 5525 scri-
1929 5465 2144 5539 peccati
2173 5459 2445 5518 morosior
2468 5458 2525 5512 in
2562 5452 2724 5509 nobis
2747 5450 3096 5505 contraxerat
3123 5435 3366 5505 hora,ab
3395 5445 3525 5553 qen-

220 5527 397 5536 '“"'"""
431 5527 571 5537 """"
593 5527 829 5553 r'r'"""
885 5527 1003 5535 "'"
1037 5527 1092 5533 ""
1125 5527 1301 5532 ""“"’
1352 5527 1367 5530 '
1392 5527 1402 5528 ί
1458 5527 1477 5544 ι
1933 5527 1952 5539 ι

220 5585 380 5648 ptum
421 5585 505 5632 est
537 5595 549 5631 :
596 5574 700 5641 Qui
730 5591 834 5628 non
863 5573 1070 5639 uident,
1105 5569 1355 5635 videant,
1386 5575 1436 5622 et
1463 5567 1552 5638 qui
1598 5564 1775 5619 vident
1802 5605 1818 5630 ,
1930 5560 2002 5616 iis
2026 5557 2232 5614 nostris
2247 5568 2402 5611 novae
2428 5549 2568 5606 lucis
2589 5543 2916 5602 discutiatur
2938 5541 3257 5643 aurora,ut,
3283 5527 3524 5648 resoluta

227 5621 360 5724 ζωοί
403 5669 536 5738 ﬁant
567 5666 751 5736 (Joan.
785 5666 884 5736 rx).
923 5663 1076 5719 Sicut
1099 5663 1247 5719 enim
1288 5621 1590 5716 Christiani
1630 5667 1817 5729 typum
1936 5653 1992 5706 in
2021 5650 2183 5707 nobis
2214 5649 2392 5704 totius
2422 5642 2665 5700 caecitate
2693 5634 2982 5736 caliginis,
3025 5630 3324 5738 inunovam.
3347 5621 3526 5738 lumen:

229 5707 453 5817 “lamin
506 5731 683 5831 usque
718 5707 881 5815 hodi;
930 5767 1127 5831 gerum
1150 5799 1165 5826 ’
1215 5755 1282 5812 de
1330 5753 1533 5826 quibus
1574 5707 1816 5807 dicitur:
1937 5747 2108 5802 decor
2139 5742 2385 5812 antiquae
2408 5735 2738 5793 reformetur
2765 5721 3209 5831 originis.‘Aliter
3231 5715 3434 5831 quippe
3449 5707 3529 5831 nil

229 5851 390 5912 Beati
433 5855 522 5923 qui
555 5808 656 5907 nim
685 5808 970 5922 viderunt:
1010 5859 1062 5908 et
1093 5808 1432 5907 crediderunt
1459 5844 1654 5919 (Joan.
1689 5843 1820 5917 xx),
1854 5919 1888 5923 _
1942 5839 2107 5896 nobis
2160 5808 2374 5908 proﬁcit
2432 5829 2580 5903 quod
2626 5826 2786 5883 Jesus
2827 5823 2884 5878 in
2934 5818 3124 5877 eodem
3169 5825 3315 5870 caeco
3350 5808 3530 5888 lucent

1853 5919 1890 5935 ο*

1881 5945 1937 6007 τι
