  <div class='ocr_page' id='page_1' title='image "/cluster/home/n/w/nwhite01/storage/ocr_20150623/160/hvd.32044015473846/495.png"; bbox 0 0 3960 6316; ppageno 0'>
   <div class='ocr_carea' id='block_1_1' title="bbox 579 293 690 355">
    <p class='ocr_par' dir='ltr' id='par_1_1' title="bbox 579 293 690 355">
     <span class='ocr_line' id='line_1_1' title="bbox 579 293 690 355; baseline -0.045 1"><span class='ocrx_word' id='word_1_1' title='bbox 579 293 690 355; x_wconf 82' lang='lat'><strong>987</strong></span> 
     </span>
    </p>
   </div>
   <div class='ocr_carea' id='block_1_2' title="bbox 1542 245 2978 358">
    <p class='ocr_par' dir='ltr' id='par_1_2' title="bbox 1542 245 2978 358">
     <span class='ocr_line' id='line_1_2' title="bbox 1542 245 2978 358; baseline -0.002 0"><span class='ocrx_word' id='word_1_2' title='bbox 1542 245 1933 358; x_wconf 70' lang='lat' dir='ltr'><strong>BEllENGOSI</strong></span> <span class='ocrx_word' id='word_1_3' title='bbox 1969 295 2268 354; x_wconf 76' lang='lat' dir='ltr'><strong>ABBATIS</strong></span> <span class='ocrx_word' id='word_1_4' title='bbox 2305 296 2365 354; x_wconf 89' lang='lat' dir='ltr'><strong>S.</strong></span> <span class='ocrx_word' id='word_1_5' title='bbox 2407 295 2661 354; x_wconf 77' lang='lat' dir='ltr'><strong>MAXIM!</strong></span> <span class='ocrx_word' id='word_1_6' title='bbox 2698 294 2978 355; x_wconf 79' lang='lat' dir='ltr'><strong>TREVIR.</strong></span> 
     </span>
    </p>
   </div>
   <div class='ocr_carea' id='block_1_3' title="bbox 491 408 3791 490">
    <p class='ocr_par' dir='ltr' id='par_1_3' title="bbox 491 408 3791 490">
     <span class='ocr_line' id='line_1_3' title="bbox 491 408 3791 490; baseline 0.003 -20"><span class='ocrx_word' id='word_1_7' title='bbox 491 451 500 460; x_wconf 65' lang='grc' dir='ltr'>ι</span> <span class='ocrx_word' id='word_1_8' title='bbox 580 408 846 472; x_wconf 79' lang='lat' dir='ltr'><strong>amissam</strong></span> <span class='ocrx_word' id='word_1_9' title='bbox 892 415 1203 487; x_wconf 87' lang='lat' dir='ltr'><strong>reparavit,</strong></span> <span class='ocrx_word' id='word_1_10' title='bbox 1250 418 1475 490; x_wconf 84' lang='lat' dir='ltr'><strong>quando</strong></span> <span class='ocrx_word' id='word_1_11' title='bbox 1522 435 1713 475; x_wconf 90' lang='lat' dir='ltr'><strong>vocem</strong></span> <span class='ocrx_word' id='word_1_12' title='bbox 1760 417 2020 474; x_wconf 72' lang='lat' dir='ltr'><strong>caacitatis</strong></span> <span class='ocrx_word' id='word_1_13' title='bbox 2054 417 2175 488; x_wconf 85' lang='lat' dir='ltr'><strong>ejus</strong></span> <span class='ocrx_word' id='word_1_14' title='bbox 2205 417 2250 476; x_wconf 79' lang='grc' dir='ltr'><strong>Δ</strong></span> <span class='ocrx_word' id='word_1_15' title='bbox 2278 415 2395 488; x_wconf 85' lang='lat' dir='ltr'><strong>(Ps.</strong></span> <span class='ocrx_word' id='word_1_16' title='bbox 2428 416 2546 488; x_wconf 85' lang='lat' dir='ltr'><strong>cu).</strong></span> <span class='ocrx_word' id='word_1_17' title='bbox 2581 415 2674 473; x_wconf 88' lang='lat' dir='ltr'><strong>Sic</strong></span> <span class='ocrx_word' id='word_1_18' title='bbox 2703 416 2875 489; x_wconf 77' lang='lat' dir='ltr'><strong>igitur</strong></span> <span class='ocrx_word' id='word_1_19' title='bbox 2904 416 3138 488; x_wconf 86' lang='lat' dir='ltr'><strong>repulsis</strong></span> <span class='ocrx_word' id='word_1_20' title='bbox 3161 417 3230 473; x_wconf 83' lang='lat' dir='ltr'><strong>ab</strong></span> <span class='ocrx_word' id='word_1_21' title='bbox 3251 418 3444 476; x_wconf 86' lang='lat' dir='ltr'><strong>eadem</strong></span> <span class='ocrx_word' id='word_1_22' title='bbox 3481 436 3608 479; x_wconf 86' lang='lat' dir='ltr'><strong>nave</strong></span> <span class='ocrx_word' id='word_1_23' title='bbox 3630 433 3791 487; x_wconf 77' lang='lat' dir='ltr'><strong>cunctis</strong></span> 
     </span>
    </p>
   </div>
   <div class='ocr_carea' id='block_1_4' title="bbox 581 508 2171 581">
    <p class='ocr_par' dir='ltr' id='par_1_4' title="bbox 581 508 2171 581">
     <span class='ocr_line' id='line_1_4' title="bbox 581 508 2171 581; baseline 0.001 -19"><span class='ocrx_word' id='word_1_24' title='bbox 581 508 859 564; x_wconf 87' lang='lat' dir='ltr'><strong>transiens</strong></span> <span class='ocrx_word' id='word_1_25' title='bbox 887 509 1097 566; x_wconf 88' lang='lat' dir='ltr'><strong>audivit</strong></span> <span class='ocrx_word' id='word_1_26' title='bbox 1125 519 1180 566; x_wconf 91' lang='lat' dir='ltr'><strong>et</strong></span> <span class='ocrx_word' id='word_1_27' title='bbox 1212 521 1365 568; x_wconf 91' lang='lat' dir='ltr'><strong>stans</strong></span> <span class='ocrx_word' id='word_1_28' title='bbox 1397 512 1729 569; x_wconf 81' lang='lat' dir='ltr'><strong>illuminavit</strong></span> <span class='ocrx_word' id='word_1_29' title='bbox 1761 530 1773 566; x_wconf 90' lang='lat'><strong>:</strong></span> <span class='ocrx_word' id='word_1_30' title='bbox 1803 511 1910 566; x_wconf 87' lang='lat' dir='ltr'><strong>nisi</strong></span> <span class='ocrx_word' id='word_1_31' title='bbox 1942 511 2050 578; x_wconf 89' lang='lat' dir='ltr'><strong>ille,</strong></span> <span class='ocrx_word' id='word_1_32' title='bbox 2076 512 2171 581; x_wconf 88' lang='lat' dir='ltr'><strong>qui</strong></span> 
     </span>
    </p>
   </div>
   <div class='ocr_carea' id='block_1_5' title="bbox 584 604 2172 674">
    <p class='ocr_par' dir='ltr' id='par_1_5' title="bbox 584 604 2172 674">
     <span class='ocr_line' id='line_1_5' title="bbox 584 604 2172 674; baseline 0.003 -19"><span class='ocrx_word' id='word_1_33' title='bbox 584 617 749 657; x_wconf 91' lang='lat' dir='ltr'><strong>renes</strong></span> <span class='ocrx_word' id='word_1_34' title='bbox 773 609 829 656; x_wconf 90' lang='lat' dir='ltr'><strong>et</strong></span> <span class='ocrx_word' id='word_1_35' title='bbox 851 604 1015 661; x_wconf 88' lang='lat' dir='ltr'><strong>corda</strong></span> <span class='ocrx_word' id='word_1_36' title='bbox 1039 604 1190 661; x_wconf 90' lang='lat' dir='ltr'><strong>solus</strong></span> <span class='ocrx_word' id='word_1_37' title='bbox 1215 605 1478 674; x_wconf 88' lang='lat' dir='ltr'><strong>intuetur,</strong></span> <span class='ocrx_word' id='word_1_38' title='bbox 1516 605 1710 661; x_wconf 90' lang='lat' dir='ltr'><strong>eodem</strong></span> <span class='ocrx_word' id='word_1_39' title='bbox 1758 604 1918 659; x_wconf 91' lang='lat' dir='ltr'><strong>mode</strong></span> <span class='ocrx_word' id='word_1_40' title='bbox 1956 605 2172 659; x_wconf 56' lang='lat' dir='ltr'><strong>caecita-</strong></span> 
     </span>
    </p>
   </div>
   <div class='ocr_carea' id='block_1_6' title="bbox 580 698 2170 766">
    <p class='ocr_par' dir='ltr' id='par_1_6' title="bbox 580 698 2170 766">
     <span class='ocr_line' id='line_1_6' title="bbox 580 698 2170 766; baseline 0.001 -18"><span class='ocrx_word' id='word_1_41' title='bbox 580 703 689 748; x_wconf 91' lang='lat' dir='ltr'><strong>tem</strong></span> <span class='ocrx_word' id='word_1_42' title='bbox 717 702 962 750; x_wconf 90' lang='lat' dir='ltr'><strong>nostram</strong></span> <span class='ocrx_word' id='word_1_43' title='bbox 986 699 1333 760; x_wconf 82' lang='lat' dir='ltr'><strong>transeundo</strong></span> <span class='ocrx_word' id='word_1_44' title='bbox 1357 699 1548 755; x_wconf 90' lang='lat' dir='ltr'><strong>audire</strong></span> <span class='ocrx_word' id='word_1_45' title='bbox 1573 743 1587 766; x_wconf 95' lang='lat'><strong>,</strong></span> <span class='ocrx_word' id='word_1_46' title='bbox 1632 711 1686 755; x_wconf 86' lang='lat' dir='ltr'><strong>ct</strong></span> <span class='ocrx_word' id='word_1_47' title='bbox 1729 699 1924 757; x_wconf 89' lang='lat' dir='ltr'><strong>stando</strong></span> <span class='ocrx_word' id='word_1_48' title='bbox 1967 698 2170 751; x_wconf 92' lang='lat' dir='ltr'><strong>illumi-</strong></span> 
     </span>
    </p>
   </div>
   <div class='ocr_carea' id='block_1_7' title="bbox 581 784 2170 861">
    <p class='ocr_par' dir='ltr' id='par_1_7' title="bbox 581 784 2170 861">
     <span class='ocr_line' id='line_1_7' title="bbox 581 784 2170 861; baseline 0.004 -24"><span class='ocrx_word' id='word_1_49' title='bbox 581 799 716 839; x_wconf 83' lang='lat' dir='ltr'><strong>nare</strong></span> <span class='ocrx_word' id='word_1_50' title='bbox 767 784 1041 856; x_wconf 79' lang='lat' dir='ltr'><strong>dignetur.</strong></span> <span class='ocrx_word' id='word_1_51' title='bbox 1098 786 1220 857; x_wconf 86' lang='lat' dir='ltr'><strong>lpse</strong></span> <span class='ocrx_word' id='word_1_52' title='bbox 1273 789 1421 844; x_wconf 91' lang='lat' dir='ltr'><strong>enim</strong></span> <span class='ocrx_word' id='word_1_53' title='bbox 1476 791 1572 861; x_wconf 85' lang='lat' dir='ltr'><strong>qui</strong></span> <span class='ocrx_word' id='word_1_54' title='bbox 1619 806 1717 861; x_wconf 89' lang='lat' dir='ltr'><strong>per</strong></span> <span class='ocrx_word' id='word_1_55' title='bbox 1775 789 2170 845; x_wconf 71' lang='lat' dir='ltr'><strong>humanitatem</strong></span> 
     </span>
    </p>
   </div>
   <div class='ocr_carea' id='block_1_8' title="bbox 581 875 2170 951">
    <p class='ocr_par' dir='ltr' id='par_1_8' title="bbox 581 875 2170 951">
     <span class='ocr_line' id='line_1_8' title="bbox 581 875 2170 951; baseline 0.004 -24"><span class='ocrx_word' id='word_1_56' title='bbox 581 875 821 931; x_wconf 85' lang='lat' dir='ltr'><strong>transire</strong></span> <span class='ocrx_word' id='word_1_57' title='bbox 845 918 860 944; x_wconf 95' lang='lat'><strong>,</strong></span> <span class='ocrx_word' id='word_1_58' title='bbox 913 886 968 934; x_wconf 91' lang='lat' dir='ltr'><strong>et</strong></span> <span class='ocrx_word' id='word_1_59' title='bbox 999 893 1096 948; x_wconf 90' lang='lat' dir='ltr'><strong>per</strong></span> <span class='ocrx_word' id='word_1_60' title='bbox 1136 880 1479 936; x_wconf 86' lang='lat' dir='ltr'><strong>divinitatem</strong></span> <span class='ocrx_word' id='word_1_61' title='bbox 1511 882 1673 937; x_wconf 87' lang='lat' dir='ltr'><strong>habet</strong></span> <span class='ocrx_word' id='word_1_62' title='bbox 1703 891 1849 938; x_wconf 87' lang='lat' dir='ltr'><strong>stare</strong></span> <span class='ocrx_word' id='word_1_63' title='bbox 1874 925 1888 951; x_wconf 93' lang='lat'><strong>,</strong></span> <span class='ocrx_word' id='word_1_64' title='bbox 1919 879 2170 937; x_wconf 90' lang='lat' dir='ltr'><strong>eumdem</strong></span> 
     </span>
    </p>
   </div>
   <div class='ocr_carea' id='block_1_9' title="bbox 581 970 2174 1045">
    <p class='ocr_par' dir='ltr' id='par_1_9' title="bbox 581 970 2174 1045">
     <span class='ocr_line' id='line_1_9' title="bbox 581 970 2174 1045; baseline 0.004 -24"><span class='ocrx_word' id='word_1_65' title='bbox 581 982 787 1022; x_wconf 84' lang='lat' dir='ltr'><strong>caecum</strong></span> <span class='ocrx_word' id='word_1_66' title='bbox 821 970 1058 1025; x_wconf 84' lang='lat' dir='ltr'><strong>mirabili</strong></span> <span class='ocrx_word' id='word_1_67' title='bbox 1087 973 1249 1028; x_wconf 88' lang='lat' dir='ltr'><strong>modo</strong></span> <span class='ocrx_word' id='word_1_68' title='bbox 1266 973 1522 1044; x_wconf 85' lang='lat' dir='ltr'><strong>dignatus</strong></span> <span class='ocrx_word' id='word_1_69' title='bbox 1545 983 1629 1030; x_wconf 91' lang='lat' dir='ltr'><strong>est</strong></span> <span class='ocrx_word' id='word_1_70' title='bbox 1650 976 1978 1042; x_wconf 85' lang='lat' dir='ltr'><strong>illuminare,</strong></span> <span class='ocrx_word' id='word_1_71' title='bbox 1997 990 2174 1045; x_wconf 86' lang='lat' dir='ltr'><strong>quan-</strong></span> 
     </span>
    </p>
   </div>
   <div class='ocr_carea' id='block_1_10' title="bbox 582 1055 2176 1134">
    <p class='ocr_par' dir='ltr' id='par_1_10' title="bbox 582 1055 2176 1134">
     <span class='ocr_line' id='line_1_10' title="bbox 582 1055 2176 1134; baseline 0.006 -24"><span class='ocrx_word' id='word_1_72' title='bbox 582 1055 653 1110; x_wconf 91' lang='lat' dir='ltr'><strong>do</strong></span> <span class='ocrx_word' id='word_1_73' title='bbox 678 1056 806 1112; x_wconf 87' lang='lat' dir='ltr'><strong>ﬁdei</strong></span> <span class='ocrx_word' id='word_1_74' title='bbox 844 1058 1019 1129; x_wconf 88' lang='lat' dir='ltr'><strong>ipsius</strong></span> <span class='ocrx_word' id='word_1_75' title='bbox 1053 1063 1328 1131; x_wconf 83' lang='lat' dir='ltr'><strong>propriam</strong></span> <span class='ocrx_word' id='word_1_76' title='bbox 1361 1079 1553 1119; x_wconf 90' lang='lat' dir='ltr'><strong>vocem</strong></span> <span class='ocrx_word' id='word_1_77' title='bbox 1585 1065 1640 1118; x_wconf 91' lang='lat' dir='ltr'><strong>in</strong></span> <span class='ocrx_word' id='word_1_78' title='bbox 1667 1065 1782 1120; x_wconf 83' lang='lat' dir='ltr'><strong>haec</strong></span> <span class='ocrx_word' id='word_1_79' title='bbox 1811 1066 1975 1121; x_wconf 87' lang='lat' dir='ltr'><strong>verba</strong></span> <span class='ocrx_word' id='word_1_80' title='bbox 1998 1064 2176 1134; x_wconf 86' lang='lat' dir='ltr'><strong>subje-</strong></span> 
     </span>
    </p>
   </div>
   <div class='ocr_carea' id='block_1_11' title="bbox 581 1148 2174 1229">
    <p class='ocr_par' dir='ltr' id='par_1_11' title="bbox 581 1148 2174 1229">
     <span class='ocr_line' id='line_1_11' title="bbox 581 1148 2174 1229; baseline 0.008 -28"><span class='ocrx_word' id='word_1_81' title='bbox 581 1148 655 1202; x_wconf 89' lang='lat' dir='ltr'><strong>cit</strong></span> <span class='ocrx_word' id='word_1_82' title='bbox 689 1168 703 1203; x_wconf 92' lang='lat'><strong>:</strong></span> <span class='ocrx_word' id='word_1_83' title='bbox 754 1148 932 1218; x_wconf 82' lang='lat' dir='ltr'><strong>Vade,</strong></span> <span class='ocrx_word' id='word_1_84' title='bbox 971 1153 1102 1221; x_wconf 78' lang='lat' dir='ltr'><strong>ﬁdes</strong></span> <span class='ocrx_word' id='word_1_85' title='bbox 1137 1163 1227 1207; x_wconf 85' lang='lat' dir='ltr'><strong>tua</strong></span> <span class='ocrx_word' id='word_1_86' title='bbox 1279 1164 1327 1209; x_wconf 81' lang='lat' dir='ltr'><strong>te</strong></span> <span class='ocrx_word' id='word_1_87' title='bbox 1360 1155 1565 1210; x_wconf 83' lang='lat' dir='ltr'><strong>salvum</strong></span> <span class='ocrx_word' id='word_1_88' title='bbox 1611 1157 1737 1227; x_wconf 78' lang='lat' dir='ltr'><strong>fecit</strong></span> <span class='ocrx_word' id='word_1_89' title='bbox 1779 1157 1979 1229; x_wconf 81' lang='lat' dir='ltr'><strong>(ibid.).</strong></span> <span class='ocrx_word' id='word_1_90' title='bbox 2018 1155 2174 1212; x_wconf 87' lang='lat' dir='ltr'><strong>Unde</strong></span> 
     </span>
    </p>
   </div>
   <div class='ocr_carea' id='block_1_12' title="bbox 579 1242 2174 1320">
    <p class='ocr_par' dir='ltr' id='par_1_12' title="bbox 579 1242 2174 1320">
     <span class='ocr_line' id='line_1_12' title="bbox 579 1242 2174 1320; baseline 0.006 -24"><span class='ocrx_word' id='word_1_91' title='bbox 579 1242 709 1312; x_wconf 87' lang='lat' dir='ltr'><strong>quia</strong></span> <span class='ocrx_word' id='word_1_92' title='bbox 736 1258 862 1311; x_wconf 92' lang='lat' dir='ltr'><strong>nos,</strong></span> <span class='ocrx_word' id='word_1_93' title='bbox 888 1243 1232 1303; x_wconf 80' lang='lat' dir='ltr'><strong>dilectissimi</strong></span> <span class='ocrx_word' id='word_1_94' title='bbox 1269 1247 1486 1316; x_wconf 79' lang='lat' dir='ltr'><strong>fratres,</strong></span> <span class='ocrx_word' id='word_1_95' title='bbox 1521 1258 1671 1305; x_wconf 89' lang='lat' dir='ltr'><strong>tanta</strong></span> <span class='ocrx_word' id='word_1_96' title='bbox 1703 1251 1816 1320; x_wconf 88' lang='lat' dir='ltr'><strong>jam</strong></span> <span class='ocrx_word' id='word_1_97' title='bbox 1857 1266 2050 1307; x_wconf 89' lang='lat' dir='ltr'><strong>sumus</strong></span> <span class='ocrx_word' id='word_1_98' title='bbox 2075 1265 2174 1320; x_wconf 89' lang='lat' dir='ltr'><strong>op-</strong></span> 
     </span>
    </p>
   </div>
   <div class='ocr_carea' id='block_1_13' title="bbox 584 1335 2174 1414">
    <p class='ocr_par' dir='ltr' id='par_1_13' title="bbox 584 1335 2174 1414">
     <span class='ocr_line' id='line_1_13' title="bbox 584 1335 2174 1414; baseline 0.007 -27"><span class='ocrx_word' id='word_1_99' title='bbox 584 1335 766 1404; x_wconf 86' lang='lat' dir='ltr'><strong>pressi</strong></span> <span class='ocrx_word' id='word_1_100' title='bbox 788 1335 1031 1392; x_wconf 68' lang='lat' dir='ltr'><strong>caacitate</strong></span> <span class='ocrx_word' id='word_1_101' title='bbox 1055 1380 1068 1405; x_wconf 94' lang='lat'><strong>,</strong></span> <span class='ocrx_word' id='word_1_102' title='bbox 1094 1346 1154 1393; x_wconf 90' lang='lat' dir='ltr'><strong>ut</strong></span> <span class='ocrx_word' id='word_1_103' title='bbox 1181 1355 1290 1393; x_wconf 91' lang='lat' dir='ltr'><strong>non</strong></span> <span class='ocrx_word' id='word_1_104' title='bbox 1317 1341 1491 1396; x_wconf 91' lang='lat' dir='ltr'><strong>solum</strong></span> <span class='ocrx_word' id='word_1_105' title='bbox 1518 1342 1649 1398; x_wconf 85' lang='lat' dir='ltr'><strong>caeci</strong></span> <span class='ocrx_word' id='word_1_106' title='bbox 1679 1358 1746 1397; x_wconf 80' lang='lat' dir='ltr'><strong>ex</strong></span> <span class='ocrx_word' id='word_1_107' title='bbox 1769 1351 2011 1414; x_wconf 91' lang='lat' dir='ltr'><strong>tempore</strong></span> <span class='ocrx_word' id='word_1_108' title='bbox 2035 1384 2050 1411; x_wconf 76' lang='lat'><strong>,</strong></span> <span class='ocrx_word' id='word_1_109' title='bbox 2077 1341 2174 1398; x_wconf 86' lang='lat' dir='ltr'><strong>sed</strong></span> 
     </span>
    </p>
   </div>
   <div class='ocr_carea' id='block_1_14' title="bbox 579 1427 2172 1501">
    <p class='ocr_par' dir='ltr' id='par_1_14' title="bbox 579 1427 2172 1501">
     <span class='ocr_line' id='line_1_14' title="bbox 579 1427 2172 1501; baseline 0.007 -21"><span class='ocrx_word' id='word_1_110' title='bbox 579 1427 744 1482; x_wconf 90' lang='lat' dir='ltr'><strong>etiam</strong></span> <span class='ocrx_word' id='word_1_111' title='bbox 775 1429 904 1484; x_wconf 82' lang='lat' dir='ltr'><strong>caeci</strong></span> <span class='ocrx_word' id='word_1_112' title='bbox 933 1430 1112 1486; x_wconf 87' lang='lat' dir='ltr'><strong>simus</strong></span> <span class='ocrx_word' id='word_1_113' title='bbox 1145 1447 1178 1486; x_wconf 91' lang='lat' dir='ltr'><strong>a</strong></span> <span class='ocrx_word' id='word_1_114' title='bbox 1209 1433 1492 1490; x_wconf 87' lang='lat' dir='ltr'><strong>nativitate</strong></span> <span class='ocrx_word' id='word_1_115' title='bbox 1517 1477 1531 1501; x_wconf 95' lang='lat'><strong>,</strong></span> <span class='ocrx_word' id='word_1_116' title='bbox 1582 1436 1852 1491; x_wconf 89' lang='lat' dir='ltr'><strong>orandum</strong></span> <span class='ocrx_word' id='word_1_117' title='bbox 1883 1444 1967 1492; x_wconf 91' lang='lat' dir='ltr'><strong>est</strong></span> <span class='ocrx_word' id='word_1_118' title='bbox 2014 1436 2172 1491; x_wconf 91' lang='lat' dir='ltr'><strong>nobis</strong></span> 
     </span>
    </p>
   </div>
   <div class='ocr_carea' id='block_1_15' title="bbox 580 1519 2173 1599">
    <p class='ocr_par' dir='ltr' id='par_1_15' title="bbox 580 1519 2173 1599">
     <span class='ocr_line' id='line_1_15' title="bbox 580 1519 2173 1599; baseline 0.006 -25"><span class='ocrx_word' id='word_1_119' title='bbox 580 1528 642 1575; x_wconf 89' lang='lat' dir='ltr'><strong>ut</strong></span> <span class='ocrx_word' id='word_1_120' title='bbox 666 1519 735 1574; x_wconf 89' lang='lat' dir='ltr'><strong>ad</strong></span> <span class='ocrx_word' id='word_1_121' title='bbox 762 1532 1040 1592; x_wconf 73' lang='lat' dir='ltr'><strong>perpetuae</strong></span> <span class='ocrx_word' id='word_1_122' title='bbox 1063 1524 1202 1580; x_wconf 89' lang='lat' dir='ltr'><strong>lucis</strong></span> <span class='ocrx_word' id='word_1_123' title='bbox 1229 1527 1535 1582; x_wconf 84' lang='lat' dir='ltr'><strong>claritatem</strong></span> <span class='ocrx_word' id='word_1_124' title='bbox 1561 1543 1620 1584; x_wconf 92' lang='lat' dir='ltr'><strong>se</strong></span> <span class='ocrx_word' id='word_1_125' title='bbox 1645 1529 1826 1599; x_wconf 90' lang='lat' dir='ltr'><strong>ipsum</strong></span> <span class='ocrx_word' id='word_1_126' title='bbox 1851 1529 2012 1585; x_wconf 90' lang='lat' dir='ltr'><strong>nobis</strong></span> <span class='ocrx_word' id='word_1_127' title='bbox 2033 1543 2173 1598; x_wconf 82' lang='lat' dir='ltr'><strong>prae-</strong></span> 
     </span>
    </p>
   </div>
   <div class='ocr_carea' id='block_1_16' title="bbox 579 1612 2174 1689">
    <p class='ocr_par' dir='ltr' id='par_1_16' title="bbox 579 1612 2174 1689">
     <span class='ocr_line' id='line_1_16' title="bbox 579 1612 2174 1689; baseline 0.007 -23"><span class='ocrx_word' id='word_1_128' title='bbox 579 1612 708 1670; x_wconf 89' lang='lat' dir='ltr'><strong>beat</strong></span> <span class='ocrx_word' id='word_1_129' title='bbox 730 1613 924 1671; x_wconf 89' lang='lat' dir='ltr'><strong>ducem</strong></span> <span class='ocrx_word' id='word_1_130' title='bbox 953 1659 967 1683; x_wconf 94' lang='lat'><strong>,</strong></span> <span class='ocrx_word' id='word_1_131' title='bbox 1006 1632 1036 1672; x_wconf 95' lang='lat' dir='ltr'><strong>a</strong></span> <span class='ocrx_word' id='word_1_132' title='bbox 1059 1633 1172 1689; x_wconf 92' lang='lat' dir='ltr'><strong>quo</strong></span> <span class='ocrx_word' id='word_1_133' title='bbox 1198 1619 1344 1675; x_wconf 88' lang='lat' dir='ltr'><strong>idem</strong></span> <span class='ocrx_word' id='word_1_134' title='bbox 1391 1636 1570 1677; x_wconf 65' lang='lat' dir='ltr'><strong>erecus</strong></span> <span class='ocrx_word' id='word_1_135' title='bbox 1615 1637 1725 1677; x_wconf 89' lang='lat' dir='ltr'><strong>non</strong></span> <span class='ocrx_word' id='word_1_136' title='bbox 1769 1638 1967 1677; x_wconf 90' lang='lat' dir='ltr'><strong>aurum</strong></span> <span class='ocrx_word' id='word_1_137' title='bbox 2001 1623 2174 1678; x_wconf 90' lang='lat' dir='ltr'><strong>voluit</strong></span> 
     </span>
    </p>
   </div>
   <div class='ocr_carea' id='block_1_17' title="bbox 574 1707 2170 1775">
    <p class='ocr_par' dir='ltr' id='par_1_17' title="bbox 574 1707 2170 1775">
     <span class='ocr_line' id='line_1_17' title="bbox 574 1707 2170 1775; baseline 0.007 -14"><span class='ocrx_word' id='word_1_138' title='bbox 574 1707 856 1775; x_wconf 88' lang='lat' dir='ltr'><strong>postulare</strong></span> <span class='ocrx_word' id='word_1_139' title='bbox 882 1752 896 1774; x_wconf 94' lang='lat'><strong>,</strong></span> <span class='ocrx_word' id='word_1_140' title='bbox 930 1712 1026 1766; x_wconf 88' lang='lat' dir='ltr'><strong>sed</strong></span> <span class='ocrx_word' id='word_1_141' title='bbox 1053 1711 1254 1768; x_wconf 89' lang='lat' dir='ltr'><strong>lucem.</strong></span> <span class='ocrx_word' id='word_1_142' title='bbox 1290 1713 1348 1769; x_wconf 90' lang='lat' dir='ltr'><strong>Si</strong></span> <span class='ocrx_word' id='word_1_143' title='bbox 1369 1716 1517 1770; x_wconf 91' lang='lat' dir='ltr'><strong>enim</strong></span> <span class='ocrx_word' id='word_1_144' title='bbox 1553 1716 1717 1772; x_wconf 91' lang='lat' dir='ltr'><strong>corda</strong></span> <span class='ocrx_word' id='word_1_145' title='bbox 1757 1725 1947 1773; x_wconf 88' lang='lat' dir='ltr'><strong>nostra</strong></span> <span class='ocrx_word' id='word_1_146' title='bbox 1981 1718 2170 1772; x_wconf 91' lang='lat' dir='ltr'><strong>eadem</strong></span> 
     </span>
    </p>
   </div>
   <div class='ocr_carea' id='block_1_18' title="bbox 575 1797 2170 1880">
    <p class='ocr_par' dir='ltr' id='par_1_18' title="bbox 575 1797 2170 1880">
     <span class='ocr_line' id='line_1_18' title="bbox 575 1797 2170 1880; baseline 0.009 -28"><span class='ocrx_word' id='word_1_147' title='bbox 575 1797 670 1853; x_wconf 86' lang='lat' dir='ltr'><strong>lux</strong></span> <span class='ocrx_word' id='word_1_148' title='bbox 697 1800 1006 1860; x_wconf 84' lang='lat' dir='ltr'><strong>divinitatis</strong></span> <span class='ocrx_word' id='word_1_149' title='bbox 1037 1805 1280 1862; x_wconf 78' lang='lat' dir='ltr'><strong>illuStrat</strong></span> <span class='ocrx_word' id='word_1_150' title='bbox 1305 1850 1320 1874; x_wconf 93' lang='lat'><strong>,</strong></span> <span class='ocrx_word' id='word_1_151' title='bbox 1350 1825 1518 1878; x_wconf 87' lang='lat' dir='ltr'><strong>quam</strong></span> <span class='ocrx_word' id='word_1_152' title='bbox 1549 1825 1653 1865; x_wconf 87' lang='lat' dir='ltr'><strong>nec</strong></span> <span class='ocrx_word' id='word_1_153' title='bbox 1687 1810 1908 1865; x_wconf 89' lang='lat' dir='ltr'><strong>initium</strong></span> <span class='ocrx_word' id='word_1_154' title='bbox 1939 1810 2170 1880; x_wconf 88' lang='lat' dir='ltr'><strong>dilatat,</strong></span> 
     </span>
    </p>
   </div>
   <div class='ocr_carea' id='block_1_19' title="bbox 574 1894 2172 1969">
    <p class='ocr_par' dir='ltr' id='par_1_19' title="bbox 574 1894 2172 1969">
     <span class='ocr_line' id='line_1_19' title="bbox 574 1894 2172 1969; baseline 0.01 -23"><span class='ocrx_word' id='word_1_155' title='bbox 574 1906 678 1948; x_wconf 88' lang='lat' dir='ltr'><strong>nec</strong></span> <span class='ocrx_word' id='word_1_156' title='bbox 729 1894 855 1951; x_wconf 79' lang='lat' dir='ltr'><strong>linis</strong></span> <span class='ocrx_word' id='word_1_157' title='bbox 891 1907 1178 1969; x_wconf 76' lang='lat' dir='ltr'><strong>angustat,</strong></span> <span class='ocrx_word' id='word_1_158' title='bbox 1216 1917 1442 1958; x_wconf 90' lang='lat' dir='ltr'><strong>necesse</strong></span> <span class='ocrx_word' id='word_1_159' title='bbox 1489 1911 1663 1958; x_wconf 91' lang='lat' dir='ltr'><strong>estut</strong></span> <span class='ocrx_word' id='word_1_160' title='bbox 1711 1904 1780 1961; x_wconf 89' lang='lat' dir='ltr'><strong>ab</strong></span> <span class='ocrx_word' id='word_1_161' title='bbox 1816 1905 2007 1960; x_wconf 90' lang='lat' dir='ltr'><strong>eadem</strong></span> <span class='ocrx_word' id='word_1_162' title='bbox 2049 1894 2172 1962; x_wconf 81' lang='lat' dir='ltr'><strong>luce</strong></span> 
     </span>
    </p>
   </div>
   <div class='ocr_carea' id='block_1_20' title="bbox 576 1989 2168 2060">
    <p class='ocr_par' dir='ltr' id='par_1_20' title="bbox 576 1989 2168 2060">
     <span class='ocr_line' id='line_1_20' title="bbox 576 1989 2168 2060; baseline 0.009 -20"><span class='ocrx_word' id='word_1_163' title='bbox 576 1989 871 2055; x_wconf 69' lang='lat' dir='ltr'><strong>quaerenda</strong></span> <span class='ocrx_word' id='word_1_164' title='bbox 903 1995 1358 2060; x_wconf 58' lang='lat' dir='ltr'><strong>prastereuntium</strong></span> <span class='ocrx_word' id='word_1_165' title='bbox 1404 1996 1803 2053; x_wconf 67' lang='lat' dir='ltr'><strong>daamoniorum</strong></span> <span class='ocrx_word' id='word_1_166' title='bbox 1851 1999 2016 2055; x_wconf 89' lang='lat' dir='ltr'><strong>nullis</strong></span> <span class='ocrx_word' id='word_1_167' title='bbox 2061 2015 2168 2054; x_wconf 89' lang='lat' dir='ltr'><strong>un-</strong></span> 
     </span>
    </p>
   </div>
   <div class='ocr_carea' id='block_1_21' title="bbox 573 2086 2165 2159">
    <p class='ocr_par' dir='ltr' id='par_1_21' title="bbox 573 2086 2165 2159">
     <span class='ocr_line' id='line_1_21' title="bbox 573 2086 2165 2159; baseline 0.012 -30"><span class='ocrx_word' id='word_1_168' title='bbox 573 2089 744 2145; x_wconf 86' lang='lat' dir='ltr'><strong>quam</strong></span> <span class='ocrx_word' id='word_1_169' title='bbox 775 2095 1062 2138; x_wconf 88' lang='lat' dir='ltr'><strong>arceamur</strong></span> <span class='ocrx_word' id='word_1_170' title='bbox 1093 2086 1260 2147; x_wconf 86' lang='lat' dir='ltr'><strong>minis</strong></span> <span class='ocrx_word' id='word_1_171' title='bbox 1286 2130 1299 2154; x_wconf 91' lang='lat'><strong>,</strong></span> <span class='ocrx_word' id='word_1_172' title='bbox 1324 2089 1486 2159; x_wconf 87' lang='lat' dir='ltr'><strong>cujus</strong></span> <span class='ocrx_word' id='word_1_173' title='bbox 1514 2088 1762 2159; x_wconf 86' lang='lat' dir='ltr'><strong>profecto</strong></span> <span class='ocrx_word' id='word_1_174' title='bbox 1784 2090 1918 2148; x_wconf 87' lang='lat' dir='ltr'><strong>ﬁdes</strong></span> <span class='ocrx_word' id='word_1_175' title='bbox 1950 2093 2165 2148; x_wconf 91' lang='lat' dir='ltr'><strong>initium</strong></span> 
     </span>
    </p>
   </div>
   <div class='ocr_carea' id='block_1_22' title="bbox 567 2175 2168 2250">
    <p class='ocr_par' dir='ltr' id='par_1_22' title="bbox 567 2175 2168 2250">
     <span class='ocr_line' id='line_1_22' title="bbox 567 2175 2168 2250; baseline 0.012 -27"><span class='ocrx_word' id='word_1_176' title='bbox 567 2175 660 2224; x_wconf 84' lang='lat' dir='ltr'><strong>est</strong></span> <span class='ocrx_word' id='word_1_177' title='bbox 680 2177 737 2225; x_wconf 89' lang='lat' dir='ltr'><strong>et</strong></span> <span class='ocrx_word' id='word_1_178' title='bbox 765 2176 1014 2241; x_wconf 86' lang='lat' dir='ltr'><strong>operatio</strong></span> <span class='ocrx_word' id='word_1_179' title='bbox 1041 2177 1187 2232; x_wconf 85' lang='lat' dir='ltr'><strong>ﬁnis.</strong></span> <span class='ocrx_word' id='word_1_180' title='bbox 1215 2179 1282 2233; x_wconf 87' lang='lat' dir='ltr'><strong>Et</strong></span> <span class='ocrx_word' id='word_1_181' title='bbox 1311 2181 1440 2250; x_wconf 90' lang='lat' dir='ltr'><strong>quia</strong></span> <span class='ocrx_word' id='word_1_182' title='bbox 1470 2197 1572 2237; x_wconf 86' lang='lat' dir='ltr'><strong>nec</strong></span> <span class='ocrx_word' id='word_1_183' title='bbox 1596 2182 1853 2238; x_wconf 67' lang='lat' dir='ltr'><strong>humanae</strong></span> <span class='ocrx_word' id='word_1_184' title='bbox 1876 2186 2040 2240; x_wconf 89' lang='lat' dir='ltr'><strong>saluti</strong></span> <span class='ocrx_word' id='word_1_185' title='bbox 2068 2195 2168 2242; x_wconf 89' lang='lat' dir='ltr'><strong>nec</strong></span> 
     </span>
    </p>
   </div>
   <div class='ocr_carea' id='block_1_23' title="bbox 571 2256 2169 2335">
    <p class='ocr_par' dir='ltr' id='par_1_23' title="bbox 571 2256 2169 2335">
     <span class='ocr_line' id='line_1_23' title="bbox 571 2256 2169 2335; baseline 0.012 -21"><span class='ocrx_word' id='word_1_186' title='bbox 571 2256 772 2316; x_wconf 70' lang='lat' dir='ltr'><strong>divinae</strong></span> <span class='ocrx_word' id='word_1_187' title='bbox 821 2267 1080 2321; x_wconf 82' lang='lat' dir='ltr'><strong>convenit</strong></span> <span class='ocrx_word' id='word_1_188' title='bbox 1125 2266 1312 2335; x_wconf 89' lang='lat' dir='ltr'><strong>laudi,</strong></span> <span class='ocrx_word' id='word_1_189' title='bbox 1365 2280 1425 2325; x_wconf 93' lang='lat' dir='ltr'><strong>ut</strong></span> <span class='ocrx_word' id='word_1_190' title='bbox 1465 2287 1494 2326; x_wconf 92' lang='lat' dir='ltr'><strong>a</strong></span> <span class='ocrx_word' id='word_1_191' title='bbox 1530 2273 1693 2328; x_wconf 90' lang='lat' dir='ltr'><strong>nobis</strong></span> <span class='ocrx_word' id='word_1_192' title='bbox 1725 2273 1815 2328; x_wconf 88' lang='lat' dir='ltr'><strong>illa</strong></span> <span class='ocrx_word' id='word_1_193' title='bbox 1854 2276 1947 2330; x_wconf 78' lang='lat' dir='ltr'><strong>lux</strong></span> <span class='ocrx_word' id='word_1_194' title='bbox 1975 2276 2169 2333; x_wconf 86' lang='lat' dir='ltr'><strong>debeat</strong></span> 
     </span>
    </p>
   </div>
   <div class='ocr_carea' id='block_1_24' title="bbox 570 2355 2163 2438">
    <p class='ocr_par' dir='ltr' id='par_1_24' title="bbox 570 2355 2163 2438">
     <span class='ocr_line' id='line_1_24' title="bbox 570 2355 2163 2438; baseline 0.012 -32"><span class='ocrx_word' id='word_1_195' title='bbox 570 2355 768 2422; x_wconf 68' lang='lat' dir='ltr'><strong>quaeri,</strong></span> <span class='ocrx_word' id='word_1_196' title='bbox 793 2371 916 2426; x_wconf 70' lang='lat' dir='ltr'><strong>qua:</strong></span> <span class='ocrx_word' id='word_1_197' title='bbox 941 2359 1023 2413; x_wconf 83' lang='lat' dir='ltr'><strong>vel</strong></span> <span class='ocrx_word' id='word_1_198' title='bbox 1051 2369 1296 2432; x_wconf 84' lang='lat' dir='ltr'><strong>tempore</strong></span> <span class='ocrx_word' id='word_1_199' title='bbox 1321 2362 1488 2431; x_wconf 85' lang='lat' dir='ltr'><strong>lini-ri,</strong></span> <span class='ocrx_word' id='word_1_200' title='bbox 1508 2365 1592 2420; x_wconf 91' lang='lat' dir='ltr'><strong>vel</strong></span> <span class='ocrx_word' id='word_1_201' title='bbox 1621 2366 1743 2421; x_wconf 89' lang='lat' dir='ltr'><strong>loco</strong></span> <span class='ocrx_word' id='word_1_202' title='bbox 1765 2367 1944 2423; x_wconf 87' lang='lat' dir='ltr'><strong>valeat</strong></span> <span class='ocrx_word' id='word_1_203' title='bbox 1963 2369 2163 2438; x_wconf 86' lang='lat' dir='ltr'><strong>claudi,</strong></span> 
     </span>
    </p>
   </div>
   <div class='ocr_carea' id='block_1_25' title="bbox 567 2445 2164 2533">
    <p class='ocr_par' dir='ltr' id='par_1_25' title="bbox 567 2445 2164 2533">
     <span class='ocr_line' id='line_1_25' title="bbox 567 2445 2164 2533; baseline 0.013 -32"><span class='ocrx_word' id='word_1_204' title='bbox 567 2445 797 2517; x_wconf 90' lang='lat' dir='ltr'><strong>dignum</strong></span> <span class='ocrx_word' id='word_1_205' title='bbox 830 2459 914 2506; x_wconf 91' lang='lat' dir='ltr'><strong>est</strong></span> <span class='ocrx_word' id='word_1_206' title='bbox 937 2463 999 2507; x_wconf 90' lang='lat' dir='ltr'><strong>ut</strong></span> <span class='ocrx_word' id='word_1_207' title='bbox 1022 2453 1167 2508; x_wconf 86' lang='lat' dir='ltr'><strong>illam</strong></span> <span class='ocrx_word' id='word_1_208' title='bbox 1200 2456 1378 2514; x_wconf 86' lang='lat' dir='ltr'><strong>lucem</strong></span> <span class='ocrx_word' id='word_1_209' title='bbox 1410 2458 1531 2513; x_wconf 90' lang='lat' dir='ltr'><strong>sine</strong></span> <span class='ocrx_word' id='word_1_210' title='bbox 1562 2458 1969 2521; x_wconf 85' lang='lat' dir='ltr'><strong>intermissione</strong></span> <span class='ocrx_word' id='word_1_211' title='bbox 2011 2476 2164 2533; x_wconf 64' lang='lat' dir='ltr'><strong>quaa-</strong></span> 
     </span>
    </p>
   </div>
   <div class='ocr_carea' id='block_1_26' title="bbox 568 2550 2168 2626">
    <p class='ocr_par' dir='ltr' id='par_1_26' title="bbox 568 2550 2168 2626">
     <span class='ocr_line' id='line_1_26' title="bbox 568 2550 2168 2626; baseline 0.012 -33"><span class='ocrx_word' id='word_1_212' title='bbox 568 2555 781 2611; x_wconf 90' lang='lat' dir='ltr'><strong>ramus,</strong></span> <span class='ocrx_word' id='word_1_213' title='bbox 803 2557 970 2615; x_wconf 89' lang='lat' dir='ltr'><strong>quam</strong></span> <span class='ocrx_word' id='word_1_214' title='bbox 995 2562 1103 2602; x_wconf 86' lang='lat' dir='ltr'><strong>non</strong></span> <span class='ocrx_word' id='word_1_215' title='bbox 1130 2564 1253 2602; x_wconf 90' lang='lat' dir='ltr'><strong>cum</strong></span> <span class='ocrx_word' id='word_1_216' title='bbox 1287 2550 1501 2619; x_wconf 92' lang='lat' dir='ltr'><strong>belluis,</strong></span> <span class='ocrx_word' id='word_1_217' title='bbox 1526 2553 1621 2609; x_wconf 90' lang='lat' dir='ltr'><strong>sed</strong></span> <span class='ocrx_word' id='word_1_218' title='bbox 1641 2569 1766 2609; x_wconf 94' lang='lat' dir='ltr'><strong>cum</strong></span> <span class='ocrx_word' id='word_1_219' title='bbox 1796 2556 2002 2626; x_wconf 80' lang='lat' dir='ltr'><strong>angelis</strong></span> <span class='ocrx_word' id='word_1_220' title='bbox 2021 2572 2168 2616; x_wconf 89' lang='lat' dir='ltr'><strong>com-</strong></span> 
     </span>
    </p>
   </div>
   <div class='ocr_carea' id='block_1_27' title="bbox 487 2627 1358 2710">
    <p class='ocr_par' dir='ltr' id='par_1_27' title="bbox 487 2627 1358 2710">
     <span class='ocr_line' id='line_1_27' title="bbox 487 2627 1358 2710; baseline 0.013 -26"><span class='ocrx_word' id='word_1_221' title='bbox 487 2701 493 2710; x_wconf 24' lang='grc'><strong>1</strong></span> <span class='ocrx_word' id='word_1_222' title='bbox 569 2627 793 2688; x_wconf 90' lang='lat' dir='ltr'><strong>munem</strong></span> <span class='ocrx_word' id='word_1_223' title='bbox 826 2634 1028 2693; x_wconf 81' lang='lat' dir='ltr'><strong>habere</strong></span> <span class='ocrx_word' id='word_1_224' title='bbox 1053 2639 1358 2697; x_wconf 82' lang='lat' dir='ltr'><strong>valeamus.</strong></span> 
     </span>
    </p>
   </div>
   <div class='ocr_carea' id='block_1_28' title="bbox 642 2723 2163 2806">
    <p class='ocr_par' dir='ltr' id='par_1_28' title="bbox 642 2723 2163 2806">
     <span class='ocr_line' id='line_1_28' title="bbox 642 2723 2163 2806; baseline 0.012 -27"><span class='ocrx_word' id='word_1_225' title='bbox 642 2723 770 2782; x_wconf 59' lang='lat' dir='ltr'><strong>Hinc</strong></span> <span class='ocrx_word' id='word_1_226' title='bbox 799 2738 884 2784; x_wconf 88' lang='lat' dir='ltr'><strong>est</strong></span> <span class='ocrx_word' id='word_1_227' title='bbox 911 2740 1095 2785; x_wconf 90' lang='lat' dir='ltr'><strong>autem</strong></span> <span class='ocrx_word' id='word_1_228' title='bbox 1128 2734 1220 2787; x_wconf 82' lang='lat' dir='ltr'><strong>lux</strong></span> <span class='ocrx_word' id='word_1_229' title='bbox 1250 2743 1456 2789; x_wconf 66' lang='lat' dir='ltr'><strong>aeterna</strong></span> <span class='ocrx_word' id='word_1_230' title='bbox 1488 2752 1614 2806; x_wconf 87' lang='lat' dir='ltr'><strong>quae</strong></span> <span class='ocrx_word' id='word_1_231' title='bbox 1637 2737 1846 2794; x_wconf 86' lang='lat' dir='ltr'><strong>inlimis</strong></span> <span class='ocrx_word' id='word_1_232' title='bbox 1871 2739 2044 2795; x_wconf 86' lang='lat' dir='ltr'><strong>voluit</strong></span> <span class='ocrx_word' id='word_1_233' title='bbox 2072 2755 2163 2797; x_wconf 89' lang='lat' dir='ltr'><strong>so-</strong></span> 
     </span>
    </p>
   </div>
   <div class='ocr_carea' id='block_1_29' title="bbox 566 2814 2162 2903">
    <p class='ocr_par' dir='ltr' id='par_1_29' title="bbox 566 2814 2162 2903">
     <span class='ocr_line' id='line_1_29' title="bbox 566 2814 2162 2903; baseline 0.011 -34"><span class='ocrx_word' id='word_1_234' title='bbox 566 2814 714 2870; x_wconf 90' lang='lat' dir='ltr'><strong>ciare</strong></span> <span class='ocrx_word' id='word_1_235' title='bbox 743 2815 984 2888; x_wconf 87' lang='lat' dir='ltr'><strong>superna</strong></span> <span class='ocrx_word' id='word_1_236' title='bbox 1015 2863 1030 2888; x_wconf 92' lang='lat'><strong>,</strong></span> <span class='ocrx_word' id='word_1_237' title='bbox 1062 2823 1284 2891; x_wconf 86' lang='lat' dir='ltr'><strong>quando</strong></span> <span class='ocrx_word' id='word_1_238' title='bbox 1320 2825 1523 2881; x_wconf 64' lang='lat' dir='ltr'><strong>divinae</strong></span> <span class='ocrx_word' id='word_1_239' title='bbox 1573 2827 1946 2886; x_wconf 87' lang='lat' dir='ltr'><strong>miserationis</strong></span> <span class='ocrx_word' id='word_1_240' title='bbox 1989 2832 2162 2903; x_wconf 89' lang='lat' dir='ltr'><strong>gratia</strong></span> 
     </span>
    </p>
   </div>
   <div class='ocr_carea' id='block_1_30' title="bbox 530 2891 2160 2990">
    <p class='ocr_par' dir='ltr' id='par_1_30' title="bbox 530 2891 2160 2990">
     <span class='ocr_line' id='line_1_30' title="bbox 530 2891 2160 2990; baseline 0.011 -29"><span class='ocrx_word' id='word_1_241' title='bbox 530 2891 752 2976; x_wconf 50' lang='lat' dir='ltr'><strong>&#39;dives,</strong></span> <span class='ocrx_word' id='word_1_242' title='bbox 783 2926 886 2981; x_wconf 86' lang='lat' dir='ltr'><strong>.per</strong></span> <span class='ocrx_word' id='word_1_243' title='bbox 915 2915 1240 2984; x_wconf 81' lang='lat' dir='ltr'><strong>mysterium</strong></span> <span class='ocrx_word' id='word_1_244' title='bbox 1287 2917 1471 2974; x_wconf 87' lang='lat' dir='ltr'><strong>crucis</strong></span> <span class='ocrx_word' id='word_1_245' title='bbox 1525 2920 1752 2990; x_wconf 82' lang='lat' dir='ltr'><strong>angelos</strong></span> <span class='ocrx_word' id='word_1_246' title='bbox 1801 2930 1856 2976; x_wconf 90' lang='lat' dir='ltr'><strong>et</strong></span> <span class='ocrx_word' id='word_1_247' title='bbox 1907 2922 2160 2980; x_wconf 84' lang='lat' dir='ltr'><strong>homines</strong></span> 
     </span>
    </p>
   </div>
   <div class='ocr_carea' id='block_1_31' title="bbox 565 2995 2154 3072">
    <p class='ocr_par' dir='ltr' id='par_1_31' title="bbox 565 2995 2154 3072">
     <span class='ocr_line' id='line_1_31' title="bbox 565 2995 2154 3072; baseline 0.011 -17"><span class='ocrx_word' id='word_1_248' title='bbox 565 2995 698 3055; x_wconf 78' lang='lat' dir='ltr'><strong>fecit</strong></span> <span class='ocrx_word' id='word_1_249' title='bbox 721 3004 1144 3061; x_wconf 81' lang='lat' dir='ltr'><strong>esseconcives.</strong></span> <span class='ocrx_word' id='word_1_250' title='bbox 1172 3005 1299 3063; x_wconf 84' lang='lat' dir='ltr'><strong>Haec</strong></span> <span class='ocrx_word' id='word_1_251' title='bbox 1325 3017 1411 3064; x_wconf 91' lang='lat' dir='ltr'><strong>est</strong></span> <span class='ocrx_word' id='word_1_252' title='bbox 1439 3010 1534 3066; x_wconf 90' lang='lat' dir='ltr'><strong>illa</strong></span> <span class='ocrx_word' id='word_1_253' title='bbox 1557 3009 1652 3068; x_wconf 80' lang='lat' dir='ltr'><strong>lux</strong></span> <span class='ocrx_word' id='word_1_254' title='bbox 1685 3013 1831 3069; x_wconf 87' lang='lat' dir='ltr'><strong>unde</strong></span> <span class='ocrx_word' id='word_1_255' title='bbox 1866 3023 1928 3070; x_wconf 93' lang='lat' dir='ltr'><strong>ut</strong></span> <span class='ocrx_word' id='word_1_256' title='bbox 1971 3031 2154 3072; x_wconf 83' lang='lat' dir='ltr'><strong>causae</strong></span> 
     </span>
    </p>
   </div>
   <div class='ocr_carea' id='block_1_32' title="bbox 561 3092 2161 3181">
    <p class='ocr_par' dir='ltr' id='par_1_32' title="bbox 561 3092 2161 3181">
     <span class='ocr_line' id='line_1_32' title="bbox 561 3092 2161 3181; baseline 0.014 -36"><span class='ocrx_word' id='word_1_257' title='bbox 561 3092 753 3150; x_wconf 76' lang='lat' dir='ltr'><strong>causis</strong></span> <span class='ocrx_word' id='word_1_258' title='bbox 778 3136 793 3160; x_wconf 93' lang='lat'><strong>,</strong></span> <span class='ocrx_word' id='word_1_259' title='bbox 823 3104 879 3149; x_wconf 91' lang='lat' dir='ltr'><strong>et</strong></span> <span class='ocrx_word' id='word_1_260' title='bbox 908 3112 996 3151; x_wconf 89' lang='lat' dir='ltr'><strong>res</strong></span> <span class='ocrx_word' id='word_1_261' title='bbox 1023 3101 1357 3156; x_wconf 85' lang='lat' dir='ltr'><strong>conveniant</strong></span> <span class='ocrx_word' id='word_1_262' title='bbox 1389 3103 1576 3172; x_wconf 89' lang='lat' dir='ltr'><strong>rebus,</strong></span> <span class='ocrx_word' id='word_1_263' title='bbox 1604 3106 1872 3176; x_wconf 89' lang='lat' dir='ltr'><strong>quosdam</strong></span> <span class='ocrx_word' id='word_1_264' title='bbox 1902 3110 2161 3181; x_wconf 90' lang='lat' dir='ltr'><strong>antiquos</strong></span> 
     </span>
    </p>
   </div>
   <div class='ocr_carea' id='block_1_33' title="bbox 567 3180 2160 3268">
    <p class='ocr_par' dir='ltr' id='par_1_33' title="bbox 567 3180 2160 3268">
     <span class='ocr_line' id='line_1_33' title="bbox 567 3180 2160 3268; baseline 0.013 -31"><span class='ocrx_word' id='word_1_265' title='bbox 567 3180 758 3240; x_wconf 80' lang='lat' dir='ltr'><strong>Patres</strong></span> <span class='ocrx_word' id='word_1_266' title='bbox 791 3186 884 3242; x_wconf 81' lang='lat' dir='ltr'><strong>hic</strong></span> <span class='ocrx_word' id='word_1_267' title='bbox 915 3188 1266 3248; x_wconf 73' lang='lat' dir='ltr'><strong>introducere</strong></span> <span class='ocrx_word' id='word_1_268' title='bbox 1312 3193 1577 3252; x_wconf 89' lang='lat' dir='ltr'><strong>debemus</strong></span> <span class='ocrx_word' id='word_1_269' title='bbox 1603 3238 1622 3264; x_wconf 85' lang='lat'><strong>,</strong></span> <span class='ocrx_word' id='word_1_270' title='bbox 1659 3207 1934 3268; x_wconf 82' lang='lat' dir='ltr'><strong>quatenus</strong></span> <span class='ocrx_word' id='word_1_271' title='bbox 1978 3180 2160 3260; x_wconf 79' lang='lat' dir='ltr'><strong>sermo</strong></span> 
     </span>
    </p>
   </div>
   <div class='ocr_carea' id='block_1_34' title="bbox 565 3284 2162 3385">
    <p class='ocr_par' dir='ltr' id='par_1_34' title="bbox 565 3284 2162 3385">
     <span class='ocr_line' id='line_1_34' title="bbox 565 3284 2162 3385; baseline 0.014 -54"><span class='ocrx_word' id='word_1_272' title='bbox 565 3285 752 3333; x_wconf 81' lang='lat' dir='ltr'><strong>noster</strong></span> <span class='ocrx_word' id='word_1_273' title='bbox 779 3294 846 3335; x_wconf 88' lang='lat' dir='ltr'><strong>eo</strong></span> <span class='ocrx_word' id='word_1_274' title='bbox 869 3284 1178 3340; x_wconf 90' lang='lat' dir='ltr'><strong>consultius</strong></span> <span class='ocrx_word' id='word_1_275' title='bbox 1208 3287 1276 3341; x_wconf 89' lang='lat' dir='ltr'><strong>ad</strong></span> <span class='ocrx_word' id='word_1_276' title='bbox 1305 3285 1472 3343; x_wconf 86' lang='lat' dir='ltr'><strong>ﬁnem</strong></span> <span class='ocrx_word' id='word_1_277' title='bbox 1495 3289 1676 3359; x_wconf 87' lang='lat' dir='ltr'><strong>possit</strong></span> <span class='ocrx_word' id='word_1_278' title='bbox 1695 3291 1911 3348; x_wconf 87' lang='lat' dir='ltr'><strong>evolare</strong></span> <span class='ocrx_word' id='word_1_279' title='bbox 1935 3309 2034 3364; x_wconf 91' lang='lat' dir='ltr'><strong>per</strong></span> <span class='ocrx_word' id='word_1_280' title='bbox 2055 3311 2162 3385; x_wconf 54' lang='lat' dir='ltr'><strong>qic-</strong></span> 
     </span>
    </p>
   </div>
   <div class='ocr_carea' id='block_1_35' title="bbox 534 3375 2162 3454">
    <p class='ocr_par' dir='ltr' id='par_1_35' title="bbox 534 3375 2162 3454">
     <span class='ocr_line' id='line_1_35' title="bbox 534 3375 2162 3454; baseline 0.012 -30"><span class='ocrx_word' id='word_1_281' title='bbox 534 3378 683 3436; x_wconf 80' lang='lat' dir='ltr'><strong>_tera</strong></span> <span class='ocrx_word' id='word_1_282' title='bbox 711 3388 826 3443; x_wconf 87' lang='lat' dir='ltr'><strong>quo</strong></span> <span class='ocrx_word' id='word_1_283' title='bbox 849 3375 944 3430; x_wconf 80' lang='lat' dir='ltr'><strong>lux</strong></span> <span class='ocrx_word' id='word_1_284' title='bbox 977 3377 1272 3443; x_wconf 83' lang='lat' dir='ltr'><strong>invisibilis</strong></span> <span class='ocrx_word' id='word_1_285' title='bbox 1297 3381 1366 3436; x_wconf 92' lang='lat' dir='ltr'><strong>ad</strong></span> <span class='ocrx_word' id='word_1_286' title='bbox 1389 3380 1498 3437; x_wconf 92' lang='lat' dir='ltr'><strong>hoc</strong></span> <span class='ocrx_word' id='word_1_287' title='bbox 1519 3382 1682 3440; x_wconf 88' lang='lat' dir='ltr'><strong>nobis</strong></span> <span class='ocrx_word' id='word_1_288' title='bbox 1711 3383 1917 3454; x_wconf 83' lang='lat' dir='ltr'><strong>profert</strong></span> <span class='ocrx_word' id='word_1_289' title='bbox 1950 3387 2017 3443; x_wconf 91' lang='lat' dir='ltr'><strong>de</strong></span> <span class='ocrx_word' id='word_1_290' title='bbox 2044 3375 2162 3449; x_wconf 73' lang='lat' dir='ltr'><strong>the-</strong></span> 
     </span>
    </p>
   </div>
   <div class='ocr_carea' id='block_1_36' title="bbox 567 3472 2160 3541">
    <p class='ocr_par' dir='ltr' id='par_1_36' title="bbox 567 3472 2160 3541">
     <span class='ocr_line' id='line_1_36' title="bbox 567 3472 2160 3541; baseline 0.013 -24"><span class='ocrx_word' id='word_1_291' title='bbox 567 3477 734 3521; x_wconf 87' lang='lat' dir='ltr'><strong>sauro</strong></span> <span class='ocrx_word' id='word_1_292' title='bbox 761 3482 864 3524; x_wconf 89' lang='lat' dir='ltr'><strong>suo</strong></span> <span class='ocrx_word' id='word_1_293' title='bbox 893 3484 1033 3524; x_wconf 83' lang='lat' dir='ltr'><strong>nova</strong></span> <span class='ocrx_word' id='word_1_294' title='bbox 1057 3480 1114 3526; x_wconf 91' lang='lat' dir='ltr'><strong>et</strong></span> <span class='ocrx_word' id='word_1_295' title='bbox 1136 3480 1341 3528; x_wconf 88' lang='lat' dir='ltr'><strong>vetera.</strong></span> <span class='ocrx_word' id='word_1_296' title='bbox 1369 3472 1511 3541; x_wconf 85' lang='lat' dir='ltr'><strong>Quia</strong></span> <span class='ocrx_word' id='word_1_297' title='bbox 1545 3474 1695 3531; x_wconf 89' lang='lat' dir='ltr'><strong>enim</strong></span> <span class='ocrx_word' id='word_1_298' title='bbox 1736 3476 1830 3534; x_wconf 82' lang='lat' dir='ltr'><strong>lux</strong></span> <span class='ocrx_word' id='word_1_299' title='bbox 1859 3478 2160 3538; x_wconf 85' lang='lat' dir='ltr'><strong>divinitatis</strong></span> 
     </span>
    </p>
   </div>
   <div class='ocr_carea' id='block_1_37' title="bbox 564 3559 2159 3640">
    <p class='ocr_par' dir='ltr' id='par_1_37' title="bbox 564 3559 2159 3640">
     <span class='ocr_line' id='line_1_37' title="bbox 564 3559 2159 3640; baseline 0.013 -31"><span class='ocrx_word' id='word_1_300' title='bbox 564 3562 676 3610; x_wconf 85' lang='lat' dir='ltr'><strong>tam</strong></span> <span class='ocrx_word' id='word_1_301' title='bbox 701 3559 843 3616; x_wconf 87' lang='lat' dir='ltr'><strong>mira</strong></span> <span class='ocrx_word' id='word_1_302' title='bbox 865 3562 1129 3631; x_wconf 87' lang='lat' dir='ltr'><strong>probatur</strong></span> <span class='ocrx_word' id='word_1_303' title='bbox 1155 3573 1213 3620; x_wconf 91' lang='lat' dir='ltr'><strong>et</strong></span> <span class='ocrx_word' id='word_1_304' title='bbox 1249 3574 1441 3622; x_wconf 86' lang='lat' dir='ltr'><strong>sancta</strong></span> <span class='ocrx_word' id='word_1_305' title='bbox 1469 3608 1486 3636; x_wconf 87' lang='lat'><strong>,</strong></span> <span class='ocrx_word' id='word_1_306' title='bbox 1515 3576 1577 3622; x_wconf 93' lang='lat' dir='ltr'><strong>ut</strong></span> <span class='ocrx_word' id='word_1_307' title='bbox 1606 3569 1758 3624; x_wconf 89' lang='lat' dir='ltr'><strong>nulla</strong></span> <span class='ocrx_word' id='word_1_308' title='bbox 1783 3586 2012 3640; x_wconf 83' lang='lat' dir='ltr'><strong>prorsus</strong></span> <span class='ocrx_word' id='word_1_309' title='bbox 2036 3575 2159 3631; x_wconf 87' lang='lat' dir='ltr'><strong>talis</strong></span> 
     </span>
    </p>
   </div>
   <div class='ocr_carea' id='block_1_38' title="bbox 562 3646 2155 3728">
    <p class='ocr_par' dir='ltr' id='par_1_38' title="bbox 562 3646 2155 3728">
     <span class='ocr_line' id='line_1_38' title="bbox 562 3646 2155 3728; baseline 0.014 -28"><span class='ocrx_word' id='word_1_310' title='bbox 562 3646 822 3706; x_wconf 87' lang='lat' dir='ltr'><strong>videatur</strong></span> <span class='ocrx_word' id='word_1_311' title='bbox 853 3661 950 3708; x_wconf 90' lang='lat' dir='ltr'><strong>aut</strong></span> <span class='ocrx_word' id='word_1_312' title='bbox 977 3662 1154 3723; x_wconf 86' lang='lat' dir='ltr'><strong>tanta,</strong></span> <span class='ocrx_word' id='word_1_313' title='bbox 1182 3656 1411 3728; x_wconf 87' lang='lat' dir='ltr'><strong>dignum</strong></span> <span class='ocrx_word' id='word_1_314' title='bbox 1441 3667 1527 3715; x_wconf 91' lang='lat' dir='ltr'><strong>est</strong></span> <span class='ocrx_word' id='word_1_315' title='bbox 1555 3667 1616 3715; x_wconf 91' lang='lat' dir='ltr'><strong>ut</strong></span> <span class='ocrx_word' id='word_1_316' title='bbox 1644 3660 1945 3727; x_wconf 80' lang='lat' dir='ltr'><strong>humanum</strong></span> <span class='ocrx_word' id='word_1_317' title='bbox 1975 3665 2024 3719; x_wconf 88' lang='lat' dir='ltr'><strong>ei</strong></span> <span class='ocrx_word' id='word_1_318' title='bbox 2049 3682 2155 3723; x_wconf 92' lang='lat' dir='ltr'><strong>non</strong></span> 
     </span>
    </p>
   </div>
   <div class='ocr_carea' id='block_1_39' title="bbox 561 3736 2161 3825">
    <p class='ocr_par' dir='ltr' id='par_1_39' title="bbox 561 3736 2161 3825">
     <span class='ocr_line' id='line_1_39' title="bbox 561 3736 2161 3825; baseline 0.015 -33"><span class='ocrx_word' id='word_1_319' title='bbox 561 3736 758 3796; x_wconf 87' lang='lat' dir='ltr'><strong>debeat</strong></span> <span class='ocrx_word' id='word_1_320' title='bbox 807 3743 998 3800; x_wconf 89' lang='lat' dir='ltr'><strong>deesse</strong></span> <span class='ocrx_word' id='word_1_321' title='bbox 1058 3750 1395 3817; x_wconf 51' lang='lat' dir='ltr'><strong>praeconium</strong></span> <span class='ocrx_word' id='word_1_322' title='bbox 1420 3793 1436 3818; x_wconf 89' lang='lat'><strong>,</strong></span> <span class='ocrx_word' id='word_1_323' title='bbox 1499 3767 1622 3822; x_wconf 66' lang='lat' dir='ltr'><strong>quae</strong></span> <span class='ocrx_word' id='word_1_324' title='bbox 1671 3755 2050 3825; x_wconf 88' lang='lat' dir='ltr'><strong>propheticum</strong></span> <span class='ocrx_word' id='word_1_325' title='bbox 2105 3769 2161 3816; x_wconf 91' lang='lat' dir='ltr'><strong>et</strong></span> 
     </span>
    </p>
   </div>
   <div class='ocr_carea' id='block_1_40' title="bbox 559 3829 2157 3922">
    <p class='ocr_par' dir='ltr' id='par_1_40' title="bbox 559 3829 2157 3922">
     <span class='ocr_line' id='line_1_40' title="bbox 559 3829 2157 3922; baseline 0.016 -37"><span class='ocrx_word' id='word_1_326' title='bbox 559 3829 935 3904; x_wconf 85' lang='lat' dir='ltr'><strong>evangelicum</strong></span> <span class='ocrx_word' id='word_1_327' title='bbox 961 3840 1100 3894; x_wconf 91' lang='lat' dir='ltr'><strong>solet</strong></span> <span class='ocrx_word' id='word_1_328' title='bbox 1122 3841 1325 3898; x_wconf 86' lang='lat' dir='ltr'><strong>habere</strong></span> <span class='ocrx_word' id='word_1_329' title='bbox 1350 3844 1747 3902; x_wconf 88' lang='lat' dir='ltr'><strong>testimonium.</strong></span> <span class='ocrx_word' id='word_1_330' title='bbox 1765 3846 1874 3906; x_wconf 86' lang='lat' dir='ltr'><strong>Sed</strong></span> <span class='ocrx_word' id='word_1_331' title='bbox 1893 3852 2157 3922; x_wconf 88' lang='lat' dir='ltr'><strong>quoniam</strong></span> 
     </span>
    </p>
   </div>
   <div class='ocr_carea' id='block_1_41' title="bbox 2273 509 3791 584">
    <p class='ocr_par' dir='ltr' id='par_1_41' title="bbox 2273 509 3791 584">
     <span class='ocr_line' id='line_1_41' title="bbox 2273 509 3791 584; baseline 0.008 -19"><span class='ocrx_word' id='word_1_332' title='bbox 2273 509 2576 567; x_wconf 67' lang='lat' dir='ltr'><strong>haeresibus</strong></span> <span class='ocrx_word' id='word_1_333' title='bbox 2602 519 2656 566; x_wconf 90' lang='lat' dir='ltr'><strong>et</strong></span> <span class='ocrx_word' id='word_1_334' title='bbox 2685 512 3069 569; x_wconf 70' lang='lat' dir='ltr'><strong>haeresiarcbis</strong></span> <span class='ocrx_word' id='word_1_335' title='bbox 3091 556 3106 580; x_wconf 90' lang='lat'><strong>,</strong></span> <span class='ocrx_word' id='word_1_336' title='bbox 3138 514 3314 584; x_wconf 89' lang='lat' dir='ltr'><strong>primo</strong></span> <span class='ocrx_word' id='word_1_337' title='bbox 3339 523 3566 572; x_wconf 83' lang='lat' dir='ltr'><strong>tractare</strong></span> <span class='ocrx_word' id='word_1_338' title='bbox 3591 519 3791 582; x_wconf 80' lang='lat' dir='ltr'><strong>debemus</strong></span> 
     </span>
    </p>
   </div>
   <div class='ocr_carea' id='block_1_42' title="bbox 2275 603 3793 686">
    <p class='ocr_par' dir='ltr' id='par_1_42' title="bbox 2275 603 3793 686">
     <span class='ocr_line' id='line_1_42' title="bbox 2275 603 3793 686; baseline 0.007 -28"><span class='ocrx_word' id='word_1_339' title='bbox 2275 603 2342 658; x_wconf 91' lang='lat' dir='ltr'><strong>de</strong></span> <span class='ocrx_word' id='word_1_340' title='bbox 2366 603 2534 674; x_wconf 90' lang='lat' dir='ltr'><strong>justis</strong></span> <span class='ocrx_word' id='word_1_341' title='bbox 2559 647 2572 670; x_wconf 94' lang='lat'><strong>,</strong></span> <span class='ocrx_word' id='word_1_342' title='bbox 2605 605 2803 660; x_wconf 91' lang='lat' dir='ltr'><strong>deinde</strong></span> <span class='ocrx_word' id='word_1_343' title='bbox 2832 606 2900 660; x_wconf 90' lang='lat' dir='ltr'><strong>de</strong></span> <span class='ocrx_word' id='word_1_344' title='bbox 2922 606 3152 678; x_wconf 80' lang='lat' dir='ltr'><strong>regibus</strong></span> <span class='ocrx_word' id='word_1_345' title='bbox 3182 615 3235 661; x_wconf 90' lang='lat' dir='ltr'><strong>et</strong></span> <span class='ocrx_word' id='word_1_346' title='bbox 3259 609 3586 678; x_wconf 82' lang='lat' dir='ltr'><strong>patriarcbis</strong></span> <span class='ocrx_word' id='word_1_347' title='bbox 3613 631 3624 665; x_wconf 92' lang='lat'>:</span> <span class='ocrx_word' id='word_1_348' title='bbox 3651 630 3793 686; x_wconf 70' lang='lat' dir='ltr'><strong>quain-</strong></span> 
     </span>
    </p>
   </div>
   <div class='ocr_carea' id='block_1_43' title="bbox 2272 694 3792 770">
    <p class='ocr_par' dir='ltr' id='par_1_43' title="bbox 2272 694 3792 770">
     <span class='ocr_line' id='line_1_43' title="bbox 2272 694 3792 770; baseline 0.01 -23"><span class='ocrx_word' id='word_1_349' title='bbox 2272 694 2356 765; x_wconf 91' lang='lat' dir='ltr'><strong>vis</strong></span> <span class='ocrx_word' id='word_1_350' title='bbox 2382 696 2704 766; x_wconf 89' lang='lat' dir='ltr'><strong>priusquam</strong></span> <span class='ocrx_word' id='word_1_351' title='bbox 2731 696 2860 752; x_wconf 92' lang='lat' dir='ltr'><strong>hinc</strong></span> <span class='ocrx_word' id='word_1_352' title='bbox 2883 697 2951 753; x_wconf 90' lang='lat' dir='ltr'><strong>de</strong></span> <span class='ocrx_word' id='word_1_353' title='bbox 2983 698 3311 768; x_wconf 88' lang='lat' dir='ltr'><strong>patriarchis</strong></span> <span class='ocrx_word' id='word_1_354' title='bbox 3362 701 3713 770; x_wconf 83' lang='lat' dir='ltr'><strong>perveniamus</strong></span> <span class='ocrx_word' id='word_1_355' title='bbox 3748 707 3792 762; x_wconf 78' lang='lat' dir='ltr'><strong>ad</strong></span> 
     </span>
    </p>
   </div>
   <div class='ocr_carea' id='block_1_44' title="bbox 2272 788 3795 864">
    <p class='ocr_par' dir='ltr' id='par_1_44' title="bbox 2272 788 3795 864">
     <span class='ocr_line' id='line_1_44' title="bbox 2272 788 3795 864; baseline 0.009 -23"><span class='ocrx_word' id='word_1_356' title='bbox 2272 788 2573 858; x_wconf 89' lang='lat' dir='ltr'><strong>prophetas</strong></span> <span class='ocrx_word' id='word_1_357' title='bbox 2598 831 2613 856; x_wconf 88' lang='lat'><strong>,</strong></span> <span class='ocrx_word' id='word_1_358' title='bbox 2643 804 2754 845; x_wconf 92' lang='lat' dir='ltr'><strong>non</strong></span> <span class='ocrx_word' id='word_1_359' title='bbox 2786 805 2956 847; x_wconf 89' lang='lat' dir='ltr'><strong>unam</strong></span> <span class='ocrx_word' id='word_1_360' title='bbox 2987 799 3083 845; x_wconf 92' lang='lat' dir='ltr'><strong>aut</strong></span> <span class='ocrx_word' id='word_1_361' title='bbox 3115 790 3253 846; x_wconf 91' lang='lat' dir='ltr'><strong>duas</strong></span> <span class='ocrx_word' id='word_1_362' title='bbox 3276 834 3291 857; x_wconf 88' lang='lat'><strong>,</strong></span> <span class='ocrx_word' id='word_1_363' title='bbox 3325 793 3427 848; x_wconf 88' lang='lat' dir='ltr'><strong>sed</strong></span> <span class='ocrx_word' id='word_1_364' title='bbox 3455 794 3640 864; x_wconf 76' lang='lat' dir='ltr'><strong>‘plures</strong></span> <span class='ocrx_word' id='word_1_365' title='bbox 3661 797 3795 853; x_wconf 81' lang='lat' dir='ltr'><strong>videa-</strong></span> 
     </span>
    </p>
   </div>
   <div class='ocr_carea' id='block_1_45' title="bbox 2273 881 3794 958">
    <p class='ocr_par' dir='ltr' id='par_1_45' title="bbox 2273 881 3794 958">
     <span class='ocr_line' id='line_1_45' title="bbox 2273 881 3794 958; baseline 0.005 -24"><span class='ocrx_word' id='word_1_366' title='bbox 2273 896 2399 936; x_wconf 91' lang='lat' dir='ltr'><strong>mur</strong></span> <span class='ocrx_word' id='word_1_367' title='bbox 2426 881 2628 938; x_wconf 89' lang='lat' dir='ltr'><strong>habere</strong></span> <span class='ocrx_word' id='word_1_368' title='bbox 2648 883 2841 939; x_wconf 73' lang='lat' dir='ltr'><strong>diaetas</strong></span> <span class='ocrx_word' id='word_1_369' title='bbox 2867 901 2881 951; x_wconf 90' lang='lat'><strong>;</strong></span> <span class='ocrx_word' id='word_1_370' title='bbox 2915 891 2970 938; x_wconf 90' lang='lat' dir='ltr'><strong>et</strong></span> <span class='ocrx_word' id='word_1_371' title='bbox 2996 883 3124 940; x_wconf 89' lang='lat' dir='ltr'><strong>ideo</strong></span> <span class='ocrx_word' id='word_1_372' title='bbox 3155 899 3384 940; x_wconf 86' lang='lat' dir='ltr'><strong>necesse</strong></span> <span class='ocrx_word' id='word_1_373' title='bbox 3416 895 3501 940; x_wconf 89' lang='lat' dir='ltr'><strong>est</strong></span> <span class='ocrx_word' id='word_1_374' title='bbox 3525 894 3580 940; x_wconf 88' lang='lat' dir='ltr'><strong>ut</strong></span> <span class='ocrx_word' id='word_1_375' title='bbox 3617 887 3694 957; x_wconf 87' lang='lat' dir='ltr'><strong>qui</strong></span> <span class='ocrx_word' id='word_1_376' title='bbox 3730 904 3794 958; x_wconf 77' lang='lat' dir='ltr'><strong>pa-</strong></span> 
     </span>
    </p>
   </div>
   <div class='ocr_carea' id='block_1_46' title="bbox 2274 973 3794 1050">
    <p class='ocr_par' dir='ltr' id='par_1_46' title="bbox 2274 973 3794 1050">
     <span class='ocr_line' id='line_1_46' title="bbox 2274 973 3794 1050; baseline 0.005 -22"><span class='ocrx_word' id='word_1_377' title='bbox 2274 973 2532 1030; x_wconf 84' lang='lat' dir='ltr'><strong>triarchis</strong></span> <span class='ocrx_word' id='word_1_378' title='bbox 2557 983 2610 1030; x_wconf 90' lang='lat' dir='ltr'><strong>et</strong></span> <span class='ocrx_word' id='word_1_379' title='bbox 2634 975 2922 1046; x_wconf 85' lang='lat' dir='ltr'><strong>prophetis</strong></span> <span class='ocrx_word' id='word_1_380' title='bbox 2948 977 3157 1048; x_wconf 88' lang='lat' dir='ltr'><strong>regiam</strong></span> <span class='ocrx_word' id='word_1_381' title='bbox 3181 977 3327 1031; x_wconf 91' lang='lat' dir='ltr'><strong>viam</strong></span> <span class='ocrx_word' id='word_1_382' title='bbox 3374 977 3504 1032; x_wconf 90' lang='lat' dir='ltr'><strong>olim</strong></span> <span class='ocrx_word' id='word_1_383' title='bbox 3535 979 3794 1050; x_wconf 67' lang='lat' dir='ltr'><strong>dignabatur</strong></span> 
     </span>
    </p>
   </div>
   <div class='ocr_carea' id='block_1_47' title="bbox 2273 1067 3794 1136">
    <p class='ocr_par' dir='ltr' id='par_1_47' title="bbox 2273 1067 3794 1136">
     <span class='ocr_line' id='line_1_47' title="bbox 2273 1067 3794 1136; baseline 0.005 -16"><span class='ocrx_word' id='word_1_384' title='bbox 2273 1067 2580 1136; x_wconf 78' lang='lat' dir='ltr'><strong>Ostendere,</strong></span> <span class='ocrx_word' id='word_1_385' title='bbox 2613 1069 2776 1124; x_wconf 92' lang='lat' dir='ltr'><strong>nobis</strong></span> <span class='ocrx_word' id='word_1_386' title='bbox 2806 1069 2971 1124; x_wconf 86' lang='lat' dir='ltr'><strong>etiam</strong></span> <span class='ocrx_word' id='word_1_387' title='bbox 2999 1070 3056 1124; x_wconf 93' lang='lat' dir='ltr'><strong>in</strong></span> <span class='ocrx_word' id='word_1_388' title='bbox 3083 1069 3185 1126; x_wconf 91' lang='lat' dir='ltr'><strong>hoc</strong></span> <span class='ocrx_word' id='word_1_389' title='bbox 3207 1070 3404 1125; x_wconf 77' lang='lat' dir='ltr'><strong>itinere</strong></span> <span class='ocrx_word' id='word_1_390' title='bbox 3429 1071 3656 1126; x_wconf 77' lang='lat' dir='ltr'><strong>dextram</strong></span> <span class='ocrx_word' id='word_1_391' title='bbox 3685 1089 3794 1127; x_wconf 77' lang='lat' dir='ltr'><strong>suam</strong></span> 
     </span>
    </p>
   </div>
   <div class='ocr_carea' id='block_1_48' title="bbox 2272 1158 3796 1232">
    <p class='ocr_par' dir='ltr' id='par_1_48' title="bbox 2272 1158 3796 1232">
     <span class='ocr_line' id='line_1_48' title="bbox 2272 1158 3796 1232; baseline 0.005 -20"><span class='ocrx_word' id='word_1_392' title='bbox 2272 1158 2527 1230; x_wconf 85' lang='lat' dir='ltr'><strong>dignetur</strong></span> <span class='ocrx_word' id='word_1_393' title='bbox 2559 1161 2916 1231; x_wconf 72' lang='lat' dir='ltr'><strong>praetendere,</strong></span> <span class='ocrx_word' id='word_1_394' title='bbox 2945 1163 3206 1232; x_wconf 91' lang='lat' dir='ltr'><strong>quoniam</strong></span> <span class='ocrx_word' id='word_1_395' title='bbox 3254 1161 3513 1218; x_wconf 81' lang='lat' dir='ltr'><strong>navicula</strong></span> <span class='ocrx_word' id='word_1_396' title='bbox 3539 1165 3710 1219; x_wconf 87' lang='lat' dir='ltr'><strong>mentis</strong></span> <span class='ocrx_word' id='word_1_397' title='bbox 3729 1181 3796 1219; x_wconf 81' lang='lat' dir='ltr'><strong>no-</strong></span> 
     </span>
    </p>
   </div>
   <div class='ocr_carea' id='block_1_49' title="bbox 2273 1253 3796 1326">
    <p class='ocr_par' dir='ltr' id='par_1_49' title="bbox 2273 1253 3796 1326">
     <span class='ocr_line' id='line_1_49' title="bbox 2273 1253 3796 1326; baseline 0.003 -21"><span class='ocrx_word' id='word_1_398' title='bbox 2273 1258 2402 1306; x_wconf 70' lang='lat' dir='ltr'><strong>stra:</strong></span> <span class='ocrx_word' id='word_1_399' title='bbox 2429 1261 2562 1308; x_wconf 90' lang='lat' dir='ltr'><strong>tunc</strong></span> <span class='ocrx_word' id='word_1_400' title='bbox 2582 1269 2711 1309; x_wconf 89' lang='lat' dir='ltr'><strong>vere</strong></span> <span class='ocrx_word' id='word_1_401' title='bbox 2747 1253 2934 1309; x_wconf 90' lang='lat' dir='ltr'><strong>divina</strong></span> <span class='ocrx_word' id='word_1_402' title='bbox 2983 1254 3195 1326; x_wconf 85' lang='lat' dir='ltr'><strong>regitur</strong></span> <span class='ocrx_word' id='word_1_403' title='bbox 3223 1254 3419 1309; x_wconf 76' lang='lat' dir='ltr'><strong>dextra</strong></span> <span class='ocrx_word' id='word_1_404' title='bbox 3439 1296 3454 1321; x_wconf 92' lang='lat'><strong>,</strong></span> <span class='ocrx_word' id='word_1_405' title='bbox 3507 1255 3554 1310; x_wconf 90' lang='lat' dir='ltr'><strong>si</strong></span> <span class='ocrx_word' id='word_1_406' title='bbox 3595 1255 3796 1310; x_wconf 74' lang='lat' dir='ltr'><strong>bitumine</strong></span> 
     </span>
    </p>
   </div>
   <div class='ocr_carea' id='block_1_50' title="bbox 2273 1341 3797 1415">
    <p class='ocr_par' dir='ltr' id='par_1_50' title="bbox 2273 1341 3797 1415">
     <span class='ocr_line' id='line_1_50' title="bbox 2273 1341 3797 1415; baseline 0.004 -20"><span class='ocrx_word' id='word_1_407' title='bbox 2273 1341 2559 1397; x_wconf 88' lang='lat' dir='ltr'><strong>charitatis</strong></span> <span class='ocrx_word' id='word_1_408' title='bbox 2597 1342 2745 1398; x_wconf 85' lang='lat' dir='ltr'><strong>intus</strong></span> <span class='ocrx_word' id='word_1_409' title='bbox 2784 1344 3035 1398; x_wconf 84' lang='lat' dir='ltr'><strong>firmetur</strong></span> <span class='ocrx_word' id='word_1_410' title='bbox 3069 1352 3125 1398; x_wconf 90' lang='lat' dir='ltr'><strong>et</strong></span> <span class='ocrx_word' id='word_1_411' title='bbox 3151 1353 3330 1400; x_wconf 78' lang='lat' dir='ltr'><strong>extra.</strong></span> <span class='ocrx_word' id='word_1_412' title='bbox 3357 1341 3471 1399; x_wconf 81' lang='lat' dir='ltr'><strong>Sed</strong></span> <span class='ocrx_word' id='word_1_413' title='bbox 3515 1345 3736 1415; x_wconf 83' lang='lat' dir='ltr'><strong>quoniam</strong></span> <span class='ocrx_word' id='word_1_414' title='bbox 3760 1346 3797 1400; x_wconf 89' lang='lat' dir='ltr'><strong>in</strong></span> 
     </span>
    </p>
   </div>
   <div class='ocr_carea' id='block_1_51' title="bbox 2273 1431 3799 1506">
    <p class='ocr_par' dir='ltr' id='par_1_51' title="bbox 2273 1431 3799 1506">
     <span class='ocr_line' id='line_1_51' title="bbox 2273 1431 3799 1506; baseline 0.007 -22"><span class='ocrx_word' id='word_1_415' title='bbox 2273 1431 2686 1488; x_wconf 64' lang='lat' dir='ltr'><strong>navi&#39;Ecclesim</strong></span> <span class='ocrx_word' id='word_1_416' title='bbox 2709 1435 2917 1490; x_wconf 79' lang='lat' dir='ltr'><strong>frustra</strong></span> <span class='ocrx_word' id='word_1_417' title='bbox 2941 1435 3054 1506; x_wconf 90' lang='lat' dir='ltr'><strong>jam</strong></span> <span class='ocrx_word' id='word_1_418' title='bbox 3087 1436 3343 1500; x_wconf 81' lang='lat' dir='ltr'><strong>videmur</strong></span> <span class='ocrx_word' id='word_1_419' title='bbox 3386 1436 3655 1492; x_wconf 87' lang='lat' dir='ltr'><strong>immorari</strong></span> <span class='ocrx_word' id='word_1_420' title='bbox 3676 1478 3689 1502; x_wconf 91' lang='lat'><strong>,</strong></span> <span class='ocrx_word' id='word_1_421' title='bbox 3728 1431 3799 1494; x_wconf 78' lang='lat' dir='ltr'><strong>nisi</strong></span> 
     </span>
    </p>
   </div>
   <div class='ocr_carea' id='block_1_52' title="bbox 2277 1522 3800 1594">
    <p class='ocr_par' dir='ltr' id='par_1_52' title="bbox 2277 1522 3800 1594">
     <span class='ocr_line' id='line_1_52' title="bbox 2277 1522 3800 1594; baseline 0.005 -18"><span class='ocrx_word' id='word_1_422' title='bbox 2277 1537 2405 1577; x_wconf 87' lang='lat' dir='ltr'><strong>cum</strong></span> <span class='ocrx_word' id='word_1_423' title='bbox 2437 1523 2680 1594; x_wconf 82' lang='lat' dir='ltr'><strong>antiquis</strong></span> <span class='ocrx_word' id='word_1_424' title='bbox 2703 1522 2965 1582; x_wconf 87' lang='lat' dir='ltr'><strong>Patribus</strong></span> <span class='ocrx_word' id='word_1_425' title='bbox 2987 1542 3018 1581; x_wconf 90' lang='lat' dir='ltr'><strong>a</strong></span> <span class='ocrx_word' id='word_1_426' title='bbox 3044 1527 3231 1582; x_wconf 89' lang='lat' dir='ltr'><strong>divina</strong></span> <span class='ocrx_word' id='word_1_427' title='bbox 3262 1528 3391 1584; x_wconf 90' lang='lat' dir='ltr'><strong>luce</strong></span> <span class='ocrx_word' id='word_1_428' title='bbox 3420 1543 3704 1584; x_wconf 88' lang='lat' dir='ltr'><strong>mereamur</strong></span> <span class='ocrx_word' id='word_1_429' title='bbox 3721 1529 3800 1584; x_wconf 79' lang='lat' dir='ltr'><strong>illn-</strong></span> 
     </span>
    </p>
   </div>
   <div class='ocr_carea' id='block_1_53' title="bbox 2254 1616 3800 1689">
    <p class='ocr_par' dir='ltr' id='par_1_53' title="bbox 2254 1616 3800 1689">
     <span class='ocr_line' id='line_1_53' title="bbox 2254 1616 3800 1689; baseline 0.003 -21"><span class='ocrx_word' id='word_1_430' title='bbox 2254 1616 2439 1670; x_wconf 80' lang='lat' dir='ltr'><strong>‘strari</strong></span> <span class='ocrx_word' id='word_1_431' title='bbox 2470 1657 2484 1682; x_wconf 95' lang='lat'><strong>,</strong></span> <span class='ocrx_word' id='word_1_432' title='bbox 2515 1616 2790 1678; x_wconf 85' lang='lat' dir='ltr'><strong>orandum</strong></span> <span class='ocrx_word' id='word_1_433' title='bbox 2819 1627 2907 1674; x_wconf 89' lang='lat' dir='ltr'><strong>est</strong></span> <span class='ocrx_word' id='word_1_434' title='bbox 2937 1618 2994 1672; x_wconf 91' lang='lat' dir='ltr'><strong>in</strong></span> <span class='ocrx_word' id='word_1_435' title='bbox 3053 1618 3160 1674; x_wconf 85' lang='lat' dir='ltr'><strong>hoc</strong></span> <span class='ocrx_word' id='word_1_436' title='bbox 3195 1627 3438 1674; x_wconf 85' lang='lat' dir='ltr'><strong>tractatu</strong></span> <span class='ocrx_word' id='word_1_437' title='bbox 3487 1619 3699 1689; x_wconf 87' lang='lat' dir='ltr'><strong>seipsum</strong></span> <span class='ocrx_word' id='word_1_438' title='bbox 3734 1634 3800 1673; x_wconf 83' lang='lat' dir='ltr'><strong>no-</strong></span> 
     </span>
    </p>
   </div>
   <div class='ocr_carea' id='block_1_54' title="bbox 2273 1705 3798 1780">
    <p class='ocr_par' dir='ltr' id='par_1_54' title="bbox 2273 1705 3798 1780">
     <span class='ocr_line' id='line_1_54' title="bbox 2273 1705 3798 1780; baseline 0.004 -21"><span class='ocrx_word' id='word_1_439' title='bbox 2273 1705 2359 1760; x_wconf 90' lang='lat' dir='ltr'><strong>bis</strong></span> <span class='ocrx_word' id='word_1_440' title='bbox 2386 1706 2516 1761; x_wconf 88' lang='lat' dir='ltr'><strong>velit</strong></span> <span class='ocrx_word' id='word_1_441' title='bbox 2541 1707 2835 1764; x_wconf 89' lang='lat' dir='ltr'><strong>ostendere</strong></span> <span class='ocrx_word' id='word_1_442' title='bbox 2856 1709 3075 1776; x_wconf 90' lang='lat' dir='ltr'><strong>ducem,</strong></span> <span class='ocrx_word' id='word_1_443' title='bbox 3100 1708 3198 1778; x_wconf 88' lang='lat' dir='ltr'><strong>qui</strong></span> <span class='ocrx_word' id='word_1_444' title='bbox 3223 1710 3291 1766; x_wconf 89' lang='lat' dir='ltr'><strong>de</strong></span> <span class='ocrx_word' id='word_1_445' title='bbox 3320 1709 3512 1780; x_wconf 88' lang='lat' dir='ltr'><strong>seipso</strong></span> <span class='ocrx_word' id='word_1_446' title='bbox 3535 1708 3798 1778; x_wconf 86' lang='lat' dir='ltr'><strong>discipulis:</strong></span> 
     </span>
    </p>
   </div>
   <div class='ocr_carea' id='block_1_55' title="bbox 2204 1783 3799 1874">
    <p class='ocr_par' dir='ltr' id='par_1_55' title="bbox 2204 1783 3799 1874">
     <span class='ocr_line' id='line_1_55' title="bbox 2204 1783 3799 1874; baseline 0.005 -22"><span class='ocrx_word' id='word_1_447' title='bbox 2204 1783 2254 1844; x_wconf 80' lang='grc' dir='ltr'><strong>Β.</strong></span> <span class='ocrx_word' id='word_1_448' title='bbox 2275 1798 2418 1852; x_wconf 86' lang='lat' dir='ltr'><strong>Dum</strong></span> <span class='ocrx_word' id='word_1_449' title='bbox 2442 1799 2645 1869; x_wconf 83' lang='lat' dir='ltr'><strong>lucem,</strong></span> <span class='ocrx_word' id='word_1_450' title='bbox 2681 1801 2903 1874; x_wconf 87' lang='lat' dir='ltr'><strong>inquit,</strong></span> <span class='ocrx_word' id='word_1_451' title='bbox 2949 1801 3154 1872; x_wconf 75' lang='lat' dir='ltr'><strong>habetis</strong></span> <span class='ocrx_word' id='word_1_452' title='bbox 3175 1802 3377 1858; x_wconf 84' lang='lat' dir='ltr'><strong>credite</strong></span> <span class='ocrx_word' id='word_1_453' title='bbox 3408 1803 3466 1858; x_wconf 79' lang='lat' dir='ltr'><strong>in</strong></span> <span class='ocrx_word' id='word_1_454' title='bbox 3489 1801 3647 1858; x_wconf 74' lang='lat' dir='ltr'><strong>lucent</strong></span> <span class='ocrx_word' id='word_1_455' title='bbox 3669 1800 3799 1871; x_wconf 76' lang='lat' dir='ltr'><strong>(Iul.</strong></span> 
     </span>
    </p>
   </div>
   <div class='ocr_carea' id='block_1_56' title="bbox 2275 1894 3070 1966">
    <p class='ocr_par' dir='ltr' id='par_1_56' title="bbox 2275 1894 3070 1966">
     <span class='ocr_line' id='line_1_56' title="bbox 2275 1894 3070 1966; baseline -0.005 -18"><span class='ocrx_word' id='word_1_456' title='bbox 2275 1894 2399 1966; x_wconf 74' lang='grc' dir='ltr'><strong>χιι).</strong></span> <span class='ocrx_word' id='word_1_457' title='bbox 3059 1937 3070 1944; x_wconf 82' lang='grc'>.</span> 
     </span>
    </p>
   </div>
   <div class='ocr_carea' id='block_1_57' title="bbox 2334 1986 3799 2061">
    <p class='ocr_par' dir='ltr' id='par_1_57' title="bbox 2334 1986 3799 2061">
     <span class='ocr_line' id='line_1_57' title="bbox 2334 1986 3799 2061; baseline 0.001 -20"><span class='ocrx_word' id='word_1_458' title='bbox 2334 1986 2461 2044; x_wconf 68' lang='lat' dir='ltr'><strong>Haec</strong></span> <span class='ocrx_word' id='word_1_459' title='bbox 2474 1996 2698 2061; x_wconf 90' lang='lat' dir='ltr'><strong>estergo</strong></span> <span class='ocrx_word' id='word_1_460' title='bbox 2707 1989 2800 2047; x_wconf 87' lang='lat' dir='ltr'><strong>illa</strong></span> <span class='ocrx_word' id='word_1_461' title='bbox 2811 1988 2909 2046; x_wconf 79' lang='lat' dir='ltr'><strong>lux</strong></span> <span class='ocrx_word' id='word_1_462' title='bbox 2918 2004 3042 2061; x_wconf 73' lang='lat' dir='ltr'><strong>qua:</strong></span> <span class='ocrx_word' id='word_1_463' title='bbox 3055 1988 3298 2060; x_wconf 89' lang='lat' dir='ltr'><strong>primum</strong></span> <span class='ocrx_word' id='word_1_464' title='bbox 3315 1997 3596 2060; x_wconf 83' lang='lat' dir='ltr'><strong>parentem</strong></span> <span class='ocrx_word' id='word_1_465' title='bbox 3612 1997 3799 2044; x_wconf 76' lang='lat' dir='ltr'><strong>nostram</strong></span> 
     </span>
    </p>
   </div>
   <div class='ocr_carea' id='block_1_58' title="bbox 2272 2079 3801 2153">
    <p class='ocr_par' dir='ltr' id='par_1_58' title="bbox 2272 2079 3801 2153">
     <span class='ocr_line' id='line_1_58' title="bbox 2272 2079 3801 2153; baseline 0.002 -20"><span class='ocrx_word' id='word_1_466' title='bbox 2272 2079 2446 2135; x_wconf 86' lang='lat' dir='ltr'><strong>Adam</strong></span> <span class='ocrx_word' id='word_1_467' title='bbox 2465 2082 2864 2153; x_wconf 89' lang='lat' dir='ltr'><strong>protoplastum</strong></span> <span class='ocrx_word' id='word_1_468' title='bbox 2879 2082 2936 2137; x_wconf 91' lang='lat' dir='ltr'><strong>in</strong></span> <span class='ocrx_word' id='word_1_469' title='bbox 2950 2098 3044 2139; x_wconf 88' lang='lat' dir='ltr'><strong>ara</strong></span> <span class='ocrx_word' id='word_1_470' title='bbox 3063 2082 3247 2138; x_wconf 89' lang='lat' dir='ltr'><strong>crucis</strong></span> <span class='ocrx_word' id='word_1_471' title='bbox 3260 2098 3330 2139; x_wconf 80' lang='lat' dir='ltr'><strong>ex</strong></span> <span class='ocrx_word' id='word_1_472' title='bbox 3356 2081 3530 2153; x_wconf 85' lang='lat' dir='ltr'><strong>impio</strong></span> <span class='ocrx_word' id='word_1_473' title='bbox 3545 2081 3695 2151; x_wconf 87' lang='lat' dir='ltr'><strong>pium,</strong></span> <span class='ocrx_word' id='word_1_474' title='bbox 3706 2091 3746 2136; x_wconf 85' lang='lat' dir='ltr'><strong>et</strong></span> <span class='ocrx_word' id='word_1_475' title='bbox 3757 2096 3801 2136; x_wconf 78' lang='lat' dir='ltr'><strong>et</strong></span> 
     </span>
    </p>
   </div>
   <div class='ocr_carea' id='block_1_59' title="bbox 2273 2173 3802 2252">
    <p class='ocr_par' dir='ltr' id='par_1_59' title="bbox 2273 2173 3802 2252">
     <span class='ocr_line' id='line_1_59' title="bbox 2273 2173 3802 2252; baseline 0.003 -26"><span class='ocrx_word' id='word_1_476' title='bbox 2273 2173 2486 2229; x_wconf 90' lang='lat' dir='ltr'><strong>incesto</strong></span> <span class='ocrx_word' id='word_1_477' title='bbox 2499 2173 2704 2230; x_wconf 85' lang='lat' dir='ltr'><strong>fecerat</strong></span> <span class='ocrx_word' id='word_1_478' title='bbox 2727 2184 2941 2232; x_wconf 90' lang='lat' dir='ltr'><strong>castum</strong></span> <span class='ocrx_word' id='word_1_479' title='bbox 2951 2219 2965 2244; x_wconf 91' lang='lat'><strong>,</strong></span> <span class='ocrx_word' id='word_1_480' title='bbox 2977 2177 3200 2247; x_wconf 90' lang='lat' dir='ltr'><strong>quando</strong></span> <span class='ocrx_word' id='word_1_481' title='bbox 3213 2192 3324 2252; x_wconf 81' lang='lat' dir='ltr'><strong>per</strong></span> <span class='ocrx_word' id='word_1_482' title='bbox 3334 2177 3461 2247; x_wconf 84' lang='lat' dir='ltr'><strong>ejus</strong></span> <span class='ocrx_word' id='word_1_483' title='bbox 3474 2175 3696 2247; x_wconf 78' lang='lat' dir='ltr'><strong>mysterii</strong></span> <span class='ocrx_word' id='word_1_484' title='bbox 3707 2175 3802 2230; x_wconf 71' lang='lat' dir='ltr'><strong>salu-</strong></span> 
     </span>
    </p>
   </div>
   <div class='ocr_carea' id='block_1_60' title="bbox 2271 2264 3802 2337">
    <p class='ocr_par' dir='ltr' id='par_1_60' title="bbox 2271 2264 3802 2337">
     <span class='ocr_line' id='line_1_60' title="bbox 2271 2264 3802 2337; baseline 0.001 -18"><span class='ocrx_word' id='word_1_485' title='bbox 2271 2264 2408 2320; x_wconf 90' lang='lat' dir='ltr'><strong>taris</strong></span> <span class='ocrx_word' id='word_1_486' title='bbox 2417 2265 2668 2322; x_wconf 77' lang='lat' dir='ltr'><strong>effectum</strong></span> <span class='ocrx_word' id='word_1_487' title='bbox 2684 2283 2753 2322; x_wconf 90' lang='lat' dir='ltr'><strong>an</strong></span> <span class='ocrx_word' id='word_1_488' title='bbox 2761 2267 2927 2337; x_wconf 72' lang='lat' dir='ltr'><strong>tiquae</strong></span> <span class='ocrx_word' id='word_1_489' title='bbox 2938 2267 3206 2324; x_wconf 89' lang='lat' dir='ltr'><strong>claritatis</strong></span> <span class='ocrx_word' id='word_1_490' title='bbox 3221 2267 3278 2322; x_wconf 91' lang='lat' dir='ltr'><strong>in</strong></span> <span class='ocrx_word' id='word_1_491' title='bbox 3295 2282 3368 2322; x_wconf 91' lang='lat' dir='ltr'><strong>eo</strong></span> <span class='ocrx_word' id='word_1_492' title='bbox 3383 2266 3802 2336; x_wconf 72' lang='lat' dir='ltr'><strong>reformavitaspe</strong></span> 
     </span>
    </p>
   </div>
   <div class='ocr_carea' id='block_1_61' title="bbox 2266 2358 3800 2430">
    <p class='ocr_par' dir='ltr' id='par_1_61' title="bbox 2266 2358 3800 2430">
     <span class='ocr_line' id='line_1_61' title="bbox 2266 2358 3800 2430; baseline 0 -18"><span class='ocrx_word' id='word_1_493' title='bbox 2266 2367 2439 2413; x_wconf 90' lang='lat' dir='ltr'><strong>ctum.</strong></span> <span class='ocrx_word' id='word_1_494' title='bbox 2479 2358 2605 2415; x_wconf 67' lang='lat' dir='ltr'><strong>Haec</strong></span> <span class='ocrx_word' id='word_1_495' title='bbox 2632 2368 2717 2415; x_wconf 91' lang='lat' dir='ltr'><strong>est</strong></span> <span class='ocrx_word' id='word_1_496' title='bbox 2756 2360 2848 2415; x_wconf 88' lang='lat' dir='ltr'><strong>illa</strong></span> <span class='ocrx_word' id='word_1_497' title='bbox 2875 2362 2969 2415; x_wconf 79' lang='lat' dir='ltr'><strong>lux</strong></span> <span class='ocrx_word' id='word_1_498' title='bbox 3001 2375 3104 2430; x_wconf 87' lang='lat' dir='ltr'><strong>per</strong></span> <span class='ocrx_word' id='word_1_499' title='bbox 3142 2375 3313 2430; x_wconf 88' lang='lat' dir='ltr'><strong>quam</strong></span> <span class='ocrx_word' id='word_1_500' title='bbox 3360 2360 3418 2414; x_wconf 91' lang='lat' dir='ltr'><strong>in</strong></span> <span class='ocrx_word' id='word_1_501' title='bbox 3444 2361 3560 2430; x_wconf 90' lang='lat' dir='ltr'><strong>ipsa</strong></span> <span class='ocrx_word' id='word_1_502' title='bbox 3593 2359 3800 2430; x_wconf 85' lang='lat' dir='ltr'><strong>passionis</strong></span> 
     </span>
    </p>
   </div>
   <div class='ocr_carea' id='block_1_62' title="bbox 2268 2447 3800 2508">
    <p class='ocr_par' dir='ltr' id='par_1_62' title="bbox 2268 2447 3800 2508">
     <span class='ocr_line' id='line_1_62' title="bbox 2268 2447 3800 2508; baseline 0.002 -5"><span class='ocrx_word' id='word_1_503' title='bbox 2268 2447 2570 2506; x_wconf 62' lang='lat' dir='ltr'><strong>Dominicai</strong></span> <span class='ocrx_word' id='word_1_504' title='bbox 2613 2451 2703 2506; x_wconf 88' lang='lat' dir='ltr'><strong>die</strong></span> <span class='ocrx_word' id='word_1_505' title='bbox 2747 2452 3060 2507; x_wconf 85' lang='lat' dir='ltr'><strong>maledictio</strong></span> <span class='ocrx_word' id='word_1_506' title='bbox 3108 2451 3236 2507; x_wconf 70' lang='lat' dir='ltr'><strong>Eva:</strong></span> <span class='ocrx_word' id='word_1_507' title='bbox 3278 2460 3497 2508; x_wconf 89' lang='lat' dir='ltr'><strong>mutata</strong></span> <span class='ocrx_word' id='word_1_508' title='bbox 3527 2461 3605 2508; x_wconf 87' lang='lat' dir='ltr'><strong>est</strong></span> <span class='ocrx_word' id='word_1_509' title='bbox 3638 2449 3800 2508; x_wconf 82' lang='lat' dir='ltr'><strong>benedi-</strong></span> 
     </span>
    </p>
   </div>
   <div class='ocr_carea' id='block_1_63' title="bbox 2269 2543 3799 2615">
    <p class='ocr_par' dir='ltr' id='par_1_63' title="bbox 2269 2543 3799 2615">
     <span class='ocr_line' id='line_1_63' title="bbox 2269 2543 3799 2615; baseline 0.001 -18"><span class='ocrx_word' id='word_1_510' title='bbox 2269 2544 2451 2598; x_wconf 88' lang='lat' dir='ltr'><strong>ctione</strong></span> <span class='ocrx_word' id='word_1_511' title='bbox 2481 2543 2668 2601; x_wconf 77' lang='lat' dir='ltr'><strong>Mariae</strong></span> <span class='ocrx_word' id='word_1_512' title='bbox 2693 2562 2706 2612; x_wconf 92' lang='lat'><strong>;</strong></span> <span class='ocrx_word' id='word_1_513' title='bbox 2751 2546 2973 2614; x_wconf 87' lang='lat' dir='ltr'><strong>quando</strong></span> <span class='ocrx_word' id='word_1_514' title='bbox 2999 2544 3068 2600; x_wconf 89' lang='lat' dir='ltr'><strong>ad</strong></span> <span class='ocrx_word' id='word_1_515' title='bbox 3095 2545 3527 2615; x_wconf 83' lang='lat' dir='ltr'><strong>comparandam</strong></span> <span class='ocrx_word' id='word_1_516' title='bbox 3551 2545 3690 2600; x_wconf 85' lang='lat' dir='ltr'><strong>nobis</strong></span> <span class='ocrx_word' id='word_1_517' title='bbox 3705 2544 3799 2599; x_wconf 82' lang='lat' dir='ltr'><strong>la</strong></span> 
     </span>
    </p>
   </div>
   <div class='ocr_carea' id='block_1_64' title="bbox 2267 2637 3797 2710">
    <p class='ocr_par' dir='ltr' id='par_1_64' title="bbox 2267 2637 3797 2710">
     <span class='ocr_line' id='line_1_64' title="bbox 2267 2637 3797 2710; baseline 0.001 -19"><span class='ocrx_word' id='word_1_518' title='bbox 2267 2645 2541 2708; x_wconf 72' lang='lat' dir='ltr'><strong>perpetuae</strong></span> <span class='ocrx_word' id='word_1_519' title='bbox 2585 2640 2970 2710; x_wconf 86' lang='lat' dir='ltr'><strong>margaritam,</strong></span> <span class='ocrx_word' id='word_1_520' title='bbox 3002 2639 3059 2694; x_wconf 89' lang='lat' dir='ltr'><strong>in</strong></span> <span class='ocrx_word' id='word_1_521' title='bbox 3091 2639 3358 2710; x_wconf 82' lang='lat' dir='ltr'><strong>mysterio</strong></span> <span class='ocrx_word' id='word_1_522' title='bbox 3401 2639 3579 2695; x_wconf 90' lang='lat' dir='ltr'><strong>crucis</strong></span> <span class='ocrx_word' id='word_1_523' title='bbox 3616 2637 3797 2710; x_wconf 62' lang='lat' dir='ltr'><strong>ptnnain</strong></span> 
     </span>
    </p>
   </div>
   <div class='ocr_carea' id='block_1_65' title="bbox 2266 2730 3798 2802">
    <p class='ocr_par' dir='ltr' id='par_1_65' title="bbox 2266 2730 3798 2802">
     <span class='ocr_line' id='line_1_65' title="bbox 2266 2730 3798 2802; baseline 0 -18"><span class='ocrx_word' id='word_1_524' title='bbox 2266 2730 2516 2802; x_wconf 88' lang='lat' dir='ltr'><strong>gloriam,</strong></span> <span class='ocrx_word' id='word_1_525' title='bbox 2541 2739 2591 2786; x_wconf 88' lang='lat' dir='ltr'><strong>et</strong></span> <span class='ocrx_word' id='word_1_526' title='bbox 2615 2747 2766 2788; x_wconf 88' lang='lat' dir='ltr'><strong>mors</strong></span> <span class='ocrx_word' id='word_1_527' title='bbox 2800 2732 3055 2788; x_wconf 90' lang='lat' dir='ltr'><strong>transivit</strong></span> <span class='ocrx_word' id='word_1_528' title='bbox 3077 2733 3132 2788; x_wconf 92' lang='lat' dir='ltr'><strong>in</strong></span> <span class='ocrx_word' id='word_1_529' title='bbox 3159 2734 3353 2790; x_wconf 85' lang='lat' dir='ltr'><strong>vitam.</strong></span> <span class='ocrx_word' id='word_1_530' title='bbox 3395 2733 3524 2790; x_wconf 69' lang='lat' dir='ltr'><strong>Haec</strong></span> <span class='ocrx_word' id='word_1_531' title='bbox 3543 2743 3621 2789; x_wconf 90' lang='lat' dir='ltr'><strong>est</strong></span> <span class='ocrx_word' id='word_1_532' title='bbox 3647 2731 3798 2790; x_wconf 69' lang='lat' dir='ltr'><strong>illam</strong></span> 
     </span>
    </p>
   </div>
   <div class='ocr_carea' id='block_1_66' title="bbox 2265 2822 3798 2892">
    <p class='ocr_par' dir='ltr' id='par_1_66' title="bbox 2265 2822 3798 2892">
     <span class='ocr_line' id='line_1_66' title="bbox 2265 2822 3798 2892; baseline 0 -16"><span class='ocrx_word' id='word_1_533' title='bbox 2265 2837 2363 2892; x_wconf 90' lang='lat' dir='ltr'><strong>per</strong></span> <span class='ocrx_word' id='word_1_534' title='bbox 2405 2834 2570 2892; x_wconf 88' lang='lat' dir='ltr'><strong>quam</strong></span> <span class='ocrx_word' id='word_1_535' title='bbox 2604 2822 2874 2879; x_wconf 86' lang='lat' dir='ltr'><strong>Dominus</strong></span> <span class='ocrx_word' id='word_1_536' title='bbox 2909 2822 3054 2879; x_wconf 90' lang='lat' dir='ltr'><strong>Deus</strong></span> <span class='ocrx_word' id='word_1_537' title='bbox 3083 2822 3250 2881; x_wconf 87' lang='lat' dir='ltr'><strong>Israel</strong></span> <span class='ocrx_word' id='word_1_538' title='bbox 3291 2825 3427 2882; x_wconf 89' lang='lat' dir='ltr'><strong>olim</strong></span> <span class='ocrx_word' id='word_1_539' title='bbox 3457 2826 3702 2881; x_wconf 88' lang='lat' dir='ltr'><strong>illustrare</strong></span> <span class='ocrx_word' id='word_1_540' title='bbox 3735 2837 3798 2877; x_wconf 81' lang='lat' dir='ltr'><strong>vo-</strong></span> 
     </span>
    </p>
   </div>
   <div class='ocr_carea' id='block_1_67' title="bbox 2264 2913 3795 2988">
    <p class='ocr_par' dir='ltr' id='par_1_67' title="bbox 2264 2913 3795 2988">
     <span class='ocr_line' id='line_1_67' title="bbox 2264 2913 3795 2988; baseline 0.001 -21"><span class='ocrx_word' id='word_1_541' title='bbox 2264 2914 2410 2968; x_wconf 88' lang='lat' dir='ltr'><strong>lebat</strong></span> <span class='ocrx_word' id='word_1_542' title='bbox 2437 2913 2593 2980; x_wconf 84' lang='lat' dir='ltr'><strong>Abel,</strong></span> <span class='ocrx_word' id='word_1_543' title='bbox 2628 2915 2873 2986; x_wconf 83' lang='lat' dir='ltr'><strong>quando,</strong></span> <span class='ocrx_word' id='word_1_544' title='bbox 2914 2915 3058 2972; x_wconf 90' lang='lat' dir='ltr'><strong>sicut</strong></span> <span class='ocrx_word' id='word_1_545' title='bbox 3092 2915 3284 2987; x_wconf 88' lang='lat' dir='ltr'><strong>legifer</strong></span> <span class='ocrx_word' id='word_1_546' title='bbox 3318 2926 3556 2973; x_wconf 87' lang='lat' dir='ltr'><strong>testatur</strong></span> <span class='ocrx_word' id='word_1_547' title='bbox 3589 2915 3795 2988; x_wconf 77' lang='lat' dir='ltr'><strong>egregius,</strong></span> 
     </span>
    </p>
   </div>
   <div class='ocr_carea' id='block_1_68' title="bbox 2266 3006 3795 3077">
    <p class='ocr_par' dir='ltr' id='par_1_68' title="bbox 2266 3006 3795 3077">
     <span class='ocr_line' id='line_1_68' title="bbox 2266 3006 3795 3077; baseline 0 -17"><span class='ocrx_word' id='word_1_548' title='bbox 2266 3008 2495 3077; x_wconf 75' lang='lat' dir='ltr'><strong>respexit</strong></span> <span class='ocrx_word' id='word_1_549' title='bbox 2567 3007 2830 3063; x_wconf 82' lang='lat' dir='ltr'><strong>Dominus</strong></span> <span class='ocrx_word' id='word_1_550' title='bbox 2878 3007 2947 3061; x_wconf 83' lang='lat' dir='ltr'><strong>ad</strong></span> <span class='ocrx_word' id='word_1_551' title='bbox 3006 3006 3176 3076; x_wconf 78' lang='lat' dir='ltr'><strong>Abel,</strong></span> <span class='ocrx_word' id='word_1_552' title='bbox 3241 3019 3295 3064; x_wconf 84' lang='lat' dir='ltr'><strong>et</strong></span> <span class='ocrx_word' id='word_1_553' title='bbox 3353 3010 3426 3064; x_wconf 86' lang='lat' dir='ltr'><strong>ad</strong></span> <span class='ocrx_word' id='word_1_554' title='bbox 3485 3025 3682 3066; x_wconf 62' lang='lat' dir='ltr'><strong>murteta</strong></span> <span class='ocrx_word' id='word_1_555' title='bbox 3719 3006 3795 3076; x_wconf 58' lang='grc' dir='ltr'><strong>ιλιι</strong></span> 
     </span>
    </p>
   </div>
   <div class='ocr_carea' id='block_1_69' title="bbox 2188 3099 3797 3204">
    <p class='ocr_par' dir='ltr' id='par_1_69' title="bbox 2188 3099 3797 3204">
     <span class='ocr_line' id='line_1_69' title="bbox 2188 3099 3797 3204; baseline 0 -50"><span class='ocrx_word' id='word_1_556' title='bbox 2188 3099 2420 3204; x_wconf 72' lang='lat' dir='ltr'><strong>C(Gen.</strong></span> <span class='ocrx_word' id='word_1_557' title='bbox 2455 3100 2554 3173; x_wconf 85' lang='lat' dir='ltr'><strong>1v).</strong></span> <span class='ocrx_word' id='word_1_558' title='bbox 2609 3100 2738 3158; x_wconf 70' lang='lat' dir='ltr'><strong>Haec</strong></span> <span class='ocrx_word' id='word_1_559' title='bbox 2759 3110 2846 3158; x_wconf 90' lang='lat' dir='ltr'><strong>est</strong></span> <span class='ocrx_word' id='word_1_560' title='bbox 2875 3103 2966 3158; x_wconf 91' lang='lat' dir='ltr'><strong>illa</strong></span> <span class='ocrx_word' id='word_1_561' title='bbox 2996 3103 3092 3158; x_wconf 88' lang='lat' dir='ltr'><strong>lux</strong></span> <span class='ocrx_word' id='word_1_562' title='bbox 3123 3119 3246 3174; x_wconf 65' lang='lat' dir='ltr'><strong>qua:</strong></span> <span class='ocrx_word' id='word_1_563' title='bbox 3275 3101 3416 3173; x_wconf 87' lang='lat' dir='ltr'><strong>Noe,</strong></span> <span class='ocrx_word' id='word_1_564' title='bbox 3451 3105 3542 3174; x_wconf 89' lang='lat' dir='ltr'><strong>qui</strong></span> <span class='ocrx_word' id='word_1_565' title='bbox 3566 3101 3797 3204; x_wconf 53' lang='lat' dir='ltr'><strong>reqaiesie</strong></span> 
     </span>
    </p>
   </div>
   <div class='ocr_carea' id='block_1_70' title="bbox 2264 3193 3791 3268">
    <p class='ocr_par' dir='ltr' id='par_1_70' title="bbox 2264 3193 3791 3268">
     <span class='ocr_line' id='line_1_70' title="bbox 2264 3193 3791 3268; baseline 0 -20"><span class='ocrx_word' id='word_1_566' title='bbox 2264 3201 2614 3264; x_wconf 86' lang='lat' dir='ltr'><strong>terpretatur,</strong></span> <span class='ocrx_word' id='word_1_567' title='bbox 2641 3193 2841 3262; x_wconf 84' lang='lat' dir='ltr'><strong>illuxit,</strong></span> <span class='ocrx_word' id='word_1_568' title='bbox 2869 3196 3090 3266; x_wconf 88' lang='lat' dir='ltr'><strong>quando</strong></span> <span class='ocrx_word' id='word_1_569' title='bbox 3130 3197 3198 3252; x_wconf 90' lang='lat' dir='ltr'><strong>de</strong></span> <span class='ocrx_word' id='word_1_570' title='bbox 3237 3195 3408 3268; x_wconf 84' lang='lat' dir='ltr'><strong>lignis</strong></span> <span class='ocrx_word' id='word_1_571' title='bbox 3435 3193 3791 3267; x_wconf 77' lang='lat' dir='ltr'><strong>imputribilibus</strong></span> 
     </span>
    </p>
   </div>
   <div class='ocr_carea' id='block_1_71' title="bbox 2235 3287 3794 3360">
    <p class='ocr_par' dir='ltr' id='par_1_71' title="bbox 2235 3287 3794 3360">
     <span class='ocr_line' id='line_1_71' title="bbox 2235 3287 3794 3360; baseline -0.001 -17"><span class='ocrx_word' id='word_1_572' title='bbox 2235 3338 2240 3343; x_wconf 91' lang='lat'><strong>.</strong></span> <span class='ocrx_word' id='word_1_573' title='bbox 2263 3301 2448 3342; x_wconf 86' lang='lat' dir='ltr'><strong>arcam</strong></span> <span class='ocrx_word' id='word_1_574' title='bbox 2471 3287 2527 3342; x_wconf 90' lang='lat' dir='ltr'><strong>in</strong></span> <span class='ocrx_word' id='word_1_575' title='bbox 2543 3295 2730 3358; x_wconf 88' lang='lat' dir='ltr'><strong>typum</strong></span> <span class='ocrx_word' id='word_1_576' title='bbox 2754 3287 3012 3346; x_wconf 70' lang='lat' dir='ltr'><strong>Ecclesia:</strong></span> <span class='ocrx_word' id='word_1_577' title='bbox 3031 3290 3367 3357; x_wconf 81' lang='lat' dir='ltr'><strong>construxit,</strong></span> <span class='ocrx_word' id='word_1_578' title='bbox 3391 3287 3794 3360; x_wconf 76' lang='lat' dir='ltr'><strong>baptismiscilioet</strong></span> 
     </span>
    </p>
   </div>
   <div class='ocr_carea' id='block_1_72' title="bbox 2262 3378 3793 3455">
    <p class='ocr_par' dir='ltr' id='par_1_72' title="bbox 2262 3378 3793 3455">
     <span class='ocr_line' id='line_1_72' title="bbox 2262 3378 3793 3455; baseline -0.003 -17"><span class='ocrx_word' id='word_1_579' title='bbox 2262 3378 2522 3438; x_wconf 89' lang='lat' dir='ltr'><strong>salutaris</strong></span> <span class='ocrx_word' id='word_1_580' title='bbox 2567 3397 2633 3438; x_wconf 90' lang='lat' dir='ltr'><strong>ac</strong></span> <span class='ocrx_word' id='word_1_581' title='bbox 2672 3381 2970 3455; x_wconf 84' lang='lat' dir='ltr'><strong>Dominicae</strong></span> <span class='ocrx_word' id='word_1_582' title='bbox 3025 3383 3206 3438; x_wconf 87' lang='lat' dir='ltr'><strong>crucis</strong></span> <span class='ocrx_word' id='word_1_583' title='bbox 3246 3382 3411 3438; x_wconf 89' lang='lat' dir='ltr'><strong>nobis</strong></span> <span class='ocrx_word' id='word_1_584' title='bbox 3457 3380 3714 3454; x_wconf 64' lang='lat' dir='ltr'><strong>praeferens</strong></span> <span class='ocrx_word' id='word_1_585' title='bbox 3742 3378 3793 3434; x_wconf 73' lang='lat' dir='ltr'><strong>si-</strong></span> 
     </span>
    </p>
   </div>
   <div class='ocr_carea' id='block_1_73' title="bbox 2261 3467 3889 3549">
    <p class='ocr_par' dir='ltr' id='par_1_73' title="bbox 2261 3467 3889 3549">
     <span class='ocr_line' id='line_1_73' title="bbox 2261 3467 3889 3549; baseline -0.025 16"><span class='ocrx_word' id='word_1_586' title='bbox 2261 3493 2450 3549; x_wconf 54' lang='lat' dir='ltr'><strong>gnum,</strong></span> <span class='ocrx_word' id='word_1_587' title='bbox 2474 3479 2606 3534; x_wconf 73' lang='lat' dir='ltr'><strong>dum</strong></span> <span class='ocrx_word' id='word_1_588' title='bbox 2623 3494 2683 3534; x_wconf 72' lang='lat' dir='ltr'><strong>se</strong></span> <span class='ocrx_word' id='word_1_589' title='bbox 2705 3492 2948 3547; x_wconf 70' lang='lat' dir='ltr'><strong>suosque</strong></span> <span class='ocrx_word' id='word_1_590' title='bbox 2968 3491 3065 3547; x_wconf 67' lang='lat' dir='ltr'><strong>Per</strong></span> <span class='ocrx_word' id='word_1_591' title='bbox 3084 3491 3286 3548; x_wconf 84' lang='lat' dir='ltr'><strong>aquam</strong></span> <span class='ocrx_word' id='word_1_592' title='bbox 3311 3478 3541 3534; x_wconf 86' lang='lat' dir='ltr'><strong>salvavit</strong></span> <span class='ocrx_word' id='word_1_593' title='bbox 3557 3485 3606 3532; x_wconf 92' lang='lat' dir='ltr'><strong>et</strong></span> <span class='ocrx_word' id='word_1_594' title='bbox 3621 3477 3787 3546; x_wconf 77' lang='lat' dir='ltr'><strong>lignum.</strong></span> <span class='ocrx_word' id='word_1_595' title='bbox 3888 3467 3889 3500; x_wconf 39' lang='grc' dir='ltr'>ξ</span> 
     </span>
    </p>
   </div>
   <div class='ocr_carea' id='block_1_74' title="bbox 2259 3568 3790 3642">
    <p class='ocr_par' dir='ltr' id='par_1_74' title="bbox 2259 3568 3790 3642">
     <span class='ocr_line' id='line_1_74' title="bbox 2259 3568 3790 3642; baseline -0.005 -15"><span class='ocrx_word' id='word_1_596' title='bbox 2259 3569 2388 3627; x_wconf 57' lang='lat' dir='ltr'><strong>Haec</strong></span> <span class='ocrx_word' id='word_1_597' title='bbox 2409 3580 2495 3627; x_wconf 91' lang='lat' dir='ltr'><strong>est</strong></span> <span class='ocrx_word' id='word_1_598' title='bbox 2535 3571 2627 3628; x_wconf 91' lang='lat' dir='ltr'><strong>illa</strong></span> <span class='ocrx_word' id='word_1_599' title='bbox 2651 3571 2746 3627; x_wconf 80' lang='lat' dir='ltr'><strong>lux</strong></span> <span class='ocrx_word' id='word_1_600' title='bbox 2775 3586 2873 3642; x_wconf 90' lang='lat' dir='ltr'><strong>per</strong></span> <span class='ocrx_word' id='word_1_601' title='bbox 2899 3585 3065 3641; x_wconf 88' lang='lat' dir='ltr'><strong>quam</strong></span> <span class='ocrx_word' id='word_1_602' title='bbox 3109 3570 3252 3626; x_wconf 77' lang='lat' dir='ltr'><strong>idem</strong></span> <span class='ocrx_word' id='word_1_603' title='bbox 3295 3568 3414 3626; x_wconf 86' lang='lat' dir='ltr'><strong>Noe</strong></span> <span class='ocrx_word' id='word_1_604' title='bbox 3453 3571 3717 3626; x_wconf 84' lang='lat' dir='ltr'><strong>illustratus</strong></span> <span class='ocrx_word' id='word_1_605' title='bbox 3735 3573 3790 3620; x_wconf 82' lang='lat' dir='ltr'><strong>est</strong></span> 
     </span>
    </p>
   </div>
   <div class='ocr_carea' id='block_1_75' title="bbox 2259 3657 3788 3735">
    <p class='ocr_par' dir='ltr' id='par_1_75' title="bbox 2259 3657 3788 3735">
     <span class='ocr_line' id='line_1_75' title="bbox 2259 3657 3788 3735; baseline -0.003 -17"><span class='ocrx_word' id='word_1_606' title='bbox 2259 3662 2566 3735; x_wconf 85' lang='lat' dir='ltr'><strong>ﬁgurative,</strong></span> <span class='ocrx_word' id='word_1_607' title='bbox 2611 3661 2834 3733; x_wconf 88' lang='lat' dir='ltr'><strong>quando</strong></span> <span class='ocrx_word' id='word_1_608' title='bbox 2873 3660 3128 3716; x_wconf 89' lang='lat' dir='ltr'><strong>columba</strong></span> <span class='ocrx_word' id='word_1_609' title='bbox 3171 3660 3279 3716; x_wconf 89' lang='lat' dir='ltr'><strong>sibi</strong></span> <span class='ocrx_word' id='word_1_610' title='bbox 3323 3677 3542 3722; x_wconf 87' lang='lat' dir='ltr'><strong>ramum</strong></span> <span class='ocrx_word' id='word_1_611' title='bbox 3581 3657 3788 3714; x_wconf 70' lang='lat' dir='ltr'><strong>deferebat</strong></span> 
     </span>
    </p>
   </div>
   <div class='ocr_carea' id='block_1_76' title="bbox 2258 3751 3786 3826">
    <p class='ocr_par' dir='ltr' id='par_1_76' title="bbox 2258 3751 3786 3826">
     <span class='ocr_line' id='line_1_76' title="bbox 2258 3751 3786 3826; baseline -0.002 -17"><span class='ocrx_word' id='word_1_612' title='bbox 2258 3754 2434 3820; x_wconf 77' lang='lat' dir='ltr'><strong>olivae,</strong></span> <span class='ocrx_word' id='word_1_613' title='bbox 2467 3753 2644 3826; x_wconf 85' lang='lat' dir='ltr'><strong>typice</strong></span> <span class='ocrx_word' id='word_1_614' title='bbox 2675 3752 2886 3809; x_wconf 89' lang='lat' dir='ltr'><strong>scilicet</strong></span> <span class='ocrx_word' id='word_1_615' title='bbox 2913 3751 3209 3823; x_wconf 90' lang='lat' dir='ltr'><strong>designans</strong></span> <span class='ocrx_word' id='word_1_616' title='bbox 3246 3751 3398 3823; x_wconf 91' lang='lat' dir='ltr'><strong>quod</strong></span> <span class='ocrx_word' id='word_1_617' title='bbox 3431 3753 3671 3807; x_wconf 86' lang='lat' dir='ltr'><strong>virtutum</strong></span> <span class='ocrx_word' id='word_1_618' title='bbox 3697 3761 3786 3820; x_wconf 77' lang='lat' dir='ltr'><strong>pen-</strong></span> 
     </span>
    </p>
   </div>
   <div class='ocr_carea' id='block_1_77' title="bbox 2259 3840 3783 3912">
    <p class='ocr_par' dir='ltr' id='par_1_77' title="bbox 2259 3840 3783 3912">
     <span class='ocr_line' id='line_1_77' title="bbox 2259 3840 3783 3912; baseline -0.005 -10"><span class='ocrx_word' id='word_1_619' title='bbox 2259 3847 2346 3903; x_wconf 92' lang='lat' dir='ltr'><strong>nis</strong></span> <span class='ocrx_word' id='word_1_620' title='bbox 2372 3847 2556 3902; x_wconf 91' lang='lat' dir='ltr'><strong>nullus</strong></span> <span class='ocrx_word' id='word_1_621' title='bbox 2586 3846 2804 3904; x_wconf 90' lang='lat' dir='ltr'><strong>evolare</strong></span> <span class='ocrx_word' id='word_1_622' title='bbox 2836 3845 2981 3900; x_wconf 88' lang='lat' dir='ltr'><strong>valet</strong></span> <span class='ocrx_word' id='word_1_623' title='bbox 3007 3844 3077 3902; x_wconf 87' lang='lat' dir='ltr'><strong>ab</strong></span> <span class='ocrx_word' id='word_1_624' title='bbox 3117 3844 3244 3900; x_wconf 92' lang='lat' dir='ltr'><strong>imis</strong></span> <span class='ocrx_word' id='word_1_625' title='bbox 3273 3845 3348 3904; x_wconf 82' lang='lat' dir='ltr'><strong>ad</strong></span> <span class='ocrx_word' id='word_1_626' title='bbox 3383 3860 3610 3912; x_wconf 84' lang='lat' dir='ltr'><strong>summa,</strong></span> <span class='ocrx_word' id='word_1_627' title='bbox 3645 3842 3727 3898; x_wconf 85' lang='lat' dir='ltr'><strong>nisi</strong></span> <span class='ocrx_word' id='word_1_628' title='bbox 3747 3840 3783 3894; x_wconf 86' lang='lat' dir='ltr'><strong>in</strong></span> 
     </span>
    </p>
   </div>
   <div class='ocr_carea' id='block_1_78' title="bbox 553 3925 3783 4016">
    <p class='ocr_par' dir='ltr' id='par_1_78' title="bbox 553 3925 3783 4016">
     <span class='ocr_line' id='line_1_78' title="bbox 553 3925 3783 4016; baseline 0.002 -37"><span class='ocrx_word' id='word_1_629' title='bbox 553 3925 797 3997; x_wconf 60' lang='lat' dir='ltr'><strong>geminat</strong></span> <span class='ocrx_word' id='word_1_630' title='bbox 822 3927 1049 3988; x_wconf 87' lang='lat' dir='ltr'><strong>dilectio</strong></span> <span class='ocrx_word' id='word_1_631' title='bbox 1069 3935 1358 3992; x_wconf 87' lang='lat' dir='ltr'><strong>cbaritatis</strong></span> <span class='ocrx_word' id='word_1_632' title='bbox 1383 3939 1638 4007; x_wconf 88' lang='lat' dir='ltr'><strong>personis</strong></span> <span class='ocrx_word' id='word_1_633' title='bbox 1662 3940 1961 4011; x_wconf 88' lang='lat' dir='ltr'><strong>deputatur</strong></span> <span class='ocrx_word' id='word_1_634' title='bbox 1987 3947 2159 4016; x_wconf 86' lang='lat' dir='ltr'><strong>gemi-</strong></span> <span class='ocrx_word' id='word_1_635' title='bbox 2227 3980 2229 3982; x_wconf 91' lang='grc'><strong><em>-</em></strong></span> <span class='ocrx_word' id='word_1_636' title='bbox 2257 3953 2444 3994; x_wconf 84' lang='lat' dir='ltr'><strong>arcam</strong></span> <span class='ocrx_word' id='word_1_637' title='bbox 2467 3937 2725 3992; x_wconf 68' lang='lat' dir='ltr'><strong>Ecclesia:</strong></span> <span class='ocrx_word' id='word_1_638' title='bbox 2740 3936 2867 3992; x_wconf 90' lang='lat' dir='ltr'><strong>boni</strong></span> <span class='ocrx_word' id='word_1_639' title='bbox 2891 3936 3073 4008; x_wconf 86' lang='lat' dir='ltr'><strong>operis</strong></span> <span class='ocrx_word' id='word_1_640' title='bbox 3093 3952 3315 3991; x_wconf 89' lang='lat' dir='ltr'><strong>ramum</strong></span> <span class='ocrx_word' id='word_1_641' title='bbox 3338 3937 3555 3993; x_wconf 86' lang='lat' dir='ltr'><strong>studeat</strong></span> <span class='ocrx_word' id='word_1_642' title='bbox 3575 3943 3783 4008; x_wconf 71' lang='lat' dir='ltr'><strong>reportare</strong></span> 
     </span>
    </p>
   </div>
   <div class='ocr_carea' id='block_1_79' title="bbox 560 4017 3778 4123">
    <p class='ocr_par' dir='ltr' id='par_1_79' title="bbox 560 4017 3778 4123">
     <span class='ocr_line' id='line_1_79' title="bbox 560 4017 3778 4123; baseline 0.007 -49"><span class='ocrx_word' id='word_1_643' title='bbox 560 4017 650 4074; x_wconf 89' lang='lat' dir='ltr'><strong>nis</strong></span> <span class='ocrx_word' id='word_1_644' title='bbox 673 4061 688 4085; x_wconf 91' lang='lat'><strong>,</strong></span> <span class='ocrx_word' id='word_1_645' title='bbox 720 4033 1042 4092; x_wconf 87' lang='lat' dir='ltr'><strong>competens</strong></span> <span class='ocrx_word' id='word_1_646' title='bbox 1071 4036 1158 4082; x_wconf 89' lang='lat' dir='ltr'><strong>est</strong></span> <span class='ocrx_word' id='word_1_647' title='bbox 1185 4036 1248 4083; x_wconf 89' lang='lat' dir='ltr'><strong>u-t</strong></span> <span class='ocrx_word' id='word_1_648' title='bbox 1267 4029 1325 4084; x_wconf 90' lang='lat' dir='ltr'><strong>in</strong></span> <span class='ocrx_word' id='word_1_649' title='bbox 1348 4031 1454 4086; x_wconf 89' lang='lat' dir='ltr'><strong>hac</strong></span> <span class='ocrx_word' id='word_1_650' title='bbox 1483 4031 1718 4088; x_wconf 86' lang='lat' dir='ltr'><strong>lectione</strong></span> <span class='ocrx_word' id='word_1_651' title='bbox 1744 4033 1965 4094; x_wconf 71' lang='lat' dir='ltr'><strong>feminae</strong></span> <span class='ocrx_word' id='word_1_652' title='bbox 1986 4037 2154 4108; x_wconf 87' lang='lat' dir='ltr'><strong>viris,</strong></span> <span class='ocrx_word' id='word_1_653' title='bbox 2259 4047 2384 4088; x_wconf 79' lang='lat' dir='ltr'><strong>cum</strong></span> <span class='ocrx_word' id='word_1_654' title='bbox 2413 4029 2688 4086; x_wconf 73' lang='lat' dir='ltr'><strong>columba-</strong></span> <span class='ocrx_word' id='word_1_655' title='bbox 2718 4027 2846 4085; x_wconf 72' lang='lat'><strong>“830</strong></span> <span class='ocrx_word' id='word_1_656' title='bbox 2881 4037 2968 4085; x_wconf 73' lang='grc' dir='ltr'><strong>εει</strong></span> <span class='ocrx_word' id='word_1_657' title='bbox 2999 4028 3089 4123; x_wconf 63' lang='lat' dir='ltr'><strong>illa</strong></span> <span class='ocrx_word' id='word_1_658' title='bbox 3131 4027 3226 4082; x_wconf 73' lang='grc' dir='ltr'><strong>Ῑωί</strong></span> <span class='ocrx_word' id='word_1_659' title='bbox 3260 4043 3375 4123; x_wconf 63' lang='grc' dir='ltr'><strong>(ἰυὲ</strong></span> <span class='ocrx_word' id='word_1_660' title='bbox 3402 4029 3541 4123; x_wconf 55' lang='lat' dir='ltr'><strong>idem</strong></span> <span class='ocrx_word' id='word_1_661' title='bbox 3575 4025 3671 4123; x_wconf 52' lang='grc' dir='ltr'><strong>Ῐξῖοθ</strong></span> 
     </span>
    </p>
   </div>
   <div class='ocr_carea' id='block_1_80' title="bbox 553 4114 3780 4196">
    <p class='ocr_par' dir='ltr' id='par_1_80' title="bbox 553 4114 3780 4196">
     <span class='ocr_line' id='line_1_80' title="bbox 553 4114 3780 4196; baseline 0.002 -31"><span class='ocrx_word' id='word_1_662' title='bbox 553 4119 616 4166; x_wconf 90' lang='lat' dir='ltr'><strong>et</strong></span> <span class='ocrx_word' id='word_1_663' title='bbox 646 4114 747 4168; x_wconf 89' lang='lat' dir='ltr'><strong>viri</strong></span> <span class='ocrx_word' id='word_1_664' title='bbox 773 4117 1086 4175; x_wconf 87' lang='lat' dir='ltr'><strong>adunentur</strong></span> <span class='ocrx_word' id='word_1_665' title='bbox 1114 4119 1337 4178; x_wconf 86' lang='lat' dir='ltr'><strong>feminis</strong></span> <span class='ocrx_word' id='word_1_666' title='bbox 1363 4165 1377 4190; x_wconf 93' lang='lat'><strong>,</strong></span> <span class='ocrx_word' id='word_1_667' title='bbox 1414 4124 1550 4194; x_wconf 86' lang='lat' dir='ltr'><strong>quia</strong></span> <span class='ocrx_word' id='word_1_668' title='bbox 1592 4126 1805 4196; x_wconf 88' lang='lat' dir='ltr'><strong>justum</strong></span> <span class='ocrx_word' id='word_1_669' title='bbox 1847 4139 1933 4187; x_wconf 88' lang='lat' dir='ltr'><strong>est</strong></span> <span class='ocrx_word' id='word_1_670' title='bbox 1978 4140 2040 4188; x_wconf 91' lang='lat' dir='ltr'><strong>ut</strong></span> <span class='ocrx_word' id='word_1_671' title='bbox 2070 4134 2156 4189; x_wconf 76' lang='lat' dir='ltr'><strong>lex</strong></span> <span class='ocrx_word' id='word_1_672' title='bbox 2259 4131 2464 4178; x_wconf 86' lang='lat' dir='ltr'><strong>stratus</strong></span> <span class='ocrx_word' id='word_1_673' title='bbox 2510 4131 2613 4189; x_wconf 89' lang='lat' dir='ltr'><strong>est,</strong></span> <span class='ocrx_word' id='word_1_674' title='bbox 2659 4119 2882 4191; x_wconf 90' lang='lat' dir='ltr'><strong>quando</strong></span> <span class='ocrx_word' id='word_1_675' title='bbox 2917 4119 2984 4176; x_wconf 91' lang='lat' dir='ltr'><strong>de</strong></span> <span class='ocrx_word' id='word_1_676' title='bbox 3020 4118 3188 4186; x_wconf 90' lang='lat' dir='ltr'><strong>vino,-</strong></span> <span class='ocrx_word' id='word_1_677' title='bbox 3215 4120 3367 4196; x_wconf 61' lang='lat' dir='ltr'><strong>quod</strong></span> <span class='ocrx_word' id='word_1_678' title='bbox 3405 4120 3520 4191; x_wconf 89' lang='lat' dir='ltr'><strong>ipse</strong></span> <span class='ocrx_word' id='word_1_679' title='bbox 3567 4115 3780 4189; x_wconf 70' lang='lat' dir='ltr'><strong>plantavit.</strong></span> 
     </span>
    </p>
   </div>
   <div class='ocr_carea' id='block_1_81' title="bbox 557 4207 3779 4294">
    <p class='ocr_par' dir='ltr' id='par_1_81' title="bbox 557 4207 3779 4294">
     <span class='ocr_line' id='line_1_81' title="bbox 557 4207 3779 4294; baseline 0.008 -35"><span class='ocrx_word' id='word_1_680' title='bbox 557 4209 761 4262; x_wconf 55' lang='lat' dir='ltr'><strong>uerna</strong></span> <span class='ocrx_word' id='word_1_681' title='bbox 785 4209 1162 4268; x_wconf 87' lang='lat' dir='ltr'><strong>testimonium</strong></span> <span class='ocrx_word' id='word_1_682' title='bbox 1190 4214 1391 4271; x_wconf 90' lang='lat' dir='ltr'><strong>habeat</strong></span> <span class='ocrx_word' id='word_1_683' title='bbox 1424 4232 1458 4272; x_wconf 89' lang='lat' dir='ltr'><strong>a</strong></span> <span class='ocrx_word' id='word_1_684' title='bbox 1487 4218 1632 4274; x_wconf 91' lang='lat' dir='ltr'><strong>virili</strong></span> <span class='ocrx_word' id='word_1_685' title='bbox 1661 4237 1796 4278; x_wconf 81' lang='lat' dir='ltr'><strong>sexu</strong></span> <span class='ocrx_word' id='word_1_686' title='bbox 1826 4222 2152 4294; x_wconf 89' lang='lat' dir='ltr'><strong>etfemineo,</strong></span> <span class='ocrx_word' id='word_1_687' title='bbox 2257 4217 2560 4273; x_wconf 62' lang='lat' dir='ltr'><strong>inebriatus</strong></span> <span class='ocrx_word' id='word_1_688' title='bbox 2603 4223 2705 4283; x_wconf 70' lang='grc' dir='ltr'><strong>εει,</strong></span> <span class='ocrx_word' id='word_1_689' title='bbox 2747 4213 3065 4286; x_wconf 66' lang='grc' dir='ltr'><strong>είεηίίίοδυε</strong></span> <span class='ocrx_word' id='word_1_690' title='bbox 3097 4212 3349 4269; x_wconf 67' lang='grc' dir='ltr'><strong>νίάθιίθθί</strong></span> <span class='ocrx_word' id='word_1_691' title='bbox 3395 4213 3537 4285; x_wconf 69' lang='lat' dir='ltr'><strong>(lu0d</strong></span> <span class='ocrx_word' id='word_1_692' title='bbox 3567 4209 3682 4267; x_wconf 61' lang='lat' dir='ltr'><strong>eam</strong></span> <span class='ocrx_word' id='word_1_693' title='bbox 3704 4207 3779 4262; x_wconf 77' lang='lat' dir='ltr'><strong>D°‘</strong></span> 
     </span>
    </p>
   </div>
   <div class='ocr_carea' id='block_1_82' title="bbox 560 4300 3779 4406">
    <p class='ocr_par' dir='ltr' id='par_1_82' title="bbox 560 4300 3779 4406">
     <span class='ocr_line' id='line_1_82' title="bbox 560 4300 3779 4406; baseline 0 -54"><span class='ocrx_word' id='word_1_694' title='bbox 560 4315 687 4369; x_wconf 87' lang='lat' dir='ltr'><strong>quae</strong></span> <span class='ocrx_word' id='word_1_695' title='bbox 713 4300 769 4357; x_wconf 90' lang='lat' dir='ltr'><strong>in</strong></span> <span class='ocrx_word' id='word_1_696' title='bbox 801 4307 1068 4377; x_wconf 87' lang='lat' dir='ltr'><strong>mysterio</strong></span> <span class='ocrx_word' id='word_1_697' title='bbox 1097 4311 1282 4366; x_wconf 89' lang='lat' dir='ltr'><strong>crucis</strong></span> <span class='ocrx_word' id='word_1_698' title='bbox 1311 4319 1608 4385; x_wconf 85' lang='lat' dir='ltr'><strong>utrumque</strong></span> <span class='ocrx_word' id='word_1_699' title='bbox 1635 4332 1666 4376; x_wconf 84' lang='lat' dir='ltr'><strong>a</strong></span> <span class='ocrx_word' id='word_1_700' title='bbox 1689 4317 1959 4376; x_wconf 78' lang='lat' dir='ltr'><strong>diabolica</strong></span> <span class='ocrx_word' id='word_1_701' title='bbox 1984 4321 2158 4378; x_wconf 67' lang='lat' dir='ltr'><strong>voluit</strong></span> <span class='ocrx_word' id='word_1_702' title='bbox 2257 4311 2473 4368; x_wconf 77' lang='lat' dir='ltr'><strong>minicae</strong></span> <span class='ocrx_word' id='word_1_703' title='bbox 2507 4307 2782 4396; x_wconf 86' lang='lat' dir='ltr'><strong>passionis</strong></span> <span class='ocrx_word' id='word_1_704' title='bbox 2807 4306 3060 4381; x_wconf 82' lang='lat' dir='ltr'><strong>ﬁdelibus</strong></span> <span class='ocrx_word' id='word_1_705' title='bbox 3082 4303 3779 4406; x_wconf 42' lang='lat' dir='ltr'><strong>suavisnetnludaaisamarus</strong></span> 
     </span>
    </p>
   </div>
   <div class='ocr_carea' id='block_1_83' title="bbox 555 4391 3776 4481">
    <p class='ocr_par' dir='ltr' id='par_1_83' title="bbox 555 4391 3776 4481">
     <span class='ocr_line' id='line_1_83' title="bbox 555 4391 3776 4481; baseline 0.005 -34"><span class='ocrx_word' id='word_1_706' title='bbox 555 4391 795 4453; x_wconf 87' lang='lat' dir='ltr'><strong>liberare</strong></span> <span class='ocrx_word' id='word_1_707' title='bbox 827 4396 1080 4457; x_wconf 86' lang='lat' dir='ltr'><strong>dominio</strong></span> <span class='ocrx_word' id='word_1_708' title='bbox 1104 4443 1119 4470; x_wconf 90' lang='lat'><strong>,</strong></span> <span class='ocrx_word' id='word_1_709' title='bbox 1149 4410 1206 4458; x_wconf 91' lang='lat' dir='ltr'><strong>et</strong></span> <span class='ocrx_word' id='word_1_710' title='bbox 1236 4419 1347 4460; x_wconf 91' lang='lat' dir='ltr'><strong>non</strong></span> <span class='ocrx_word' id='word_1_711' title='bbox 1378 4406 1659 4464; x_wconf 86' lang='lat' dir='ltr'><strong>immerito</strong></span> <span class='ocrx_word' id='word_1_712' title='bbox 1703 4411 1924 4481; x_wconf 89' lang='lat' dir='ltr'><strong>quidem</strong></span> <span class='ocrx_word' id='word_1_713' title='bbox 1969 4414 2154 4470; x_wconf 88' lang='lat' dir='ltr'><strong>lumen</strong></span> <span class='ocrx_word' id='word_1_714' title='bbox 2250 4414 2368 4472; x_wconf 79' lang='lat' dir='ltr'><strong>est;</strong></span> <span class='ocrx_word' id='word_1_715' title='bbox 2402 4403 2472 4460; x_wconf 90' lang='lat' dir='ltr'><strong>de</strong></span> <span class='ocrx_word' id='word_1_716' title='bbox 2500 4417 2610 4475; x_wconf 91' lang='lat' dir='ltr'><strong>quo</strong></span> <span class='ocrx_word' id='word_1_717' title='bbox 2639 4391 2822 4458; x_wconf 85' lang='lat' dir='ltr'><strong>sermo</strong></span> <span class='ocrx_word' id='word_1_718' title='bbox 2850 4399 3202 4471; x_wconf 73' lang='lat' dir='ltr'><strong>propheticus</strong></span> <span class='ocrx_word' id='word_1_719' title='bbox 3227 4416 3241 4464; x_wconf 85' lang='lat'><strong>;</strong></span> <span class='ocrx_word' id='word_1_720' title='bbox 3268 4397 3453 4466; x_wconf 59' lang='grc' dir='ltr'><strong>σαλίων</strong></span> <span class='ocrx_word' id='word_1_721' title='bbox 3483 4395 3656 4468; x_wconf 57' lang='lat' dir='ltr'><strong>inlinit,</strong></span> <span class='ocrx_word' id='word_1_722' title='bbox 3677 4403 3776 4446; x_wconf 65' lang='grc' dir='ltr'><strong>ηιιυ</strong></span> 
     </span>
    </p>
   </div>
   <div class='ocr_carea' id='block_1_84' title="bbox 555 4485 2159 4576">
    <p class='ocr_par' dir='ltr' id='par_1_84' title="bbox 555 4491 2140 4576">
     <span class='ocr_line' id='line_1_84' title="bbox 555 4491 2140 4576; baseline 0.015 -36"><span class='ocrx_word' id='word_1_723' title='bbox 555 4493 822 4545; x_wconf 70' lang='lat' dir='ltr'><strong>aeternum</strong></span> <span class='ocrx_word' id='word_1_724' title='bbox 847 4507 879 4546; x_wconf 89' lang='lat' dir='ltr'><strong>a</strong></span> <span class='ocrx_word' id='word_1_725' title='bbox 909 4491 1046 4551; x_wconf 89' lang='lat' dir='ltr'><strong>viris</strong></span> <span class='ocrx_word' id='word_1_726' title='bbox 1078 4505 1133 4551; x_wconf 91' lang='lat' dir='ltr'><strong>et</strong></span> <span class='ocrx_word' id='word_1_727' title='bbox 1161 4495 1382 4554; x_wconf 87' lang='lat' dir='ltr'><strong>feminis</strong></span> <span class='ocrx_word' id='word_1_728' title='bbox 1419 4500 1578 4557; x_wconf 90' lang='lat' dir='ltr'><strong>debet</strong></span> <span class='ocrx_word' id='word_1_729' title='bbox 1619 4503 1822 4560; x_wconf 89' lang='lat' dir='ltr'><strong>habere</strong></span> <span class='ocrx_word' id='word_1_730' title='bbox 1871 4507 2100 4576; x_wconf 87' lang='lat' dir='ltr'><strong>gloriam</strong></span> <span class='ocrx_word' id='word_1_731' title='bbox 2125 4550 2140 4575; x_wconf 90' lang='lat'><strong>,</strong></span> 
     </span>
    </p>
   </div>
   <div class='ocr_carea' id='block_1_85' title="bbox 2257 4485 3775 4576">
    <p class='ocr_par' dir='ltr' id='par_1_85' title="bbox 2257 4485 3775 4566">
     <span class='ocr_line' id='line_1_85' title="bbox 2257 4485 3775 4566; baseline -0.013 -11"><span class='ocrx_word' id='word_1_732' title='bbox 2257 4499 2515 4555; x_wconf 77' lang='lat' dir='ltr'><strong>inebrians</strong></span> <span class='ocrx_word' id='word_1_733' title='bbox 2541 4511 2700 4566; x_wconf 84' lang='lat' dir='ltr'><strong>quam</strong></span> <span class='ocrx_word' id='word_1_734' title='bbox 2721 4491 3013 4564; x_wconf 71' lang='lat' dir='ltr'><strong>prwclarus</strong></span> <span class='ocrx_word' id='word_1_735' title='bbox 3036 4489 3151 4544; x_wconf 84' lang='lat' dir='ltr'><strong>est!</strong></span> <span class='ocrx_word' id='word_1_736' title='bbox 3181 4488 3360 4560; x_wconf 84' lang='lat' dir='ltr'><strong>(Psol.</strong></span> <span class='ocrx_word' id='word_1_737' title='bbox 3392 4487 3548 4558; x_wconf 78' lang='lat' dir='ltr'><strong>xm.)</strong></span> <span class='ocrx_word' id='word_1_738' title='bbox 3594 4485 3695 4542; x_wconf 65' lang='lat' dir='ltr'><strong>Haec</strong></span> <span class='ocrx_word' id='word_1_739' title='bbox 3721 4488 3775 4535; x_wconf 70' lang='lat' dir='ltr'><strong>est</strong></span> 
     </span>
    </p>
   </div>
   <div class='ocr_carea' id='block_1_86' title="bbox 554 4581 2138 4667">
    <p class='ocr_par' dir='ltr' id='par_1_86' title="bbox 554 4581 2138 4667">
     <span class='ocr_line' id='line_1_86' title="bbox 554 4581 2138 4667; baseline 0.015 -35"><span class='ocrx_word' id='word_1_740' title='bbox 554 4581 704 4648; x_wconf 90' lang='lat' dir='ltr'><strong>quod</strong></span> <span class='ocrx_word' id='word_1_741' title='bbox 735 4581 791 4637; x_wconf 92' lang='lat' dir='ltr'><strong>in</strong></span> <span class='ocrx_word' id='word_1_742' title='bbox 822 4593 1058 4658; x_wconf 84' lang='lat' dir='ltr'><strong>utroque</strong></span> <span class='ocrx_word' id='word_1_743' title='bbox 1083 4605 1219 4646; x_wconf 82' lang='lat' dir='ltr'><strong>sexu</strong></span> <span class='ocrx_word' id='word_1_744' title='bbox 1249 4606 1407 4647; x_wconf 90' lang='lat' dir='ltr'><strong>suam</strong></span> <span class='ocrx_word' id='word_1_745' title='bbox 1438 4593 1612 4649; x_wconf 85' lang='lat' dir='ltr'><strong>voluit</strong></span> <span class='ocrx_word' id='word_1_746' title='bbox 1660 4605 1982 4667; x_wconf 88' lang='lat' dir='ltr'><strong>perpetuare</strong></span> <span class='ocrx_word' id='word_1_747' title='bbox 2023 4615 2138 4656; x_wconf 80' lang='lat' dir='ltr'><strong>me-</strong></span> 
     </span>
    </p>
   </div>
   <div class='ocr_carea' id='block_1_87' title="bbox 555 4673 2139 4752">
    <p class='ocr_par' dir='ltr' id='par_1_87' title="bbox 555 4673 2139 4752">
     <span class='ocr_line' id='line_1_87' title="bbox 555 4673 2139 4752; baseline 0.016 -28"><span class='ocrx_word' id='word_1_748' title='bbox 555 4673 790 4729; x_wconf 87' lang='lat' dir='ltr'><strong>moriam</strong></span> <span class='ocrx_word' id='word_1_749' title='bbox 819 4717 835 4742; x_wconf 94' lang='lat'><strong>,</strong></span> <span class='ocrx_word' id='word_1_750' title='bbox 866 4676 996 4734; x_wconf 91' lang='lat' dir='ltr'><strong>dum</strong></span> <span class='ocrx_word' id='word_1_751' title='bbox 1027 4697 1166 4752; x_wconf 85' lang='lat' dir='ltr'><strong>quos</strong></span> <span class='ocrx_word' id='word_1_752' title='bbox 1194 4683 1372 4740; x_wconf 89' lang='lat' dir='ltr'><strong>virtus</strong></span> <span class='ocrx_word' id='word_1_753' title='bbox 1397 4686 1672 4742; x_wconf 88' lang='lat' dir='ltr'><strong>conditori</strong></span> <span class='ocrx_word' id='word_1_754' title='bbox 1701 4689 1834 4744; x_wconf 89' lang='lat' dir='ltr'><strong>olim</strong></span> <span class='ocrx_word' id='word_1_755' title='bbox 1884 4690 2139 4748; x_wconf 83' lang='lat' dir='ltr'><strong>formavit</strong></span> 
     </span>
    </p>
   </div>
   <div class='ocr_carea' id='block_1_88' title="bbox 553 4763 2132 4854">
    <p class='ocr_par' dir='ltr' id='par_1_88' title="bbox 553 4763 2132 4854">
     <span class='ocr_line' id='line_1_88' title="bbox 553 4763 2132 4854; baseline 0.015 -36"><span class='ocrx_word' id='word_1_756' title='bbox 553 4763 624 4820; x_wconf 85' lang='lat' dir='ltr'><strong>ad</strong></span> <span class='ocrx_word' id='word_1_757' title='bbox 680 4765 848 4822; x_wconf 86' lang='lat' dir='ltr'><strong>vitam</strong></span> <span class='ocrx_word' id='word_1_758' title='bbox 875 4811 889 4835; x_wconf 89' lang='lat'><strong>,</strong></span> <span class='ocrx_word' id='word_1_759' title='bbox 929 4771 1023 4828; x_wconf 87' lang='lat' dir='ltr'><strong>lux</strong></span> <span class='ocrx_word' id='word_1_760' title='bbox 1073 4774 1377 4833; x_wconf 87' lang='lat' dir='ltr'><strong>divinitatis</strong></span> <span class='ocrx_word' id='word_1_761' title='bbox 1428 4778 1724 4836; x_wconf 88' lang='lat' dir='ltr'><strong>illustravit</strong></span> <span class='ocrx_word' id='word_1_762' title='bbox 1780 4781 1849 4838; x_wconf 90' lang='lat' dir='ltr'><strong>ad</strong></span> <span class='ocrx_word' id='word_1_763' title='bbox 1879 4783 2132 4854; x_wconf 80' lang='lat' dir='ltr'><strong>gratiam.</strong></span> 
     </span>
    </p>
   </div>
   <div class='ocr_carea' id='block_1_89' title="bbox 555 4854 2140 4943">
    <p class='ocr_par' dir='ltr' id='par_1_89' title="bbox 555 4854 2140 4943">
     <span class='ocr_line' id='line_1_89' title="bbox 555 4854 2140 4943; baseline 0.015 -33"><span class='ocrx_word' id='word_1_764' title='bbox 555 4854 710 4913; x_wconf 85' lang='lat' dir='ltr'><strong>Unde</strong></span> <span class='ocrx_word' id='word_1_765' title='bbox 733 4861 995 4930; x_wconf 81' lang='lat' dir='ltr'><strong>quoniam</strong></span> <span class='ocrx_word' id='word_1_766' title='bbox 1027 4864 1118 4920; x_wconf 90' lang='lat' dir='ltr'><strong>hic</strong></span> <span class='ocrx_word' id='word_1_767' title='bbox 1136 4869 1394 4927; x_wconf 87' lang='lat' dir='ltr'><strong>volumus</strong></span> <span class='ocrx_word' id='word_1_768' title='bbox 1417 4871 1770 4943; x_wconf 82' lang='lat' dir='ltr'><strong>antiquorum</strong></span> <span class='ocrx_word' id='word_1_769' title='bbox 1793 4872 2016 4932; x_wconf 88' lang='lat' dir='ltr'><strong>Patrum</strong></span> <span class='ocrx_word' id='word_1_770' title='bbox 2050 4893 2140 4933; x_wconf 90' lang='lat' dir='ltr'><strong>ne-</strong></span> 
     </span>
    </p>
   </div>
   <div class='ocr_carea' id='block_1_90' title="bbox 551 4952 2138 5030">
    <p class='ocr_par' dir='ltr' id='par_1_90' title="bbox 551 4952 2138 5030">
     <span class='ocr_line' id='line_1_90' title="bbox 551 4952 2138 5030; baseline 0.013 -24"><span class='ocrx_word' id='word_1_771' title='bbox 551 4952 699 5023; x_wconf 77' lang='lat' dir='ltr'><strong>gotia</strong></span> <span class='ocrx_word' id='word_1_772' title='bbox 721 4957 1220 5029; x_wconf 83' lang='lat' dir='ltr'><strong>tractare,dignum</strong></span> <span class='ocrx_word' id='word_1_773' title='bbox 1232 4972 1315 5019; x_wconf 87' lang='lat' dir='ltr'><strong>est</strong></span> <span class='ocrx_word' id='word_1_774' title='bbox 1337 4971 1398 5030; x_wconf 84' lang='lat' dir='ltr'><strong>ut</strong></span> <span class='ocrx_word' id='word_1_775' title='bbox 1419 4965 1477 5021; x_wconf 91' lang='lat' dir='ltr'><strong>in</strong></span> <span class='ocrx_word' id='word_1_776' title='bbox 1494 4966 1802 5024; x_wconf 88' lang='lat' dir='ltr'><strong>naviculam</strong></span> <span class='ocrx_word' id='word_1_777' title='bbox 1822 4971 2023 5028; x_wconf 87' lang='lat' dir='ltr'><strong>mentis</strong></span> <span class='ocrx_word' id='word_1_778' title='bbox 2043 4986 2138 5027; x_wconf 83' lang='lat' dir='ltr'><strong>no-</strong></span> 
     </span>
    </p>
   </div>
   <div class='ocr_carea' id='block_1_91' title="bbox 545 5048 2136 5135">
    <p class='ocr_par' dir='ltr' id='par_1_91' title="bbox 545 5048 2136 5135">
     <span class='ocr_line' id='line_1_91' title="bbox 545 5048 2136 5135; baseline 0.013 -35"><span class='ocrx_word' id='word_1_779' title='bbox 545 5053 651 5102; x_wconf 64' lang='lat' dir='ltr'><strong>.trse</strong></span> <span class='ocrx_word' id='word_1_780' title='bbox 681 5048 867 5106; x_wconf 91' lang='lat' dir='ltr'><strong>lumen</strong></span> <span class='ocrx_word' id='word_1_781' title='bbox 897 5059 1163 5108; x_wconf 75' lang='lat' dir='ltr'><strong>aeternum</strong></span> <span class='ocrx_word' id='word_1_782' title='bbox 1193 5058 1515 5116; x_wconf 88' lang='lat' dir='ltr'><strong>studeamus</strong></span> <span class='ocrx_word' id='word_1_783' title='bbox 1544 5061 1779 5118; x_wconf 89' lang='lat' dir='ltr'><strong>invitare</strong></span> <span class='ocrx_word' id='word_1_784' title='bbox 1802 5105 1817 5130; x_wconf 94' lang='lat'><strong>,</strong></span> <span class='ocrx_word' id='word_1_785' title='bbox 1849 5064 1982 5135; x_wconf 90' lang='lat' dir='ltr'><strong>quia</strong></span> <span class='ocrx_word' id='word_1_786' title='bbox 2005 5081 2136 5122; x_wconf 91' lang='lat' dir='ltr'><strong>san-</strong></span> 
     </span>
    </p>
   </div>
   <div class='ocr_carea' id='block_1_92' title="bbox 549 5141 2138 5227">
    <p class='ocr_par' dir='ltr' id='par_1_92' title="bbox 549 5141 2138 5227">
     <span class='ocr_line' id='line_1_92' title="bbox 549 5141 2138 5227; baseline 0.013 -34"><span class='ocrx_word' id='word_1_787' title='bbox 549 5147 764 5196; x_wconf 86' lang='lat' dir='ltr'><strong>ctarum</strong></span> <span class='ocrx_word' id='word_1_788' title='bbox 803 5141 1216 5216; x_wconf 88' lang='lat' dir='ltr'><strong>Scripturarum</strong></span> <span class='ocrx_word' id='word_1_789' title='bbox 1253 5151 1417 5205; x_wconf 88' lang='lat' dir='ltr'><strong>remis</strong></span> <span class='ocrx_word' id='word_1_790' title='bbox 1446 5167 1512 5206; x_wconf 91' lang='lat' dir='ltr'><strong>eo</strong></span> <span class='ocrx_word' id='word_1_791' title='bbox 1547 5153 1852 5212; x_wconf 89' lang='lat' dir='ltr'><strong>studiosius</strong></span> <span class='ocrx_word' id='word_1_792' title='bbox 1894 5157 2007 5227; x_wconf 91' lang='lat' dir='ltr'><strong>jam</strong></span> <span class='ocrx_word' id='word_1_793' title='bbox 2053 5157 2138 5212; x_wconf 88' lang='lat' dir='ltr'><strong>in-</strong></span> 
     </span>
    </p>
   </div>
   <div class='ocr_carea' id='block_1_93' title="bbox 550 5233 2143 5319">
    <p class='ocr_par' dir='ltr' id='par_1_93' title="bbox 550 5233 2143 5319">
     <span class='ocr_line' id='line_1_93' title="bbox 550 5233 2143 5319; baseline 0.013 -31"><span class='ocrx_word' id='word_1_794' title='bbox 550 5233 810 5292; x_wconf 71' lang='lat' dir='ltr'><strong>cumbere</strong></span> <span class='ocrx_word' id='word_1_795' title='bbox 851 5237 1156 5310; x_wconf 88' lang='lat' dir='ltr'><strong>debemus,</strong></span> <span class='ocrx_word' id='word_1_796' title='bbox 1198 5257 1312 5315; x_wconf 91' lang='lat' dir='ltr'><strong>quo</strong></span> <span class='ocrx_word' id='word_1_797' title='bbox 1363 5243 1419 5298; x_wconf 90' lang='lat' dir='ltr'><strong>in</strong></span> <span class='ocrx_word' id='word_1_798' title='bbox 1463 5245 1655 5319; x_wconf 72' lang='lat' dir='ltr'><strong>pelago</strong></span> <span class='ocrx_word' id='word_1_799' title='bbox 1701 5249 1825 5304; x_wconf 91' lang='lat' dir='ltr'><strong>libri</strong></span> <span class='ocrx_word' id='word_1_800' title='bbox 1867 5249 2143 5307; x_wconf 87' lang='lat' dir='ltr'><strong>Geneseos</strong></span> 
     </span>
    </p>
   </div>
   <div class='ocr_carea' id='block_1_94' title="bbox 553 5332 2140 5408">
    <p class='ocr_par' dir='ltr' id='par_1_94' title="bbox 553 5332 2140 5408">
     <span class='ocr_line' id='line_1_94' title="bbox 553 5332 2140 5408; baseline 0.014 -32"><span class='ocrx_word' id='word_1_801' title='bbox 553 5337 656 5378; x_wconf 89' lang='lat' dir='ltr'><strong>nos</strong></span> <span class='ocrx_word' id='word_1_802' title='bbox 699 5335 912 5397; x_wconf 87' lang='lat' dir='ltr'><strong>oportet</strong></span> <span class='ocrx_word' id='word_1_803' title='bbox 945 5332 1224 5403; x_wconf 88' lang='lat' dir='ltr'><strong>aliquibus</strong></span> <span class='ocrx_word' id='word_1_804' title='bbox 1263 5333 1531 5394; x_wconf 83' lang='lat' dir='ltr'><strong>ﬂuctuare</strong></span> <span class='ocrx_word' id='word_1_805' title='bbox 1559 5337 1774 5396; x_wconf 88' lang='lat' dir='ltr'><strong>diebus.</strong></span> <span class='ocrx_word' id='word_1_806' title='bbox 1809 5340 1948 5408; x_wconf 86' lang='lat' dir='ltr'><strong>Quia</strong></span> <span class='ocrx_word' id='word_1_807' title='bbox 1994 5343 2140 5398; x_wconf 93' lang='lat' dir='ltr'><strong>enim</strong></span> 
     </span>
    </p>
   </div>
   <div class='ocr_carea' id='block_1_95' title="bbox 545 5413 2138 5505">
    <p class='ocr_par' dir='ltr' id='par_1_95' title="bbox 545 5413 2138 5505">
     <span class='ocr_line' id='line_1_95' title="bbox 545 5413 2138 5505; baseline 0.012 -34"><span class='ocrx_word' id='word_1_808' title='bbox 545 5413 661 5484; x_wconf 76' lang='lat' dir='ltr'><strong>jam</strong></span> <span class='ocrx_word' id='word_1_809' title='bbox 708 5418 1035 5481; x_wconf 80' lang='lat' dir='ltr'><strong>intravimus</strong></span> <span class='ocrx_word' id='word_1_810' title='bbox 1089 5427 1182 5483; x_wconf 88' lang='lat' dir='ltr'><strong>hic</strong></span> <span class='ocrx_word' id='word_1_811' title='bbox 1227 5444 1380 5484; x_wconf 89' lang='lat' dir='ltr'><strong>mare</strong></span> <span class='ocrx_word' id='word_1_812' title='bbox 1431 5445 1690 5502; x_wconf 86' lang='lat' dir='ltr'><strong>magnum</strong></span> <span class='ocrx_word' id='word_1_813' title='bbox 1735 5441 1792 5489; x_wconf 89' lang='lat' dir='ltr'><strong>et</strong></span> <span class='ocrx_word' id='word_1_814' title='bbox 1837 5435 2138 5505; x_wconf 88' lang='lat' dir='ltr'><strong>spatiosum</strong></span> 
     </span>
    </p>
   </div>
   <div class='ocr_carea' id='block_1_96' title="bbox 549 5513 2136 5598">
    <p class='ocr_par' dir='ltr' id='par_1_96' title="bbox 549 5513 2136 5598">
     <span class='ocr_line' id='line_1_96' title="bbox 549 5513 2136 5598; baseline 0.014 -33"><span class='ocrx_word' id='word_1_815' title='bbox 549 5513 830 5572; x_wconf 87' lang='lat' dir='ltr'><strong>mentibus</strong></span> <span class='ocrx_word' id='word_1_816' title='bbox 848 5559 862 5585; x_wconf 90' lang='lat'><strong>,</strong></span> <span class='ocrx_word' id='word_1_817' title='bbox 891 5533 1116 5577; x_wconf 87' lang='lat' dir='ltr'><strong>necesse</strong></span> <span class='ocrx_word' id='word_1_818' title='bbox 1142 5531 1226 5578; x_wconf 92' lang='lat' dir='ltr'><strong>est</strong></span> <span class='ocrx_word' id='word_1_819' title='bbox 1254 5532 1315 5579; x_wconf 91' lang='lat' dir='ltr'><strong>ut</strong></span> <span class='ocrx_word' id='word_1_820' title='bbox 1343 5539 1444 5580; x_wconf 90' lang='lat' dir='ltr'><strong>nec</strong></span> <span class='ocrx_word' id='word_1_821' title='bbox 1477 5524 1636 5582; x_wconf 89' lang='lat' dir='ltr'><strong>vanis</strong></span> <span class='ocrx_word' id='word_1_822' title='bbox 1667 5526 2097 5598; x_wconf 84' lang='lat' dir='ltr'><strong>cogitationibus</strong></span> <span class='ocrx_word' id='word_1_823' title='bbox 2120 5573 2136 5598; x_wconf 90' lang='lat'><strong>,</strong></span> 
     </span>
    </p>
   </div>
   <div class='ocr_carea' id='block_1_97' title="bbox 498 5611 2142 5689">
    <p class='ocr_par' dir='ltr' id='par_1_97' title="bbox 498 5611 2142 5689">
     <span class='ocr_line' id='line_1_97' title="bbox 498 5611 2142 5689; baseline 0.011 -29"><span class='ocrx_word' id='word_1_824' title='bbox 498 5623 501 5628; x_wconf 54' lang='grc' dir='ltr'><strong><em>ν</em></strong></span> <span class='ocrx_word' id='word_1_825' title='bbox 561 5619 665 5664; x_wconf 90' lang='lat' dir='ltr'><strong>nec</strong></span> <span class='ocrx_word' id='word_1_826' title='bbox 691 5611 875 5668; x_wconf 86' lang='lat' dir='ltr'><strong>verbis</strong></span> <span class='ocrx_word' id='word_1_827' title='bbox 905 5615 1275 5684; x_wconf 89' lang='lat' dir='ltr'><strong>periclitemur</strong></span> <span class='ocrx_word' id='word_1_828' title='bbox 1298 5619 1594 5689; x_wconf 89' lang='lat' dir='ltr'><strong>inanibus;</strong></span> <span class='ocrx_word' id='word_1_829' title='bbox 1624 5636 1726 5677; x_wconf 90' lang='lat' dir='ltr'><strong>nec</strong></span> <span class='ocrx_word' id='word_1_830' title='bbox 1753 5621 1861 5678; x_wconf 90' lang='lat' dir='ltr'><strong>illis</strong></span> <span class='ocrx_word' id='word_1_831' title='bbox 1885 5623 2142 5680; x_wconf 89' lang='lat' dir='ltr'><strong>vitiorum</strong></span> 
     </span>
    </p>
   </div>
   <div class='ocr_carea' id='block_1_98' title="bbox 553 5701 2143 5789">
    <p class='ocr_par' dir='ltr' id='par_1_98' title="bbox 553 5701 2143 5789">
     <span class='ocr_line' id='line_1_98' title="bbox 553 5701 2143 5789; baseline 0.012 -35"><span class='ocrx_word' id='word_1_832' title='bbox 553 5701 840 5772; x_wconf 87' lang='lat' dir='ltr'><strong>reptilibus</strong></span> <span class='ocrx_word' id='word_1_833' title='bbox 865 5707 1047 5764; x_wconf 90' lang='lat' dir='ltr'><strong>cordis</strong></span> <span class='ocrx_word' id='word_1_834' title='bbox 1073 5711 1246 5766; x_wconf 85' lang='lat' dir='ltr'><strong>nostri</strong></span> <span class='ocrx_word' id='word_1_835' title='bbox 1271 5723 1526 5784; x_wconf 88' lang='lat' dir='ltr'><strong>gravetur</strong></span> <span class='ocrx_word' id='word_1_836' title='bbox 1555 5715 1822 5772; x_wconf 90' lang='lat' dir='ltr'><strong>humerus</strong></span> <span class='ocrx_word' id='word_1_837' title='bbox 1845 5758 1860 5783; x_wconf 93' lang='lat'><strong>,</strong></span> <span class='ocrx_word' id='word_1_838' title='bbox 1903 5715 1971 5774; x_wconf 92' lang='lat' dir='ltr'><strong>de</strong></span> <span class='ocrx_word' id='word_1_839' title='bbox 2018 5733 2143 5789; x_wconf 83' lang='lat' dir='ltr'><strong>qui-</strong></span> 
     </span>
    </p>
   </div>
   <div class='ocr_carea' id='block_1_99' title="bbox 519 5791 2140 5878">
    <p class='ocr_par' dir='ltr' id='par_1_99' title="bbox 519 5791 2140 5878">
     <span class='ocr_line' id='line_1_99' title="bbox 519 5791 2140 5878; baseline 0.007 -27"><span class='ocrx_word' id='word_1_840' title='bbox 519 5796 521 5799; x_wconf 81' lang='grc'><strong>’</strong></span> <span class='ocrx_word' id='word_1_841' title='bbox 553 5791 660 5851; x_wconf 82' lang='lat' dir='ltr'><strong>bus</strong></span> <span class='ocrx_word' id='word_1_842' title='bbox 687 5795 887 5853; x_wconf 86' lang='lat' dir='ltr'><strong>dicitur</strong></span> <span class='ocrx_word' id='word_1_843' title='bbox 921 5817 934 5854; x_wconf 89' lang='lat'>:</span> <span class='ocrx_word' id='word_1_844' title='bbox 968 5797 1094 5855; x_wconf 82' lang='lat' dir='ltr'><strong>Illic</strong></span> <span class='ocrx_word' id='word_1_845' title='bbox 1118 5802 1330 5874; x_wconf 82' lang='lat' dir='ltr'><strong>reptih’a</strong></span> <span class='ocrx_word' id='word_1_846' title='bbox 1355 5846 1369 5872; x_wconf 85' lang='lat'><strong>,</strong></span> <span class='ocrx_word' id='word_1_847' title='bbox 1403 5822 1626 5878; x_wconf 79' lang='lat' dir='ltr'><strong>quorum</strong></span> <span class='ocrx_word' id='word_1_848' title='bbox 1654 5823 1759 5864; x_wconf 79' lang='lat' dir='ltr'><strong>non</strong></span> <span class='ocrx_word' id='word_1_849' title='bbox 1790 5815 1866 5863; x_wconf 79' lang='lat' dir='ltr'><strong>est</strong></span> <span class='ocrx_word' id='word_1_850' title='bbox 1893 5823 2140 5870; x_wconf 75' lang='lat' dir='ltr'><strong>numerus</strong></span> 
     </span>
    </p>
   </div>
   <div class='ocr_carea' id='block_1_100' title="bbox 2244 4579 3774 4671">
    <p class='ocr_par' dir='ltr' id='par_1_100' title="bbox 2244 4579 3774 4671">
     <span class='ocr_line' id='line_1_100' title="bbox 2244 4579 3774 4671; baseline -0.014 -21"><span class='ocrx_word' id='word_1_851' title='bbox 2244 4595 2336 4650; x_wconf 92' lang='lat' dir='ltr'><strong>illa</strong></span> <span class='ocrx_word' id='word_1_852' title='bbox 2365 4593 2460 4648; x_wconf 80' lang='lat' dir='ltr'><strong>lux</strong></span> <span class='ocrx_word' id='word_1_853' title='bbox 2501 4605 2600 4660; x_wconf 84' lang='lat' dir='ltr'><strong>per</strong></span> <span class='ocrx_word' id='word_1_854' title='bbox 2631 4602 2801 4659; x_wconf 87' lang='lat' dir='ltr'><strong>quam</strong></span> <span class='ocrx_word' id='word_1_855' title='bbox 2829 4583 2954 4640; x_wconf 89' lang='lat' dir='ltr'><strong>Sem</strong></span> <span class='ocrx_word' id='word_1_856' title='bbox 2986 4592 3042 4639; x_wconf 89' lang='lat' dir='ltr'><strong>et</strong></span> <span class='ocrx_word' id='word_1_857' title='bbox 3061 4581 3296 4653; x_wconf 84' lang='lat' dir='ltr'><strong>Japheth</strong></span> <span class='ocrx_word' id='word_1_858' title='bbox 3328 4579 3584 4638; x_wconf 87' lang='lat' dir='ltr'><strong>illustrari</strong></span> <span class='ocrx_word' id='word_1_859' title='bbox 3617 4587 3774 4671; x_wconf 61' lang='lat' dir='ltr'><strong>merue-</strong></span> 
     </span>
    </p>
   </div>
   <div class='ocr_carea' id='block_1_101' title="bbox 2242 4664 3772 4758">
    <p class='ocr_par' dir='ltr' id='par_1_101' title="bbox 2242 4664 3772 4758">
     <span class='ocr_line' id='line_1_101' title="bbox 2242 4664 3772 4758; baseline -0.016 -16"><span class='ocrx_word' id='word_1_860' title='bbox 2242 4693 2401 4753; x_wconf 88' lang='lat' dir='ltr'><strong>runt,</strong></span> <span class='ocrx_word' id='word_1_861' title='bbox 2441 4681 2662 4754; x_wconf 88' lang='lat' dir='ltr'><strong>quando</strong></span> <span class='ocrx_word' id='word_1_862' title='bbox 2689 4695 2756 4735; x_wconf 80' lang='lat' dir='ltr'><strong>ex</strong></span> <span class='ocrx_word' id='word_1_863' title='bbox 2788 4676 3022 4733; x_wconf 88' lang='lat' dir='ltr'><strong>adverso</strong></span> <span class='ocrx_word' id='word_1_864' title='bbox 3050 4674 3335 4732; x_wconf 86' lang='lat' dir='ltr'><strong>venientes</strong></span> <span class='ocrx_word' id='word_1_865' title='bbox 3363 4674 3531 4746; x_wconf 89' lang='lat' dir='ltr'><strong>patris</strong></span> <span class='ocrx_word' id='word_1_866' title='bbox 3558 4671 3630 4758; x_wconf 87' lang='lat' dir='ltr'><strong>sui</strong></span> <span class='ocrx_word' id='word_1_867' title='bbox 3648 4664 3772 4722; x_wconf 77' lang='lat' dir='ltr'><strong>virilia</strong></span> 
     </span>
    </p>
   </div>
   <div class='ocr_carea' id='block_1_102' title="bbox 2243 4761 3769 4847">
    <p class='ocr_par' dir='ltr' id='par_1_102' title="bbox 2243 4761 3769 4847">
     <span class='ocr_line' id='line_1_102' title="bbox 2243 4761 3769 4847; baseline -0.011 -12"><span class='ocrx_word' id='word_1_868' title='bbox 2243 4785 2516 4846; x_wconf 83' lang='lat' dir='ltr'><strong>texerunt,</strong></span> <span class='ocrx_word' id='word_1_869' title='bbox 2558 4773 2934 4847; x_wconf 87' lang='lat' dir='ltr'><strong>significantes</strong></span> <span class='ocrx_word' id='word_1_870' title='bbox 2971 4771 3221 4828; x_wconf 89' lang='lat' dir='ltr'><strong>videlicet</strong></span> <span class='ocrx_word' id='word_1_871' title='bbox 3258 4780 3322 4827; x_wconf 90' lang='lat' dir='ltr'><strong>ut</strong></span> <span class='ocrx_word' id='word_1_872' title='bbox 3349 4785 3452 4826; x_wconf 90' lang='lat' dir='ltr'><strong>nos</strong></span> <span class='ocrx_word' id='word_1_873' title='bbox 3494 4768 3557 4824; x_wconf 90' lang='lat' dir='ltr'><strong>ad</strong></span> <span class='ocrx_word' id='word_1_874' title='bbox 3581 4761 3769 4822; x_wconf 78' lang='lat' dir='ltr'><strong>eumdem</strong></span> 
     </span>
    </p>
   </div>
   <div class='ocr_carea' id='block_1_103' title="bbox 2245 4853 3767 4954">
    <p class='ocr_par' dir='ltr' id='par_1_103' title="bbox 2245 4853 3767 4954">
     <span class='ocr_line' id='line_1_103' title="bbox 2245 4853 3767 4954; baseline -0.017 -25"><span class='ocrx_word' id='word_1_875' title='bbox 2245 4872 2470 4929; x_wconf 86' lang='lat' dir='ltr'><strong>modum</strong></span> <span class='ocrx_word' id='word_1_876' title='bbox 2507 4867 2804 4925; x_wconf 89' lang='lat' dir='ltr'><strong>virtutibus</strong></span> <span class='ocrx_word' id='word_1_877' title='bbox 2837 4863 3033 4920; x_wconf 89' lang='lat' dir='ltr'><strong>faciem</strong></span> <span class='ocrx_word' id='word_1_878' title='bbox 3080 4871 3135 4919; x_wconf 91' lang='lat' dir='ltr'><strong>et</strong></span> <span class='ocrx_word' id='word_1_879' title='bbox 3162 4862 3314 4919; x_wconf 82' lang='lat' dir='ltr'><strong>vitiis</strong></span> <span class='ocrx_word' id='word_1_880' title='bbox 3342 4860 3665 4954; x_wconf 62' lang='lat' dir='ltr'><strong>praebeamus</strong></span> <span class='ocrx_word' id='word_1_881' title='bbox 3679 4853 3767 4954; x_wconf 65' lang='lat' dir='ltr'><strong>dor-</strong></span> 
     </span>
    </p>
   </div>
   <div class='ocr_carea' id='block_1_104' title="bbox 2246 4947 3767 5042">
    <p class='ocr_par' dir='ltr' id='par_1_104' title="bbox 2246 4947 3767 5042">
     <span class='ocr_line' id='line_1_104' title="bbox 2246 4947 3767 5042; baseline -0.022 -8"><span class='ocrx_word' id='word_1_882' title='bbox 2246 4979 2392 5030; x_wconf 71' lang='lat' dir='ltr'><strong>sum.</strong></span> <span class='ocrx_word' id='word_1_883' title='bbox 2421 4977 2532 5033; x_wconf 87' lang='lat' dir='ltr'><strong>quo</strong></span> <span class='ocrx_word' id='word_1_884' title='bbox 2563 4960 2667 5032; x_wconf 87' lang='lat' dir='ltr'><strong>ipsi</strong></span> <span class='ocrx_word' id='word_1_885' title='bbox 2703 4973 2803 5030; x_wconf 90' lang='lat' dir='ltr'><strong>pro</strong></span> <span class='ocrx_word' id='word_1_886' title='bbox 2827 4956 3162 5029; x_wconf 87' lang='lat' dir='ltr'><strong>contegenda</strong></span> <span class='ocrx_word' id='word_1_887' title='bbox 3199 4955 3523 5011; x_wconf 84' lang='lat' dir='ltr'><strong>verecundia</strong></span> 
     </span>
    </p>
   </div>
   <div class='ocr_carea' id='block_1_105' title="bbox 2243 5036 3767 5118">
    <p class='ocr_par' dir='ltr' id='par_1_105' title="bbox 2243 5036 3767 5118">
     <span class='ocr_line' id='line_1_105' title="bbox 2243 5036 3767 5118; baseline -0.012 -5"><span class='ocrx_word' id='word_1_888' title='bbox 2243 5070 2460 5113; x_wconf 88' lang='lat' dir='ltr'><strong>cessere</strong></span> <span class='ocrx_word' id='word_1_889' title='bbox 2511 5061 2836 5110; x_wconf 83' lang='lat' dir='ltr'><strong>retrorsum.</strong></span> <span class='ocrx_word' id='word_1_890' title='bbox 2884 5049 3012 5107; x_wconf 81' lang='lat' dir='ltr'><strong>Haec</strong></span> <span class='ocrx_word' id='word_1_891' title='bbox 3059 5057 3145 5106; x_wconf 92' lang='lat' dir='ltr'><strong>est</strong></span> <span class='ocrx_word' id='word_1_892' title='bbox 3183 5049 3272 5104; x_wconf 87' lang='lat' dir='ltr'><strong>illa</strong></span> <span class='ocrx_word' id='word_1_893' title='bbox 3317 5049 3412 5104; x_wconf 83' lang='lat' dir='ltr'><strong>lux</strong></span> <span class='ocrx_word' id='word_1_894' title='bbox 3455 5061 3568 5118; x_wconf 65' lang='lat' dir='ltr'><strong>quae</strong></span> <span class='ocrx_word' id='word_1_895' title='bbox 3606 5036 3767 5096; x_wconf 77' lang='lat' dir='ltr'><strong>Melchi-</strong></span> 
     </span>
    </p>
   </div>
   <div class='ocr_carea' id='block_1_106' title="bbox 2245 5135 3764 5229">
    <p class='ocr_par' dir='ltr' id='par_1_106' title="bbox 2245 5135 3764 5229">
     <span class='ocr_line' id='line_1_106' title="bbox 2245 5135 3764 5229; baseline -0.011 -23"><span class='ocrx_word' id='word_1_896' title='bbox 2245 5147 2442 5206; x_wconf 88' lang='lat' dir='ltr'><strong>sedech</strong></span> <span class='ocrx_word' id='word_1_897' title='bbox 2472 5145 2774 5204; x_wconf 85' lang='lat' dir='ltr'><strong>sacerdotis</strong></span> <span class='ocrx_word' id='word_1_898' title='bbox 2798 5144 2931 5201; x_wconf 90' lang='lat' dir='ltr'><strong>olim</strong></span> <span class='ocrx_word' id='word_1_899' title='bbox 2973 5144 3227 5199; x_wconf 84' lang='lat' dir='ltr'><strong>illuxerat</strong></span> <span class='ocrx_word' id='word_1_900' title='bbox 3259 5143 3450 5210; x_wconf 88' lang='lat' dir='ltr'><strong>menti,</strong></span> <span class='ocrx_word' id='word_1_901' title='bbox 3479 5135 3669 5227; x_wconf 84' lang='lat' dir='ltr'><strong>quando</strong></span> <span class='ocrx_word' id='word_1_902' title='bbox 3695 5143 3764 5229; x_wconf 46' lang='lat' dir='ltr'><strong>pa:</strong></span> 
     </span>
    </p>
   </div>
   <div class='ocr_carea' id='block_1_107' title="bbox 2249 5229 3763 5300">
    <p class='ocr_par' dir='ltr' id='par_1_107' title="bbox 2249 5229 3763 5300">
     <span class='ocr_line' id='line_1_107' title="bbox 2249 5229 3763 5300; baseline -0.012 -1"><span class='ocrx_word' id='word_1_903' title='bbox 2249 5257 2374 5300; x_wconf 89' lang='lat' dir='ltr'><strong>nem</strong></span> <span class='ocrx_word' id='word_1_904' title='bbox 2423 5249 2478 5297; x_wconf 89' lang='lat' dir='ltr'><strong>et</strong></span> <span class='ocrx_word' id='word_1_905' title='bbox 2515 5240 2706 5296; x_wconf 93' lang='lat' dir='ltr'><strong>vinum</strong></span> <span class='ocrx_word' id='word_1_906' title='bbox 2751 5238 2952 5295; x_wconf 90' lang='lat' dir='ltr'><strong>obtulit</strong></span> <span class='ocrx_word' id='word_1_907' title='bbox 2989 5237 3224 5293; x_wconf 65' lang='lat' dir='ltr'><strong>Abrahae</strong></span> <span class='ocrx_word' id='word_1_908' title='bbox 3273 5253 3306 5294; x_wconf 92' lang='lat' dir='ltr'><strong>a</strong></span> <span class='ocrx_word' id='word_1_909' title='bbox 3352 5234 3496 5292; x_wconf 66' lang='lat' dir='ltr'><strong>caede</strong></span> <span class='ocrx_word' id='word_1_910' title='bbox 3541 5229 3763 5288; x_wconf 70' lang='lat' dir='ltr'><strong>revertenti</strong></span> 
     </span>
    </p>
   </div>
   <div class='ocr_carea' id='block_1_108' title="bbox 2249 5313 3760 5426">
    <p class='ocr_par' dir='ltr' id='par_1_108' title="bbox 2249 5313 3760 5426">
     <span class='ocr_line' id='line_1_108' title="bbox 2249 5313 3760 5426; baseline -0.028 -9"><span class='ocrx_word' id='word_1_911' title='bbox 2249 5341 2403 5415; x_wconf 66' lang='lat' dir='ltr'><strong>(Geu-</strong></span> <span class='ocrx_word' id='word_1_912' title='bbox 2430 5338 2566 5412; x_wconf 71' lang='grc' dir='ltr'><strong>Χιν),</strong></span> <span class='ocrx_word' id='word_1_913' title='bbox 2610 5337 2926 5410; x_wconf 66' lang='grc' dir='ltr'><strong>Ρτεεθᾱθηε</strong></span> <span class='ocrx_word' id='word_1_914' title='bbox 2947 5334 3153 5393; x_wconf 84' lang='lat' dir='ltr'><strong>scilicet</strong></span> <span class='ocrx_word' id='word_1_915' title='bbox 3173 5333 3332 5391; x_wconf 90' lang='lat' dir='ltr'><strong>nobis</strong></span> <span class='ocrx_word' id='word_1_916' title='bbox 3351 5313 3760 5426; x_wconf 33' lang='lat' dir='ltr'><strong>sacriﬁciumoillnd</strong></span> 
     </span>
    </p>
   </div>
   <div class='ocr_carea' id='block_1_109' title="bbox 2247 5421 3756 5502">
    <p class='ocr_par' dir='ltr' id='par_1_109' title="bbox 2247 5421 3756 5502">
     <span class='ocr_line' id='line_1_109' title="bbox 2247 5421 3756 5502; baseline -0.018 -9"><span class='ocrx_word' id='word_1_917' title='bbox 2247 5435 2551 5494; x_wconf 87' lang='lat' dir='ltr'><strong>sacerdotis</strong></span> <span class='ocrx_word' id='word_1_918' title='bbox 2578 5432 2867 5499; x_wconf 83' lang='lat' dir='ltr'><strong>Altissimi,</strong></span> <span class='ocrx_word' id='word_1_919' title='bbox 2914 5431 2983 5488; x_wconf 86' lang='lat' dir='ltr'><strong>de</strong></span> <span class='ocrx_word' id='word_1_920' title='bbox 3002 5445 3115 5502; x_wconf 92' lang='lat' dir='ltr'><strong>quo</strong></span> <span class='ocrx_word' id='word_1_921' title='bbox 3161 5428 3408 5500; x_wconf 90' lang='lat' dir='ltr'><strong>Sponsus</strong></span> <span class='ocrx_word' id='word_1_922' title='bbox 3448 5425 3501 5480; x_wconf 90' lang='lat' dir='ltr'><strong>in</strong></span> <span class='ocrx_word' id='word_1_923' title='bbox 3540 5421 3756 5476; x_wconf 81' lang='lat' dir='ltr'><strong>Canticit:</strong></span> 
     </span>
    </p>
   </div>
   <div class='ocr_carea' id='block_1_110' title="bbox 2249 5502 3753 5599">
    <p class='ocr_par' dir='ltr' id='par_1_110' title="bbox 2249 5502 3753 5599">
     <span class='ocr_line' id='line_1_110' title="bbox 2249 5502 3753 5599; baseline -0.014 -11"><span class='ocrx_word' id='word_1_924' title='bbox 2249 5530 2541 5598; x_wconf 84' lang='lat' dir='ltr'><strong>Comedite,</strong></span> <span class='ocrx_word' id='word_1_925' title='bbox 2576 5528 2774 5599; x_wconf 88' lang='lat' dir='ltr'><strong>inquit,</strong></span> <span class='ocrx_word' id='word_1_926' title='bbox 2813 5523 3175 5590; x_wconf 77' lang='lat' dir='ltr'><strong>inebriamt&#39;tti,</strong></span> <span class='ocrx_word' id='word_1_927' title='bbox 3207 5515 3504 5576; x_wconf 80' lang='lat' dir='ltr'><strong>charissimt&#39;</strong></span> <span class='ocrx_word' id='word_1_928' title='bbox 3538 5502 3753 5599; x_wconf 46' lang='lat' dir='ltr'><strong>(Catil-&#39;2-</strong></span> 
     </span>
    </p>
   </div>
   <div class='ocr_carea' id='block_1_111' title="bbox 2249 5588 3754 5690">
    <p class='ocr_par' dir='ltr' id='par_1_111' title="bbox 2249 5588 3754 5690">
     <span class='ocr_line' id='line_1_111' title="bbox 2249 5588 3754 5690; baseline -0.02 -10"><span class='ocrx_word' id='word_1_929' title='bbox 2249 5621 2378 5678; x_wconf 81' lang='lat' dir='ltr'><strong>Haec</strong></span> <span class='ocrx_word' id='word_1_930' title='bbox 2411 5632 2497 5680; x_wconf 91' lang='lat' dir='ltr'><strong>est</strong></span> <span class='ocrx_word' id='word_1_931' title='bbox 2527 5588 2629 5676; x_wconf 74' lang='lat' dir='ltr'><strong>illa</strong></span> <span class='ocrx_word' id='word_1_932' title='bbox 2653 5588 2771 5675; x_wconf 29' lang='lat' dir='ltr'><strong>luxv</strong></span> <span class='ocrx_word' id='word_1_933' title='bbox 2797 5633 2895 5690; x_wconf 88' lang='lat' dir='ltr'><strong>per</strong></span> <span class='ocrx_word' id='word_1_934' title='bbox 2923 5631 3090 5688; x_wconf 82' lang='lat' dir='ltr'><strong>quam</strong></span> <span class='ocrx_word' id='word_1_935' title='bbox 3120 5588 3380 5669; x_wconf 85' lang='lat' dir='ltr'><strong>Dominus</strong></span> <span class='ocrx_word' id='word_1_936' title='bbox 3410 5606 3544 5662; x_wconf 87' lang='lat' dir='ltr'><strong>Deus</strong></span> <span class='ocrx_word' id='word_1_937' title='bbox 3575 5588 3754 5653; x_wconf 70' lang='lat' dir='ltr'><strong>Sabaoth</strong></span> 
     </span>
    </p>
   </div>
   <div class='ocr_carea' id='block_1_112' title="bbox 2203 5693 3753 5799">
    <p class='ocr_par' dir='ltr' id='par_1_112' title="bbox 2203 5693 3753 5799">
     <span class='ocr_line' id='line_1_112' title="bbox 2203 5693 3753 5799; baseline -0.022 -19"><span class='ocrx_word' id='word_1_938' title='bbox 2203 5777 2206 5780; x_wconf 28' lang='grc' dir='ltr'><em>ί</em></span> <span class='ocrx_word' id='word_1_939' title='bbox 2245 5715 2527 5788; x_wconf 87' lang='lat' dir='ltr'><strong>quondam</strong></span> <span class='ocrx_word' id='word_1_940' title='bbox 2571 5713 2846 5770; x_wconf 88' lang='lat' dir='ltr'><strong>illustrare</strong></span> <span class='ocrx_word' id='word_1_941' title='bbox 2877 5709 3136 5781; x_wconf 84' lang='lat' dir='ltr'><strong>dignatus</strong></span> <span class='ocrx_word' id='word_1_942' title='bbox 3287 5702 3406 5770; x_wconf 87' lang='lat' dir='ltr'><strong>Lot,</strong></span> <span class='ocrx_word' id='word_1_943' title='bbox 3447 5693 3753 5799; x_wconf 40' lang='lat' dir='ltr'><strong>quandosi-11.?</strong></span> 
     </span>
    </p>
   </div>
   <div class='ocr_carea' id='block_1_113' title="bbox 2245 5789 3750 5884">
    <p class='ocr_par' dir='ltr' id='par_1_113' title="bbox 2245 5789 3750 5884">
     <span class='ocr_line' id='line_1_113' title="bbox 2245 5789 3750 5884; baseline -0.028 -11"><span class='ocrx_word' id='word_1_944' title='bbox 2245 5809 2642 5884; x_wconf 80' lang='lat' dir='ltr'><strong>cupiscentiam</strong></span> <span class='ocrx_word' id='word_1_945' title='bbox 2663 5805 2939 5864; x_wconf 86' lang='lat' dir='ltr'><strong>carnalem</strong></span> <span class='ocrx_word' id='word_1_946' title='bbox 2968 5800 3126 5876; x_wconf 88' lang='lat' dir='ltr'><strong>quasi</strong></span> <span class='ocrx_word' id='word_1_947' title='bbox 3158 5797 3447 5857; x_wconf 81' lang='lat' dir='ltr'><strong>Sodomam</strong></span> <span class='ocrx_word' id='word_1_948' title='bbox 3479 5789 3661 5864; x_wconf 73' lang='lat' dir='ltr'><strong>fugiens</strong></span> <span class='ocrx_word' id='word_1_949' title='bbox 3685 5789 3750 5833; x_wconf 78' lang='lat' dir='ltr'><strong>ar-</strong></span> 
     </span>
    </p>
   </div>
   <div class='ocr_carea' id='block_1_114' title="bbox 2405 5967 2566 5976">
    <p class='ocr_par' dir='ltr' id='par_1_114' title="bbox 2405 5967 2566 5976">
     <span class='ocr_line' id='line_1_114' title="bbox 2405 5967 2566 5976; baseline 0 0"><span class='ocrx_word' id='word_1_950' title='bbox 2405 5967 2486 5976; x_wconf 59' lang='lat' dir='ltr'><strong>Il‘v&#39;n</strong></span> <span class='ocrx_word' id='word_1_951' title='bbox 2518 5971 2523 5974; x_wconf 87' lang='lat'><strong><em>-</em></strong></span> <span class='ocrx_word' id='word_1_952' title='bbox 2556 5973 2566 5976; x_wconf 53' lang='grc' dir='ltr'>ν</span> 
     </span>
    </p>
   </div>
  </div>
