3960 6316
238 223 362 282 989
1115 232 1117 234 '
1279 216 1416 276 LIB.
1455 216 1562 273 DE.
1586 211 1942 274 MYSTERIO
1975 208 2161 269 LIGNI
2195 205 2502 267 DOMINICI
3431 206 3536 266 990

233 341 473 402 «ιωεω
525 338 679 412 (Gen.
724 336 864 410 xix),
905 336 962 394 in
994 351 1161 408 parva
1193 335 1412 392 civitate
1446 333 1615 407 Segor
1642 348 1842 404 corpus
1872 338 1918 395 Α
1947 327 2340 400 perennitatem
2382 325 2540 380 nobis
2584 332 2798 380 aterna
2834 321 3069 379 reddidit
3109 322 3269 380 lucis.
3303 321 3430 382 Hac
3452 329 3537 384 est

238 430 486 488 salvavit
507 439 562 486 ct
595 437 855 486 mentem.
887 427 1013 484 Hac
1046 437 1130 484 est
1165 427 1256 483 illa
1294 428 1388 482 lux
1427 442 1550 499 qua
1580 425 1842 481 divinitus
1943 421 2034 475 illa
2057 421 2149 474 lux
2179 434 2301 490 qua
2340 419 2396 472 in
2419 417 2608 472 eodem
2639 415 2793 472 Isaae
2821 416 2992 472 ﬁlium
3031 418 3192 474 nobis
3217 418 3538 476 clariﬁcavit

237 523 544 582 illustravit
575 507 874 589 Abraham,
917 537 1040 575 cum
1069 521 1226 591 juxta
1263 527 1592 592 praceptum
1623 515 1841 572 Domini
1940 514 2145 579 Maria,
2193 511 2286 568 ubi
2334 528 2572 584 egressus
2620 518 2699 564 est
2751 509 2820 562 ad
2866 511 3226 566 meditandum
3275 512 3332 565 in
3384 529 3533 582 agro,

231 616 600 688 egrederetur
618 615 687 670 de
713 613 903 682 Aram,
929 613 1022 668 ubi
1053 628 1084 668 a
1113 612 1344 669 Domino
1371 611 1593 682 copiosa
1613 605 1718 665 ista
1746 609 1840 664 be-
1938 607 2197 662 inclinata
2209 605 2328 676 jam
2357 605 2443 660 die
2478 603 2632 676 (Gen.
2664 602 2816 674 xxrv)
2841 621 2855 671 ;
2891 604 3230 674 signiﬁcans,
3262 605 3532 674 videlicet,

229 708 484 765 nedictio
501 709 626 770 data
647 715 732 764 est
752 706 896 763 sibi:
930 705 1248 761 Benedicam
1277 703 1696 762 benedicentibus
1719 702 1838 772 tibi,
1939 703 2085 773 quod
2127 700 2443 772 unigenitus
2485 697 2589 754 Dei
2633 696 2807 754 Filius
2837 698 2896 752 in
2932 712 3066 769 agro
3107 699 3275 770 hujus
3321 699 3532 767 mundi,

223 809 287 852 et
331 800 652 854 maledicam
683 786 1121 860 malediceiitjbus
1155 797 1254 852 tibi
1303 796 1457 866 (Gen.
1497 795 1537 867 ).
1590 795 1714 851 Hac
1757 802 1841 851 est
1936 794 2088 849 velut
2121 793 2189 849 ad
2223 791 2598 850 meditandum
2623 791 3014 858 deambulavit,
3039 791 3302 863 dumper
3326 793 3535 863 clavos,

229 887 330 943 illa
364 891 458 954 lux
499 905 624 960 qua
648 890 829 945 adhuc
854 888 1131 944 interioris
1161 887 1401 944 hominis
1444 887 1623 942 illuxit
1654 887 1836 954 oculo,
1937 887 2183 942 lanceam
2231 896 2289 942 et
2334 901 2554 942 crucem
2593 886 2668 942 ad
2702 894 2935 942 mortem
2983 899 3159 956 usque
3203 889 3532 957 properavit.

233 977 335 1033 ubi
374 978 478 1034 Lot
503 979 661 1036 fratri
706 996 808 1036 suo
837 996 903 1036 ac
937 980 1260 1036 mulieribus
1303 979 1423 1051 ejus
1466 979 1740 1036 succurrit
1778 995 1842 1036 ac
1922 978 2067 1035 liae
2097 990 2181 1035 est
2222 980 2312 1034 illa
2358 980 2451 1034 lux
2495 994 2619 1051 qua
2651 979 2907 1035 eumdem
2949 977 3105 1034 lsaac
3143 989 3198 1034 et
3230 979 3338 1034 alio
3372 981 3535 1035 modo

227 1069 465 1140 populo,
508 1072 730 1142 quando
776 1080 980 1128 sancta
1025 1071 1312 1128 Trinitatis
1350 1072 1555 1128 auxilio
1589 1071 1844 1127 adversa-
1941 1071 2115 1126 voluit
2154 1072 2466 1128 illuminare
2506 1073 2637 1128 dum
2664 1072 2810 1144 ligna
2853 1070 3394 1127 holocausti-meruit
3421 1072 3536 1142 ipse

224 1160 455 1218 riorum
476 1177 703 1218 suorum
731 1163 929 1219 robore
959 1163 1109 1217 velut
1127 1163 1181 1217 in
1207 1163 1333 1236 igne
1356 1161 1728 1220 tribulationis
1749 1178 1844 1217 ex-
1941 1173 2162 1235 portare
2189 1182 2202 1218 :
2243 1165 2472 1236 mystice
2500 1165 2710 1220 scilicet
2739 1165 2900 1221 nobis
2941 1164 3178 1220 innuens
3202 1165 3350 1235 quod
3393 1165 3538 1222 sicut

223 1262 401 1310 cocto
428 1253 529 1328 (5).
565 1253 692 1310 Hae
715 1264 801 1312 est
841 1254 933 1309 illa
968 1255 1059 1309 lux
1089 1271 1212 1327 qua
1238 1254 1415 1311 eidem
1442 1252 1677 1310 Abraha
1714 1269 1842 1324 par-
1937 1256 2054 1328 ipse
2100 1257 2243 1328 ligna
2292 1257 2349 1312 in
2392 1256 2773 1314 holocaustum
2829 1257 3114 1328 bajulavit,
3160 1259 3236 1313 ita
3280 1256 3536 1314 Christus

230 1355 353 1403 tem
379 1348 448 1405 de
487 1364 589 1406 suo
612 1349 820 1406 lumine
844 1348 1013 1420 dedit,
1048 1350 1179 1406 dum
1209 1350 1277 1405 ad
1304 1363 1560 1405 occasum
1598 1347 1731 1404 solis
1773 1348 1840 1403 de
1937 1365 2156 1406 crucem
2180 1365 2337 1405 suam
2365 1349 2420 1405 in
2446 1351 2565 1423 ipsa
2587 1351 2845 1422 passione
2866 1352 3102 1422 portavit
3124 1350 3344 1423 (Matth.
3370 1368 3533 1420 xxiv;

229 1440 516 1496 sacriﬁcio
557 1439 789 1495 Domini
824 1456 954 1498 aves
1006 1441 1216 1514 abegit,
1272 1440 1589 1514 signiﬁcans
1629 1439 1837 1496 scilicet
1939 1440 2110 1496 Marc.
2141 1457 2250 1509 xv;
2305 1440 2436 1497 Luc.
2497 1459 2674 1512 xxm;
2711 1443 2872 1498 Joan.
2917 1444 3058 1516 χιχ).
3127 1443 3254 1501 Hac
3310 1453 3394 1500 est
3445 1445 3537 1500 illa

219 1531 386 1600 quod
419 1531 487 1586 de
528 1531 802 1588 sacriﬁcio
838 1533 1108 1589 orationis
1151 1547 1312 1588 nemo
1347 1531 1608 1604 repellere
1655 1539 1835 1602 potest
1934 1533 2070 1603 lux,
2125 1549 2249 1604 qua
2305 1533 2362 1588 in
2415 1534 2573 1591 asino
2628 1534 2721 1590 illo
2770 1535 3012 1592 Judaiea
3059 1535 3323 1592 eacitatis
3374 1537 3536 1594 nobis

219 1620 486 1676 volucres
527 1621 947 1690 damoniorum,
989 1623 1095 1678 nisi
1133 1623 1202 1678 ab
1237 1622 1411 1678 oculis
1454 1621 1638 1678 cordis
1677 1622 1830 1692 prius
1935 1625 2204 1696 expressit
2229 1624 2399 1682 chaos
2431 1626 2499 1682 de
2518 1641 2630 1697 quo
2659 1627 2923 1697 scriptum
2946 1637 3070 1684 est:
3103 1627 3422 1699 Exspectate
3450 1630 3537 1685 hic

217 1713 479 1784 abegerit
501 1715 887 1786 phantasmata
908 1700 1188 1772 vitiorum.
1222 1716 1350 1773 Hac
1374 1726 1460 1772 est
1481 1716 1570 1771 illa
1589 1715 1686 1771 lux
1709 1732 1832 1786 qua
1865 1699 1908 1755 Β
1934 1731 2052 1769 cum
2107 1715 2281 1784 asino,
2344 1717 2506 1771 donec
2561 1726 2886 1772 revertamur
2938 1719 3009 1772 ad
3049 1735 3137 1772 vos
3169 1716 3322 1789 (Gen.
3371 1718 3534 1789 κιαι),

139 5836 168 5888 ,Ι

215 1804 285 1860 in
298 1807 549 1864 convalle
563 1806 806 1866 Mambre
819 1810 976 1866 illum
986 1810 1248 1866 divinitus
1269 1810 1582 1879 illustravit,
1605 1811 1827 1881 quando

215 1899 338 1955 sub
358 1901 554 1956 arbore
575 1902 758 1959 crucis
781 1912 894 1960 tres
924 1904 1088 1972 vidit,
1118 1913 1174 1960 et
1193 1920 1365 1960 unum
1388 1904 1657 1972 adoravit,
1675 1913 1827 1959 tanta

215 1991 483 2050 videlicet
507 1995 680 2053 divini
701 1999 927 2056 luminis
948 2000 1264 2058 illustratus
1290 2002 1556 2069 claritate,
1580 2008 1643 2056 ut
1661 2017 1822 2072 quem

215 2083 438 2140 trinum
469 2089 622 2144 novit
648 2090 701 2144 in
735 2092 1013 2161 personis,
1061 2110 1232 2149 unum
1264 2095 1520 2151 adoraret
1554 2093 1612 2150 in
1655 2095 1826 2182 maje-

217 2188 390 2236 state.
435 2179 562 2239 Hac
591 2192 676 2239 est
705 2185 795 2240 illa
820 2187 915 2242 lux
957 2203 1082 2258 qua
1111 2189 1332 2244 aliunde
1371 2189 1552 2246 adhuc
1587 2178 1828 2260 resplen-

212 2269 346 2325 duit
379 2270 507 2339 sibi,
535 2273 628 2328 ubi
658 2273 925 2342 Dominus
951 2278 1021 2332 ad
1049 2293 1176 2334 eum
1201 2298 1213 2332 :
1239 2277 1405 2347 Oﬁ‘er,
1443 2279 1649 2350 inquit,
1687 2279 1822 2334 mihi

211 2358 403 2424 ﬁlium
450 2368 606 2419 tuum
668 2381 836 2436 super
882 2384 1055 2423 unum
1122 2370 1390 2425 montium
1449 2386 1615 2441 quem
1660 2356 1821 2426 mon-

209 2457 473 2516 stravero
502 2455 635 2523 tibi;
684 2473 780 2527 per
809 2460 959 2529 quod
991 2459 1243 2517 videlicet
1281 2461 1440 2519 nobis
1469 2462 1688 2518 diversa
1710 2461 1820 2517 Do-

209 2544 441 2602 minica
469 2547 820 2623 passionistet
864 2553 1046 2608 crucis
1078 2554 1318 2624 pratulit
1362 2555 1538 2627 signa,
1590 2555 1718 2610 dum
1763 2555 1821 2610 in

205 2638 412 2694 eadem
445 2642 702 2712 mysteria
739 2644 911 2700 lilium
952 2645 1228 2718 colligavit
1258 2663 1324 2703 ac
1357 2647 1528 2721 ligna.
1573 2647 1702 2704 Hac
1735 2656 1822 2704 est

209 2729 309 2784 illa
333 2730 428 2785 lux
447 2746 545 2802 per
560 2748 726 2804 quam
751 2735 1056 2813 illustratus
1083 2747 1168 2796 est
1188 2737 1362 2808 Isaac,
1389 2740 1536 2798 ﬁlius
1563 2742 1818 2813 Abrahae,

209 2837 347 2878 cum
380 2824 517 2882 Sara
547 2835 605 2882 et
639 2827 784 2902 Agar
807 2831 984 2888 rixam
1013 2834 1279 2890 haberent
1315 2835 1457 2892 inter
1485 2852 1564 2904 se,
1598 2838 1818 2908 quando

205 2911 267 2967 in
301 2914 479 2986 ﬁgura
510 2915 811 2978 Salvatoris
839 2922 894 2978 in
921 2924 1086 2980 domo
1116 2927 1290 2997 patris
1320 2928 1408 2984 sui
1439 2937 1551 2984 tam
1588 2930 1818 2986 honeste

205 3006 431 3066 solebat
470 3010 673 3080 vivere,
725 3023 787 3071 ut
809 3017 986 3074 hares
1019 3019 1138 3074 ﬁeri
1168 3037 1278 3076 non
1315 3029 1501 3093 posset
1535 3022 1683 3079 ﬁlius
1718 3040 1818 3080 an-

199 3100 354 3164 cilia
394 3117 524 3166 cum
556 3104 668 3163 ﬁlio
709 3108 912 3167 libera.
946 3110 1073 3170 Hac
1112 3122 1197 3170 est
1240 3115 1333 3171 illa
1369 3116 1470 3172 lux
1501 3133 1625 3188 qua
1653 3119 1813 3176 nobis

201 3189 450 3252 formam
497 3197 823 3259 humilitatis
869 3205 1134 3273 ostendit,
1185 3207 1318 3264 dum
1367 3207 1642 3278 Rebecca,
1690 3212 1812 3268 viso

201 3279 386 3376 lsaac,
423 3287 489 3342 de
522 3290 734 3346 camelo
755 3293 1038 3352 descendit
1074 3295 1228 3369 (Gen.
1257 3301 1432 3373 xxiv),
1490 3303 1668 3376 typice
1703 3305 1809 3360 sci-

201 3373 339 3432 licet
361 3377 678 3450 signiﬁcans
707 3387 856 3457 quod
886 3388 1114 3460 antiqua
1137 3393 1419 3462 gentilitas
1442 3373 1612 3452 totius
1638 3397 1812 3454 idolo-

161 3517 177 3528 ,
200 3465 385 3558 latria
399 3469 641 3530 deseruit
661 3476 956 3546 struinam,
980 3480 1109 3536 dum
1133 3482 1290 3552 quasi
1312 3485 1454 3540 visio
1474 3485 1530 3540 in
1553 3487 1811 3558 passione

196 3555 425 3654 Domini
455 3563 581 3621 lidei
622 3569 823 3625 meruit
855 3586 1152 3643 agnoscere
1189 3576 1432 3646 plumam
1453 3555 1713 3652 [palmam
1737 3580 1805 3654 ?].

197 3645 333 3706 Haec
361 3662 447 3710 est
477 3655 568 3711 illa
600 3657 695 3713 lux
718 3675 842 3730 qua
871 3661 1046 3718 eidem
1078 3645 1233 3721 Isaac
1255 3682 1321 3722 eo
1347 3645 1589 3738 tempore
1613 3645 1809 3725 divini-

195 3747 295 3799 tus
323 3744 507 3802 illuxit
547 3747 751 3822 (ibid.),
778 3753 1001 3822 quando
1032 3753 1335 3813 Rebeceam
1371 3774 1601 3815 uxorem
1647 3777 1806 3817 suam

189 3838 456 3911 diligens,
507 3840 563 3896 in
598 3844 1014 3903 tabernaculum
1052 3846 1203 3906 Sara
1241 3851 1436 3909 matris
1480 3852 1804 3924 introduxit,

191 3947 300 4001 per
326 3934 475 4004 quod
503 3936 754 3993 videlicet
778 3938 1112 3998 introductio
1136 3943 1229 3999 illa
1252 3946 1414 4002 nobis
1441 3948 1803 4018 pratenditur

191 4026 254 4080 in
280 4025 480 4097 ﬁgura,
502 4027 568 4084 de
589 4045 699 4101 qua
719 4029 963 4090 Ecclesia
985 4034 1040 4090 in
1063 4034 1342 4094 Canticis:
1373 4037 1685 4096 Introduxit
1701 4058 1801 4109 me,

193 4119 406 4190 inquit,
439 4138 533 4176 rea:
555 4123 610 4177 in
635 4123 860 4182 cellaria
881 4145 980 4182 sua
1007 4127 1189 4199 (Cant.
1219 4132 1282 4204 1).
1327 4131 1454 4188 Hac
1475 4143 1560 4190 est
1592 4135 1684 4191 illa
1709 4136 1804 4191 lux

187 4228 323 4288 qua
346 4217 600 4272 eumdem
627 4216 780 4275 lsaac
811 4222 1120 4294 disciplina
1150 4226 1393 4283 caelestis
1427 4229 1803 4286 moderamine

189 4309 362 4376 rexit,
385 4309 515 4365 dum
544 4309 850 4370 Rebeccam
873 4332 1105 4372 uxorem
1132 4335 1289 4376 suam
1315 4321 1484 4378 nimio
1513 4338 1702 4380 amore
1725 4325 1803 4380 di—

186 4396 330 4458 lexit
358 4402 509 4475 (Gen.
544 4409 717 4478 xxxv),
754 4408 1073 4481 signiﬁcans
1115 4413 1368 4470 videlicet
1405 4415 1554 4486 quod
1603 4418 1796 4489 unige-

189 4493 348 4550 nitus
378 4494 472 4552 Dei
505 4495 679 4564 Filius
707 4499 875 4557 nimis
899 4500 1204 4560 Ecelesiam
1228 4507 1456 4574 amavit,
1479 4509 1607 4564 dum
1635 4509 1794 4565 dolo-

187 4603 308 4642 rem
333 4603 460 4658 qua
478 4604 545 4645 ex
567 4599 745 4648 morte
760 4595 956 4651 matris
977 4612 1091 4652 sua
1107 4597 1406 4672 Synagoga
1431 4601 1533 4657 sibi
1550 4618 1794 4660 accesse-

184 4689 296 4748 rat,
317 4685 658 4756 temperavit.
684 4685 811 4744 Hac
843 4698 925 4746 est
947 4690 1038 4746 illa
1063 4693 1154 4747 lux
1176 4710 1300 4766 qua
1325 4695 1479 4752 Isaac
1508 4707 1562 4754 et
1590 4695 1792 4754 Rebec-

181 4790 310 4831 eam
371 4777 589 4837 ealitus
639 4781 954 4854 illustravit,
1000 4785 1133 4841 dum
1175 4787 1230 4842 in
1270 4787 1444 4860 ﬁgura
1485 4775 1789 4847 Christi'ct

184 4866 452 4925 Ecclesia
479 4869 713 4926 alterum
745 4873 904 4928 alteri
933 4884 1125 4931 mutua
1152 4877 1421 4934 eharitate
1443 4881 1691 4949 sociavit,
1725 4889 1785 4936 ut

183 4955 434 5016 Ecclesia
489 4959 710 5019 Christo
753 4972 905 5022 tanta
962 4966 1254 5023 dilectione
1308 4971 1672 5041 copulandam
1722 4991 1782 5031 se

186 5051 328 5108 sciat
367 5053 542 5126 (ibid),
573 5063 635 5112 ut
668 5073 780 5128 pra
811 5074 1001 5116 amore
1033 5061 1180 5118 illius
1209 5079 1348 5119 uxor
1373 5081 1656 5137 nunquam
1699 5061 1785 5125 al-

193 5147 361 5202 terius
381 5147 497 5204 ﬁat.

256 5239 385 5305 Hac
429 5249 516 5298 est
547 5243 636 5298 illa
681 5244 796 5312 lux,
830 5261 927 5318 per
955 5263 1121 5319 quam
1168 5249 1311 5306 idem
1362 5251 1517 5310 lsaac
1566 5256 1782 5312 coalitus

182 5331 388 5386 meruit
434 5332 719 5404 illustrari,
767 5338 988 5408 quando
1039 5339 1287 5399 Salvator
1337 5353 1525 5400 noster
1564 5362 1664 5416 pro
1688 5337 1776 5416 eo,

181 5426 344 5498 quasi
364 5428 528 5499 aries,
550 5430 727 5488 voluit
752 5433 1023 5491 immolari
1051 5453 1066 5490 :
1097 5438 1192 5507 qui
1235 5438 1366 5494 dum
1413 5440 1557 5495 inter
1589 5455 1781 5512 vepres

181 5529 532 5591 peccatorum
593 5535 907 5607 nostrorum
958 5529 1187 5587 adhaesit
1249 5535 1510 5592 cornibus
1576 5537 1776 5608 crucis,

260 5725 334 5785 ’ὢ
362 5725 592 5786 Videtur
623 5729 829 5806 aliquid
862 5731 1069 5790 deesse.

648 5917 700 5938 ‘D
753 5922 840 5942 θη...

1933 1807 2161 1879 mystice
2208 1808 2419 1864 scilicet
2466 1807 2761 1880 designans
2817 1809 2964 1879 quod
3013 1809 3081 1864 ad
3130 1807 3372 1878 Judaos,
3436 1809 3535 1881 qui

1932 1899 2178 1953 nondum
2221 1907 2352 1955 sunt
2381 1887 2550 1955 ﬁdem
2575 1909 2780 1956 saneta
2809 1899 3099 1957 Trinitatis
3132 1903 3362 1973 experti,
3387 1903 3535 1960 eirea

1932 1991 2094 2046 ﬁnem
2126 1991 2311 2048 saeculi
2340 1991 2467 2048 ﬁdei
2489 1992 2688 2048 debent
2714 1993 3020 2050 arrhabone
3047 1995 3262 2050 reverti.
3298 1993 3426 2052 Hac
3450 2003 3536 2052 est

1933 2084 2023 2139 illa
2063 2084 2157 2140 lux
2199 2100 2324 2156 qua
2350 2101 2449 2157 per
2493 2085 2620 2152 hoc,
2649 2086 2798 2156 quod
2831 2086 2978 2142 aries
3001 2086 3318 2144 immolatus
3347 2097 3449 2156 est,
3479 2095 3536 2144 et

1930 2175 2086 2234 Isaac
2117 2179 2314 2247 evasit,
2342 2178 2549 2250 duplici
2578 2180 2843 2252 mysterio
2863 2195 2966 2236 nos
2997 2181 3264 2237 irradiare
3286 2183 3530 2237 curavit:
3617 2221 3619 2223 -

1928 2270 2107 2342 typice
2150 2271 2311 2327 nobis
2355 2271 2649 2329 insinuans
2687 2273 2992 2343 quia-licet
3037 2275 3092 2329 in
3141 2275 3402 2345 passione
3431 2291 3532 2331 sua

1885 2375 1888 2379 ‘
1927 2364 2172 2421 diversas
2215 2363 2500 2422 irrisiones
2547 2366 2836 2437 pertulerit
2869 2365 3050 2433 Jesus,
3085 2367 3139 2420 in
3185 2367 3532 2424 humanitate

1925 2462 2109 2510 tamen
2156 2471 2377 2526 passus,
2427 2465 2481 2512 et
2519 2456 2576 2511 in
2619 2457 2904 2513 divinitate
2947 2458 3250 2528 permansit
3303 2459 3529 2516 illasus.

1927 2546 2054 2604 Hac
2081 2558 2165 2605 est
2197 2549 2291 2604 illa
2335 2549 2430 2604 lux
2459 2565 2583 2620 qua
2607 2548 2778 2605 Jacob
2800 2550 2904 2605 sub
2935 2559 3064 2623 typo
3093 2552 3312 2623 gentilis
3341 2552 3530 2622 populi

1925 2641 2142 2699 coalitus
2172 2643 2352 2697 illuxit
2375 2640 2529 2714 (Gen.
2561 2642 2758 2712 xxvu),
2783 2643 2913 2698 dum
2946 2642 3014 2697 ad
3041 2652 3326 2713 paternam
3357 2645 3527 2700 bene-

1877 2747 1882 2754 '
1925 2735 2222 2792 dictionem
2253 2736 2418 2806 prior
2467 2751 2593 2792 eum
2649 2735 2824 2807 gratia
2882 2745 3059 2791 mater
3105 2737 3430 2805 introduxit,
3467 2745 3529 2793 ut

1923 2829 2108 2885 minor
2140 2830 2286 2885 idem
2315 2829 2486 2886 frater
2519 2841 2586 2885 eo
2617 2829 2856 2909 majores
2879 2828 3084 2901 gratias
3117 2827 3346 2885 referret
3368 2843 3528 2886 crea-

1871 2912 1880 2931 ²
1922 2922 2053 2990 tori,
2083 2939 2372 2994 quousque
2419 2923 2583 2979 hodie
2631 2923 2810 2991 major
2858 2923 3018 2979 debet
3060 2917 3267 2978 servire
3299 2921 3524 2978 minori.

1921 3011 2050 3072 Hae
2090 3023 2176 3072 est
2207 3016 2298 3071 illa
2329 3016 2424 3071 lux
2453 3031 2551 3086 per
2584 3031 2752 3087 quam
2809 3015 2951 3071 idem
3008 3014 3178 3073 Jaeob
3224 3015 3522 3086 Dominum

1844 3091 1886 3150 ο
1921 3107 1977 3161 in
2020 3107 2232 3163 somnis
2272 3107 2427 3173 vidit,
2455 3105 2676 3178 quando
2709 3105 2776 3161 de
2806 3105 3076 3162 Bersabee
3102 3105 3172 3161 ad
3203 3095 3371 3160 Aram
3402 3120 3513 3176 per-

1916 3197 2072 3270 gens,
2131 3199 2188 3253 in
2247 3198 2442 3255 itinere
2496 3198 2755 3254 dormivit
2813 3197 2966 3270 (Gen.
3015 3195 3256 3266 xxvm):
3293 3195 3519 3268 mystice

1914 3291 2210 3363 designans
2255 3292 2400 3362 quod
2454 3291 2548 3346 lux
2595 3291 2900 3347 divinitatis
2949 3290 3084 3344 nulli
3119 3290 3340 3360 penitus
3393 3288 3514 3343 illu-

1913 3381 2102 3448 cescit,
2154 3381 2262 3441 nisi
2308 3383 2403 3453 qui
2452 3382 2508 3437 in
2537 3383 2772 3439 transitu
2826 3383 2993 3454 hujus
3034 3381 3224 3437 mundi
3264 3382 3334 3438 ab
3367 3382 3516 3437 omni

1913 3475 2121 3530 carnali
2147 3476 2588 3547 concupiscentia
2616 3477 2870 3548 quiescit.
2901 3475 3029 3532 Hac
3050 3484 3134 3534 est
3159 3476 3253 3530 illa
3276 3475 3368 3530 lux
3397 3489 3514 3545 qua

1911 3569 2162 3624 eumdem
2196 3568 2366 3625 Jacob
2401 3570 2581 3626 adhuc
2613 3571 2688 3626 ibi
2731 3569 2997 3626 divinitus
3040 3568 3355 3636 illustravit,
3385 3567 3512 3622 dum

1911 3658 1965 3714 in
2020 3662 2167 3716 scala
2215 3660 2475 3718 Ecclesia
2527 3663 2750 3735 angelos
2801 3663 3160 3719 ascendentes
3199 3669 3255 3717 et
3281 3661 3502 3717 descen-

1909 3754 2100 3810 dentes
2153 3755 2203 3811 ei
2249 3755 2306 3810 in
2357 3755 2574 3812 visione
2621 3757 2952 3813 monstravit
3000 3754 3155 3830 (Gen.
3200 3753 3377 3827 xxix),
3417 3769 3511 3825 per

1908 3843 2324 3903 descensionem
2372 3847 2581 3905 scilicet
2628 3848 2791 3904 nobis
2837 3848 3094 3915 innuens,
3145 3855 3208 3902 ut
3256 3846 3510 3918 diligatur

1907 3940 2212 4010 proximus,
2242 3957 2340 4013 per
2362 3943 2742 4000 ascensionem
2768 3957 2901 3998 vero
2942 3949 3005 3998 ut
3051 3941 3312 4013 diligatur
3342 3939 3508 3994 Deus.

1845 4038 1847 4042 '
1906 4029 2035 4088 Hac
2059 4042 2143 4089 est
2171 4033 2262 4089 illa
2291 4034 2385 4090 lux
2410 4051 2510 4106 per
2533 4052 2700 4108 quam
2734 4033 2906 4091 Iacob
2932 4043 2987 4091 et
3027 4034 3136 4092 alio
3175 4033 3340 4089 modo
3381 4032 3510 4086 illu-

1906 4125 2071 4179 strari
2093 4123 2402 4194 videbatur,
2427 4128 2559 4183 dum
2582 4144 2684 4200 pro
2711 4127 3055 4199 adaquandis
3078 4127 3276 4182 ovibus
3304 4125 3508 4181 amovit

1905 4213 2139 4286 lapidem
2164 4233 2275 4288 quo
2295 4228 2495 4290 puteus
2511 4218 2887 4286 claudebatur,
2917 4219 3238 4291 signiﬁcans
3260 4215 3509 4271 videlicet

1903 4309 2053 4380 quod
2095 4327 2261 4368 verus
2292 4311 2463 4368 Iacob
2507 4313 2562 4366 in
2600 4329 2695 4368 ara
2722 4312 2905 4368 crucis
2948 4313 3206 4384 dignatus
3235 4318 3321 4367 est
3346 4309 3507 4365 nobis

1904 4411 2126 4472 puteum
2186 4405 2398 4475 aperire
2447 4405 2726 4472 veritatis,
2773 4412 2836 4459 ut
2897 4420 2965 4459 ex
3010 4412 3176 4474 puteo
3235 4401 3506 4458 Dominici

1901 4497 2188 4569 sanguinis
2233 4498 2584 4554 reﬁceremur
2605 4499 2752 4552 unda
2784 4496 3087 4553 charitatis.
3128 4493 3256 4552 Hac
3286 4504 3373 4550 est
3411 4496 3504 4550 illa

1898 4587 1991 4643 lux
2038 4604 2136 4660 per
2187 4605 2352 4661 quam
2388 4588 2556 4646 Jacob
2610 4588 2902 4643 Raehelem
2937 4587 3042 4642 sibi
3075 4601 3303 4642 uxorem
3347 4585 3504 4642 novit

1833 4692 1836 4696 '
1892 4697 2013 4738 esse
2033 4680 2298 4751 futuram,
2325 4683 2478 4749 dum,
2505 4681 2779 4752 adaquato
2811 4693 2975 4752 grege
3002 4694 3144 4750 ejus,
3182 4693 3304 4733 eam
3332 4693 3499 4734 oscu-

1889 4775 1991 4831 lari
2023 4776 2208 4847 eeepit,
2251 4785 2310 4831 ut
2350 4792 2530 4843 suam,
2563 4774 2738 4848 typice
2779 4773 2990 4830 scilicet
3032 4773 3324 4829 insinuans
3351 4769 3498 4841 quod

1887 4868 2131 4926 Ecclesia
2153 4885 2280 4926 cum
2311 4868 2534 4925 Christo
2575 4877 2700 4941 post
2726 4866 3051 4926 effusionem
3081 4867 3366 4940 sanguinis
3403 4880 3497 4936 sui

1881 4965 2074 5019 osculo
2096 4963 2188 5019 illo
2211 4963 2497 5019 charitatis
2518 4955 2688 5019 debet
2699 4963 3031 5020 aternaliter
3051 4960 3183 5016 frui.
3201 4958 3278 5013 De
3290 4970 3495 5027 sponsa

1881 5056 1937 5111 in
1979 5055 2269 5114 Canticis:
2331 5056 2638 5125 Oscutetur,
2687 5057 2899 5128 inquit,
2944 5071 3025 5110 me
3072 5052 3298 5107 dilectus
3346 5064 3491 5103 meus

1883 5149 2063 5203 osculo
2088 5151 2198 5204 oris
2227 5150 2312 5204 sui
2347 5149 2529 5224 (Cant.
2565 5150 2626 5221 ι).
2661 5149 2789 5207 Hae
2816 5159 2900 5206 est
2929 5149 3019 5203 illa
3049 5147 3144 5200 lux
3171 5160 3278 5216 qua
3321 5139 3491 5198 Jacob

1884 5241 2190 5299 illustratus
2247 5245 2485 5315 ponebat
2539 5245 2723 5317 virgas
2770 5235 2826 5298 in
2875 5241 3162 5300 canalibus
3218 5249 3487 5309 aquarum

1814 5341 1817 5344 ’
1887 5334 2038 5409 (Cen.
2065 5339 2140 5409 L),
2173 5345 2233 5394 ut
2272 5338 2429 5409 juxta
2476 5341 2795 5394 varietatem
2841 5337 3061 5391 illarum
3103 5336 3292 5390 varius
3337 5333 3490 5387 ﬁeret

1884 5430 2027 5488 fetus
2058 5432 2242 5488 ovium
2279 5450 2545 5493 suarum:
2589 5434 2763 5510 typice
2804 5432 2963 5489 nobis
2993 5431 3229 5487 innuens
3252 5426 3398 5501 quod
3427 5425 3484 5480 in

1887 5527 2171 5584 canalibus
2229 5520 2478 5585 cortlium
2514 5539 2832 5586 nostrorum
2873 5527 2986 5584 Deo
3017 5528 3242 5600 dignum
3267 5536 3481 5599 prapa-
