3912 6440
534 354 638 415 99!

1490 345 1883 407 BERENGOSI
1920 345 2213 406 ABBATlS
2250 345 2307 405 s.
2350 344 2602 403 naxnn
2639 342 2918 405 TREVIR.
3045 328 3052 337 ’
3658 361 3738 424 99;

534 487 660 529 rare
685 486 797 527 non
837 486 1134 542 possumus
1162 470 1446 542 templum,
1493 471 1600 525 nisi
1647 485 1748 541 pro
1777 468 2131 540 concipienda
2159 472 2206 531 Α
2235 482 2392 523 ovem
2451 468 2836 534 centesimam,
2883 467 2950 522 de
2999 467 3283 524 meretrice
3324 483 3590 544 sponsam,
3627 485 3743 540 etde

535 567 799 620 varietate
865 567 1166 632 virtutum,
1229 565 1296 620 de
1354 564 1513 620 bonis
1576 580 1790 636 semper
1845 579 2132 619 sumamus

534 659 867 728 exemplum.
898 657 1025 713 Haec
1054 666 1138 714 est
1165 658 1256 712 illa
1295 659 1387 712 lux
1416 673 1514 728 per
1553 673 1718 728 quam
1747 657 1912 712 etiam
1936 671 2036 712 nos
2063 655 2133 710 ad

539 749 996 806 illuminationem
1021 753 1290 807 mentium
1319 753 1461 806 vitas
1484 749 1706 804 Patrum
1736 750 1791 804 in
1823 749 2131 820 exemplum

539 841 823 908 habemus,
854 859 952 913 per
985 861 1144 915 quas,
1174 844 1378 900 cortice
1419 844 1554 914 legis
1585 843 1789 910 ablato,
1815 851 1870 897 et
1897 843 2134 898 candore

537 933 725 1003 gratiae
767 943 1052 1006 concepto,
1094 936 1302 1005 prolem
1337 933 1464 989 boni
1508 934 1690 1003 operis
1722 933 1941 1004 gignere
1971 932 2136 988 debe-

537 1041 684 1092 mus,
717 1027 868 1094 situ,
915 1027 1060 1084 Deus
1089 1027 1460 1097 omnipotens,
1511 1041 1614 1082 nos
1658 1027 1800 1081 intra
1845 1042 1972 1081 oves
2014 1026 2134 1082 illas

537 1116 742 1174 fetosas
791 1117 1086 1174 fecundare
1134 1119 1374 1190 digneris
1433 1118 1486 1172 in
1532 1117 1826 1172 virtutibus
1871 1118 2015 1185 tuis,
2068 1117 2137 1172 de

537 1209 737 1278 quibus
759 1209 1005 1264 dicitur:
1043 1209 1176 1265 Oves
1229 1225 1413 1262 eorum
1464 1209 1646 1278 fetosa:
1700 1207 2030 1263 abundantes
2080 1208 2137 1260 in

536 1290 826 1369 egressibus
859 1302 971 1358 suis
1005 1301 1181 1373 (Psal.
1221 1300 1431 1371 cxuu).
1484 1299 1610 1355 llaec
1637 1309 1720 1356 est
1765 1301 1853 1356 illa
1895 1301 1987 1354 lux
2017 1315 2137 1370 qua:

537 1391 713 1446 eidem
739 1390 910 1448 Jacob
933 1393 1148 1449 duobus
1174 1394 1354 1449 modis
1378 1393 1576 1460 illuxit,
1601 1394 1730 1448 dum
1753 1393 1931 1463 primo
1961 1391 2134 1459 Liam,

441 1473 448 1480 ’
539 1485 784 1540 secundo
829 1484 1035 1542 Rachel
1078 1486 1135 1541 in
1184 1502 1415 1542 uxorem
1445 1486 1640 1542 duxit:
1674 1501 1770 1556 per
1797 1487 1904 1542 hoc
1935 1485 2140 1542 scilicet

538 1576 701 1631 nobis
747 1577 1034 1632 insinuans
1084 1578 1406 1649 mysterium
1454 1577 1586 1632 illud
1637 1578 1876 1633 salutare
1918 1578 1986 1632 de
2029 1593 2139 1648 quo

503 1689 506 1692 '
537 1668 854 1738 Apostolus,
885 1669 1009 1724 Non
1033 1674 1203 1741 prius,
1237 1674 1434 1744 inquit,
1459 1675 1598 1745 quod
1621 1675 1900 1744 spirituale
1925 1684 2020 1739 est,
2049 1674 2139 1728 sed

538 1759 678 1829 quod
709 1761 942 1816 animale
972 1761 1028 1835 (Ι
1053 1761 1176 1819 Cor.
1205 1764 1317 1836 xv).
1357 1763 1483 1821 Haec
1504 1774 1587 1821 est
1614 1767 1704 1821 illa
1727 1767 1819 1821 lux
1843 1782 1950 1837 qua
1971 1765 2142 1822 Jacob

2237 559 2521 632 Synagoga
2544 559 2672 616 fecit
2692 559 3013 616 Ecclesiam.
3043 559 3171 616 Hzec
3191 570 3275 617 est
3295 563 3380 619 illa
3408 566 3491 621 lux
3516 584 3600 638 per
3617 589 3741 644 quam

2231 649 2402 707 Judas
2435 653 2730 720 annulum,
2775 652 3030 708 baculum
3071 660 3126 707 et
3169 655 3458 721 armillam,
3488 676 3595 729 qua:
3628 665 3745 736 signa

2234 752 2392 800 erant
2429 744 2783 813 arrhabonis,
2828 744 3004 800 eidem
3043 743 3281 799 Thamar
3325 747 3465 802 dedit
3513 751 3561 805 in
3596 754 3746 825 pignus

2231 835 2568 910 vocationis,
2591 835 3002 906 justiﬁeationis
3039 845 3094 891 et
3132 836 3552 909 gloriﬁcationis,
3579 848 3748 913 quando

2235 927 2485 985 Christus
2530 928 2830 985 Ecclesiam
2855 928 3073 999 corpori
3099 945 3200 984 suo
3223 931 3278 984 in
3301 946 3394 986 ara
3415 935 3580 990 crucis
3596 940 3749 1009 triplici

2235 1020 2344 1076 hoc
2367 1021 2675 1077 arrhabone
2704 1022 2960 1090 sociavit,
2999 1022 3066 1076 de
3101 1037 3212 1093 quo
3235 1023 3488 1094 scriptum
3511 1038 3584 1082 est
3606 1048 3616 1082 :
3643 1030 3750 1095 Quo:

2237 1114 2462 1181 vocavit,
2487 1112 2579 1167 hos
2601 1122 2651 1168 et
2664 1113 3009 1184 justiﬁcavit,
3039 1122 3088 1167 et
3117 1131 3246 1184 quos
3264 1114 3584 1186 justiﬁcavit,
3603 1120 3698 1176 illos
3716 1135 3754 1178 et

2203 1279 2210 1282 ᾗ
2238 1205 2555 1275 gloriﬁcavit
2603 1204 2778 1276 (Rom.
2823 1204 2964 1276 vni).
2998 1203 3126 1261 Haec
3170 1215 3253 1261 est
3275 1206 3364 1260 illa
3392 1207 3476 1262 lux
3513 1225 3597 1278 per
3629 1228 3754 1281 quam

2237 1295 2478 1364 Phares,
2520 1297 2616 1368 qui
2662 1297 2853 1352 divisio
2906 1297 3330 1368 interpretatur,
3375 1301 3536 1370 gratia
3570 1303 3754 1360 caelestis

2241 1387 2459 1456 arrisit,
2501 1388 2631 1444 dum
2677 1388 2733 1442 in
2759 1397 2886 1460 typo
2918 1389 3133 1460 gentilis
3173 1391 3358 1461 populi
3387 1407 3506 1446 eum
3533 1409 3559 1447 a
3583 1392 3756 1452 Judaica

2241 1481 2559 1537 infidelitate
2585 1481 2798 1548 divisit,
2844 1491 2904 1536 ut
2939 1491 2992 1536 et
3033 1481 3178 1537 inter
3211 1483 3349 1558 alios
3388 1485 3651 1553 partiretur
3669 1487 3757 1542 illas

2241 1573 2538 1629 divisiones
2561 1574 3049 1640 ministrationum,
3082 1575 3148 1629 de
3173 1575 3376 1644 quibus
3409 1576 3643 1646 scriptum
3667 1589 3756 1633 est:

2241 1665 2351 1720 Alii
2377 1683 2564 1736 genera
2607 1666 2938 1737 linguarum,
2983 1665 3081 1720 alii
3121 1666 3482 1736 interpretatio
3523 1685 3759 1723 semonum

2245 1759 2300 1832 (Ι
2327 1759 2451 1814 Cor.
2478 1760 2600 1832 xu).
2644 1758 2771 1815 Hmc
2819 1770 2904 1816 est
2932 1761 3022 1814 illa
3059 1760 3150 1817 lux
3176 1775 3299 1830 qua:
3337 1759 3509 1828 Zarat,
3533 1762 3614 1831 qui
3632 1764 3760 1816 oriens

499 1899 502 1902 Α
537 1849 846 1910 illustratus
890 1832 1246 1913 ad'eamdem
1277 1832 1665 1914 differentiam
1723 1832 1958 1930 spatium
2012 1859 2142 1916 fecit
2172 1832 2216 1887 Β
2242 1852 2468 1920 dicitur,
2518 1852 2682 1908 nimis
2723 1869 2888 1923 quam
2938 1869 3078 1924 opus
3119 1862 3266 1908 esset
3316 1853 3514 1921 illuxit,
3553 1854 3662 1909 dum
3693 1856 3761 1925 qui

539 1939 682 1996 inter
721 1959 936 2015 gregem
986 1954 1042 2001 et
1082 1963 1320 2018 gregem,
1380 1965 1504 2020 quae
1558 1966 1731 2020 usque
1780 1950 1941 2005 hodie
1998 1950 2140 2005 inter

537 2029 714 2102 legem
772 2035 1049 2104 spcciatur
1103 2046 1159 2093 et
1221 2039 1436 2110 legem,
1508 2056 1577 2096 ne
1641 2041 1895 2112 ignorare
1966 2042 2140 2112 possit

538 2125 722 2181 omnis
782 2126 1024 2186 ﬁdelium
1075 2140 1252 2187 coetus
1295 2133 1426 2202 quid
1489 2149 1587 2204 per
1640 2135 1877 2189 salutare
1936 2143 2140 2207 myste-

493 2216 683 2272 vrium
741 2235 881 2276 nova
938 2222 1024 2277 lex
1072 2223 1327 2295 loquatur
1385 2234 1482 2281 aut
1533 2237 1710 2283 vetus.
1754 2226 1879 2282 llaec
1937 2236 2019 2282 est
2048 2227 2138 2283 illa

488 2306 633 2368 .lux
685 2327 808 2381 qua:
853 2313 1129 2371 interioris
1193 2316 1336 2373 oculi
1403 2318 1524 2389 ejus
1594 2319 1774 2374 adhuc
1844 2319 2139 2375 illustravit

535 2401 756 2474 aciem,
808 2408 1030 2478 quando
1087 2419 1277 2481 raptus
1327 2412 1468 2467 ultra
1535 2427 1595 2468 se
1655 2413 1792 2468 vidit
1845 2411 2137 2469 Dominum

533 2493 677 2553 facie
727 2500 794 2555 ad
821 2499 1043 2570 faciem;
1106 2504 1358 2575 quamvis
1405 2519 1530 2560 eum
1594 2503 1652 2560 in
1703 2504 1986 2561 divinitate
2038 2522 2138 2564 sua

534 2590 734 2649 viderit
780 2610 1101 2667 nunquam,
1165 2606 1397 2654 testante
1467 2598 1677 2656 Joanne
1706 2641 1720 2666 ,
1803 2601 1896 2670 qui
1958 2601 2134 2657 dicit:

534 2681 707 2738 Deum
760 2702 909 2742 nemo
960 2690 1093 2744 vidit
1155 2707 1387 2761 umquam
1419 2690 1468 2762 (Ι
1521 2691 1682 2746 Joan.
1739 2691 1836 2762 tv).
1887 2691 2011 2748 flzec
2053 2701 2139 2749 est

483 2828 486 2830 η
535 2774 628 2832 illa
668 2777 761 2833 lux
801 2795 924 2850 quae
951 2782 1205 2837 eumdem
1246 2782 1418 2838 Jacob
1471 2785 1764 2839 illustravit
1807 2785 1865 2838 in
1908 2785 2132 2852 Bethel,

538 2869 660 2938 ubi,
697 2880 908 2928 mutato
950 2877 1172 2932 nomine
1193 2876 1390 2945 Jacob,
1432 2879 1720 2949 appellavit
1763 2894 1888 2934 eum
1919 2878 2124 2935 Israel:

480 3005 486 3016 .
537 2964 770 3034 mystice
812 2967 1108 3039 designans
1151 2972 1296 3041 quod
1332 2972 1671 3042 spiritalibus
1709 2980 1918 3027 tantum
1962 2973 2135 3029 oculis

535 3054 720 3112 videre
765 3058 1026 3116 debemus
1073 3078 1263 3118 verum
1309 3063 1462 3118 illum
1513 3063 1855 3131 Nazaraeum,
1913 3066 1980 3121 de
2024 3081 2135 3136 quo

535 3145 684 3203 idem
725 3149 923 3207 ‘Jacob
971 3155 1280 3224 appellatus
1323 3164 1409 3212 est
1459 3155 1655 3224 Israel,
1713 3158 1766 3212 id
1812 3166 1896 3214 est
1953 3158 2132 3212 videns

537 3239 727 3298 Deum.
753 3241 878 3300 Haec
908 3255 992 3301 est
1019 3247 1110 3302 illa
1143 3248 1234 3302 lux
1273 3264 1372 3319 per
1411 3265 1577 3319 quam
1605 3249 1839 3317 Rachel,
1870 3267 1993 3321 qua:
2021 3252 2132 3306 ovis

483 3365 486 3368 ν
537 3333 772 3403 dicitur,
816 3337 1078 3394 illustrari
1128 3341 1355 3407 meruit,
1402 3341 1533 3396 dum
1580 3341 1722 3398 idola
1766 3341 1973 3409 Laban,
2011 3358 2134 3413 quae

535 3423 739 3482 furtive
763 3427 1022 3496 abstulit,
1065 3431 1310 3486 sedendo
1331 3432 1640 3504 cooperuit,
1671 3434 1900 3506 mystice
1927 3433 2134 3491 scilicet

537 3516 830 3577 instituens
865 3523 1012 3592 quod
1050 3533 1201 3580 veste
1230 3525 1503 3582 bonorum
1564 3541 1792 3597 operum
1836 3536 1890 3582 et
1914 3526 2132 3584 confes-

539 3611 694 3666 sione
741 3623 1094 3683 peccatorum
1136 3626 1318 3688 tegere
1361 3619 1622 3675 debemus
1669 3620 1815 3675 idola
1848 3621 2129 3678 vitiorum.

484 3737 488 3740 -
534 3698 662 3758 Haec
688 3712 774 3760 est
802 3706 892 3761 illa
926 3707 1018 3762 lux
1041 3724 1164 3778 qum
1193 3725 1290 3779 per
1313 3711 1556 3782 mysterii
1597 3712 1856 3767 salutaris
1912 3713 2132 3767 intelle-

531 3803 686 3854 ctum
722 3797 834 3857 Lia:
853 3809 909 3856 et
938 3800 1189 3858 Rachelis
1220 3803 1513 3859 illustravit
1537 3814 1818 3876 aspectum
1847 3824 1858 3859 :
1891 3805 2134 3860 maxime

537 3905 663 3945 cum
689 3891 794 3948 hoc
822 3893 982 3949 nobis
1012 3894 1206 3950 innuat
1245 3897 1512 3968 lippitudo
1542 3897 1682 3965 Lize,
1711 3908 1764 3953 et
1785 3899 2134 3969 pulchritudo

467 4027 472 4034 .
537 3977 822 4049 Rachelis,
867 3993 928 4039 ut
971 4001 1096 4039 cum
1125 4001 1234 4040 una
1262 3987 1577 4045 laboremus
1603 3989 1659 4044 in
1686 3989 1879 4057 terris,
1923 3997 2134 4045 etcum

536 4070 645 4126 alia
671 4072 1025 4141 quiescamus
1067 4075 1122 4130 in
1160 4077 1334 4132 ceelis.
1367 4076 1492 4134 Haec
1531 4087 1615 4134 est
1641 4079 1730 4133 illa
1753 4079 1844 4133 lux
1875 4095 1997 4149 quae
2022 4095 2134 4134 uno

539 4163 704 4218 modo
732 4163 1000 4221 Martham
1026 4176 1082 4223 et
1119 4167 1302 4237 Liam,
1347 4169 1455 4226 alio
1486 4187 1614 4226 vero
1655 4170 1948 4228 Rachelem
2011 4173 2135 4228 illu-

533 4255 729 4310 stravit
751 4265 804 4313 et
824 4256 1070 4326 Mariam,
1095 4269 1229 4316 utet
1248 4277 1350 4318 nos
1376 4262 1433 4317 in
1455 4263 1558 4319 hac
1579 4264 1686 4318 vita
1709 4265 1854 4320 circa
1878 4263 2135 4337 frequens

538 4346 906 4406 ministerium
939 4354 1239 4410 conditoris
1262 4364 1373 4410 tam
1401 4357 1643 4412 studiose
1667 4356 1981 4412 laboremus
2003 4373 2131 4411 cum

537 4436 748 4496 Martha
794 4453 850 4498 et
897 4444 1025 4514 Lia,
1075 4455 1136 4501 ut
1181 4447 1238 4502 in
1290 4449 1460 4504 altera
1516 4449 1621 4504 vita
1671 4451 2134 4519 contemplatione

2239 1944 2394 2016 prius
2425 1945 2558 1999 oriri
2602 1944 2808 2012 debuit,
2837 1946 2988 2016 prior
3016 1960 3242 2000 manum
3285 1945 3496 2012 eduxit;
3537 1961 3622 2016 per
3654 1948 3762 2016 quod

2239 2033 2490 2090 videlicet
2516 2033 2804 2091 Iudaicum
2831 2037 3095 2107 populum
3117 2036 3278 2092 nobis
3311 2036 3370 2090 in
3403 2037 3567 2107 ﬁgura
3593 2047 3764 2107 praeten-

2237 2125 2336 2194 dit,
2373 2127 2466 2197 qui
2494 2127 2652 2198 quasi
2698 2144 2923 2183 manum
2970 2127 3229 2198 praebuit,
3277 2127 3410 2182 dum
3449 2128 3513 2183 ad
3550 2128 3763 2199 implenda

2238 2227 2507 2290 praecepta
2547 2219 2860 2298 Conditoris
2902 2235 2961 2277 se
2997 2228 3366 2291 praeparatum
3409 2220 3638 2276 ostendit.
3673 2219 3764 2276 Hec

2238 2323 2322 2368 est
2345 2311 2434 2366 illa
2457 2313 2550 2367 lux
2594 2329 2717 2384 quae
2749 2314 3009 2369 eumdum
3039 2313 3236 2368 Zaram
3266 2327 3555 2384 parumper
3574 2312 3763 2368 illustra-

2238 2405 2336 2474 vit,
2359 2406 2490 2461 dum
2513 2407 2777 2462 obstetrix
2800 2423 2900 2463 sua
2922 2408 3209 2464 coccinum
3231 2406 3528 2462 Dominicae
3548 2407 3766 2477 passionis

2237 2505 2292 2552 et
2333 2497 2516 2553 crucis
2551 2498 2603 2553 ei
2653 2497 2858 2554 frustra
2881 2499 3104 2572 ligavit,
3158 2499 3289 2570 quia
3337 2499 3464 2555 dum
3510 2499 3767 2571 mysterium

2199 2581 2202 2584 ’
2237 2590 2382 2657 ﬁdei,
2409 2591 2556 2661 quod
2577 2591 2633 2646 in
2663 2593 2886 2649 coccino
2915 2593 2967 2649 ei
2988 2593 3240 2663 praebuit,
3267 2592 3513 2663 accipere
3532 2592 3768 2659 recusavit,

2238 2700 2462 2739 manum
2493 2700 2660 2756 quam
2684 2687 2752 2741 ad
2781 2685 2942 2741 ﬁdem
2970 2686 3214 2756 protulit,
3243 2685 3507 2741 continuo
3532 2684 3768 2740 revocavit.

2237 2777 2365 2835 llaac
2387 2788 2474 2835 est
2502 2780 2593 2835 illa
2619 2779 2747 2848 lux,
2782 2796 2905 2852 qua:
2928 2781 3104 2836 oculis
3127 2779 3250 2850 ejus
3272 2796 3341 2836 ex
3371 2788 3521 2850 parte
3545 2779 3768 2850 caligant,

2240 2873 2371 2928 dum
2411 2872 2571 2943 quasi
2596 2872 2665 2927 ad
2687 2873 2846 2928 ﬁdem
2870 2888 3094 2927 manum
3125 2871 3354 2938 extulit,
3387 2881 3441 2927 et
3461 2871 3525 2926 ad
3543 2870 3774 2925 inﬁdelita-

2237 2973 2346 3020 tem
2375 2965 2680 3032 revocavit,
2708 2965 2832 3020 illos
2873 2964 3082 3020 scilicet
3106 2962 3427 3036 signiﬁcans
3447 2964 3537 3035 qui
3557 2979 3641 3034 per
3658 2978 3772 3017 mor-

2238 3063 2344 3109 tem
2394 3055 2578 3110 crucis
2636 3070 2835 3111 manus
2889 3063 3145 3110 cruentas
3186 3055 3242 3110 in
3266 3055 3425 3110 illum
3478 3053 3774 3110 extenderunt

2237 3147 2302 3201 de
2323 3162 2432 3217 quo
2451 3148 2715 3218 scriptum
2744 3156 2827 3203 est
2849 3166 2861 3202 :
2890 3146 2958 3201 In
2981 3148 3198 3218 propria
3225 3149 3389 3215 venit,
3405 3155 3454 3202 et
3481 3149 3558 3201 sui
3583 3163 3682 3201 eam
3699 3161 3772 3197 non

2235 3238 2708 3310 receperunt(Joan
2728 3239 2789 3311 ι).
2815 3239 2941 3296 Haec
2965 3248 3048 3296 est
3069 3239 3159 3294 illa
3180 3239 3277 3294 lux
3307 3255 3430 3311 quae
3448 3238 3599 3294 etiam
3614 3235 3774 3292 unicui:

2235 3346 2343 3402 que
2369 3331 2494 3387 ﬁdei
2514 3331 2700 3387 lumen
2731 3347 2847 3387 sua:
2879 3331 3170 3388 charitatis
3202 3332 3470 3399 ostendit,
3491 3331 3577 3402 qui
3599 3343 3772 3385 manum

2237 3439 2395 3479 suam
2427 3424 2497 3479 ad
2526 3424 2872 3495 iniquitatem
2914 3439 3026 3479 non
3055 3425 3335 3480 extendit:
3389 3424 3537 3478 illum
3579 3421 3773 3477 videlicet

2237 3523 2399 3579 bonis
2421 3513 2681 3594 operibus
2717 3538 2932 3594 semper
2958 3523 3345 3594 exsequendo,
3370 3521 3465 3594 qui
3494 3521 3545 3575 in
3570 3533 3771 3575 remune-

2239 3619 2453 3674 ratione
2489 3627 2807 3674 sanctorum
2851 3619 3106 3674 extendet
3144 3633 3376 3673 manum
3408 3631 3559 3672 suam
3588 3614 3635 3669 in
3654 3612 3774 3667 retri-

2235 3710 2470 3766 buendo.
2522 3708 2650 3766 Haec
2692 3718 2776 3766 est
2809 3710 2899 3765 illa
2922 3711 3014 3766 lux
3046 3726 3168 3780 quae
3195 3710 3362 3764 nobis
3411 3708 3567 3764 etiam
3592 3703 3771 3775 singulis

2239 3802 2506 3858 illucescit
2535 3802 2756 3870 diebus,
2806 3802 2853 3857 si
2897 3818 3094 3858 manus
3134 3811 3360 3857 nostras
3399 3799 3465 3854 ad
3491 3797 3772 3868 iniquitatem

2235 3908 2347 3948 non
2396 3893 2784 3961 extendamus,
2853 3893 2948 3949 sed
3001 3893 3068 3948 ab
3133 3892 3428 3964 iniquitate
3480 3899 3772 3950 revocemus,

2236 3986 2497 4056 quoniam
2543 3986 2649 4041 hoc
2691 3986 3000 4056 exemplum
3045 3985 3207 4041 nobis
3256 3985 3314 4039 in
3358 3983 3537 4055 seipso
3574 3980 3772 4036 Salvator

2236 4078 2492 4146 ostendit,
2519 4077 2612 4149 qui
2636 4079 2689 4132 in
2719 4078 3079 4133 retributione
3107 4077 3385 4147 iustorum
3422 4089 3628 4131 manum
3655 4083 3773 4127 suam

2236 4187 2336 4242 pro
2362 4171 2608 4242 reprobis
2630 4171 2930 4238 contrahit,
2981 4179 3035 4225 et
3079 4186 3179 4241 pro
3209 4170 3379 4239 justis
3422 4161 3774 4224 extenditllaac

2236 4274 2321 4321 est
2373 4266 2463 4320 illa
2512 4265 2606 4318 lux
2651 4279 2774 4334 qua:
2821 4261 3021 4334 Joscph
3073 4263 3356 4333 quondam
3409 4276 3505 4331 per
3553 4256 3774 4315 somnium

2235 4361 2450 4416 volebat
2493 4361 2797 4426 illustrare,
2825 4359 2953 4414 dum
2982 4357 3294 4428 manipulos
3329 4356 3558 4412 fratrum
3592 4363 3769 4408 suorum

2237 4455 2572 4525 manipulum
2602 4469 2761 4509 suum
2788 4452 2926 4507 vidit
2959 4452 3219 4520 adorare,
3249 4449 3564 4522 significans
3591 4444 3772 4507 scilicet,

537 4535 720 4592 divina
743 4545 887 4596 “cum
931 4540 1167 4598 Rachele
1209 4543 1559 4614 perfruamur
1593 4555 1648 4600 et
1673 4543 1864 4599 Maria.
1895 4542 2024 4600 Hinc
2050 4553 2133 4601 est
2162 4562 2210 4622 ι)
2237 4549 2382 4617 quod
2435 4548 2524 4602 ille
2569 4564 2598 4601 a
2643 4546 2802 4601 nobis
2836 4545 3107 4600 bonorum
3140 4559 3369 4614 operum
3419 4556 3621 4610 semper
3653 4536 3775 4592 debet

536 4628 628 4685 illa
651 4629 746 4686 lux
768 4647 864 4702 per
887 4650 1053 4704 quam
1087 4639 1144 4690 in
1170 4635 1340 4704 Juda,
1383 4640 1477 4709 qui
1513 4639 1906 4708 interpretatur
1929 4638 2135 4708 confes-

460 4750 466 4754 -
535 4722 649 4789 sio,
692 4722 1021 4782 Christianae
1067 4727 1350 4799 religionis
1380 4739 1463 4784 est
1511 4731 1780 4785 illustrata
1828 4729 2127 4800 professio:

535 4816 798 4886 quoniam
852 4818 1096 4878 Ecclesia
1135 4821 1344 4877 Christi
1410 4823 1569 4878 bonis
1617 4840 1832 4894 semper
1871 4825 2130 4896 operibus

460 4927 464 4931 ί
535 4909 920 4969 conﬁtebimur
959 4913 1106 4983 Deo,
1154 4915 1221 4971 de
1261 4930 1375 4986 quo
1425 4918 1688 4988 scriptum
1735 4928 1852 4976 est:
1898 4921 2002 4987 Qui
2045 4937 2128 4976 me

535 5005 807 5076 confessus
835 5007 999 5078 fuerit
1036 5025 1218 5064 coram
1252 5009 1584 5079 hominibus,
1625 5014 1911 5083 conﬁtebor
1943 5025 1992 5069 et
2031 5032 2126 5087 ego

534 5113 656 5151 eum
695 5116 876 5155 coram
905 5101 1068 5157 Patre
1102 5119 1216 5157 meo
1241 5103 1460 5172 (Matth.
1485 5105 1563 5176 ι).
1606 5103 1732 5162 Hac
1771 5115 1854 5162 est
1880 5108 1970 5162 illa
2001 5108 2128 5176 lux,

537 5203 660 5257 quae
681 5188 908 5259 Judam,
936 5193 1032 5262 qui
1069 5193 1136 5248 ad
1180 5194 1483 5250 tondendas
1512 5211 1642 5252 oves
1672 5198 1950 5266 veniebat,
1999 5207 2128 5270 typo

539 5278 838 5339 Salvator-is
879 5285 1157 5340 illustrare
1197 5287 1440 5354 volebat,
1491 5289 1663 5359 quiin
1711 5305 1805 5345 ara
1851 5290 2030 5346 crucis
2057 5291 2124 5346 ad

537 5369 644 5425 hoc
695 5375 882 5444 quinis
937 5377 1110 5430 voluit
1167 5380 1443 5434 cruentari
1489 5380 1838 5447 vulneribus,
1888 5391 1947 5436 ut
1998 5397 2128 5438 oves

536 5475 755 5531 pascua:
774 5467 894 5536 ejus
923 5483 956 5522 a
983 5477 1332 5540 peccatorum
1364 5488 1591 5528 suorum
1624 5481 1809 5542 ροεεοι
1831 5488 2130 5529 exonerare

461 5597 466 5600 .
537 5554 852 5612 velleribus.
900 5557 1028 5615 Haec
1068 5570 1153 5617 est
1179 5562 1270 5618 illa
1313 5563 1408 5618 lux
1435 5580 1557 5635 quae
1598 5562 1753 5619 Judae
1794 5565 1861 5619 ad
1890 5565 2129 5622 Thamar

538 5648 805 5719 Spirltalis
853 5655 1114 5710 connubii
1158 5657 1436 5727 praebebat
1481 5657 1720 5725 aditum,
1772 5674 1928 5728 quae,
1983 5671 2132 5719 veste

537 5740 820 5802 viduitatis
847 5756 1039 5817 exuta,
1066 5763 1264 5804 nomen
1290 5749 1521 5803 mutavit
1549 5756 1604 5803 ct
1629 5749 1874 5805 habitum
1893 5793 1910 5818 ,
1936 5749 2131 5810 Judam

539 5834 751 5894 scilicet
773 5838 925 5895 illum
959 5841 1278 5912 significans
1317 5842 1412 5913 qui
1439 5842 1492 5898 in
1519 5857 1614 5898 ara
1639 5843 1821 5899 crucis
1845 5845 2133 5916 requirens

2241 4639 2458 4694 adorari
2493 4638 2819 4709 manipulis,
2869 4637 2963 4708 qui
3004 4648 3128 4707 post
3168 4635 3621 4690 resurrectionem
3656 4641 3773 4684 suam

2239 4731 2528 4788 manifeste
2572 4732 2746 4787 voluit
2789 4731 2906 4785 suis
2954 4746 3214 4801 apparere
3258 4728 3559 4799 discipulis.
3588 4723 3694 4778 Haec
3715 4727 3776 4774 est

2237 4821 2329 4875 illa
2362 4822 2454 4876 lux
2502 4836 2599 4891 per
2638 4837 2802 4892 quam
2853 4821 2995 4875 idem
3044 4818 3246 4890 Joscph
3301 4820 3413 4875 alio
3443 4818 3596 4875 modo
3620 4811 3778 4869 meruit

2230 4915 2565 4982 illuminari,
2613 4913 2742 4969 dum
2793 4930 2823 4969 a
2871 4914 3016 4982 sole,
3066 4913 3196 4968 luna
3236 4921 3289 4968 et
3332 4905 3777 4969 stellissevidebat

2239 5009 2501 5065 adorari:
2556 5007 2711 5062 illum
2748 5007 3000 5062 videlicet
3038 5007 3330 5078 designans
3372 5021 3533 5077 quem
3576 5006 3623 5058 in
3665 4998 3775 5063 sole.

2236 5101 2367 5156 luna
2402 5109 2456 5156 et
2500 5100 2706 5167 stellis,
2740 5099 2941 5170 quibus
2984 5098 3250 5170 ﬁguratur
3276 5099 3502 5153 claritas
3525 5097 3773 5167 iustorum.

2240 5195 2470 5250 adorare
2498 5193 2658 5249 debet
2699 5193 2881 5248 omnis
2927 5191 3169 5248 Ecclesia
3220 5200 3554 5246 sanctorum.
3590 5185 3692 5241 Haec
3711 5188 3777 5237 est

2237 5289 2327 5344 illa
2357 5290 2450 5343 lux
2499 5304 2621 5358 qua:
2641 5285 2842 5357 Joscph
2869 5287 3161 5342 illustravit
3200 5285 3303 5340 hac
3330 5285 3506 5356 gratia
3538 5276 3772 5350 singulari,

2239 5393 2301 5439 ut
2328 5384 2468 5438 inter
2504 5382 2642 5436 alios
2685 5380 2884 5435 fratres
2927 5381 3076 5436 solus
3119 5388 3364 5436 uteretur
3407 5378 3584 5433 tunica
3618 5369 3771 5426 talari:

2239 5477 2466 5550 mystice
2515 5489 2619 5530 nos
2663 5475 2946 5529 instruens
3001 5474 3147 5544 quod
3203 5473 3290 5527 ille
3335 5470 3626 5527 mercedem
3675 5459 3772 5517 boni

2239 5569 2421 5640 operis
2473 5568 2528 5622 in
2573 5577 2838 5622 aeternum
2879 5566 3132 5633 haberet,
3176 5566 3242 5621 de
3267 5581 3380 5636 quo
3412 5565 3657 5633 scriptum
3681 5563 3771 5611 est:

2238 5662 2344 5728 Qui
2392 5660 2798 5732 perseveraverit
2849 5676 3010 5730 usque
3071 5661 3128 5712 in
3159 5659 3342 5728 ﬁnem,
3391 5657 3477 5710 hic
3525 5653 3681 5708 salvus
3699 5644 3773 5700 erit

2235 5750 2455 5823 (Matth.
2485 5751 2563 5822 χ).
2595 5748 2722 5806 Haec
2748 5759 2834 5806 est
2865 5750 2955 5805 illa
2987 5750 3081 5804 lux
3113 5765 3208 5820 per
3247 5764 3414 5819 quam
3439 5743 3628 5815 Joscph
3675 5738 3770 5793 illu-

2236 5850 2464 5911 stratus,
2488 5843 2723 5914 propriae
2735 5844 2897 5912 ccepit
2925 5842 3218 5914 praevidere
3240 5840 3422 5910 saluti,
3445 5840 3568 5896 dum
3596 5831 3774 5907 pallium

2282 6005 2325 6013 ..-
