3960 6316
101 347 243 404 995

1099 407 1118 424 ο
1140 335 1270 393 LIB.
1313 335 1402 391 DE
1438 334 1794 394 MYSTERIO
1833 333 2018 395 LIGNI
2046 339 2374 401 DOMINICI.

3332 359 3440 420 99‘

110 480 313 522 suum
361 461 549 519 divisit
588 461 877 527 adulterae,
925 471 1048 530 quae
1087 471 1154 512 eo
1205 457 1347 511 male
1395 455 1568 510 voluit
1624 455 1740 523 uti,
1772 455 2097 528 Afrugibus
2124 460 2231 516 illis
2272 463 2536 520 virtutum
2582 480 2710 537 ager
2737 466 3060 527 fecundetur
3094 472 3435 547 animarum,

103 557 323 629 typice
353 553 563 611 scilicet
582 553 889 618 insinuans,
911 549 1058 620 quod
1079 558 1291 619 tegmen
1309 547 1500 619 legalis
1521 547 1734 615 litterae,

105 649 287 704 unde
316 647 495 703 Judzei
543 647 756 701 nullum
799 644 1002 699 habent
1043 641 1379 713 proﬁcuum,
1426 656 1523 711 per
1549 641 1737 696 lumen

105 740 448 796 divinitatis
496 738 656 794 nobis
703 737 864 794 debet
910 751 1032 791 esse
1079 733 1449 804 perspicuum.
1495 731 1622 790 Haec
1652 743 1739 790 est

110 834 224 888 illa
255 833 361 889 lux
386 848 483 904 per
502 847 668 903 quam
698 831 754 885 in
778 829 980 898 Joseph
1005 827 1294 884 emicantis
1322 827 1510 898 gratiae
1536 826 1738 897 duplex

109 926 345 981 enituit
376 924 587 980 fructus
605 965 620 991 ,
643 923 775 978 dum
803 922 859 976 in
890 935 1108 977 carcere
1134 919 1286 974 solus
1310 927 1395 975 est
1417 919 1652 987 missus,
1683 927 1739 975 et

113 1019 268 1074 inde
300 1018 456 1074 solus
484 1017 743 1072 eductus:
791 1030 887 1086 per
915 1014 1061 1086 quod
1099 1013 1348 1070 videlicet
1367 1014 1527 1070 nobis
1553 1030 1738 1072 resur-

111 1110 447 1166 rectionem
479 1109 598 1180 ejus
645 1108 701 1163 in
734 1107 906 1179 ﬁgura
939 1106 1171 1180 signavit
1211 1107 1335 1177 qui,
1382 1123 1673 1179 resurgens
1702 1123 1735 1164 a

114 1204 400 1271 mortuis,
426 1218 556 1259 suos
581 1218 649 1257 ex
675 1199 872 1256 inferni
894 1215 1112 1257 carcere
1137 1202 1517 1272 potentissime
1544 1201 1738 1256 libera-

111 1297 233 1352 vit.
285 1295 418 1352 Haec
470 1304 553 1352 est
593 1295 684 1350 illa
713 1298 808 1350 lux
831 1309 954 1365 quae
981 1293 1184 1364 Joseph
1217 1295 1446 1349 interna:
1471 1293 1736 1350 claritatis

114 1397 354 1446 tantam
403 1388 665 1460 aspiravit
710 1387 993 1444 scientiam
1020 1430 1035 1454 ,
1081 1396 1142 1442 ut
1181 1387 1366 1459 lingua
1423 1388 1543 1457 ejus
1596 1388 1738 1442 inter

113 1483 422 1554 principes
462 1483 778 1554 loqueretur
807 1481 1132 1553 sapientiam
1152 1524 1165 1551 ,
1219 1481 1440 1552 quando
1489 1481 1543 1535 in
1571 1481 1735 1536 domo

115 1573 449 1630 Pharaonis
475 1575 550 1630 illi
575 1575 868 1630 servitores
897 1575 1016 1645 ejus
1039 1573 1094 1628 in
1141 1574 1388 1644 cophino
1406 1573 1730 1629 servierunt.

118 1665 267 1724 Haec
293 1677 380 1724 est
422 1669 514 1723 illa
559 1669 652 1724 lux
693 1684 814 1739 quae
861 1668 1080 1724 divertit
1123 1668 1193 1722 ab
1224 1668 1484 1723 oneribus
1509 1668 1734 1723 dorsum

117 1762 296 1833 ejus:
370 1762 590 1832 quando
653 1778 749 1818 cor
798 1761 945 1817 illius
995 1760 1241 1830 ejusdem
1292 1760 1461 1816 divini
1507 1761 1733 1815 luminis

121 1852 406 1922 splendor
433 1851 714 1906 irradiavit
742 1851 983 1922 egregie,
1019 1866 1086 1906 ne
1111 1851 1166 1904 in
1193 1849 1402 1922 Egypto
1425 1851 1732 1907 tribulatio-

119 1945 220 1999 nis
254 1945 561 2000 carnalium
591 1944 903 2001 divitiarum
928 1951 1248 2014 gravaretur
1269 1959 1462 2009 onere,
1507 1944 1572 1998 de
1609 1945 1733 2014 qui-

117 2037 239 2094 bus
297 2038 566 2108 scriptum
615 2046 738 2094 est:
788 2037 1006 2091 Divitiae
1051 2037 1096 2091 si
1146 2037 1395 2106 afﬂuant,
1438 2037 1600 2092 nolite
1643 2054 1733 2092 cor

119 2147 398 2201 apponere
447 2129 621 2202 (Psal.
673 2129 807 2200 LXI).
855 2127 981 2184 Haec
1023 2136 1108 2182 est
1139 2128 1230 2183 illa
1261 2128 1352 2181 lux
1376 2143 1498 2198 quae
1530 2125 1732 2198 Joseph

119 2223 341 2278 divinis
371 2222 666 2278 illustravit
689 2222 929 2293 legibus,
978 2220 1109 2275 dum
1147 2235 1242 2290 per
1266 2228 1435 2274 totam
1462 2219 1731 2292 Egyptum

120 2314 386 2386 quintam
407 2322 614 2385 partem
657 2313 876 2385 frugum
911 2312 1179 2384 delegavit
1220 2312 1440 2382 regibus
1468 2330 1481 2366 :
1515 2312 1737 2384 signiﬁq

122 2423 268 2463 cans
299 2407 552 2462 videlicet
572 2407 718 2478 quod
744 2407 881 2477 ipse,
914 2406 1009 2475 qui
1031 2405 1460 2475 primogenitum
1486 2405 1731 2462 hominis

122 2499 378 2571 quinque
400 2500 548 2556 siclis
569 2498 779 2570 argenti
803 2497 997 2552 redimi
1015 2497 1262 2567 jubebat,
1285 2511 1383 2566 per
1405 2496 1729 2568 mysterium

123 2592 318 2648 crucis
343 2591 587 2662 quinque
612 2605 875 2647 sensuum
910 2597 1230 2644 nostrorum
1263 2588 1568 2643 custodiam
1601 2589 1727 2659 qui-

124 2685 217 2741 nis
233 2683 558 2739 vulneribus
581 2681 902 2738 redimebat.
929 2679 1054 2736 Hazc
1093 2687 1176 2735 est
1205 2679 1295 2733 illa
1321 2680 1414 2734 lux
1436 2695 1532 2750 per
1559 2695 1728 2750 quam

124 2776 276 2832 idem
297 2774 500 2847 Joseph
523 2774 783 2830 illustrari
809 2773 1029 2840 meruit,
1045 2771 1174 2827 dum
1198 2787 1298 2843 pro
1320 2771 1728 2843 dispensatione

125 2868 398 2926 frumenti
454 2869 650 2926 horrea
705 2867 851 2939 regis
903 2865 1144 2937 aperuit,
1197 2865 1375 2938 typice
1430 2866 1763 2937 designans.

123 2959 278 3029 quod
346 2958 576 3027 quilibet
641 2957 902 3028 praelatus
954 2971 1120 3027 super
1180 2954 1446 3010 familiam
1507 2954 1725 3013 Domini

123 3062 342 3108 tantam
381 3049 674 3108 habiturus
702 3060 787 3106 est
816 3066 1036 3118 curam,
1061 3058 1122 3105 ut
1145 3049 1236 3105 det
1266 3050 1374 3105 illis
1403 3051 1459 3104 in
1479 3058 1725 3122 tempore

125 3141 395 3212 spiritalis
427 3141 592 3201 tritici
633 3156 970 3197 mensuram.
1024 3139 1151 3196 Haec
1198 3147 1284 3194 est
1327 3139 1415 3194 illa
1454 3140 1543 3195 lux
1600 3157 1724 3212 qua:

127 3233 486 3288 interioribus
527 3234 702 3289 oculis
751 3234 872 3304 ejus
913 3233 1269 3304 spiritualiter
1311 3232 1540 3299 insedit,
1589 3235 1721 3304 dum

125 3325 416 3396 Benjamin
456 3325 612 3380 fratri
643 3342 744 3382 suo
792 3335 1065 3382 trecentos
1108 3335 1395 3396 argenteos
1438 3327 1616 3395 dedit,
1661 3337 1724 3384 ut

126 3431 261 3482 vos,
303 3415 648 3472 dilectissimi
676 3417 902 3485 fratres,
937 3417 993 3471 in
1024 3416 1229 3473 eisdem
1274 3418 1546 3488 argenteis
1584 3420 1721 3476 nihil

126 3508 278 3563 aliud
303 3508 604 3580 intelligere
628 3509 906 3577 debeatis,
951 3510 1058 3566 nisi
1100 3509 1421 3582 mysterium
1462 3511 1642 3568 crucis
1667 3522 1722 3569 et

126 3603 290 3658 ﬁdem
322 3611 525 3658 sanctas
560 3602 862 3660 Trinitatis.
890 3602 1018 3660 Haec
1049 3611 1133 3659 est
1181 3603 1273 3658 illa
1318 3605 1413 3660 lux
1459 3620 1581 3676 qua:
1624 3621 1719 3676 per

128 3705 406 3752 trecentos
430 3713 722 3766 numeros,
752 3699 846 3770 qui
887 3699 1237 3754 continentur
1264 3699 1320 3754 in
1355 3700 1532 3756 littera
1561 3701 1672 3756 Tau
1699 3743 1715 3770 ,

127 3789 359 3861 ﬁguram
395 3790 576 3846 crucis
605 3792 848 3864 quotidie
896 3793 1056 3848 nobis
1101 3793 1341 3848 ostendit
1381 3793 1435 3848 in
1480 3794 1717 3867 imagine

125 3881 296 3949 Jesu,
351 3883 666 3956 signiﬁcans
709 3885 916 3940 scilicet
965 3886 1112 3956 quod
1170 3901 1267 3941 cor
1341 3894 1590 3941 nostrum
1659 3887 1714 3942 in

130 3975 362 4032 Domino
405 3992 470 4032 eo
519 3977 682 4034 altius
724 3994 846 4034 esse
893 3979 1053 4034 debet
1092 3979 1372 4045 innixum,
1423 3997 1534 4050 quo
1578 3980 1715 4036 nihil

127 4068 270 4123 scire
333 4068 626 4137 debemus,
674 4069 780 4124 nisi
842 4067 1120 4125 Christum
1188 4069 1404 4138 Jesum,
1453 4080 1507 4126 et
1569 4072 1715 4129 hunc

129 4162 472 4216 cruciﬁxum.
505 4159 631 4216 Harc
655 4169 738 4216 est
778 4161 869 4216 illa
895 4161 988 4218 lux
1017 4179 1139 4233 qua:
1182 4163 1396 4219 duobus
1441 4163 1549 4219 illis
1579 4165 1713 4221 viris

130 4254 470 4324 inzequaliter
494 4253 701 4320 illuxit,
733 4269 873 4324 quos
902 4253 1116 4309 Pharao
1145 4254 1212 4310 de
1241 4271 1459 4311 carcere
1485 4256 1712 4326 captivi-

131 4347 256 4402 tatis
302 4347 639 4417 inaequaliter
683 4347 902 4415 eduxit,
958 4347 1135 4419 typice
1199 4348 1357 4404 nobis
1422 4348 1710 4406 insinuans

129 4440 273 4511 quod
300 4440 515 4510 gentilis
540 4456 602 4496 ac
625 4438 887 4497 Judaicus
916 4441 1148 4511 populus
1169 4441 1367 4496 divina:
1389 4456 1709 4498 remunera-

1839 548 1906 603 de
1927 550 2127 620 quibus
2153 553 2385 611 dicitur:
2417 557 2640 613 Honora
2667 559 2954 618 Dominum
2977 563 3043 620 de
3072 573 3164 620 tua
3188 568 3435 625 substet.-

1841 639 1918 693 tia
1939 681 1954 707 ,
1999 651 2048 694 et
2078 642 2142 696 de
2161 645 2416 714 primitiis
2447 647 2660 718 frugum
2705 659 2918 705 tuarum
2966 653 3146 722 (Prov.
3175 657 3279 727 ιιι).
3313 656 3439 717 Htec

1838 741 1924 786 est
1945 732 2034 786 illa
2056 732 2149 788 lux
2190 751 2314 805 quae
2363 735 2650 794 Manassen
2697 751 2752 796 et
2791 741 3049 813 Ephraim
3075 747 3277 817 duplici
3319 765 3441 822 my-

1839 823 2006 881 sterio
2049 825 2323 884 illustrare
2355 830 2594 900 volebat,
2640 832 2772 888 dum
2813 833 3012 906 Joseph
3053 848 3207 907 pater
3244 856 3438 899 corum

1838 930 1936 986 pro
1962 915 2346 975 benedictione
2367 918 2538 976 Jacob
2567 939 2740 978 unum
2782 925 2850 980 ad
2882 925 3129 982 dextram
3149 971 3164 996 ,
3189 940 3244 985 et
3265 931 3436 988 alium

1839 1005 1906 1060 ad
1953 1006 2235 1064 sinistram
2308 1012 2585 1081 ponebat,
2655 1015 2834 1088 typice
2903 1018 3242 1090 signiﬁcans,
3287 1025 3438 1093 quod

1840 1099 2090 1155 eamdem
2146 1103 2377 1172 ﬁguram
2434 1105 2653 1177 utrique
2725 1107 3032 1166 habuerant
3092 1112 3149 1167 in
3217 1111 3438 1171 Christo

1837 1185 1968 1246 Jesu
2047 1207 2214 1262 quam
2286 1195 2506 1264 gentilis
2563 1211 2629 1252 ac
2692 1195 2954 1255 Judaicus
3005 1201 3240 1272 populus
3283 1203 3440 1274 prius

1839 1278 2030 1336 habuit
2090 1281 2144 1336 in
2193 1280 2362 1338 Jacob
2418 1292 2473 1340 et
2512 1283 2679 1341 Esau.
2736 1285 2864 1344 Haec
2903 1296 2991 1343 est
3041 1290 3132 1344 illa
3175 1291 3268 1346 lux
3316 1308 3440 1361 quae

1838 1371 1896 1428 in
1962 1373 2216 1429 manibus
2270 1372 2438 1430 Jacob
2487 1378 2804 1449 mysterium
2851 1380 3032 1435 crucis
3082 1383 3435 1454 praaﬁgurare

1837 1466 2084 1534 volebat,
2150 1483 2276 1522 cum
2354 1467 2556 1528 minori
2620 1470 2906 1540 dextram,
2966 1481 3021 1528 et
3091 1473 3289 1545 majori
3361 1476 3439 1532 si-

1836 1560 2067 1615 nistram
2108 1575 2478 1633 superponere
2519 1564 2747 1632 solebat,
2777 1566 3005 1638 mystice
3029 1582 3131 1624 nos
3155 1569 3436 1630 instruens

1838 1662 1898 1706 ut
1945 1653 2000 1706 in
2044 1653 2147 1710 hac
2175 1653 2515 1712 derivatione
2549 1672 2816 1712 manuum
2860 1658 2997 1713 nihil
3031 1660 3181 1716 aliud
3210 1661 3436 1720 sinistra

1837 1743 2173 1816 intelligatur
2216 1756 2311 1800 aut
2341 1746 2556 1816 dextra,
2606 1748 2712 1804 nisi
2762 1749 2910 1820 quod
2959 1766 3056 1821 per
3104 1753 3433 1825 mysterium

1835 1836 2016 1891 crucis
2057 1837 2171 1908 jam
2218 1840 2456 1910 populus
2501 1857 2644 1896 unus
2675 1841 2842 1897 estin
2875 1841 3142 1914 Ecclesia,
3193 1854 3249 1902 et
3289 1848 3433 1905 alius

1833 1936 2006 1983 extra.
2051 1927 2178 1984 Haec
2207 1940 2291 1986 est
2333 1931 2423 1987 illa
2472 1933 2566 1988 lux
2610 1950 2734 2005 quae
2781 1951 2895 1992 uno
2943 1938 3106 1994 modo
3133 1941 3433 2011 seniorem,

1834 2020 1942 2074 alio
1971 2028 2152 2076 autem
2183 2023 2355 2078 voluit
2383 2025 2657 2081 illustrare
2671 2027 2971 2098 juniorem,
2994 2037 3056 2086 ut
3082 2031 3139 2086 in
3171 2030 3431 2102 Ephraim

1833 2120 1886 2166 et
1938 2111 2190 2170 Manasse
2231 2116 2299 2171 ad
2344 2117 2596 2172 eumdem
2631 2119 2856 2176 modum
2901 2123 3087 2178 senior
3141 2125 3434 2182 inserviret

1833 2208 2054 2277 minori,
2116 2226 2226 2281 quo
2284 2211 2339 2266 in
2397 2211 2542 2269 Esau
2598 2224 2653 2271 et
2701 2205 3107 2292 Jacob'major
3143 2223 3429 2281 videbatur

1834 2301 2039 2356 servire
2068 2303 2287 2358 minori.
2314 2302 2440 2362 Ηεεε
2467 2315 2554 2363 est
2573 2309 2664 2364 illa
2688 2310 2783 2366 lux
2805 2327 2929 2383 quae
2946 2314 3138 2370 eodem
3163 2319 3428 2390 mysterio

1833 2392 2180 2464 aliquatenus
2210 2396 2502 2453 illustravit
2550 2399 2765 2471 Ruben,
2802 2419 2912 2475 quo
2949 2407 3107 2476 prius
3149 2407 3431 2467 illustrare

1831 2485 2010 2538 noluit
2062 2484 2205 2542 Esau
2263 2498 2316 2543 et
2372 2488 2696 2563 Manassen,
2757 2495 2889 2550 dum
2944 2513 3041 2568 per
3099 2501 3429 2561 ineffabilem

1832 2577 2073 2634 caelestis
2106 2579 2408 2651 disciplinae
2436 2599 2726 2641 censuram
2753 2597 2984 2660 uterque
3011 2606 3202 2648 eorum
3227 2595 3429 2665 prioris

1830 2668 2016 2737 populi
2038 2669 2322 2726 videbatur
2352 2673 2553 2730 habere
2600 2677 2850 2749 ﬁguram.
2901 2679 3028 2738 Haec
3079 2694 3164 2740 est
3207 2685 3297 2741 illa
3332 2687 3427 2743 lux

1830 2775 1928 2830 per
1957 2777 2121 2832 quam
2164 2762 2356 2820 Ruben
2398 2767 2815 2841 primogenitus,
2850 2783 2904 2829 et
2939 2775 3202 2834 fortitudo
3229 2781 3426 2851 patris,

1829 2853 2070 2922 peccatis
2108 2854 2228 2924 ejus
2276 2856 2638 2928 exigentibus,
2682 2878 2902 2933 ptenam
2951 2865 3053 2921 luit
3095 2869 3424 2942 iniquitatis,

1829 2943 1959 2999 dum
1998 2946 2190 3002 ordine
2235 2949 2504 3018 primatus
2549 2968 2736 3009 coram
2782 2964 2938 3027 patre
2983 2975 3086 3015 suo
3129 2977 3196 3017 eo
3241 2963 3426 3025 minus

1829 3042 2030 3097 meruit
2055 3043 2198 3098 inter
2227 3045 2364 3101 alios
2393 3045 2522 3114 frui,
2555 3065 2667 3120 quo
2697 3052 2856 3123 culpa
2897 3054 3244 3128 primogeniti
3265 3062 3424 3132 prin-

1829 3134 2032 3204 cipium
2062 3136 2218 3191 auxit
2254 3137 2461 3196 doloris
2505 3141 2610 3197 sui.
2655 3141 2784 3198 Haac
2809 3153 2893 3201 est
2935 3147 3026 3203 illa
3055 3148 3149 3205 lux
3194 3169 3317 3223 quae
3363 3155 3423 3212 in

1826 3226 2178 3284 interioribus
2230 3231 2406 3287 oculis
2460 3231 2652 3289 Ruben
2703 3237 2928 3294 omnino
2981 3241 3233 3313 caligavit
3289 3247 3421 3302 dum

1823 3321 2001 3376 cubile
2023 3323 2194 3393 patris
2217 3324 2302 3379 sui
2324 3327 2590 3395 ascendit,
2612 3337 2666 3384 et
2691 3338 2924 3386 stratum
2948 3333 3068 3403 ejus
3093 3337 3419 3396 maculavit:

1823 3414 2137 3484 signiﬁcans
2180 3416 2429 3474 videlicet
2453 3421 2600 3490 quod
2647 3420 2908 3482 Judaicus
2952 3430 3188 3499 pOpulus
3237 3432 3418 3489 cubile

1821 3508 1916 3564 Dei
1950 3509 2127 3567 Patris
2161 3513 2245 3566 sui
2281 3515 2588 3572 maculatus
2632 3519 2897 3588 ascendit,
2949 3521 3079 3577 dum
3127 3523 3182 3578 in
3222 3526 3421 3582 arbore

1820 3603 2001 3658 crucis
2029 3620 2228 3676 corpus
2265 3606 2386 3676 ejus
2421 3608 2588 3664 clavis
2623 3607 2816 3666 ferreis
2840 3613 3144 3684 suspendit.
3179 3612 3307 3672 H330
3333 3625 3420 3673 est

1818 3696 1907 3750 illa
1963 3697 2053 3750 lux
2107 3713 2228 3768 qua:
2276 3699 2452 3754 oculis
2501 3699 2693 3756 Ruben
2743 3703 2911 3759 nimis
2948 3713 3068 3760 erat
3103 3707 3414 3778 obscurata,

1817 3789 1948 3844 dum
1980 3805 2079 3860 pro
2109 3790 2331 3845 lascivia
2362 3792 2546 3848 nimiae
2573 3793 2867 3864 voluptatis
2895 3795 3102 3852 eﬁ‘usus
3143 3808 3229 3853 est
3269 3799 3418 3856 sicut

1817 3895 2215 3950 aqua:poenas
2251 3881 2460 3937 scilicet
2502 3884 2711 3954 peccati
2756 3899 2822 3939 eo
2866 3885 3042 3956 magis
3090 3886 3328 3944 luiturus
3356 3889 3414 3950 in

1816 3988 2046 4028 numero
2069 3972 2321 4042 fratrum,
2351 3991 2463 4046 quo
2489 3992 2548 4032 se
2576 3977 2925 4048 primogeniti
2955 3979 3131 4035 doluit
3159 3982 3415 4040 amisisse

1813 4067 2130 4136 primatum.
2164 4067 2290 4124 llaec
2311 4078 2396 4125 est
2423 4069 2513 4125 illa
2536 4070 2629 4125 lux
2660 4087 2783 4141 qua:
2807 4069 3022 4140 Ruben,
3053 4073 3141 4129 cui
3174 4075 3414 4147 dignitas

1813 4160 2165 4215 sacerdotalis
2185 4170 2237 4215 et
2255 4162 2402 4234 regia
2423 4162 2742 4221 debebatur.
2765 4163 2921 4220 radio
2943 4165 3203 4236 spiritalis
3225 4160 3414 4238 gratias

1811 4249 1995 4305 minus
2022 4251 2296 4307 illustrare
2328 4253 2634 4321 videbatur,
2682 4270 2808 4310 cum
2853 4255 3131 4312 effrenata:
3167 4259 3412 4316 libidinis

1810 4343 1981 4397 nimio
2003 4352 2260 4399 :estuaret
2287 4346 2577 4415 desiderio,
2621 4348 2716 4418 qui
2756 4359 2918 4404 antea
2958 4351 3110 4420 prior
3137 4352 3192 4405 in
3222 4352 3407 4420 donis,

1808 4442 1862 4489 ct
1907 4435 2083 4504 major
2110 4444 2229 4490 erat
2270 4437 2518 4508 imperio.
2569 4437 2695 4494 Hice
2723 4449 2807 4495 est
2848 4442 2938 4496 illa
2989 4443 3082 4496 lux
3123 4459 3218 4513 per
3243 4460 3410 4515 quam

131 4532 292 4588 tionis
345 4534 612 4604 inrequate
652 4533 830 4590 sortiti
873 4541 1002 4589 sunt
1043 4534 1366 4590 beneﬁcium
1389 4576 1404 4602 ,
1440 4535 1570 4590 dum
1616 4552 1714 4606 per
1744 4545 1788 4602 D
1816 4525 2036 4582 Simeon
2066 4536 2120 4583 οἱ
2147 4527 2297 4593 Levi.
2342 4546 2472 4585 vasa
2505 4531 2812 4602 iniquitatis
2841 4533 3119 4601 bellantia,
3151 4551 3251 4605 pro
3276 4552 3408 4607 ope-

131 4625 446 4698 mysterium
491 4627 673 4683 crucis
717 4643 860 4682 unus
900 4627 1218 4697 praemium,
1264 4636 1318 4683 et
1345 4628 1486 4684 alius
1508 4631 1712 4700 recepit

129 4718 473 4790 supplicium.
524 4717 654 4775 Haec
681 4727 766 4776 est
795 4720 886 4776 illa
917 4720 1010 4775 lux
1055 4735 1152 4791 per
1191 4736 1357 4791 quam
1403 4721 1530 4777 licet
1565 4739 1709 4780 unus

131 4827 314 4868 eorum
354 4810 422 4866 ad
462 4827 710 4882 poenam,
764 4812 905 4868 alius
949 4811 1273 4868 educeretur
1325 4813 1394 4868 ad
1441 4813 1705 4884 gloriam,

134 4904 342 4974 utrique
374 4911 556 4958 tamen
607 4901 906 4959 Dominica:
959 4901 1381 4958 resurrectionis
1427 4903 1708 4976 signavcre

132 4996 437 5063 victoriam,
482 4997 613 5052 dum
661 5013 770 5051 una
815 4997 1115 5066 eademque
1167 4996 1407 5052 caelestis
1456 4999 1707 5070 mysterii

133 5099 304 5157 so:tc,
349 5098 472 5161 post
513 5098 624 5146 tres
666 5090 782 5146 dies
828 5090 906 5152 illi
952 5089 1021 5146 de
1067 5105 1314 5158 carcere,
1358 5100 1412 5146 et
1457 5090 1707 5150 Christus

133 5182 362 5237 surrexit
406 5199 438 5238 a
479 5190 675 5238 morte.
709 5181 836 5238 Haec
863 5191 947 5239 est
987 5182 1079 5238 illa
1110 5183 1204 5239 lux
1229 5198 1329 5254 per
1348 5199 1516 5254 quam
1546 5186 1704 5242 nobis

134 5276 186 5330 in
228 5273 504 5339 Manasse,
553 5276 645 5346 qui
693 5275 884 5330 oblivio
915 5275 1151 5342 dicitur,
1178 5273 1439 5332 Iudaicus
1468 5277 1704 5347 populus

133 5367 320 5423 divinae
340 5369 629 5424 oblivionis
649 5369 855 5424 ultione
877 5367 1183 5439 subjicitur,
1207 5383 1296 5435 ne,
1320 5383 1352 5422 ο
1372 5366 1704 5437 Christiane,

134 5461 368 5531 exemplo
411 5461 586 5532 ipsius
635 5460 982 5517 obliviscaris
1015 5459 1318 5517 conditoris
1351 5461 1449 5529 tui,
1499 5461 1566 5518 de
1595 5477 1707 5533 quo

134 5555 381 5626 scriptum
436 5564 556 5610 est:
617 5553 825 5610 Oblitus
897 5562 974 5609 est
1033 5553 1249 5609 Domini
1317 5555 1568 5608 creatoris
1623 5555 1707 5608 sui

135 5645 304 5723 (Deut.
331 5647 525 5719 χχιιι).
555 5645 683 5704 Haec
709 5655 796 5704 est
823 5648 912 5703 illa
939 5648 1031 5704 lux
1060 5663 1158 5718 per
1198 5663 1364 5719 quam
1404 5647 1662 5718 Ephraim
1688 5690 1703 5716 ,

133 5741 224 5814 qui
275 5739 497 5812 frugifer
543 5740 957 5812 interpretatur,
1019 5739 1236 5811 gentilis
1300 5738 1484 5810 populi
1531 5755 1706 5811 usque

136 5834 287 5894 hodie
342 5832 647 5891 fecunditas
711 5834 1052 5903 illustratur,
1106 5835 1151 5890 si
1200 5842 1384 5889 tamen
1440 5833 1493 5888 in
1544 5834 1704 5889 nobis

1810 4621 1963 4676 ribus
1994 4622 2364 4692 tenebrarum,
2393 4623 2549 4694 quasi
2585 4623 2762 4679 sidera
2801 4625 3195 4682 obnubilantur
3217 4644 3410 4684 erran-

1810 4714 1905 4780 tia,
1949 4715 2077 4784 quia
2113 4714 2397 4787 indignum
2425 4711 2582 4771 valde
2617 4725 2783 4785 esset,
2816 4725 2876 4773 ut
2906 4734 2938 4774 a
2967 4719 3174 4784 ctelesti
3204 4721 3411 4776 lumine

1809 4809 2095 4864 interiores
2117 4824 2308 4864 eorum
2333 4810 2739 4867 illustrarentur
2754 4812 2920 4880 oculi,
2939 4828 3037 4884 per
3055 4830 3194 4885 quos
3217 4814 3411 4871 scribas

1809 4911 1863 4956 et
1893 4903 2206 4958 sacerdotes
2246 4901 2457 4959 Judaici
2488 4903 2820 4976 pragﬁgurati
2853 4915 2983 4962 sunt
3027 4907 3231 4979 populi.
3280 4905 3408 4964 Πιεο

1809 5002 1892 5048 est
1920 4993 2009 5047 illa
2055 4994 2148 5047 lux
2181 5011 2304 5064 qua:
2343 4994 2397 5048 in
2426 4995 2685 5052 cordibus
2715 5013 2907 5053 eorum
2949 4999 3132 5054 lumen
3163 4999 3410 5056 veritatis

1808 5083 1936 5140 fecit
1962 5080 2280 5168 Obscurum,
2307 5085 2400 5156 qui
2434 5086 2488 5140 in
2513 5085 2700 5144 furore
2726 5105 2828 5145 suo
2861 5091 3180 5146 occiderunt
3204 5091 3406 5158 virum,

1809 5185 1863 5232 et
1898 5179 1954 5232 in
1996 5177 2186 5234 dolore
2228 5195 2342 5242 suo.
2359 5179 2702 5238 suffoderunt
2742 5199 3003 5238 murum:
3036 5183 3407 5256 signiﬁcantes

1811 5271 2061 5327 videlicet
2083 5273 2229 5343 quod
2255 5273 2329 5328 illi
2353 5273 2518 5331 nimis
2543 5275 2612 5331 ab
2632 5285 2832 5332 reterna
2855 5275 3091 5347 elongati
3115 5283 3244 5332 sunt
3262 5276 3403 5343 luce,

1810 5364 1902 5436 qui
1926 5379 2126 5436 corpus
2171 5364 2388 5422 Domini
2438 5368 2828 5424 cruciﬁxerunt
2877 5367 3064 5435 clavis,
3114 5366 3302 5422 lancea
3351 5373 3408 5421 ct

1811 5474 1992 5514 cruce.
2020 5457 2147 5516 Haec
2174 5469 2259 5516 est
2287 5460 2378 5517 illa
2418 5462 2512 5518 lux
2559 5477 2681 5534 qua:
2726 5477 2837 5516 uno
2886 5461 3050 5515 modo
3078 5458 3248 5516 Jacob
3277 5458 3404 5513 illu-

1812 5552 2005 5608 stravit
2034 5553 2090 5606 in
2114 5552 2322 5622 Bethel,
2361 5555 2470 5609 alio
2492 5570 2621 5609 vero
2651 5552 2872 5608 Simeon
2896 5560 2950 5607 et
2971 5551 3100 5608 Levi
3130 5551 3316 5608 divisit
3346 5549 3403 5606 in

1806 5644 1995 5712 Jacob,
2041 5653 2096 5700 ct
2136 5645 2394 5717 dispersit
2419 5646 2474 5701 in
2516 5645 2722 5701 Israel:
2773 5645 3034 5715 quoniam
3065 5644 3138 5701 ibi
3164 5660 3259 5715 pes
3281 5627 3405 5715 ejus

1808 5739 1875 5793 ad
1906 5739 2097 5809 pedem
2141 5740 2289 5795 illam
2321 5756 2428 5795 non
2463 5739 2698 5795 habebat
2724 5739 3204 5812 signiﬁcationem,
3233 5751 3404 5808 quam

1811 5832 1901 5888 hic
1926 5832 2124 5890 divisio
2156 5833 2318 5892 habet
2361 5833 2430 5890 ad
2472 5833 2889 5908 dispersionem.
2917 5830 3044 5890 Haec
3066 5838 3150 5890 est
3188 5829 3279 5886 illa
3305 5829 3404 5892 lux
