3960 6316
126 317 223 393 9'51

1093 332 1255 390 me.
1295 334 1385 391 DE
1421 331 1778 392 uvsmmo
1814 333 2003 392 LIGNl
2038 315 2368 394 neutrum.

3281 343 3388 403 998

123 452 230 520 lux,
250 465 363 524 qua:
383 449 626 508 Zabulon
645 435 742 522 per
763 449 962 508 divinze
987 424 1252 508 claritatis
1276 451 1569 509 illustravit
1592 470 1684 510 ra-
1709 458 1760 518 Α
1787 455 2500 524 praemonstratuenomine,
2532 457 2623 515 ubi
2639 437 2808 516 Jacob
2830 457 2933 516 sub
2977 459 3216 520 inferens
3241 484 3253 519 :
3282 463 3387 521 Sa-

121 544 418 613 dium,dum
438 545 496 599 in
519 534 698 599 littore
718 545 882 598 maris
895 544 1181 612 habitavit,
1194 553 1245 600 et
1261 547 1318 599 in
1338 547 1566 600 statione
1585 562 1685 601 na-

120 641 252 695 vium
266 637 460 712 (ibid):
477 638 793 712 signiﬁcans
808 639 1062 695 videlicet
1091 639 1366 710 quodipse
1387 638 1689 696 Ecclesiam

116 732 172 786 in
182 740 331 803 portu
346 730 547 803 quietis
565 739 781 787 aeternae
792 731 966 788 voluit
977 733 1245 789 collocare
1262 775 1276 799 ,
1290 733 1385 804 qui
1398 733 1452 788 in
1469 741 1692 804 aposto-

116 825 213 879 lica
257 825 635 896 praedicatione
676 825 912 880 extendit
953 824 1199 897 palmites
1239 843 1361 881 suos
1410 843 1572 899 usque
1619 827 1690 882 ad

115 933 255 970 mare
282 915 450 988 (Psal.
481 916 691 998 Lxrrx).
724 915 851 974 Haec
877 923 962 973 est
989 917 1082 973 illa
1111 917 1227 986 lux,
1263 933 1360 990 per
1385 934 1550 989 quam
1587 917 1691 974 Za-

112 1006 292 1074 bulon,
336 1006 428 1077 qui
480 1005 846 1060 habitaculum
901 1007 1236 1078 fortitudinis
1281 1007 1687 1078 interpretatur,

108 1101 265 1170 quasi
291 1100 341 1154 in
368 1101 567 1168 littore,
597 1101 774 1171 magis
807 1100 1069 1156 illustrari
1096 1101 1404 1169 videbatur,
1430 1102 1559 1158 dum
1588 1099 1692 1194 Ec:

69 1199 84 1212 ‘
105 1193 269 1248 clesia
291 1194 530 1264 gentium
568 1193 637 1248 ab
667 1194 786 1265 ipso
818 1195 1020 1249 meruit
1060 1193 1435 1250 fortitudinem
1486 1195 1690 1253 habere

103 1287 338 1355 virtutis,
367 1288 460 1357 qui
489 1301 588 1357 per
616 1287 936 1359 mysterium
969 1287 1151 1344 crucis
1193 1297 1410 1359 portum
1457 1290 1561 1345 sibi
1587 1306 1689 1346 vo-

103 1380 208 1435 luit
235 1379 605 1436 demonstrare
631 1379 842 1436 salutis.
881 1378 1010 1436 Haec
1036 1391 1121 1436 est
1143 1381 1234 1436 illa
1266 1382 1380 1449 lux,
1406 1398 1500 1453 per
1525 1399 1689 1454 quam

100 1475 368 1542 lssachar,
403 1474 498 1544 qui
541 1473 825 1530 dicebatur
874 1459 1057 1529 asinus
1107 1476 1282 1546 fortis,
1326 1491 1426 1546 pro
1468 1477 1692 1546 praemio

95 1565 228 1620 vitae
252 1565 484 1620 ctelestis
520 1579 660 1621 onus
692 1564 967 1634 abjecerat
996 1567 1210 1633 mortis,
1244 1567 1374 1621 dum
1415 1583 1482 1622 eo
1508 1572 1692 1624 minus

100 1673 234 1710 eum
263 1657 516 1728 gravabat
537 1655 729 1728 jugum
755 1653 974 1711 Domini
1002 1674 1180 1722 suave,
1203 1665 1251 1711 et
1280 1674 1412 1712 onus
1437 1659 1555 1728 ejus
1576 1659 1692 1713 leve

97 1747 292 1819 (Matii.
318 1750 469 1822 xxx),
495 1765 606 1821 quo
630 1766 872 1820 praesens
894 1731 1154 1808 saaculum
1177 1752 1225 1807 ei
1247 1761 1690 1807 momentaneum

1793 542 1965 599 lutare
1995 545 2216 617 (inquit)
2243 557 2391 602 tuum
2425 552 2753 621 exspectabo,
2787 553 3007 609 Domine
3038 554 3240 628 (ibid.),
3265 575 3383 631 my-

1793 635 1928 691 stice
1963 637 2172 693 scilicet
2205 640 2543 712 signiﬁcans,
2571 645 2716 714 quod
2739 659 2836 716 per
2871 648 3108 704 salutare
3129 650 3275 708 istud
3301 667 3384 708 re-

1794 729 2032 785 surectio
2055 730 2204 787 illius
2228 734 2575 802 apertissime
2604 736 2871 808 signatur,
2904 741 2998 810 qui
3019 738 3198 809 Jesus,
3226 743 3278 798 id
3303 752 3387 801 est

1793 820 2070 889 salutaris,
2114 823 2199 878 vel
2224 823 2368 879 salus
2402 824 2807 898 interpretatur.
2852 827 2978 886 Haec
3020 841 3104 888 est
3141 833 3231 890 illa
3270 835 3384 904 lux,

1794 927 1917 984 quae
1954 913 2113 970 nobis
2140 916 2304 971 etiam
2347 918 2402 973 in
2452 919 2567 976 Gad
2596 913 2917 992 spiritaliter
2944 929 3408 993 prtemonstravit-

1794 1002 1989 1072 Deum,
2036 1005 2129 1061 ubi
2167 1007 2518 1080 subiungitur
2561 1011 2720 1067 :Gad
2751 1015 3023 1068 accinctus
3050 1016 3389 1086 prteliabitur

1794 1101 1916 1148 ante
1944 1110 2063 1148 eum
2093 1095 2293 1169 (ibid.),
2319 1100 2508 1169 praelia
2533 1098 2742 1158 scilicet
2771 1104 2876 1160 hoc
2907 1104 3039 1160 illud
3066 1107 3386 1178 signiﬁcans

1794 1186 2063 1256 praelium,
2087 1190 2232 1259 quod
2262 1189 2517 1250 Christus
2552 1205 2744 1252 contra
2778 1197 3056 1255 diabolum
3096 1201 3388 1260 habiturus

1799 1287 1919 1333 erat
1939 1280 2038 1349 pro
2067 1281 2243 1337 salute
2272 1282 2534 1341 ﬁdelium.
2559 1286 2686 1345 Hinc
2711 1300 2794 1346 est
2815 1291 2905 1347 illa
2936 1293 3050 1370 lux,
3076 1311 3200 1366 quae
3227 1297 3388 1354 nobis

1796 1370 1851 1425 in
1873 1371 2062 1426 eodem
2087 1373 2223 1441 Gad,
2245 1377 2398 1433 verbi
2428 1381 2668 1438 caelestis
2691 1383 2934 1455 gladium
2962 1387 3111 1443 misit
3131 1405 3242 1459 quo
3265 1389 3390 1446 uni-

1795 1465 2009 1534 genitus
2040 1465 2136 1521 Dei
2160 1467 2332 1526 Filius
2369 1488 2568 1529 nurum
2615 1491 2645 1531 a
2670 1492 2854 1544 socru,
2879 1489 2929 1535 et
2960 1481 3131 1537 ﬁlium
3172 1500 3202 1538 a
3232 1492 3387 1556 patre

1795 1558 1998 1626 divisit,
2030 1563 2250 1630 quando
2280 1566 2507 1622 veniens
2533 1567 2588 1622 in
2617 1571 2904 1639 przesentis
2952 1573 3077 1630 vitae
3110 1577 3376 1647 stadium,

1799 1647 1923 1702 Non
1950 1651 2063 1704 veni
2090 1652 2310 1725 (inquit)
2332 1656 2389 1709 in
2433 1666 2628 1712 terram
2661 1676 2844 1730 pacem
2885 1664 3110 1732 mittere,
3143 1668 3232 1721 sed
3266 1667 3386 1740 gla-

1795 1743 1944 1796 dium
1975 1743 2197 1816 (Matth.
2228 1748 2305 1816 x),
2339 1746 2465 1804 Haec
2496 1758 2577 1806 est
2615 1751 2705 1806 illa
2747 1753 2859 1821 lux,
2893 1771 2991 1826 per
3031 1773 3195 1828 quam
3234 1760 3288 1814 in
3320 1761 3384 1816 ﬁ-

93 1841 396 1909 videbatur,
409 1843 608 1898 etleve.
636 1842 760 1903 Haec
775 1853 857 1900 est
878 1845 968 1900 illa
992 1843 1082 1900 lux
1099 1861 1196 1915 per
1221 1860 1384 1915 quam
1413 1844 1683 1912 lssachar,
1721 1839 1765 1894 B
1791 1851 1925 1906 gura
1949 1835 2063 1892 Gad
2089 1838 2346 1895 illustrati
2367 1840 2584 1898 fuerant
2607 1845 2686 1899 illi
2708 1846 3386 1924 bellatoresinvictissimi,

89 1933 194 2003 qui
220 1949 407 1988 merces
429 1933 1024 2006 videturinterpretari,
1059 1953 1181 1991 cum
1206 1937 1389 2008 gentili
1405 1936 1606 2007 populo
1630 1937 1693 1990 ﬁ-

89 2026 185 2081 dei
210 2028 479 2083 mercibus
511 2025 625 2081 Deo
648 2023 786 2084 solet
823 2029 942 2085 sine
982 2030 1388 2085 intermissione
1411 2029 1687 2098 famulari,
1742 2068 1745 2072 ι

88 2119 272 2190 typice
306 2135 404 2176 nos
447 2121 747 2189 instruens,
782 2123 927 2192 quod
958 2122 1099 2177 inter
1135 2113 1362 2195 gentiles
1383 2138 1447 2178 ac
1472 2122 1691 2179 Judaeos

85 2227 288 2282 magna
312 2223 560 2268 versatur
581 2213 866 2280 discretio;
891 2207 1143 2285 quamvis
1169 2216 1346 2285 plures
1368 2231 1435 2271 ex
1456 2223 1690 2286 utroque

84 2305 294 2375 populo
320 2303 594 2362 Dominici
623 2307 905 2377 sanguinis
927 2307 1150 2362 mercati
1175 2315 1304 2362 sunt
1333 2308 1526 2378 pretio.
1563 2307 1688 2363 Haec

91 2404 190 2453 est
227 2397 314 2452 illa
346 2397 461 2464 lux,
498 2412 621 2468 quae
647 2400 900 2454 eumdem
928 2398 1199 2466 lssachar,
1230 2399 1281 2454 id
1313 2408 1396 2454 est
1422 2399 1677 2470 gentilem

80 2489 374 2560 pepulum,
403 2490 583 2545 adhuc
616 2491 772 2545 aliter
803 2491 1116 2557 illustravit,
1147 2491 1277 2546 dum
1320 2491 1460 2545 inter
1490 2491 1685 2546 termi-

83 2595 194 2635 nos
254 2590 466 2636 zeterna:
511 2575 786 2636 felicitatis
816 2581 1112 2646 accubans,
1167 2589 1369 2635 terram
1417 2573 1677 2651 optimam

80 2671 322 2726 humero
376 2672 635 2741 portavit,
681 2671 998 2744 signiﬁcans
1036 2673 1287 2728 videlicet
1329 2673 1474 2743 quod
1502 2661 1714 2727 omni?

80 2773 283 2834 potens
311 2761 455 2820 Deus
483 2765 694 2820 nullum
719 2766 773 2820 in
806 2766 912 2821 ﬁne
940 2765 1146 2832 saeculi,
1177 2766 1301 2820 vita:
1331 2767 1570 2821 caelestis
1597 2781 1686 2822 re-

81 2856 470 2911 muneratione
529 2865 775 2925 coronat,
814 2859 922 2914 nisi
952 2860 1106 2929 prius
1135 2859 1224 2914 hic
1265 2858 1333 2914 ad
1362 2859 1683 2929 portandam

83 2946 323 3016 justitiae
351 2949 622 3004 sarcinam
646 2949 803 3006 bonae
825 2952 1056 3007 actionis
1076 2944 1368 3006 humerum
1393 2960 1681 3021 supponat.

87 3037 223 3094 Haec
251 3049 334 3095 est
357 3039 445 3094 illa
479 3041 595 3107 lux,
637 3055 735 3112 per
775 3058 938 3113 quam
994 3041 1162 3098 Jacob
1212 3040 1522 3097 futurorum
1556 3043 1684 3097 illu-

81 3141 300 3189 stratus
329 3134 556 3189 scientia
587 3154 598 3189 :
627 3131 778 3203 Fiat,
801 3136 1000 3207 inquit,
1029 3135 1150 3190 Dan
1170 3135 1451 3190 coluberin
1473 3137 1683 3203 via,ce-

81 3233 262 3279 rastcs
291 3225 348 3278 in
387 3227 578 3281 semita
620 3226 774 3295 (Gen.
806 3227 997 3301 xux);
1033 3227 1431 3284 Antichristum
1479 3228 1686 3283 scilicet

83 3315 433 3386 signiﬁcans,
473 3316 568 3388 qui
599 3327 788 3373 contra
823 3320 1024 3376 electos
1051 3319 1144 3375 Dei
1184 3319 1384 3391 duplici
1439 3320 1685 3392 quando-

77 3417 196 3477 que
229 3406 390 3462 debet
428 3408 621 3465 saevire
650 3404 944 3479 dementia,
984 3411 1115 3466 dum
1153 3421 1208 3466 et
1251 3412 1472 3467 coluber
1495 3427 1561 3466 ex
1595 3426 1685 3466 as-

77 3499 249 3566 tutia,
293 3508 348 3555 et
391 3510 634 3559 cerastes
677 3511 906 3560 vocatur
971 3519 1035 3560 ex
1102 3506 1363 3575 potentia.
1412 3503 1538 3560 Hrec
1603 3514 1686 3561 est

77 3592 176 3646 illa
208 3590 326 3659 lux,
369 3608 492 3664 quas
533 3609 635 3651 nos
681 3595 847 3651 etiam
883 3611 1006 3652 cum
1031 3595 1200 3652 Jacob
1220 3613 1316 3668 per
1345 3597 1685 3668 spiritualem

80 3686 331 3740 illustrat
379 3686 692 3758 allegoriam
720 3731 734 3756 ,
788 3689 918 3744 dum
969 3690 1024 3744 in
1080 3690 1272 3746 eodem
1307 3689 1420 3745 Dan
1487 3691 1688 3747 arctio-

79 3793 203 3833 rem
261 3777 420 3834 nobis
471 3781 810 3838 demonstrat
855 3785 1106 3839 semitam
1155 3800 1276 3840 esse
1319 3801 1482 3855 quam
1516 3785 1683 3853 viam,

77 3886 155 3926 ne
215 3886 318 3942 pro
368 3881 521 3926 arcta
567 3882 619 3927 et
661 3884 889 3946 angusta
942 3879 1049 3943 via,
1085 3894 1201 3948 qua:
1237 3878 1384 3932 ducit
1423 3879 1492 3932 ad
1521 3881 1687 3932 vitam

79 3961 290 4028 (Matii.
327 3961 451 4032 vn),
495 3964 640 4018 viam
672 3961 819 4020 illam
853 3963 1164 4037 quaéramus
1193 3969 1461 4036 latiorem,
1491 3971 1555 4024 de
1580 3985 1688 4040 qua

76 4053 361 4124 scriptum
383 4063 468 4110 est
496 4073 511 4110 :
548 4055 688 4111 Lata
707 4067 756 4112 et
786 4061 1024 4129 spatiosa
1052 4061 1134 4113 via
1168 4068 1265 4125 est,
1298 4077 1414 4132 quae
1444 4062 1590 4114 ducit
1621 4062 1689 4114 ad

73 4146 438 4216 perditionem
475 4146 676 4219 (ibid.).
731 4148 857 4206 Haec
901 4159 986 4206 est
1028 4151 1116 4205 illa
1170 4153 1287 4219 lux,
1343 4168 1466 4222 qua:
1513 4154 1688 4209 eidem

74 4237 201 4293 Dan
236 4238 406 4294 nimis
457 4240 742 4296 videbatur
782 4243 1089 4310 obscurari,
1116 4245 1244 4299 dum
1293 4245 1347 4298 in
1382 4247 1689 4316 aquilonari

70 4339 243 4401 parte
293 4346 546 4387 seorsum
603 4349 634 4388 a
675 4333 939 4390 fratribus
993 4336 1199 4390 solebat
1243 4343 1422 4391 castra
1459 4339 1687 4406 metari;

72 4420 235 4476 illius
263 4421 522 4478 videlicet
552 4439 649 4495 per
679 4425 786 4480 hoc
830 4426 1074 4481 imitatus
1114 4427 1406 4496 actionem,
1431 4429 1522 4499 qui
1556 4445 1689 4484 con-

1799 1927 1865 1981 de
1894 1927 2094 1996 quibus
2130 1927 2371 1986 Ecclesia
2419 1932 2475 1988 in
2506 1934 2748 1993 Canticis
2781 1955 2794 1992 :
2834 1937 3026 1996 Omnes
3059 1943 3280 2016 (inquit)
3310 1955 3384 2001 te-

1798 2027 1974 2072 nentes
2016 2019 2245 2090 gladios,
2283 2032 2335 2078 et
2379 2025 2449 2078 ad
2491 2025 2629 2080 bella
2677 2028 2974 2085 doctissimi
3006 2033 3188 2105 (Cant.
3228 2037 3387 2111 xxx),

1797 2111 2111 2182 signiﬁcans
2144 2115 2417 2184 videlicet,
2456 2120 2604 2189 quod
2635 2120 2710 2175 illi
2736 2121 2790 2177 in
2817 2115 3058 2180 Ecclesia
3095 2125 3189 2182 Dei
3227 2123 3390 2200 quasi

1795 2201 1965 2258 fortes
2028 2220 2096 2259 ex
2154 2205 2475 2264 fortissimis
2524 2209 2693 2266 Israel
2742 2227 2865 2270 esse
2917 2216 3237 2287 creduntur,
3291 2218 3386 2291 qui

1795 2303 1987 2350 contra
2035 2299 2275 2355 carnalis
2298 2302 2777 2371 concupiscentiae
2813 2304 2978 2362 luxus
3011 2309 3243 2379 spiritali
3275 2311 3388 2382 gla-

1794 2387 1886 2442 dio
1921 2389 2136 2459 semper
2178 2406 2486 2463 repugnare
2536 2394 2806 2451 nituntur.
2843 2395 2970 2455 Haec
3019 2409 3102 2456 est
3142 2401 3232 2456 illa
3273 2403 3386 2471 lux,

1791 2497 1889 2552 per
1927 2499 2092 2553 quam
2117 2499 2282 2542 verus
2313 2486 2402 2541 ille
2423 2486 2536 2542 Gad
2556 2489 2705 2544 verbi
2730 2491 2946 2548 celestis
2965 2492 3145 2564 gladio
3204 2489 3388 2551 accin-
3469 2487 3473 2490 ’

1792 2584 1914 2631 ctus
1950 2575 2269 2646 fortissime,
2300 2577 2365 2634 de
2387 2595 2498 2650 quo
2516 2581 2781 2652 scriptum
2803 2593 2886 2641 est
2915 2603 2929 2640 :
2959 2585 3244 2658 Accingere
3267 2587 3389 2658 gla—

1791 2674 1880 2728 dio
1905 2683 1994 2728 tuo
2021 2691 2176 2744 super
2205 2675 2378 2746 femur
2409 2684 2577 2746 tuum,
2610 2681 2969 2749 potentissime
3001 2683 3179 2755 (Psal.
3211 2682 3383 2755 κων),

1792 2767 2020 2839 mystice
2045 2767 2254 2822 scilicet
2306 2767 2616 2837 insinuans,
2646 2773 2793 2842 quod
2831 2789 2934 2830 nos
2968 2783 3247 2830 armatura
3290 2775 3390 2830 Dei

1789 2859 1994 2914 lumbos
2045 2859 2312 2915 mentium
2344 2877 2559 2933 semper
2606 2863 2869 2921 debemus
2905 2868 3239 2938 praacingere
3263 2911 3278 2936 ,
3329 2876 3391 2923 ut

1788 2952 2066 3021 possimus
2118 2953 2298 3007 omnia
2349 2953 2454 3008 tela
2521 2957 2828 3026 nequissimi
2854 2957 3008 3028 ignea
3057 2960 3390 3030 exstinguere

1793 3041 2008 3114 (Ephes.
2041 3046 2140 3113 vi).
2179 3043 2303 3100 Haec
2329 3053 2413 3101 est
2442 3046 2533 3100 illa
2572 3047 2686 3115 lux,
2720 3064 2843 3119 quae
2865 3049 3034 3104 etiam
3067 3049 3178 3106 Gad
3210 3050 3391 3107 verbis

1793 3134 2151 3205 sequentibus
2181 3136 2479 3192 illustravit
2512 3138 2694 3193 adhuc
2739 3138 2796 3192 in
2837 3139 3096 3208 obscuro,
3130 3142 3224 3197 ubi
3259 3142 3392 3197 sub-

1714 3201 1766 3260 C
1787 3201 2038 3299 jungitur
2071 3245 2084 3282 :
2121 3227 2243 3298 Ipse
2285 3230 2592 3302 accingetur
2632 3240 2920 3286 retrorsum
2957 3231 3046 3304 (ΙΙ
3079 3201 3257 3288 ΤΙιεδδ.
3295 3232 3380 3305 ιι),

1792 3317 1845 3372 id
1866 3317 2023 3372 estin
2051 3314 2239 3374 futuro
2287 3338 2300 3374 :
2333 3321 2650 3392 signiﬁcans
2685 3321 2936 3378 videlicet
2955 3323 3102 3392 quod
3128 3321 3386 3380 Christus

1790 3408 2190 3466 Antichristum
2257 3413 2584 3484 quandoque
2655 3414 2944 3470 interﬁciet
3009 3416 3205 3486 spiritu
3279 3417 3393 3474 oris

1792 3501 1900 3569 sui,
1937 3509 1998 3556 ut
2049 3503 2206 3559 electi
2244 3502 2341 3559 Dei
2390 3513 2594 3560 aeterna
2644 3505 2983 3562 beatitudine
3039 3521 3224 3563 secum
3264 3525 3393 3579 pos-

1796 3595 1908 3649 sint
1971 3596 2220 3652 securius
2285 3596 2416 3652 frui.
2470 3597 2598 3654 Haec
2656 3606 2740 3654 est
2787 3598 2878 3654 illa
2925 3599 3039 3668 lux,
3086 3615 3183 3670 per
3225 3617 3392 3671 quam

1792 3683 2099 3743 illustratus
2181 3696 2267 3744 est
2330 3687 2518 3756 Jacob,
2573 3689 2914 3760 patriarches
2961 3690 3232 3761 egregius,
3285 3685 3392 3746 ~ubi

1793 3783 1860 3837 de
1915 3783 2090 3837 altero
2147 3782 2258 3837 ﬁlio
2313 3783 2650 3853 subjungens
2709 3783 2916 3850 :Aser,
2950 3783 3146 3854 inquit,
3177 3784 3392 3855 pinguis

1792 3873 1945 3942 panis
1970 3873 2083 3942 ejus
2113 3871 2264 3943 (Gen.
2306 3873 2479 3944 xux),
2509 3889 2604 3944 per
2625 3873 2773 3944 quod
2808 3873 3079 3940 videlicet,
3132 3875 3290 3945 panis
3321 3874 3388 3928 il—

1793 3964 1902 4018 lius
1946 3963 2332 4034 pinguedinem
2383 3963 2541 4018 nobis
2586 3964 2758 4034 ﬁgura
2830 3964 3139 4034 praetendit,
3179 3966 3245 4019 de
3282 3975 3393 4036 quo

1794 4055 2059 4126 scriptum
2094 4063 2217 4110 est:
2267 4054 2370 4110 Hic
2417 4065 2493 4110 est
2535 4057 2690 4126 panis
2739 4057 2882 4111 vivus
2925 4058 3015 4128 qui
3059 4057 3120 4111 de
3152 4054 3278 4112 ctelo
3309 4056 3397 4112 de-

1793 4147 1998 4202 scendit
2022 4145 2203 4218 (Joan.
2231 4147 2329 4219 v1).
2355 4146 2682 4204 Hrecestilla
2710 4147 2803 4204 lux
2825 4165 2922 4220 per
2943 4164 3108 4219 quam
3132 4149 3276 4205 idem
3296 4149 3393 4206 Ja-

1795 4239 1897 4294 cob
1921 4240 2121 4294 divinis
2162 4238 2342 4296 adhuc
2363 4240 2670 4296 illustratus
2703 4250 2788 4296 est
2815 4241 3047 4312 legibus,
3077 4242 3168 4297 ubi
3193 4242 3259 4297 de
3295 4255 3392 4299 eo-

1794 4333 1917 4387 dem
1948 4332 2085 4386 Aser
2125 4329 2494 4400 subinferens,
2532 4330 2819 4399 Prtebebit,
2845 4334 3042 4405 inquit,
3063 4334 3284 4390 delicias
3312 4352 3396 4391 re»

1773 4423 1945 4495 gibus
1967 4422 2182 4495 ,(ibid.),
2228 4439 2325 4493 per
2349 4423 2455 4479 hoc
2480 4425 2732 4481 videlicet
2755 4427 2876 4480 illos
2899 4427 3212 4498 signiﬁcans
3237 4441 3395 4500 reges

71 4521 166 4569 tra
192 4513 376 4570 Deum
404 4525 622 4574 erectus
651 4537 666 4571 :
698 4517 928 4596 Ponam,
967 4518 1162 4590 inquit,
1197 4519 1370 4573 sedem
1416 4536 1586 4574 meam
1621 4519 1691 4573 ad
1726 4555 1770 4608 Β
1795 4516 1890 4586 qui
1922 4530 1981 4571 se
2009 4516 2158 4586 ipsos
2184 4516 2322 4570 bene
2357 4517 2660 4572 secundum
2704 4517 2921 4572 divinas
2950 4519 3194 4574 r’exerint
3221 4519 3390 4590 leges.

70 4606 398 4678 aquilonem
427 4607 760 4682 (Isai.'x1v).
798 4609 926 4668 Haec
952 4621 1036 4669 est
1079 4612 1171 4668 illa
1213 4613 1327 4680 lux,
1382 4627 1478 4683 per
1519 4628 1685 4682 quam

68 4699 244 4755 electi
271 4699 373 4754 Dei
419 4703 746 4774 quandoque
789 4701 1117 4777 ungularum
1156 4705 1276 4776 ejus
1307 4712 1565 4775 Spernent
1595 4719 1688 4759 ve-

69 4796 248 4867 stigia
273 4796 455 4867 sequi,
490 4795 556 4853 de
584 4813 694 4868 quo
719 4797 888 4854 Jacob
928 4799 1031 4855 sub
1079 4797 1319 4854 inferens
1349 4817 1362 4852 :
1418 4796 1685 4864 Mordens,

67 4890 290 4960 inquit,
349 4891 576 4961 ungulas
635 4893 753 4964 equi
803 4891 954 4964 (Gen.
1013 4889 1182 4958 xux),
1217 4891 1344 4961 quia
1405 4890 1688 4961 indignum

66 4981 247 5036 valde
274 4989 366 5037 est
390 4990 448 5037 ut
464 4981 813 5038 Christianus
834 4983 904 5038 ab
924 4977 1262 5038 Antichristo
1294 4981 1436 5037 male
1469 4980 1686 5036 vivendi
1729 4999 1731 5001 ·

65 5076 408 5146 exemplum
437 5075 754 5148 sumat,-qui
780 5093 876 5148 per
899 5075 1218 5147 superbiam
1246 5083 1300 5130 et
1333 5060 1687 5151 ambitionem

66 5168 130 5222 in
164 5181 353 5224 cursu
376 5168 609 5225 labentis
631 5169 815 5225 saeculi
851 5169 1008 5241 quasi
1044 5183 1219 5240 equus
1275 5175 1509 5238 spumat.
1565 5165 1691 5224 llaec

64 5269 166 5318 est
198 5261 300 5317 illa
345 5261 459 5330 lux,
493 5277 616 5334 quae
657 5279 759 5320 nos
787 5263 952 5319 etiam
980 5261 1298 5335 poenitentia
1341 5269 1691 5334 peCcatorum
1731 5273 1733 5276 ‘

65 5355 348 5424 quotidie
371 5354 508 5410 solet
527 5355 802 5414 illustrare
827 5373 950 5413 cum
983 5356 1164 5424 Petro,
1188 5371 1258 5411 ne
1288 5355 1357 5411 ad
1381 5353 1692 5426 exemplum

67 5443 202 5502 Dan
239 5463 376 5503 cum
401 5455 695 5506 ascensore
717 5450 884 5525 hujus
917 5451 1063 5521 equi,
1090 5449 1143 5505 id
1175 5457 1258 5505 est
1284 5449 1520 5520 superbo
1549 5464 1690 5520 quo-

65 5543 226 5598 libet
238 5533 514 5600 cadamus
526 5553 693 5612 retro,
710 5545 945 5600 scientes
956 5544 1224 5612 videlicet,
1245 5551 1381 5616 quot
1401 5541 1478 5598 illi
1489 5541 1694 5598 solum-
1739 5556 1742 5560 ’

65 5635 263 5692 modo
298 5652 429 5692 cum
462 5637 622 5692 caecis
644 5636 974 5708 evangelicis
997 5637 1053 5692 in
1077 5637 1440 5708 praecipitium
1467 5635 1694 5701 vadunt,

67 5731 180 5803 qui
229 5745 368 5786 cum
400 5727 562 5786 Saule
590 5739 737 5786 retro
759 5743 811 5786 et
839 5745 948 5785 non
983 5731 1037 5785 in
1081 5729 1276 5786 faciem
1306 5730 1528 5787 cadunt.
1571 5725 1700 5784 Hac

67 5833 171 5881 est
201 5823 309 5880 illa
341 5822 436 5879 lux
451 5838 726 5898 perquam
756 5822 914 5880 nobis
931 5838 1163 5895 persona
1186 5823 1391 5895 Christi
1406 5836 1700 5895 suppresso

1798 4609 1923 4665 Haec
1946 4617 2028 4664 est
2050 4608 2139 4663 illa
2171 4609 2261 4663 lux
2287 4624 2383 4680 per
2412 4619 2577 4680 quam
2605 4609 2765 4678 Aser,
2799 4609 2894 4681 qui
2925 4610 3107 4666 beatus
3155 4613 3239 4668 vel
3268 4614 3393 4683 pin-

1797 4701 1912 4772 guis
1923 4701 2078 4771 panis
2091 4701 2636 4773 interpretatur,typo
2653 4695 2941 4757 salvatoris
2951 4701 3211 4757 illustrari
3225 4719 3397 4758 mere-

1796 4793 1980 4859 batur,
2009 4794 2139 4848 dum
2183 4794 2250 4849 ad
2292 4795 2612 4864 praebendas
2647 4793 2872 4850 delicias
2903 4794 3146 4866 regibus,
3171 4795 3394 4850 divitia—

1799 4885 2158 4941 rumillarum
2187 4885 2463 4942 dilabatur
2495 4885 2876 4954 aﬂluentia,de
2899 4888 3100 4958 quibus
3129 4881 3411 4956 scriptum‘

1794 4989 1896 5050 est,
1922 4981 2127 5036 divitia:
2159 4980 2352 5034 salutis
2378 4979 2642 5050 sapientia
2669 4988 2720 5034 et
2746 4981 2968 5034 scientia
2993 4978 3133 5051 (Isa.
3172 4977 3390 5047 χχχιιι).

1796 5072 1925 5129 llaec
1955 5081 2038 5128 est
2069 5073 2160 5126 illa
2198 5073 2294 5127 lux
2324 5085 2423 5142 per
2444 5087 2608 5143 quam
2640 5072 2801 5128 nobis
2826 5073 2883 5126 in
2903 5071 3253 5142 Nephthalim
3278 5083 3396 5125 ραι-κ

1797 5164 1951 5221 lestis
1973 5163 2300 5220 sacramenti
2333 5171 2610 5219 reseratur
2640 5164 2895 5238 abyssus,
2944 5163 3037 5218 ubi
3066 5162 3134 5217 de
3161 5177 3226 5216 eo
3266 5163 3393 5219 subs

1797 5257 2066 5329 jungitur,
2093 5254 2440 5328 Nephthalim
2476 5273 2655 5312 cervus
2688 5258 2912 5312 emissus
2943 5254 3096 5325 (Gen.
3121 5256 3296 5327 χιιι),
3319 5257 3386 5311 εἰς
3424 5273 3426 5276 ·

1801 5349 2066 5422 gniﬁcans
2094 5349 2347 5405 videlicet
2373 5349 2522 5421 quod
2560 5350 2823 5407 velocitas
2862 5349 3178 5420 apostolicae
3202 5349 3385 5420 praedio

1801 5439 2032 5500 cationis
2055 5443 2127 5498 ita
2159 5443 2390 5499 salutem
2412 5441 2745 5499 desideravit
2774 5443 3108 5508 animarum,
3140 5443 3401 5514 quemad-

1801 5539 2016 5593 modum
2050 5537 2320 5592 desiderat
2365 5551 2546 5592 ccrvus
2587 5538 2657 5592 ad
2697 5537 2866 5607 fontes
2913 5549 3174 5607 aquarum
3217 5535 3400 5607 (Psal.

1801 5633 1935 5702 xu).
1970 5629 2096 5686 Haec
2123 5639 2208 5686 est
2237 5631 2329 5686 illa
2370 5630 2464 5685 lux
2493 5643 2593 5700 per
2643 5643 2807 5700 quam
2839 5627 2983 5684 idem
3022 5623 3399 5703 Nephthalim,

1803 5726 1896 5799 qui
1927 5726 2156 5798 ﬁguram
2186 5725 2378 5781 habuit
2399 5725 2632 5780 cervinre
2660 5723 3015 5791 fortitudinis,
3041 5724 3255 5781 exteris
3279 5721 3401 5778 frau.

1803 5820 1982 5877 tribus
2011 5818 2158 5877 dedit
2206 5817 2424 5890 eloquia
2467 5817 2892 5889 pulchritudinis
2926 5817 3057 5875 dum
3085 5816 3394 5896 pulchritu.
