3960 6316
611 303 721 364 999

1531 293 1923 353 BERENGOSI
1955 291 2250 351 ABBATIS
2282 291 2340 349 S.
2378 289 2630 348 MAXIM!
2667 289 2946 348 TREVlR.

3689 302 3781 361 ιιω

611 422 739 480 dine
764 415 1003 476 calcatis
1027 414 1232 488 eloquii
1257 412 1695 486 praedicationem
1742 412 1902 476 nobis
1943 410 2195 482 praeﬁgu-
2222 415 2270 474 Λ
2299 425 2386 476 ne,
2401 410 2467 465 de
2484 423 2594 481 quo
2614 409 2876 480 scriptum
2893 404 3006 464 est:
3030 407 3365 480 Adjutorium
3379 416 3781 490 Opportunitatibu,

610 511 754 567 ravit
782 509 1001 564 illorum
1048 508 1116 563 de
1162 507 1362 578 quibus
1407 505 1669 575 scriptum
1719 513 1840 558 est:
1895 500 1963 555 In
1998 519 2203 557 omnem

610 611 808 656 terram
833 600 994 654 exivit
1021 615 1181 654 sonus
1209 615 1393 652 eorum
1418 597 1596 669 (Psal.
1631 597 1810 666 ιγιιι).
1844 593 1968 650 Ηωο
1995 603 2080 651 est
2110 596 2202 650 illa

607 693 699 747 lux
725 709 820 763 per
847 707 1014 764 quam
1065 692 1121 746 in
1149 689 1519 762 Nephthalim,
1555 689 1650 760 qui
1692 688 2080 758 interpretatur
2116 687 2202 742 di-

606 783 821 849 latatio,
881 784 937 837 in
968 783 1254 840 latitudine
1305 782 1496 838 mundi
1524 781 1824 852 apostolica
1870 780 2037 850 ccepit
2064 780 2202 835 dila-

607 878 712 932 tari
748 876 1087 948 praedicatio,
1131 892 1227 948 per
1263 891 1430 948 quam
1477 875 1644 930 corda
1667 873 1909 930 ﬁdelium
1932 888 2106 943 usque
2131 873 2200 929 ad

607 970 861 1025 ultimum
910 971 1141 1026 electum
1190 969 1435 1040 quotidie
1466 968 1763 1022 dilatantur
1795 967 1862 1022 ad
1905 966 2097 1033 Deum,
2129 965 2196 1022 ad

609 1076 775 1133 quem
798 1061 1302 1133 Psalmographus:
1347 1058 1523 1126 Viam,
1572 1058 1769 1130 inquit,
1823 1059 2198 1112 mandatorum

608 1160 819 1206 tuorum
843 1152 1076 1218 cucurri,
1093 1167 1212 1204 cum
1232 1149 1480 1204 dilatasti
1501 1165 1592 1202 cor
1605 1164 1774 1203 meum
1789 1148 1964 1219 (Psal.
1983 1148 2194 1218 cxvru).

500 1249 507 1256 '
607 1238 735 1296 Haec
760 1250 847 1296 est
872 1241 963 1295 illa
994 1240 1089 1296 lux
1114 1255 1212 1312 per
1237 1255 1404 1310 quam
1447 1237 1617 1295 Iacob
1645 1238 1749 1295 sibi
1782 1239 1981 1294 ardens
2011 1248 2066 1294 et
2093 1254 2196 1294 no-

605 1332 692 1388 bis
717 1333 1022 1400 lucescens,
1051 1334 1119 1389 de
1143 1331 1345 1404 Ioseph
1371 1333 1727 1404 ingeminavit
1759 1333 1945 1388 dicens
1971 1351 1985 1388 :
2020 1332 2196 1388 Filius

604 1441 904 1481 accrescens
925 1425 1143 1498 Ioseph,
1175 1426 1320 1496 ﬁlius
1345 1442 1646 1480 accrescens
1690 1424 1842 1497 (Gen.
1886 1425 2079 1498 xux);
2114 1435 2197 1498 ty-

603 1517 723 1588 pice
745 1519 954 1576 scilicet
977 1518 1275 1590 designans
1302 1518 1450 1589 quod
1475 1535 1571 1589 per
1615 1519 1762 1573 hunc
1784 1534 2014 1589 puerum
2041 1518 2195 1588 pueri

603 1610 752 1666 illius
795 1611 1246 1684 praeﬁgurabatur
1294 1611 1537 1682 potentia
1561 1611 1628 1667 de
1657 1627 1767 1683 quo
1796 1611 2056 1682 scriptum
2087 1619 2190 1679 est,

603 1701 750 1758 Puer
795 1703 953 1759 Iesus
996 1703 1305 1774 proﬁciebat
1339 1713 1495 1759 aetate
1531 1713 1580 1758 et
1617 1705 1882 1774 sapientia
1918 1701 2070 1774 (Luc.
2102 1703 2187 1774 ιι).

2304 503 2360 556 in
2388 502 2920 572 tribulatione(l’sal.
2956 501 3054 571 ιι).
3087 501 3216 558 Haec
3234 513 3318 559 est
3338 505 3427 561 illa
3467 508 3547 562 lux
3571 526 3651 580 per
3668 529 3783 584 quam

2304 597 2469 652 etiam
2525 605 2752 668 paterna
2787 596 2878 651 illa
2900 595 3209 651 benedictio
3231 595 3353 652 data
3379 599 3496 666 sibi,
3517 601 3575 656 de
3597 619 3685 672 quo
3703 609 3786 662 sub-

2297 689 2566 762 iungitur,
2590 689 2734 743 Deus
2756 689 3085 759 omnipotens
3115 687 3377 744 benedicet
3407 693 3496 746 tibi
3515 692 3641 762 (Gen.
3666 703 3782 767 sui);

2303 783 2482 855 typice
2506 797 2609 838 nos
2645 782 2947 848 instruens,
2974 788 3035 836 ut
3057 789 3212 852 pater
3238 783 3293 837 in
3317 783 3427 839 ﬁlio
3446 783 3784 846 benedictionem

2302 874 2452 929 illam
2487 873 2843 930 conﬁrmasse
2887 872 3148 941 credatur
3191 875 3258 930 de
3297 890 3406 946 quo
3451 877 3676 948 scripturn
3705 893 3784 936 est:

2304 967 2408 1036 Qui
2478 967 2802 1021 benedixerit
2874 967 3013 1034 tibi,
3100 966 3533 1024 benedictionibus
3600 973 3788 1041 repleatur

2301 1059 2666 1132 (Gen.xxvn).
2693 1058 2819 1116 Haec
2847 1069 2933 1115 est
2972 1060 3064 1114 illa
3097 1059 3191 1116 lux
3227 1077 3325 1132 per
3347 1077 3506 1133 quam
3524 1061 3691 1134 Ioseph
3714 1082 3788 1135 pre

2299 1149 2564 1206 fratribus
2593 1150 2710 1206 suis
2736 1150 3209 1207 benedictionibus
3234 1152 3380 1208 illius
3396 1154 3578 1210 meruit
3598 1155 3788 1212 illustrari

2300 1260 2574 1310 seorsum,
2619 1244 2686 1299 de
2737 1244 2940 1316 quibus
2977 1245 3330 1317 subjungitur
3366 1265 3380 1301 :
3420 1246 3786 1304 Benedictionin

2300 1338 2417 1396 ειειί
2443 1338 2686 1409 desuper,
2716 1346 2765 1391 et
2797 1336 3250 1392 benedictionibus
3277 1337 3453 1409 abyssi
3472 1339 3670 1409 jacentis
3686 1342 3787 1394 dcor-

2299 1445 2417 1482 sum
2469 1427 2623 1499 (Gen.
2656 1425 2807 1498 ιιιι)
2837 1445 2852 1495 ;
2894 1427 3125 1499 mystice
3157 1427 3367 1484 scilicet
3392 1428 3541 1484 nobis
3581 1429 3788 1486 insinuans

2297 1521 2444 1592 quod
2469 1521 2568 1578 has
2588 1520 2998 1577 benedictiones
3021 1521 3089 1576 ad
3117 1521 3274 1576 illum
3296 1521 3584 1592 specialiter
3603 1520 3789 1580 debemus

2295 1612 2497 1669 referre
2515 1655 2530 1680 ,
2554 1613 2713 1683 cujus
2734 1613 2910 1684 gratia
2933 1613 3170 1669 vivimus
3192 1614 3260 1670 de
3281 1628 3408 1671 rore
3427 1614 3562 1681 caeli,
3581 1623 3628 1669 et
3643 1615 3694 1670 de
3709 1618 3789 1685 pin-

2296 1703 2530 1774 guedine
2549 1711 2726 1759 terrae.
2746 1701 2872 1759 Haec
2883 1712 2967 1760 est
2991 1703 3082 1758 illa
3111 1703 3206 1760 lux
3216 1719 3315 1775 per
3328 1720 3492 1775 quam
3514 1702 3680 1776 Ioseph
3700 1706 3789 1761 inter

603 1793 730 1852 Haec
755 1804 840 1852 est
892 1796 982 1851 illa
1024 1796 1117 1852 lux
1152 1812 1249 1867 per
1289 1807 1463 1867 'quam
1497 1795 1701 1867 Ioseph
1743 1797 1847 1867 piae
1890 1796 2196 1856 devotionis
2229 1801 2272 1858 B
2298 1795 2854 1852 aliasbenedictiones
2871 1795 3108 1853 fratrum
3131 1812 3362 1852 suorum
3385 1797 3554 1853 adhuc
3571 1797 3789 1853 illustratus

602 1885 911 1944 illustratus
939 1887 1159 1955 aﬁ‘ectu,
1184 1888 1502 1958 splendidus
1547 1896 1665 1943 erat
1699 1888 1754 1942 in
1783 1887 1991 1956 habitu,
2024 1899 2078 1944 et
2103 1890 2199 1946 de-

603 1995 767 2037 corus
809 1989 1072 2050 aspectu:
1122 1980 1351 2052 mystice
1387 1981 1596 2036 scilicet
1650 1981 1801 2036 illum
1842 1982 2197 2053 praeﬁgurans

603 2071 921 2139 Dominum,
976 2073 1044 2126 de
1075 2087 1186 2142 quo
1236 2073 1500 2142 scriptum
1537 2082 1641 2141 est,
1695 2072 1972 2143 Speciosus
2022 2076 2198 2144 forma

600 2177 711 2232 pra:
732 2161 861 2231 ﬁliis
908 2162 1180 2216 hominum
1234 2162 1411 2232 (Psal.
1455 2167 1622 2235 ιιιν).
1676 2162 1804 2219 Haec
1849 2174 1936 2220 est
1974 2166 2193 2222 illa.lux

600 2268 723 2324 quae
734 2253 1052 2325 mysterium
1070 2255 1494 2324 pulchritudinis
1516 2256 1635 2327 ejus
1657 2254 1784 2312 ﬁliis
1810 2258 2052 2329 gentium
2075 2275 2197 2318 esse

600 2349 820 2405 nolebat
848 2350 1164 2417 obscurum,
1189 2351 1255 2406 de
1279 2351 1478 2422 quibus
1507 2351 1858 2424 subjungitur
1887 2353 2056 2407 :Filii
2083 2355 2197 2408 dis-

601 2451 878 2496 currerunt
927 2458 1083 2512 super
1121 2458 1333 2496 murum
1382 2440 1535 2514 (Gen.
1581 2443 1772 2514 xux);
1825 2444 2195 2516 signiﬁcantes

597 2531 848 2589 videlicet
891 2535 1039 2605 quod
1085 2534 1180 2588 lilii
1233 2533 1491 2590 Ecclesia:
1538 2550 1636 2605 per
1693 2535 2024 2592 soliditatem
2067 2537 2193 2595 ﬁdei

597 2622 880 2682 Christum
905 2627 1133 2697 diligere
1161 2627 1361 2682 debent
1397 2643 1561 2698 super
1589 2643 1786 2682 aurum
1835 2639 1889 2684 et
1917 2631 2190 2700 topazion,

599 2717 648 2772 si
684 2716 740 2772 in
762 2717 957 2774 decore
978 2734 1080 2772 suo
1105 2718 1290 2774 videre
1312 2719 1628 2775 desiderant
1669 2719 1841 2775 Deum
1883 2722 2109 2778 deorum
2135 2725 2192 2780 in

601 2807 754 2864 Sion.
784 2808 911 2864 Haec
941 2818 1024 2864 est
1053 2810 1144 2864 illa
1181 2810 1272 2864 lux
1309 2825 1374 2865 ex
1404 2826 1513 2880 qua
1541 2810 1740 2868 fratres
1761 2811 1961 2884 Ioseph
1991 2815 2084 2870 diu
2122 2816 2192 2872 ab

597 2915 665 2954 eo
688 2900 980 2956 abalienati
1008 2910 1154 2969 sunt,
1188 2903 1255 2956 de
1277 2901 1479 2973 quibus
1503 2904 1766 2976 scriptum
1788 2914 1872 2962 est
1901 2924 1913 2960 :
1953 2906 2193 2980 Exaspe-

599 3002 846 3048 faverunt
887 3011 1024 3061 eum,
1066 3003 1115 3048 et
1147 2994 1358 3066 jurgati
1405 3005 1548 3063 sunt,
1613 2998 1822 3068 quando
1871 2999 2189 3064 insultantes

596 3090 816 3144 somniis
844 3089 1046 3160 ejus,et
1064 3091 1312 3160 potentia:
1333 3107 1464 3159 suae,
1500 3089 1781 3164 Nunquid,
1806 3092 2070 3164 inquiunt,
2096 3109 2189 3149 rea:

596 3191 773 3238 noster
793 3183 920 3249 eris,
943 3192 1037 3237 ant
1063 3182 1407 3254 subjiciemur
1454 3184 1648 3240 ditioni
1673 3187 1816 3241 tute?
1853 3185 2005 3257 (Gen.
2037 3203 2186 3256 ιιιι,

595 3272 688 3346 57)
747 3270 874 3329 Haec
918 3282 1004 3330 est
1048 3274 1139 3328 illa
1194 3275 1290 3328 lux
1336 3289 1434 3345 per
1471 3291 1639 3346 quam
1687 3275 1742 3330 in
1769 3276 1974 3333 eisdem
2005 3275 2192 3333 fratri-

594 3363 701 3420 bus
726 3365 924 3421 divina:
953 3366 1238 3422 charitatis
1269 3367 1435 3438 coepit
1463 3368 1746 3424 obscurari
1775 3368 1953 3424 facula
1972 3369 2040 3426 de
2065 3371 2192 3441 qui-

594 3452 699 3510 bus
719 3453 937 3522 dicitur,
967 3453 1279 3511 Inviderunt
1309 3456 1413 3524 illi,
1444 3457 1500 3512 id
1540 3467 1627 3514 est
1663 3457 1904 3527 Christo,
1940 3459 2188 3516 habentes

589 3543 776 3614 iacula
799 3544 951 3615 (Gen.
985 3548 1154 3618 ιιιι),
1189 3548 1311 3604 telis
1341 3549 1551 3606 scilicet
1595 3549 1812 3607 invidiae
1852 3567 1967 3608 sua:
1995 3554 2190 3624 nequi-

594 3636 731 3692 tiam
761 3638 1172 3710 praeﬁgurantes
1201 3641 1422 3697 illorum
1455 3642 1523 3698 de
1551 3643 1753 3715 quibus
1784 3645 2052 3716 scriptum
2079 3657 2184 3718 est,

595 3725 821 3800 Sagitta:
864 3731 1205 3801 parvulorum
1255 3734 1416 3804 facta
1439 3743 1564 3790 sunt
1597 3736 1770 3808 plagae
1797 3755 1978 3793 eorum
2005 3739 2183 3811 (Psal.

593 3825 775 3895 ιιιιι).
799 3822 924 3880 Haec
953 3834 1037 3881 est
1057 3825 1146 3881 illa
1171 3826 1262 3883 lux
1295 3843 1392 3899 per
1421 3844 1586 3900 quam
1604 3830 1910 3888 illustratus
1933 3842 2016 3889 est
2041 3834 2186 3890 idem

593 3924 748 3986 pater
782 3919 1035 3990 egregius
1080 3919 1147 3974 de
1191 3935 1302 3990 quo
1359 3921 1731 3994 subjungitur,
1783 3923 1929 3978 Sedit
1966 3926 2022 3978 in
2056 3926 2185 3996 forti

593 4024 750 4062 arcus
771 4009 885 4078 ejus
909 4009 1086 4080 (Psal.
1110 4010 1258 4083 va),
1287 4011 1607 4084 signiﬁcans
1628 4015 1882 4072 videlicet
1899 4019 2048 4087 quod
2075 4020 2187 4074 vir-

593 4106 684 4154 tus
705 4099 828 4154 Filii
864 4099 959 4156 Dei
987 4103 1302 4159 ﬁrmissime
1340 4105 1544 4160 mansit
1573 4106 1629 4161 in
1669 4107 1850 4176 Patre,
1879 4111 2100 4180 quando
2127 4113 2184 4168 in

593 4206 723 4248 arca
753 4193 936 4250 crucis
973 4209 1172 4265 passus
1209 4203 1294 4252 est
1321 4211 1420 4267 pro
1460 4195 1702 4255 Ecclesia
1735 4211 1928 4257 matre.
1953 4200 2080 4258 Haec
2101 4214 2187 4261 est

596 4279 691 4336 illa
720 4281 810 4336 lux
835 4298 932 4353 per
953 4299 1119 4354 quam
1141 4283 1210 4339 ad
1235 4286 1487 4343 eumdem
1508 4289 1730 4344 modum
1761 4290 2027 4348 dissoluta
2057 4302 2187 4350 sunt

597 4372 813 4428 vincula
843 4373 1192 4431 brachiorum
1223 4377 1363 4448 ejus,
1385 4393 1483 4449 per
1503 4395 1700 4437 manus
1733 4383 1972 4453 potentis
1991 4381 2182 4450 Iacob,

2300 1897 2386 1944 est
2416 1888 2833 1945 benectionibus
2878 1889 3144 1956 uberum,
3196 1889 3254 1945 id
3314 1879 3428 1958 est,
3457 1889 3660 1946 duorum
3681 1899 3790 1946 testa-

2301 1991 2611 2038 mentorum
2643 1980 2759 2038 sive
2780 1982 3258 2039 benedictionibus
3283 1983 3512 2040 uberum
3540 1983 3701 2054 quibus
3735 1983 3789 2037 la-

2299 2081 2444 2128 etata
2469 2082 2551 2129 est
2573 2071 2804 2128 infantia
2833 2071 3075 2140 Christi,
3119 2074 3186 2129 de
3213 2073 3417 2145 quibus
3455 2072 3678 2144 scripturn
3705 2082 3787 2128 est:

2297 2165 2495 2220 Beatus
2535 2174 2712 2221 venter
2767 2165 2859 2236 qui
2905 2173 2954 2218 te
2991 2167 3244 2234 portavit,
3309 2174 3361 2220 et
3394 2167 3545 2220 ubera
3579 2165 3789 2235 quateri-

2297 2255 2370 2308 sti
2403 2253 2555 2324 (Luc.
2584 2253 2684 2324 ιι).
2707 2252 2834 2309 Haec
2868 2262 2955 2309 est
2983 2253 3075 2308 illa
3111 2253 3207 2308 lux
3243 2269 3370 2324 quae
3406 2253 3568 2309 eidem
3590 2251 3789 2323 Iosophat

2297 2344 2404 2399 alia
2433 2345 2813 2401 benedictione
2836 2344 3054 2400 volebat
3074 2344 3416 2412 illucescere,
3436 2345 3499 2399 de
3520 2361 3614 2415 qua
3632 2344 3789 2412 subjun-

2297 2438 2442 2509 gitur
2469 2458 2481 2492 :
2518 2438 2992 2493 Benedictionibus
3017 2438 3236 2493 uberum
3261 2447 3314 2493 et
3337 2436 3498 2492 valete
3524 2435 3786 2508 (Gemuit);

2295 2547 2394 2601 per
2413 2531 2559 2601 quod
2576 2531 2828 2587 videlicet
2846 2532 3068 2586 vulvam
3091 2531 3241 2586 illam
3266 2531 3573 2602 virginalem
3614 2530 3788 2601 praeﬁgu-

2296 2624 2437 2678 ravit
2476 2625 2531 2678 in
2567 2639 2691 2694 spe,
2739 2625 2806 2680 de
2852 2640 2964 2695 qua
2997 2623 3301 2691 Ieremias,
3357 2624 3629 2695 Antequam
3656 2623 3785 2686 exim,

2295 2716 2494 2787 inquit,
2521 2716 2585 2770 de
2607 2715 2783 2784 vulva,
2799 2717 3133 2788 sanctiﬁcavi
3159 2726 3207 2771 te
3229 2716 3451 2789 (Ierem.
3474 2713 3786 2786 t).H.'ecestilla

2293 2809 2387 2863 lux
2411 2823 2508 2878 per
2534 2824 2699 2878 quam
2719 2806 2922 2879 Ioseph
2951 2809 3428 2866 benedictionibus
3446 2809 3544 2863 illis
3566 2806 3781 2863 continua-

2295 2909 2384 2957 tus
2407 2910 2493 2958 est
2519 2902 2575 2956 in
2601 2902 3078 2959 benedictionibus
3111 2903 3426 2975 justorum,
3463 2903 3526 2959 de
3555 2901 3711 2972 quibus
3723 2897 3784 2952 la-

2293 2994 2439 3049 cob:
2482 2994 2921 3062 Benedictiones,
2973 2996 3181 3067 inquit,
3214 2997 3390 3067 patris
3436 2996 3509 3049 tui
3555 2993 3784 3062 confertam

2292 3095 2415 3140 sunt
2447 3085 2897 3141 benedictionibus
2910 3095 3126 3157 patrum
3163 3096 3381 3141 tuorum
3407 3085 3550 3158 (Gen.
3571 3084 3784 3151 sux);ly-

2293 3175 2413 3246 pice
2443 3177 2654 3232 scilicet
2680 3176 2970 3234 insinuans
2991 3179 3140 3249 quod
3170 3179 3318 3234 sicut
3345 3177 3626 3234 benedictio
3646 3173 3782 3243 Ioseph

2292 3269 2764 3326 benedictionibus
2799 3271 3086 3341 praevaluit
3122 3271 3361 3328 fratrum
3382 3315 3398 3340 ,
3443 3272 3514 3327 ita
3562 3266 3782 3326 benedictio

2292 3357 2392 3414 Dei
2423 3358 2606 3416 Patris
2632 3361 2690 3415 in
2709 3361 2837 3430 ﬁde,
2882 3362 3298 3420 benedictiones
3338 3363 3583 3436 praecellit
3611 3360 3779 3416 omnium

2290 3460 2529 3523 patrum.
2572 3451 2701 3509 Haec
2736 3463 2821 3511 est
2870 3455 2961 3510 illa
3003 3455 3099 3511 lux
3120 3470 3217 3526 per
3260 3471 3428 3527 quam
3465 3453 3640 3524 Ioseph
3666 3450 3782 3506 hisct

2291 3546 2414 3601 aliis
2442 3546 2914 3604 benedictionibus
2945 3549 3252 3608 illustratus
3270 3560 3360 3608 est
3387 3550 3440 3606 in
3462 3549 3614 3622 ﬁgura
3634 3553 3781 3603 sancto-

2289 3653 2414 3693 rum
2449 3638 2624 3694 donec
2651 3639 2865 3697 veniret
2901 3642 3235 3698 desiderium
3259 3645 3481 3700 collium
3499 3650 3776 3698 aeternorum:

2291 3731 2610 3803 signiﬁcans
2645 3732 2897 3790 videlicet
2929 3735 3078 3807 quod
3111 3735 3272 3791 electi
3305 3735 3402 3791 Dei
3427 3750 3521 3808 pro
3549 3726 3778 3788 excellentia

2289 3825 2598 3883 sanctitatis
2620 3827 2854 3884 collibus
2877 3827 2992 3883 suis
3015 3827 3125 3884 illis
3140 3828 3269 3899 jure
3301 3827 3562 3900 coaruari
3580 3823 3777 3883 videntur,

2288 3916 2356 3973 de
2395 3919 2599 3988 quibus
2643 3919 2910 3990 scriptum
2945 3927 3067 3976 est:
3102 3918 3468 3992 Pinguescant
3507 3915 3696 3986 speciosa
3720 3909 3778 3960 dt-

2288 4008 2438 4073 serti,
2454 4016 2504 4062 et
2520 4000 2874 4064 exsultatione
2893 4009 3053 4065 colles
3068 4009 3414 4082 accingentur
3427 4005 3536 4081 (Ps.
3550 4003 3686 4074 ιιιι).
3697 3997 3776 4053 ﬂat:

2286 4108 2373 4157 est
2395 4101 2486 4156 illa
2526 4102 2619 4157 lux
2645 4117 2742 4173 per
2763 4118 2932 4174 quam
2955 4119 3149 4159 omnes
3175 4102 3300 4161 ista:
3317 4101 3679 4159 benedictiones
3694 4107 3774 4145 vcr-

2287 4194 2372 4251 bis
2393 4194 2773 4266 frequentibus
2795 4193 3135 4254 conﬁrmatae
3155 4207 3306 4254 sumt
3320 4197 3392 4266 ei,
3425 4197 3489 4252 de
3509 4193 3675 4266 quibus
3691 4183 3773 4241 sub-

2281 4287 2533 4360 ἱιωείιυτ
2555 4331 2570 4357 ν
2598 4287 2766 4344 Fiant
2790 4291 2846 4350 in
2868 4292 3041 4362 capite
3066 4289 3262 4363 Ioseph
3297 4299 3349 4346 et
3377 4291 3432 4344 in
3464 4286 3628 4342 uertice
3651 4277 3772 4334 Νω-

2287 4383 2381 4437 rwi
2421 4381 2574 4454 (Gen.
2613 4383 2813 4455 ιιιι);
2872 4400 2972 4455 per
3035 4400 3174 4456 quas
3228 4383 3482 4440 videlicet
3527 4377 3768 4435 alabastrum

592 4481 703 4536 quo
733 4466 799 4521 de
841 4467 1060 4524 vinculo
1092 4469 1374 4526 muliebris
1399 4471 1718 4544 improperii
1745 4482 1932 4546 postea
1979 4476 2182 4532 lihera-
2212 4502 2263 4563 Β
2289 4474 2559 4545 unguenti
2597 4474 2747 4530 illius
2785 4475 3172 4546 pretiosissimi
3216 4475 3380 4532 nobis
3405 4469 3656 4543 allegorice

594 4567 682 4614 tus
703 4567 784 4614 est
817 4557 942 4628 Iob,
970 4561 1148 4634 typice
1171 4563 1677 4623 seilicetinsinuans
1706 4568 1852 4638 quod
1877 4583 1976 4640 per
1999 4568 2174 4624 virtu—

591 4661 701 4708 tem
723 4652 820 4711 Dei
849 4652 1026 4712 Patris
1047 4657 1316 4713 dissoluta
1354 4667 1485 4714 sunt
1503 4659 1722 4715 vincula
1749 4660 1952 4732 quibus
1976 4676 2178 4734 corpus

591 4744 797 4801 Christi
833 4745 1013 4803 fuerat
1057 4749 1306 4821 ligatum,
1355 4750 1574 4821 quando
1609 4750 1812 4810 fratres
1853 4753 1995 4826 ejus,
2018 4753 2074 4810 id
2094 4762 2182 4812 est

588 4837 762 4894 Judaei
815 4842 1057 4897 vinctum
1106 4857 1234 4899 eum
1279 4843 1554 4900 duxerunt
1579 4845 1646 4901 ad
1674 4844 1912 4902 Pilatum
1955 4845 2176 4920 (Matth.

589 4931 788 4998 ιινιι).
818 4930 944 4989 Haec
970 4939 1055 4988 est
1098 4934 1190 4990 illa
1219 4935 1313 4991 lux
1346 4950 1444 5006 per
1464 4952 1633 5008 quam
1655 4935 1825 4994 Iacob
1853 4939 2182 5010 patriarchae

590 5023 683 5078 illa
715 5021 1021 5082 benedictio
1048 5026 1202 5097 prius
1233 5029 1513 5104 promissa
1528 5036 1613 5085 est
1647 5029 1704 5084 in
1741 5029 1950 5099 Bethel,
1981 5031 2050 5088 de
2069 5049 2178 5104 qua

587 5117 958 5190 subjungitur,
993 5117 1167 5174 Iudas
1209 5136 1445 5192 egressus
1485 5102 1565 5177 est
1605 5131 1791 5193 pastor
1836 5122 1976 5194 lapis
2005 5102 2178 5180 Israel

587 5211 743 5286 (Gen.
768 5213 941 5285 ιιιι),
969 5213 1288 5285 signiﬁcans
1309 5214 1559 5272 videlicet
1571 5216 1720 5288 quod
1739 5216 1806 5272 ad
1833 5217 1994 5274 ﬁdem
2017 5217 2179 5274 Chri-

587 5304 658 5360 sti
680 5319 776 5375 per
803 5304 959 5360 illum
988 5305 1218 5361 introire
1237 5305 1397 5360 debet
1423 5305 1704 5376 plenitudo
1734 5307 2044 5378 gentium,a
2065 5323 2176 5380 quo

586 5395 748 5468 lapis,
773 5396 828 5451 id
849 5406 934 5454 est
949 5398 1202 5464 ﬁrmitas,
1227 5405 1314 5453 est
1324 5412 1547 5468 egressa
1569 5399 1930 5456 credentium.
1953 5399 2079 5457 Haec
2092 5409 2179 5458 est

586 5489 680 5546 illa
705 5490 820 5557 lux,
844 5505 942 5560 per
963 5507 1127 5562 quam
1150 5490 1460 5548 illustratus
1486 5499 1571 5547 est
1595 5489 1818 5564 Ioseph,
1842 5493 1990 5551 ﬁlius
2013 5510 2172 5565 suus,

587 5583 682 5640 ubi
719 5590 873 5654 pater
893 5583 1013 5654 ejus
1039 5585 1105 5639 ad
1131 5600 1256 5640 eum
1289 5603 1301 5640 :
1335 5582 1502 5652 Deus,
1534 5583 1732 5656 inquit,
1757 5588 1928 5656 patris
1947 5589 2050 5642 erit
2073 5588 2172 5642 ad-

582 5676 730 5746 jutor
750 5685 869 5732 tuus
883 5676 1093 5748 (ibid.);
1121 5678 1347 5749 mystice
1362 5677 1572 5736 scilicet
1593 5678 1884 5736 insinuans
1907 5680 2053 5750 quod
2075 5696 2172 5750 pa-

588 5778 674 5830 ter
697 5770 785 5828 ille
798 5769 1035 5830 cwlcstis
1058 5769 1232 5828 ﬁlium
1259 5787 1416 5830 suum
1431 5773 1642 5834 fortiter
1655 5772 1864 5846 adjuvit
1884 5772 1940 5830 in
1963 5773 2171 5848 passio-

2287 4565 2491 4632 tendit,
2549 4567 2698 4637 quod
2738 4581 2770 4621 a
2800 4566 2980 4638 capite
3023 4565 3230 4623 Christi
3259 4583 3360 4641 per
3403 4564 3569 4622 omnia
3603 4553 3768 4614 ωριιώη

2284 4656 2541 4714 Ecclesiae
2566 4673 2742 4729 usque
2765 4658 2833 4714 ad
2865 4657 3122 4714 ultimum
3157 4659 3411 4725 electum,
3442 4656 3550 4712 sine
3573 4643 3767 4706 intermis-

2286 4748 2441 4805 sione
2465 4747 2765 4805 descendit.
2815 4747 2945 4805 Ilaec
2982 4758 3067 4806 est
3107 4750 3200 4806 illa
3237 4750 3335 4806 lux
3371 4763 3463 4822 per
3494 4757 3634 4818 quam
3658 4730 3767 4792 Iacob

2287 4839 2599 4898 futurarum
2627 4856 2820 4898 rerum
2857 4841 3038 4898 adhuc
3070 4841 3310 4900 obscura
3355 4839 3669 4915 praedictum
3692 4841 3766 4895 ηιξ·

2287 4934 2454 4990 steria
2483 4951 2496 4988 ε
2528 4932 2832 5004 Benjamin,
2847 4932 3049 5005 inquit,
3071 4933 3226 5006 lupus
3255 4948 3444 5006 rapax,
3457 4945 3592 4986 mane
3608 4917 3763 4979 comede!

2283 5027 2542 5098 praedam,
2565 5035 2614 5082 et
2639 5043 2845 5098 vespere
2869 5027 3070 5082 diuidet
3090 5027 3264 5098 spolia
3277 5021 3595 5099 (Gemuit);
3612 5030 3683 5088 per

2282 5117 2537 5173 videlicet
2577 5117 2832 5172 ultimam
2865 5115 3182 5172 Iudaeorum
3216 5117 3558 5189 praeﬁgurans
3586 5105 3761 5164 salum

2282 5225 2430 5278 nem,
2457 5209 2604 5282 quod
2627 5209 2915 5282 Benjamin
2950 5209 3182 5266 ultimus
3216 5216 3493 5282 paternam
3524 5198 3759 5259 consean

2279 5313 2366 5361 est
2386 5304 2845 5361 benedictionem.
2871 5301 2998 5360 llzec
3031 5313 3118 5361 est
3149 5303 3242 5359 illa
3269 5303 3363 5359 lux
3383 5314 3499 5372 quae
3521 5308 3601 5368 per
3622 5291 3759 5359 In!”

2276 5398 2347 5453 rii
2397 5397 2656 5454 salutaris
2693 5395 2997 5454 efﬁcaciam
3037 5397 3095 5454 in
3131 5396 3321 5454 eodem
3369 5386 3620 5463 Benjamin
3640 5383 3754 5448 1⁸8⁸⁸

2275 5492 2435 5549 nobis
2475 5499 2862 5564 praemonstrat
2892 5500 2948 5548 et
2978 5489 3250 5563 gratiam:
3287 5488 3415 5545 dum
3452 5498 3539 5556 per
3579 5471 3754 5564 ωιηθέί

2275 5562 2562 5659 vesperam
2592 5590 2842 5662 |litteram
2888 5562 3039 5644 illam
3078 5603 3145 5645 ac
3184 5586 3432 5659 spiritum
3480 5562 3750 5670 signiﬁw'df‘

2275 5683 2477 5754 quibus
2499 5682 2764 5754 scriptum
2804 5692 2888 5740 est
2913 5702 2926 5738 :
2953 5683 3134 5737 littera
3180 5681 3401 5747 occidit,
3442 5673 3628 5747 ερὶνὶιυ

2278 5778 2404 5848 licat
2429 5776 2520 5850 (II
2546 5776 2668 5835 Cor.
2695 5777 2799 5853 ιιι).
2816 5775 3052 5860 Haec‘est
3077 5777 3170 5835 illa
3194 5777 3286 5834 lus
3307 5789 3402 5852 per
3424 5781 3571 5844 quam
3597 5755 3745 5818 ίιιω·
