3960 6316
643 379 783 440 ms
1572 372 1958 432 nuncusos:
1997 372 2291 430 ABBATIS
2327 375 2385 431 s.
2427 375 2677 432 nmm
2716 375 2991 433 ruma.
3018 352 3039 362 ’
3290 354 3299 359 ’
3731 380 3834 440 ton

635 502 764 578 quia
791 501 932 555 diem
980 497 1128 553 hunc
1172 510 1345 566 usque
1386 494 1452 550 ad
1479 510 1777 565 vesperam,
1808 494 1916 550 ἰτειὶ
1947 493 2216 564 transegi--
2244 496 2287 553 A
2314 494 2445 550 mini
2493 495 2680 567 lupino
2706 495 2867 551 dente
2893 505 2947 550 et
2975 492 3139 549 ovino
3163 500 3388 549 utuntur
3416 492 3604 549 vellere
3630 495 3741 550 dum
3764 516 3838 569 pro

636 606 782 656 mus,
810 590 940 646 dum
991 588 1046 643 in
1102 588 1289 643 carina
1333 586 1532 642 mentis
1564 596 1765 643 nostrae
1796 585 2023 658 legenda
2048 586 2218 641 dictn-
2318 605 2404 654 eo,
2432 588 2701 660 quodlnpi
2725 596 2874 654 sunt,
2889 595 2944 641 et
2966 601 3097 642 oves
3125 601 3185 641 se
3209 585 3448 657 lingunt,
3478 583 3743 641 Ecclesiarn
3756 588 3836 644 “Dei

630 686 831 752 vimus,
855 692 909 738 ct
955 682 1155 737 dictata
1202 679 1513 751 rclegimus,
1556 680 1698 745 ideo,
1725 679 2079 734 decumbentc
2102 680 2216 749 jam
2318 683 2550 739 diversis
2601 682 2903 737 limresibus
2949 680 3225 736 scindunt.
3261 678 3400 733 Cum
3446 678 3590 733 enim
3630 680 3837 750 scriptum

629 778 763 842 sole,
797 789 863 829 eo
887 774 1049 829 citius
1072 772 1459 843 indulgendum
1491 779 1574 825 est
1602 770 1763 826 nobis
1784 770 1955 824 labori
1995 770 2216 836 diurno,
2318 775 2390 831 sit
2422 793 2437 827 :
2472 774 2742 829 Attendite
2792 791 2826 827 a
2877 773 3033 843 falsis
3081 771 3344 844 prophetis
3382 768 3596 840 (Matth.
3638 770 3738 840 vn),
3764 771 3837 842 ipsi

629 882 739 938 quo
769 866 824 921 in
853 865 1073 920 Christo
1094 862 1222 919 Jesu
1246 864 1428 918 minus
1457 862 1647 917 timere
1675 860 1935 916 debemus
1960 876 1989 916 a
2022 862 2217 918 timore
2318 875 2446 921 sunt
2484 866 2551 920 de
2575 864 2777 935 quibus
2806 864 2963 919 vobis
2988 878 3179 918 cavere
3209 861 3417 916 debetis
3443 878 3457 914 :
3490 860 3723 930 quoniam
3748 862 3837 917 licet

629 964 921 1013 nocturno.
990 952 1145 1010 Unde
1198 969 1323 1010 cum
1384 954 1451 1008 ad
1507 954 1817 1023 exemplum
1887 951 2216 1023 prephctica:
2316 958 2484 1029 aliqui
2526 957 2593 1012 de
2619 956 2775 1012 vobis
2815 971 2911 1011 eos
2951 953 3188 1009 fortasse
3221 961 3551 1007 venerentur
3578 962 3631 1007 ut
3656 952 3781 1019 deos,
3812 973 3835 1008 ο

624 1048 873 1104 lectionis
924 1048 1197 1103 interdum
1262 1045 1427 1102 etiam
1490 1045 1653 1101 silere
1696 1045 1993 1100 debeamus
2048 1060 2078 1100 a
2123 1044 2215 1100 bo-
2315 1049 2576 1119 frnctibns
2606 1058 2785 1104 tamen
2821 1064 3005 1103 eorum
3034 1032 3355 1118 cognoscetis
3395 1062 3484 1099 eos
3519 1044 3698 1115 (ibit).
3723 1044 3837 1101 [nde

629 1140 738 1203 nis,
776 1130 1195 1209 eo‘diligcntius
1230 1138 1345 1209 jam
1387 1136 1662 1193 silentium
1706 1136 2093 1207 imponendum
2130 1144 2214 1192 est
2314 1158 2439 1198 cum
2481 1156 2665 1197 sermo
2708 1148 2896 1196 noster
2925 1148 3117 1195 contra
3167 1138 3397 1193 insidias
3446 1135 3649 1189 illorum
3690 1136 3747 1191 ita
3785 1137 3835 1191 sit

626 1231 733 1300 ori,
784 1248 895 1302 quo
932 1232 1169 1288 crastina
1212 1231 1323 1304 die.
1348 1231 1531 1287 denuo
1584 1231 1838 1286 volumus
1889 1246 2081 1285 vacare
2130 1232 2209 1286 lc-
2311 1234 2494 1289 divina
2522 1233 2860 1305 protectione
2883 1232 3129 1288 munitus
3154 1240 3213 1286 ut
3238 1230 3309 1284 ab
3346 1229 3597 1283 lneretica
3629 1238 3835 1299 potestate

625 1325 817 1379 ctioni.
916 1315 924 1321 ’
2311 1325 2596 1392 liberatus,
2619 1341 2814 1382 secure
2834 1338 3127 1395 properare
3160 1322 3331 1396 possit
3368 1320 3438 1376 ad
3479 1321 3642 1382 littus,
3675 1330 3832 1393 tempus

697 1415 835 1472 Ecce
875 1417 1004 1487 quia
1036 1416 1210 1473 noctis
1241 1415 1399 1472 istius
1436 1426 1677 1471 extrema
1715 1431 1860 1471 nunc
1886 1415 2087 1472 indfcat
2110 1416 2209 1472 ho-
2310 1427 2478 1474 estut
2514 1434 2616 1473 nos
2644 1417 2811 1473 veluti
2859 1432 2985 1473 cum
3016 1414 3157 1471 .lona
3196 1430 3261 1470 eo
3294 1414 3531 1469 celerius
3572 1414 3634 1468 ad
3682 1423 3830 1468 terram

626 1524 709 1575 ra,
732 1508 881 1579 quod
919 1508 1194 1563 hodierna:
1227 1507 1334 1562 dici
1373 1506 1485 1577 jam
1536 1506 1761 1561 rutilare
1790 1505 1950 1560 debet
1985 1521 2205 1572 aurora,
2311 1511 2593 1567 sementim
2623 1510 2787 1567 istius
2824 1510 3008 1581 ejiciat
3054 1524 3227 1575 mare,
3260 1523 3374 1580 quo
3405 1507 3567 1563 citius
3588 1506 3725 1578 quasi
3744 1523 3829 1561 tum

621 1597 744 1654 idco
767 1598 833 1653 de
861 1613 1059 1652 sumno
1100 1598 1334 1667 torporis
1376 1606 1430 1650 et
1474 1596 1724 1665 ignavia}.
1772 1611 1839 1650 co
1882 1596 2038 1650 nobis
2085 1612 2209 1651 snr-
2307 1602 2436 1659 Jesu
2467 1604 2844 1665 desideramus
2870 1603 2924 1657 in
2947 1603 3131 1657 littore
3152 1610 3316 1656 stare.
3359 1598 3468 1655 Sed
3492 1616 3558 1654 ne
3577 1600 3830 1670 margaritas

619 1690 855 1761 gendum
898 1697 980 1743 est
1020 1689 1203 1754 citius,
1234 1703 1345 1759 quo
1374 1688 1443 1742 ad
1491 1688 1647 1743 littus
1702 1687 1967 1743 orationis
2008 1698 2207 1744 nostra:
2308 1697 2509 1767 pmcis,
2552 1697 2634 1750 vel
2677 1704 2928 1751 sanctum
2974 1694 3259 1750 videamus
3313 1692 3535 1749 dedisse
3576 1690 3828 1756 canibus,si

618 1781 783 1836 hodie
807 1781 1058 1851 cupimus
1108 1780 1391 1851 pervenire
1425 1780 1684 1835 velocius.
1741 1777 1893 1834 Sicut
1923 1780 2066 1835 enim
2110 1782 2205 1835 he-
2239 1848 2275 1858 _
2308 1788 2424 1843 sine
2452 1788 2800 1843 mtdtitudine
2828 1787 3079 1858 piscium,
3109 1802 3274 1857 quam
3300 1771 3569 1857 cepimus,
3612 1783 3828 1837 vacuisad

616 1881 802 1928 sterno
831 1848 918 1927 die
946 1848 1165 1943 superni
1190 1871 1420 1926 luminis
1452 1872 1706 1926 illustrati
1731 1871 1929 1937 sidere,
1960 1871 2026 1926 de
2067 1888 2204 1926 uxo—
2239 1848 2279 1901 Β
2308 1887 2507 1933 terram
2532 1848 3143 1943 redeamus-manibus,-
3162 1848 3391 1949 dignum
3422 1884 3527 1941 cst,
3557 1848 3609 1930 ut
3631 1875 3722 1945 jam
3746 1890 3827 1928 ιω.

615 1965 767 2019 ribus
796 1963 965 2019 Jaeob
1001 1964 1233 2018 breviter
1278 1952 1657 2029 enodavimns,
1710 1964 1838 2033 quid
1868 1964 1948 2018 vel
1995 1964 2204 2020 ancilla:
2306 1986 2443 2041 gnos
2476 1972 2598 2027 illos
2622 1972 2799 2043 pisces
2828 1970 3009 2028 cordis
3031 1970 3205 2026 nostri
3227 1970 3453 2042 colligat
3477 1980 3605 2036 rete,
3637 1985 3825 2040 perqm

613 2057 998 2127 portenderent
1022 2064 1115 2109 aut
1142 2054 1343 2121 liberae,
1377 2054 1457 2109 sic
1485 2053 1749 2108 hodierna
1774 2053 1860 2109 die
1888 2054 2020 2107 nihil
2054 2055 2200 2110 aliud
2302 2071 2460 2118 antea
2518 2064 2843 2133 patriarchae
2899 2056 3261 2135 signabantur
3323 2072 3378 2117 et
3442 2063 3712 2133 propheta.
3753 2060 3824 2133 ipsi

611 2150 867 2206 volumus
894 2148 1232 2219 enavigando
1274 2148 1663 2218 perstringere,
1686 2147 1791 2203 nisi
1822 2149 2055 2218 qualiter
2080 2165 2199 2205 ser-
2300 2156 2471 2223 enim,
2502 2156 2633 2228 quid
2665 2155 2833 2222 aliud,
2865 2155 2972 2210 nisi
3021 2155 3201 2226 pisces
3263 2167 3448 2220 erant,
3494 2155 3585 2226 qui
3628 2154 3822 2208 virtutum

612 2256 703 2294 mo
736 2241 858 2303 iste,
883 2241 1220 2312 spirantibus
1262 2241 1669 2310 aurismortum
1702 2241 1872 2311 possit
1913 2243 2196 2315 attingere.
2299 2249 2574 2321 pennulis,
2604 2250 2673 2304 ah
2709 2248 2836 2304 imis
2868 2249 2933 2304 ad
2965 2264 3179 2305 summa
3222 2248 3417 2303 volare
3472 2247 3710 2313 solebam,
3732 2245 3819 2300 dum

615 2330 766 2387 Unde
818 2333 885 2388 ad
935 2332 1302 2403 peragendum
1337 2333 1438 2386 iter
1484 2331 1645 2387 unius
1673 2332 1802 2399 diei,
1850 2349 1974 2388 cum
2007 2345 2197 2392 eatena
2299 2349 2489 2395 contra
2526 2341 2756 2397 insidias
2780 2340 3006 2405 diaboli,
3034 2341 3214 2395 adhuc
3245 2356 3469 2411 semper
3504 2340 3706 2411 justiti:
3739 2354 3818 2392 ιιιιιο

610 2424 735 2478 lilei
765 2426 1068 2480 revocanda
1114 2433 1196 2481 est
1240 2424 1351 2494 jam
1395 2424 1637 2478 anchora
1673 2424 1807 2494 spei,
1836 2426 2095 2496 quoniam
2140 2427 2195 2482 in
2298 2432 2396 2487 niti
2437 2440 2567 2487 sunt
2610 2431 2888 2503 squamis,
2925 2446 2995 2487 ne
3034 2431 3343 2487 carnalium
3379 2431 3630 2486 vitiorum
3673 2428 3820 2484 aculeis

610 2517 859 2571 navicula
895 2518 1078 2573 cordis
1107 2517 1282 2573 nostri
1312 2533 1378 2572 eo
1404 2516 1665 2586 majorem
1696 2533 1846 2587 spem
1872 2516 2073 2575 habere
2097 2520 2194 2575 dc-
2296 2533 2619 2595 caperentur
2647 2533 2742 2578 aut
2770 2524 2980 2579 hamis?
3018 2522 3202 2578 Pisces
3250 2523 3458 2595 quippe
3501 2522 3588 2594 qui
3621 2520 3817 2593 μηιιιιιδς

606 2610 800 2663 lentus
814 2610 879 2664 ad
900 2608 1090 2675 Deum,
1118 2625 1229 2679 quo
1251 2624 1358 2662 non
1381 2609 1718 2679 derclinquet
1745 2625 1936 2666 onmcs
1963 2612 2194 2682 quispe-
2296 2632 2650 2687 squamarum
2680 2616 2902 2681 habent,
2929 2615 3063 2671 dare
3090 2614 3265 2670 saltus
3297 2630 3468 2685 super
3490 2629 3648 2685 aquas
3672 2611 3815 2671 valeat.

604 2710 731 2756 rant
779 2701 833 2756 in
884 2717 1030 2757 cum.
1070 2700 1134 2755 Et
1165 2701 1293 2771 quia
1322 2701 1520 2756 divina:
1548 2702 1765 2772 pietatis
1810 2718 2048 2773 superno
2077 2704 2192 2774 jam
2294 2707 2668 2778 signiﬁcantes
2694 2706 2941 2761 videlicet
2970 2704 3115 2776 quod
3164 2704 3241 2759 illi
3291 2703 3632 2765 solummodo
3659 2701 3813 2773 corpori

604 2794 912 2865 indigemus
958 2794 1208 2865 remigio,
1244 2794 1289 2849 si
1339 2792 1406 2849 ad
1458 2793 1637 2849 locum
1688 2794 2017 2849 destinatum
2066 2811 2194 2866 pro-
2294 2798 2548 2855 Ecclesite
2575 2798 2680 2854 sibi
2709 2797 3017 2869 dignissimi
3045 2798 3183 2853 (iuuit
3212 2797 3310 2868 qni
3337 2798 3408 2853 de
3439 2797 3652 2851 terrenis
3671 2795 3813 2849 adru-

603 2901 765 2958 spero
793 2888 1047 2942 volumus
1096 2886 1377 2956 pervenire
1421 2885 1656 2957 navigio,
1685 2885 1808 2941 ideo
1849 2886 1903 2941 in
1943 2889 2194 2946 navicula
2291 2891 2447 2947 Iastia
2474 2891 2736 2946 virtutum
2763 2890 3018 2962 pennulis
3047 2890 3262 2944 elevare
3304 2904 3365 2946 se
3409 2888 3600 2945 sciunt.
3628 2884 3810 2942 illesu-

603 2979 804 3034 mentis
831 2994 895 3033 co
945 2977 1245 3034 studiosius
1281 2977 1439 3032 nobis
1480 2976 1624 3043 ﬁdei,
1655 2978 1768 3049 spei
1812 2988 1866 3033 ct
1908 2978 2192 3038 charitatis
2291 2990 2397 3036 tem
2425 2981 2572 3037 nulla
2600 2981 2900 3036 divinitatis
2922 2996 3055 3035 aura
3082 2979 3373 3051 contingit,
3411 2979 3506 3035 sed
3533 2978 3625 3034 sub
3641 2975 3813 3047 tegmine
3894 2984 3897 3053 ι

602 3069 1025 3125 incumbendnm
1069 3077 1155 3124 est
1202 3069 1391 3135 remis,
1431 3084 1542 3140 quo
1586 3085 1680 3140 spe
1728 3070 1946 3126 videndi
1993 3072 2190 3130 littoris
2289 3073 2543 3129 vitiorum
2575 3073 2777 3145 glacies
2825 3073 3044 3128 interna
3086 3072 3441 3148 constringit,
3478 3070 3579 3126 nisi
3624 3065 3807 3140 septifor-

598 3162 773 3233 magis
802 3162 1085 3233 magisque
1125 3161 1240 3231 jam
1300 3161 1596 3233 remigrare
1640 3161 1902 3218 debemus
1926 3163 1981 3219 in
2010 3175 2189 3220 extre—
2214 3206 2256 3262 Ο
2291 3165 2395 3219 mis
2422 3166 2609 3235 gratim
2637 3164 2732 3218 Dei
2780 3163 3132 3219 calidioribus
3160 3164 3243 3218 eis
3277 3163 3641 3235 aspirantibus
3666 3158 3808 3219 ventis.
3894 3202 3895 3257 ἰ

599 3252 723 3309 mis.
756 3252 861 3309 Sed
886 3254 1014 3309 dum
1044 3253 1111 3309 ad
1144 3255 1309 3308 linem
1344 3252 1611 3307 orationis
1653 3261 1876 3321 nostrae,
1909 3256 2065 3326 quasi
2115 3257 2185 3311 ad
2218 3250 2256 3262 ν
2286 3258 2353 3314 de
2378 3258 2527 3313 vitiis
2567 3258 2635 3313 ad
2673 3257 2903 3312 virtutes
2943 3256 3173 3312 saltibus
3212 3255 3624 3312 conscendet-int
3648 3250 3803 3307 mentis.

594 3345 750 3401 littus
784 3361 1140 3418 properamus
1180 3361 1212 3400 a
1255 3345 1456 3411 littore,
1488 3344 1630 3399 viam
1680 3345 1928 3402 veritatis
1974 3362 2172 3418 ncqua-
2288 3348 2447 3404 Tales
2486 3348 2653 3419 igitur
2709 3348 2882 3404 saltus
2911 3346 3236 3417 patriarchae
3282 3356 3338 3401 et
3395 3346 3654 3419 propheta:
3690 3343 3803 3397 facie-

595 3453 761 3510 quam
792 3440 1051 3496 debemus
1080 3440 1348 3505 amittere,
1385 3440 1476 3494 sed
1506 3448 1632 3493 ante
1663 3455 1763 3495 nos
1806 3440 2021 3512 longius
2048 3442 2185 3498 inte—
2284 3441 2436 3507 bant,
2473 3441 2604 3495 dum
2660 3439 2924 3495 virtutum
2974 3438 3233 3508 perniulis
3291 3437 3445 3505 fulti,
3480 3439 3545 3493 de
3577 3431 3799 3491 inﬁmisat

595 3532 838 3589 tioribus
868 3532 979 3604 jam
1012 3532 1457 3603 prospiciendum
1497 3542 1579 3587 est
1608 3533 1804 3599 oculis,
1844 3549 1911 3588 ne
1934 3536 2182 3591 navicula
2285 3549 2500 3589 summa
2544 3532 2727 3587 volare
2786 3530 3053 3597 solebant,
3108 3530 3260 3584 illum
3308 3531 3557 3585 videlicet
3600 3528 3800 3583 imitante

597 3625 796 3680 mentis
854 3624 1090 3696 alicujus
1143 3624 1349 3680 erroris
1404 3623 1743 3681 anfractibus
1802 3625 2040 3682 illidalur
2090 3637 2185 3684 aut
2283 3628 2401 3699 qui,
2431 3636 2554 3698 post
2575 3625 2802 3697 gloriam
2852 3623 3279 3680 resurrectionis
3330 3640 3448 3679 suae
3497 3617 3795 3678 ascende-risi!

594 3715 854 3783 seopulis.
893 3712 1186 3770 Sciendum
1215 3723 1300 3771 est
1339 3716 1541 3787 quippe
1571 3716 1701 3787 quia
1752 3716 1893 3772 sicut
1938 3718 1992 3771 in
2043 3719 2182 3774 libro
2283 3719 2476 3786 altum,
2507 3719 2573 3774 de
2599 3718 2759 3772 terris
2790 3716 2857 3772 ad
2886 3716 3059 3772 caelos
3099 3731 3360 3786 magnum
3411 3713 3599 3769 fecerat
3637 3710 3791 3765 saltum.

642 3821 869 3863 encseos
912 3815 1070 3862 antea
1106 3814 1321 3864 constat
1347 3808 1622 3879 aliquibus
1650 3810 1936 3881 navigasse
1964 3811 2176 3882 diebus,
2283 3808 2438 3865 Unde
2465 3808 2726 3879 quoniam
2776 3807 2987 3863 similes
3028 3815 3186 3861 erant
3221 3805 3443 3878 magnis
3479 3805 3579 3860 illis
3598 3801 3790 3875 pisrilui.

590 3898 672 3953 sic
700 3899 755 3952 in
800 3899 923 3956 aliis
950 3900 1106 3956 libris
1147 3900 1317 3972 Moysi
1349 3901 1628 3971 aliquanto
1670 3911 1909 3972 tempore
1951 3905 2179 3973 posthac
2281 3900 2335 3954 id
2364 3908 2447 3955 cst
2477 3910 2696 3955 centum
2719 3897 3118 3970 quinquaginta
3143 3897 3346 3965 tribus,
3378 3896 3448 3953 de
3470 3897 3649 3967 quiius
3676 3893 3714 3946 in
3730 3887 3791 3941 ετο

589 3974 792 4061 piscari
814 3991 1094 4058 debemus,
1126 3993 1360 4048 maxime
1383 4010 1509 4047 cum
1532 3995 1712 4064 magni
1745 3995 1922 4064 pisces
1959 3996 2031 4049 illi
2062 3996 2176 4066 jam
2278 3993 2446 4049 clesia
2487 4001 2803 4048 sanctorum
2846 4000 3034 4062 gratus
3074 3988 3187 4045 Deo
3225 4006 3445 4061 semper
3486 3982 3788 4060 prmpa‘audlfi
3878 4016 3879 4073 ἢ

589 4082 748 4138 nobis
783 4085 1185 4154 prmmonstrati
1216 4085 1325 4140 sint
1355 4084 1409 4138 in
1442 4085 1765 4163 patriarehis
1800 4095 1853 4140 et
1876 4079 2176 4158 prOphetis,
2276 4094 2358 4140 cst
2386 4085 2564 4150 cibus,
2598 4098 2820 4139 necesse
2850 4092 2935 4137 est
2966 4090 3025 4135 ut
3050 4097 3170 4150 nos,
3198 4081 3266 4137 ad
3291 4082 3592 4152 exemplum
3615 4076 3787 4133 illum;
3875 4110 3877 4175 Α

586 4174 656 4229 de
682 4174 882 4244 quibus
906 4172 1121 4230 Veritas
1144 4174 1427 4245 discipulis
1458 4195 1472 4229 :
1502 4175 1720 4243 .llitti:c,
1751 4177 1945 4249 inquit,
1970 4180 2025 4233 in
2048 4180 2175 4234 dex-
2275 4178 2524 4235 eamdem
2554 4192 2681 4234 cum
2715 4175 2795 4231 eis
2817 4175 3117 4230 habeamus
3144 4175 3311 4228 tidem
3351 4190 3513 4245 quam
3537 4188 3620 4242 per
3642 4174 3780 4237 myslc
3873 4200 3875 4275 4

591 4274 731 4319 trum
786 4266 983 4337 narigii
1034 4275 1170 4334 rete,
1214 4276 1263 4320 et
1314 4268 1583 4322 invenietis
1626 4267 1805 4341 (Joan.
1862 4273 1985 4342 xu).
2023 4271 2175 4327 Sicut
2275 4271 2418 4327 rium
2447 4270 2604 4326 nobis
2626 4283 2893 4324 numerus
2910 4266 3370 4323 dcmonstraverit
3402 4265 3559 4329 idem,
3581 4260 3673 4331 qui,
3693 4270 3782 4326 (1W

587 4356 736 4411 enim
783 4356 1014 4429 figuram
1045 4359 1278 4430 piscium
1308 4360 1525 4416 illorum
1564 4362 1748 4432 plures
1774 4363 2011 4419 habuere
2045 4379 2173 4435 pro-
2274 4366 2421 4419 n'am
2448 4380 2480 4418 a
2506 4363 2665 4417 nobis
2694 4369 2875 4432 potest
2914 4358 3190 4415 enucleari
3218 4358 3511 4420 sincerius,
3537 4354 3619 4410 sia
3642 4355 3777 4420 myste-

586 4450 781 4517 pisetae,
809 4449 876 4505 de
899 4450 1099 4521 quibus
1133 4451 1335 4507 dicitur
1367 4471 1383 4506 :
1411 4450 1543 4507 Cum
1576 4454 1715 4506 tanti
1738 4463 1931 4521 essent,
1955 4470 2057 4508 non
2094 4464 2170 4509 est
2272 4456 2357 4512 rio
2402 4454 2565 4509 unius
2596 4453 2916 4526 mysterium
2953 4460 3238 4523 separetur
3277 4450 3519 4511 alterius,
3559 4444 3774 4500 idem“

585 4541 807 4595 scissum
835 4552 939 4596 rete
966 4541 1180 4614 (Ibid),
1210 4544 1295 4599 hic
1338 4544 1575 4600 bmret'ci
1605 4544 1831 4615 quilibet
1861 4561 2036 4617 usque
2069 4546 2171 4601 bo-
2204 4552 2249 4608 D
2276 4562 2425 4602 more
2451 4546 2697 4601 ciborum
2722 4558 2867 4599 unus
2889 4542 3050 4598 nobis
3071 4541 3142 4597 sit
3174 4542 3227 4595 in
3276 4539 3522 4603 fastidio,
3547 4545 3595 4591 et
3618 4526 3771 4587 aliusill

582 4631 673 4689 die
701 4640 886 4704 typum
911 4635 1112 4691 habent
1153 4636 1370 4691 illorum
1403 4637 1470 4693 de
1492 4637 1693 4707 quibus
1736 4639 1997 4708 scriptum
2024 4647 2107 4694 cst
2148 4658 2164 4692 :
2272 4638 2565 4702 desiderio,
2594 4637 2819 4709 dignum
2874 4643 2958 4689 est
3012 4643 3073 4689 ut
3118 4633 3487 4695 centenarias,
3541 4619 3772 4699 qtidells

586 4724 943 4790 Ilumpebatnr
970 4739 1146 4783 autent
1176 4740 1281 4784 rete
1310 4747 1489 4784 eorum
1525 4729 1676 4801 (Luc.
1717 4730 1792 4795 ι’),
1832 4740 1887 4786 ct
1915 4732 2059 4787 sicut
2091 4731 2169 4802 pi—
2270 4730 2481 4800 primus
2502 4738 2585 4784 est
2614 4730 2666 4783 in
2700 4743 2949 4794 numero,
2977 4727 3191 4798 primus
3213 4726 3379 4782 etiam
3410 4722 3545 4779 adsit
3569 4721 3614 4773 in
3638 4718 3771 4783 mysi?

582 4837 705 4877 sees
735 4822 809 4878 illi
839 4822 967 4876 boni
1005 4824 1247 4894 quotidie
1274 4825 1623 4881 inveniuntur
1660 4842 1713 4880 ιιι
1754 4825 2038 4895 przese..tis
2062 4823 2161 4881 Ec-
2270 4822 2373 4876 rio.
2405 4820 2591 4876 Nostis
2613 4820 2800 4890 utique
2820 4819 2965 4889 quod
2993 4834 3062 4873 ex
3102 4817 3325 4887 antiqua
3356 4809 3767 4896 supputatione?

578 4914 761 4970 clcsiae
809 4930 957 4982 casa,
983 4916 1050 4971 de
1090 4916 1291 4986 quibus
1331 4916 1544 4973 Veritas
1574 4934 1585 4969 :
1627 4916 1929 4990 Elegernnt,
1963 4917 2160 4988 inquit,
2269 4914 2533 4985 pientium
2557 4912 2737 4968 decies
2761 4912 2973 4977 decem,
2998 4909 3467 4971 faeiuntccntum,
3490 4898 3676 4974 mystice
3692 4905 3762 4987 εςιο

577 5006 738 5061 bonos
769 5024 823 5063 tu
849 5025 973 5064 vasa
1001 5008 1218 5079 (Matt/1.
1257 5011 1401 5081 xm),
1444 5006 1524 5067 sic
1562 5010 1797 5066 haeretici
1823 5011 2059 5081 piscium
2093 5010 2153 5066 il-
2266 5007 2393 5062 licet
2417 5007 2717 5076 signantes,
2746 5012 2805 5058 ut
2839 5012 2894 5059 et
2934 5001 3180 5072 impletin
3206 4997 3457 5071 Decalogi
3498 4991 3761 5050 sentiat!“ll

576 5097 758 5158 lorum
815 5100 1042 5172 ﬁguram
1081 5117 1297 5173 semper
1348 5101 1641 5168 habebunt,
1682 5102 1748 5157 de
1796 5102 1999 5173 quibus
2026 5103 2162 5158 scri-
2262 5100 2508 5166 denario,
2536 5107 2590 5155 ct
2620 5097 2897 5169 plenitudo
2918 5094 3268 5169 perfectionis
3296 5091 3605 5164 intelligatur
3624 5081 3760 5137 in”?

576 5201 731 5265 ptum
751 5204 871 5250 est:
902 5194 1072 5248 Malus
1100 5205 1274 5250 atatem
1296 5195 1718 5266 {orasmiserunt
1758 5194 1971 5261 (Ibid.).
2020 5194 2156 5261 Qu‘a
2261 5192 2493 5248 tenet-io.
2523 5191 2819 5247 Sciendum
2870 5199 2956 5245 est
3006 5190 3151 5245 enim
3195 5189 3345 5259 quia,
3373 5186 3475 5241 nisi
3503 5177 3753 5267 lideinlft”

575 5259 723 5342 enim
756 5286 810 5341 in
842 5286 1077 5342 Ecclesia
1128 5286 1221 5341 Dei
1270 5259 1491 5361 quidam
1529 5288 1603 5343 ita
1635 5259 1896 5357 perversi,
1934 5259 2154 5357 quidam
2258 5293 2313 5339 ct
2339 5283 2603 5338 charitate
2625 5280 2863 5353 perfecta
2900 5280 3087 5335 decem
3115 5278 3306 5349 legalia
3334 5259 3752 5361 studeamusﬂilﬁ:

574 5394 706 5436 vero
733 5380 807 5435 ita
852 5390 980 5436 sunt
1017 5379 1195 5435 sancti
1228 5388 1289 5434 ut
1333 5395 1443 5433 non
1473 5379 1745 5434 immerito
1786 5379 1992 5434 similes
2046 5379 2157 5434 sint
2256 5376 2404 5447 plcre
2454 5381 2741 5446 praecepta,
2798 5387 3143 5444 nequaquam
3190 5367 3419 5426 adunari
3471 5344 3749 5444 valemlﬂ'll'

570 5489 782 5546 sagcna:
837 5475 1011 5528 missa
1054 5475 1107 5526 in
1168 5489 1333 5538 male,
1360 5480 1410 5525 et
1456 5487 1521 5524 ea:
1559 5472 1699 5525 omni
1725 5487 1907 5541 genere
1926 5471 2152 5541 piscium
2255 5465 2509 5537 perfecta:
2529 5465 2756 5536 requiei,
2784 5464 2877 5519 ubi
2905 5462 3187 5518 scientiam
3217 5474 3374 5517 suam
3401 5448 3746 5546 non‘noxnfl“:

570 5530 912 5637 congreganti
963 5565 1128 5636 (ibid.
1148 5567 1188 5635 ),
1240 5530 1464 5636 dignum
1520 5572 1604 5617 est
1651 5530 1904 5633 utvjusto
1926 5530 2151 5631 'judicio
2255 5530 2352 5610 sed
2380 5556 2498 5610 dies
2522 5530 2732 5609 indicat
2759 5553 2887 5610 diei.
2922 5550 3027 5607 Sed
3049 5560 3104 5606 et
3139 5547 3285 5605 aliud
3314 5541 3603 5617 mysterium

569 5624 882 5713 Conditoris
925 5624 1015 5712 alii
1071 5624 1386 5713 reriianednt
1436 5656 1603 5722 intus,
1640 5663 1695 5709 et
1735 5624 1823 5708 alii
1858 5624 2012 5708 foris.
2046 5652 2150 5708 Sed
2254 5648 2310 5702 in
2337 5647 2531 5703 eodem
2559 5660 2791 5702 numero
2822 5645 3231 5717 demonstratur
3256 5636 3565 5696 horninibus.
3595 5624 3741 5722 ιιιιίΡξν

570 5748 713 5815 illos,
759 5750 852 5818 qui
892 5749 1027 5805 foris
1081 5758 1236 5815 sunt,
1283 5763 1349 5803 co
1391 5747 1551 5802 citius
1591 5717 1633 5801 ’τι
1683 5747 1856 5812 vobis,
1912 5745 2153 5799 dilectis-
2256 5756 2460 5795 corona
2500 5739 2826 5810 virginitatis
2869 5736 3008 5792 solet
3044 5732 3303 5789 attitulari
3336 5724 3621 5800 virginibus.
3647 5717 3738 5818 ll'f‘

571 5812 707 5896 simi
727 5812 940 5905 fratres,
974 5840 1183 5894 debetis
1210 5812 1497 5909 expellere,
1527 5855 1638 5910 quo
1684 5840 1825 5894 intra
1862 5838 2001 5892 ovile
2031 5836 2146 5891 llo-
2255 5834 2403 5889 niam
2428 5834 2481 5888 in
2506 5832 2888 5889 intlexionibus
2917 5828 3231 5900 digitorum,
3255 5827 3367 5894 lege
3393 5821 3598 5877 diem“
3616 5812 3735 5863 Im"

3894 2984 3897 3037 ι

3894 3202 3895 3257 ι

3892 3296 3893 3359 1

3889 3404 3891 3461 ι

3887 3490 3889 3563 4
