3960 6316
139 397 291 451 10⁷05

1170 394 1295 450 LIB.
1337 392 1423 449 DE
1461 390 1814 448 MYSTERIO
1854 393 2037 449 LIGNI
2075 393 2398 450 DOMlNlCl.

3275 401 3414 458 N106

134 524 285 576 sua.
328 507 575 564 eumdem
600 507 891 565 articulum
919 506 1079 562 habet
1117 508 1170 562 itt
1202 507 1410 576 dextra,
1441 524 1601 579 quem
1630 481 1734 565 de:
1759 520 1800 576 Α
1833 504 1903 561 ad
1939 500 2180 576 praesens
2207 521 2381 577 pauca
2411 520 2511 576 pro
2549 506 2797 576 pluribus
2848 506 3101 565 videntur
3144 509 3416 571 inlicere.

133 607 338 660 narius
360 603 415 659 in
442 601 686 659 sinistra.

214 695 374 761 Ecce.
402 696 531 766 quia
566 695 668 766 piae
708 686 1012 749 devotionis
1057 701 1111 749 et
1151 692 1408 749 fraternae
1448 694 1737 749 charitatis

129 788 377 843 humero
399 789 507 843 duo
537 786 789 859 mysteria
820 786 973 841 vobis
999 786 1053 841 in
1091 786 1281 842 eodem
1323 786 1736 856 apportavimus

127 897 396 947 numero,
444 890 615 936 restat
661 888 742 947 ut,
795 879 1096 936 secundum
1138 878 1451 934 doctrinam
1487 881 1733 935 virorum

124 972 447 1039 solertiutn,
475 973 691 1029 duobus
730 973 817 1027 bis
855 972 1119 1028 addamus
1157 980 1213 1027 et
1242 971 1486 1027 tertium.
1519 970 1740 1026 Intuen-

121 1064 271 1119 dum
325 1073 409 1120 cst
441 1081 572 1120 sane
604 1064 938 1136 quibuslibet
988 1064 1286 1120 lectoribus
1331 1062 1555 1118 intentis
1587 1062 1734 1134 quod

121 1155 296 1210 litera
327 1155 391 1221 Τ,
420 1157 576 1221 than,
613 1156 860 1212 numeris
894 1156 1202 1211 intitulatur
1229 1166 1307 1210 tr'
1321 1157 1523 1212 ‘entis:
1555 1157 1731 1228 signi-

129 1246 279 1303 ﬁcat
311 1248 563 1304 videlicet
608 1248 776 1319 quod,
808 1248 952 1303 sicut
990 1264 1147 1303 nova:
1190 1250 1326 1314 legis
1373 1256 1607 1304 testatur
1638 1264 1732 1303 sa-

118 1350 506 1407 cramentum,
544 1340 783 1397 Trinitas
815 1341 868 1396 in
904 1341 1097 1407 tribus,
1125 1350 1178 1396 et
1199 1342 1438 1397 cbaritas
1466 1341 1732 1409 ﬁguratur

116 1431 178 1486 in
215 1442 466 1488 centum.
506 1431 619 1489 Nisi
674 1434 820 1489 enim
864 1434 1109 1504 ejttsdem
1162 1434 1446 1490 charitatis
1500 1435 1731 1489 velimus

117 1525 340 1580 habere
394 1535 662 1591 tenorem,
719 1526 786 1581 de
851 1542 959 1597 qua
1005 1527 1269 1597 scriptum
1328 1536 1451 1582 cst:
1485 1527 1730 1597 Perfecta

114 1616 373 1671 eharitas
407 1618 556 1688 foras
617 1618 782 1672 mittit
828 1620 1068 1674 timorem
1110 1618 1347 1689 (11mm.
1379 1620 1475 1691 tv),
1529 1635 1731 1691 nequa-

114 1724 302 1778 quam
332 1710 384 1763 in
420 1726 520 1766 nos
549 1702 855 1767 dilectionis
879 1712 1023 1768 illius
1047 1722 1227 1782 potest
1257 1714 1562 1769 redundare
1592 1726 1728 1785 'per-

1840 596 1978 653 Cum
2002 598 2150 651 enim
2177 605 2260 652 tot
2279 605 2332 654 et
2356 605 2464 653 tam
2490 598 2818 665 multiplices
2838 598 2888 655 ei
2916 600 3190 672 spiritales
3214 602 3418 660 intelli~

1836 690 2029 759 gentize
2063 691 2175 744 sint
2197 699 2398 759 partes,
2431 698 2491 744 ut
2528 705 2628 761 pro
2667 692 3002 761 explicandis
3030 695 3288 752 omnibus
3326 695 3422 756 vix

1836 782 2092 839 humanae
2118 783 2385 839 sufﬁciant
2415 793 2582 851 artes,
2624 784 2745 840 ideo
2767 802 2798 840 a
2846 787 3002 842 nobis
3038 804 3146 843 non
3190 798 3258 845 ex
3281 799 3421 864 toto,

1836 875 1930 929 sed
1974 890 2041 930 ex
2082 884 2236 945 parte
2268 876 2556 947 allegorica
2591 877 2705 947 jam
2748 878 3124 937 discutiendus
3159 890 3246 936 est
3277 891 3417 938 arte.

1836 967 1942 1024 Sed
1966 978 2258 1041 antequam
2288 970 2354 1024 ad
2382 985 2653 1026 summam
2685 971 3031 1041 perveniatur
3074 972 3268 1042 ipsius,
3293 990 3449 1045 [ar--

1835 1071 1917 1114 tes
1949 1060 2070 1129 ejus
2098 1061 2508 1117 considerandae
2530 1069 2660 1116 sunt
2684 1061 2859 1132 prius,
2884 1077 2954 1117 ne
2976 1078 3105 1118 cum
3147 1079 3215 1119 ex
3260 1074 3415 1135 parte

1832 1153 2149 1222 pervenitur
2173 1153 2242 1207 ad
2264 1161 2460 1218 totum,
2495 1154 2816 1225 mysterium
2846 1155 2994 1225 quod
3039 1155 3167 1211 aliis
3199 1166 3283 1212 est
3329 1173 3418 1213 co-

1833 1246 2044 1317 gnitum
2072 1246 2194 1301 aliis
2222 1246 2398 1317 possit
2419 1262 2541 1301 esse
2560 1247 2827 1318 ignotum.
2858 1245 3042 1304 Nostis
3074 1248 3242 1319 igitur
3272 1250 3414 1320 quod
3468 1270 3471 1273 ·

1844 1338 2162 1408 quinarium
2185 1353 2475 1393 numerum
2496 1338 2673 1393 virtus
2694 1338 2877 1393 divina
2902 1340 3157 1406 sacravit,
3186 1340 3317 1396 dum
3352 1340 3420 1396 de

1830 1431 2078 1503 quinque
2108 1432 2341 1502 panibus
2375 1440 2431 1487 et
2459 1431 2680 1488 duobus
2708 1433 2950 1504 piscibus
2973 1434 3220 1505 quinque
3247 1434 3419 1491 millia

1831 1522 2070 1589 satiavit,
2129 1523 2183 1576 in
2241 1523 2483 1594 quinque
2531 1522 2733 1578 scilicet
2790 1525 3024 1594 panibus
3071 1533 3419 1583 sacramenta

1830 1615 2147 1688 significans
2190 1616 2346 1686 legis,
2389 1616 2445 1671 in
2483 1616 2700 1672 duobus
2742 1626 2925 1673 autem
2968 1619 3235 1689 piscibus,
3277 1621 3419 1680 duas

1828 1723 2096 1779 personas
2116 1708 2419 1763 sacerdotis
2440 1717 2495 1763 et
2526 1706 2862 1779 regis.Unde
2881 1710 3140 1781 quoniam
3173 1711 3226 1766 in
3255 1727 3419 1770 sacro

112 1798 321 1867 fectio,
368 1801 435 1857 de
463 1818 570 1873 qua
601 1803 806 1859 dictum
848 1813 935 1859 est
978 1821 992 1858 :
1047 1805 1332 1860 Plenitudo
1361 1806 1491 1878 tegis
1516 1817 1593 1861 est
1640 1808 1726 1861 di-
1758 1872 1795 1878 _
1828 1799 2049 1871 eloquio
2099 1799 2345 1871 quotidie
2388 1802 2674 1857 vobiscum
2723 1802 2991 1859 discimus
3038 1805 3187 1876 quod
3226 1807 3283 1862 in
3323 1808 3415 1865 illa

111 1889 290 1945 lectio
317 1872 493 1961 (Rom.
528 1893 670 1962 xm).
695 1893 760 1950 Et
787 1897 1047 1966 quoniam
1079 1898 1353 1969 allegorici
1383 1872 1599 1965 sensus,
1629 1900 1723 1971 qui
1758 1872 1801 1927 Β
1827 1892 2083 1962 passione
2124 1891 2410 1948 Dominica
2445 1909 2549 1949 nec
2599 1895 2781 1965 Pisces
2809 1872 3075 1966 Panibus;
3109 1912 3211 1953 nec
3245 1913 3416 1969 P3088

113 1982 173 2037 in
222 1984 424 2038 eodem
472 2001 701 2039 numero
751 1986 1012 2054 latebant,
1052 1989 1306 2044 charitati
1334 1998 1549 2056 vestrm,
1590 1991 1726 2046 dile-

110 2074 388 2140 ctissimi,
407 2076 520 2146 jam
559 2077 719 2132 tertio
769 2079 1045 2148 patebant,
1076 2081 1301 2153 dignum
1345 2092 1430 2137 est
1472 2091 1548 2149 ut,
1593 2084 1723 2154 quia

113 2182 315 2222 novus
345 2169 562 2239 animus
591 2185 765 2225 novos
805 2171 972 2243 exigit
1001 2182 1173 2241 artus,
1218 2174 1392 2230 tribus
1416 2174 1649 2230 addatur
1671 2183 1725 2229 et

109 2268 390 2330 quartus.
425 2259 622 2316 Notum
639 2271 721 2317 est
742 2263 887 2318 enim
911 2264 1065 2319 vobis
1090 2265 1144 2318 in
1175 2264 1395 2322 Christo
1423 2265 1549 2323 Jestt
1577 2267 1725 2338 quod

109 2365 237 2405 non
265 2366 424 2417 crux,
451 2351 543 2405 sed
571 2352 780 2422 species
806 2354 987 2410 crucis
1015 2355 1369 2411 continentur
1390 2357 1445 2412 in
1473 2358 1627 2413 litera
1657 2356 1721 2424 Τ,

107 2442 285 2509 thau,
319 2444 604 2514 quoniam,
629 2444 675 2501 si
714 2447 768 2502 in
814 2448 1083 2518 superiori
1116 2458 1269 2520 parte
1315 2451 1494 2507 adhuc
1517 2452 1564 2508 ei
1596 2468 1724 2523 pars

107 2550 235 2590 una
269 2546 604 2606 superesset,
648 2554 756 2594 non
792 2539 905 2611 jam
936 2539 1111 2596 forma
1150 2542 1355 2609 crucis,
1384 2544 1477 2600 sed
1514 2544 1722 2617 integra

106 2641 263 2683 crux
285 2640 453 2683 esset.
495 2627 650 2686 Unde
675 2632 806 2687 etin
836 2633 1023 2688 eadem
1049 2635 1250 2701 littera,
1297 2652 1394 2706 per
1420 2652 1583 2708 quam
1618 2654 1721 2693 nu-

107 2735 316 2776 merus
341 2729 729 2791 trecentorum,
758 2734 812 2779 et
842 2727 1018 2782 l'orma
1045 2729 1225 2784 crucis
1246 2730 1573 2797 ostenditur,
1614 2746 1721 2785 non

108 2811 433 2884 incongrue
455 2815 613 2872 nobis
638 2832 820 2888 pugna
850 2817 1123 2876 Gedeonis
1175 2820 1231 2877 in
1275 2822 1449 2893 figura
1491 2833 1724 2894 praeten-

106 2908 296 2973 ditur,
329 2907 386 2961 in
412 2923 519 2979 qua
541 2909 791 2967 videlicet
825 2928 920 2982 per
944 2915 1173 2984 gratiam
1204 2913 1603 2985 Omnipotentis
1625 2934 1719 2973 su-

106 3014 216 3068 per
256 3001 448 3056 hostes
472 3017 600 3059 suos
630 3004 832 3059 meruit
882 3006 1221 3076 triumphare
1268 3024 1393 3063 cum
1442 3016 1717 3065 trecentis.

104 3089 226 3147 Per
255 3093 577 3164 mysterium
619 3095 767 3151 enim
801 3098 1001 3164 crucis,
1047 3106 1102 3154 et
1151 3097 1382 3154 formam
1416 3099 1718 3169 Trinitatis,

1825 1982 2048 2039 defuere
2076 1984 2341 2055 piscibus,
2369 1986 2595 2059 dignum
2642 1999 2729 2044 est
2775 1999 2856 2058 ut,
2884 2006 2984 2062 pro
3011 1992 3202 2048 eodem
3228 2008 3415 2049 exem—

1826 2075 1917 2147 plo
1951 2076 2004 2130 in
2035 2075 2277 2133 Ecclesia
2303 2077 2397 2134 Dei
2422 2095 2636 2151 semper
2664 2084 3033 2154 exsequendo,
3057 2098 3159 2141 nec
3177 2100 3409 2157 regnum

1826 2185 1857 2222 a
1894 2170 2230 2237 sacerdotio,
2274 2187 2374 2227 nec
2413 2173 2783 2230 sacerdotium
2828 2185 3110 2247 separetur
3149 2193 3180 2233 a
3219 2193 3411 2251 regno.

1824 2259 1994 2331 Cujus
2025 2263 2104 2318 rei
2132 2264 2441 2334 exemplum
2471 2264 2629 2322 facile
2652 2274 2832 2338 poteSt
2858 2269 2929 2324 ab
2962 2270 3083 2341 ipso
3111 2269 3413 2327 Conditore

1825 2356 2107 2426 perpendi,
2130 2355 2225 2428 qui
2257 2358 2325 2413 ad
2349 2359 2802 2417 sanctiﬁcandum
2828 2363 3092 2434 populum
3130 2378 3196 2419 ac
3220 2379 3414 2437 regen-

1823 2450 1954 2506 dum
1986 2465 2077 2505 rex
2101 2459 2157 2506 et
2184 2451 2442 2508 sacerdos
2462 2453 2679 2531 volebat
2699 2449 2936 2525 ostendi,
2949 2457 3169 2527 quando
3188 2457 3255 2512 ad
3278 2472 3413 2528 prae-

1825 2542 2123 2613 parandam
2162 2543 2322 2598 nobis
2353 2542 2858 2604 immarcessibilem
2889 2549 3016 2603 vita:
3055 2558 3273 2604 interna:
3317 2562 3411 2605 co-

1824 2650 2039 2701 ronam,
2093 2637 2150 2689 in
2200 2635 2385 2706 seipso
2430 2637 2823 2694 sacerdotalem
2868 2654 2935 2695 ac
2980 2640 3186 2709 regiam
3234 2641 3412 2697 voluit

1822 2734 2039 2798 portare
2082 2741 2408 2797 personam;
2439 2729 2665 2801 proinde
2692 2732 2923 2786 multum
2973 2746 3149 2797 erras,
3181 2748 3216 2788 ο
3248 2731 3410 2788 Chri-

1824 2821 1999 2876 stiane
2028 2821 2288 2875 nimirum
2327 2821 2601 2889 haeretice,
2632 2823 2726 2895 qui
2768 2839 2923 2880 more
2961 2825 3407 2896 phreneticorum

1823 2928 2050 2982 regnum
2114 2921 2169 2966 ct
2218 2912 2582 2967 sacerdotium
2623 2914 2768 2970 soles
2807 2914 3015 2986 agitare
3070 2915 3404 2985 pltrenetice,

1821 3004 1951 3057 dum
2001 3004 2139 3058 duas
2176 3018 2473 3073 personas,
2499 3019 2623 3075 quae
2662 3006 2719 3060 in
2749 3004 2994 3061 Ecclesia
3046 3005 3142 3062 Dei
3191 3020 3407 3078 semper

1823 3095 1973 3151 fuere
2009 3095 2293 3162 sublimes,
2321 3095 2555 3151 diversis
2583 3097 2885 3153 haereslbus
2922 3099 2994 3153 ab
3039 3098 3271 3153 invicem
3315 3113 3406 3155 se-

107 3182 246 3238 sine
277 3185 451 3239 armis
478 3188 739 3257 pugnavit
768 3204 895 3243 cum
940 3190 1187 3257 armatis,
1226 3191 1445 3262 quando
1471 3208 1567 3248 cos
1608 3206 1724 3248 non'
1745 3230 1787 3286 Ο
1823 3204 2017 3260 parare
2047 3205 2154 3243 nun
2181 3189 2361 3244 times.
2391 3187 2496 3245 Sed
2522 3189 2701 3245 nescis
2725 3187 2960 3245 fortasse
2991 3189 3140 3259 quod
3163 3189 3406 3261 antiqua

105 3276 297 3331 armis
324 3277 634 3350 subjugavit
659 3283 894 3337 ammnis
916 3324 931 3349 ,
963 3282 1057 3338 sed
1086 3284 1263 3349 tubis,
1296 3283 1638 3355 lampadibus
1665 3293 1719 3338 ct
1750 3276 1787 3286 ”
1819 3281 2122 3337 divinitatis
2163 3281 2290 3336 olim
2331 3282 2603 3337 sancitum
2652 3283 2873 3354 estlegc
2907 3299 2976 3338 ne
3019 3283 3075 3337 in
3098 3298 3269 3354 regno
3293 3282 3407 3340 Ro-

112 3367 364 3440 lagenls.
415 3367 725 3426 Notandum
775 3382 858 3429 est
908 3374 1073 3429 etiam
1132 3377 1278 3446 quod
1308 3375 1555 3432 Ezechiel
1585 3391 1715 3449 pro-
1820 3386 2108 3427 manorum
2144 3388 2239 3427 rex
2266 3387 2296 3425 a
2330 3372 2610 3442 pontiﬁce,
2641 3374 2724 3427 vel
2765 3373 3007 3444 pontifex
3041 3381 3328 3446 separetur
3367 3388 3403 3431 a

103 3461 286 3529 pheta
344 3459 397 3515 in
453 3462 640 3518 eadem
671 3464 846 3520 littera
896 3465 1055 3521 fidem
1103 3481 1463 3537 expressurus
1492 3470 1717 3524 creden-

1821 3477 1964 3532 rcgc,
2004 3463 2444 3536 quatenusﬁliis
2485 3464 2742 3520 Ecclesiae
2779 3467 2832 3519 in
2880 3467 3175 3521 concordia
3205 3481 3400 3522 eorum

104 3557 285 3620 tium,
332 3552 516 3626 Signa,
559 3557 756 3627 inquit,
816 3557 876 3621 T,
939 3559 1086 3626 tium,
1132 3577 1292 3630 super
1324 3560 1521 3632 frontes
1570 3564 1713 3616 riro-
1818 3556 1955 3612 bene
1998 3557 2172 3627 possit
2211 3558 2449 3625 ostendi,
2500 3557 2647 3628 quod
2694 3572 2761 3612 ex
2805 3558 2988 3613 divina
3035 3558 3399 3629 ordinatione,

105 3661 244 3700 rum
273 3648 589 3716 gementium
626 3658 676 3703 et
697 3649 986 3704 dotauium
1017 3650 1357 3720 (Haec/1.13),
1387 3652 1561 3725 typicc
1608 3653 1707 3708 sci-
1816 3665 1962 3703 unus
1996 3649 2159 3729 habet
2181 3659 2567 3706 testamentum
2612 3650 2906 3706 sacerdotii
2945 3661 3000 3705 et
3041 3651 3182 3705 alius
3223 3651 3396 3723 regni.

104 3736 253 3793 licet
313 3736 602 3795 insinuans
660 3757 756 3812 per
795 3742 900 3799 hoc
944 3759 1100 3798 novae
1154 3744 1598 3801 sanctificationis
1644 3740 1715 3800 si-
1816 3739 1970 3796 Unde
1992 3741 2068 3796 nil
2093 3743 2296 3810 obstat,
2320 3743 2367 3799 si
2392 3741 2617 3814 praefata
2662 3741 2887 3798 refectio
2930 3740 3228 3798 Dominica:
3265 3757 3366 3812 pas

104 3844 294 3902 gnum
317 3872 334 3896 ,
373 3830 517 3901 quod
542 3830 688 3887 ferro
720 3834 959 3890 hostium
985 3834 1183 3891 fortius
1206 3844 1289 3891 est
1325 3838 1505 3892 crucis
1528 3836 1712 3891 Domi-
1813 3834 1988 3892 sionis
2018 3851 2115 3907 per
2138 3837 2434 3908 quamdam
2471 3833 2885 3891 similitudinem
2907 3834 3122 3890 duabus
3143 3832 3230 3890 his
3247 3849 3400 3889 com-

106 3922 263 3977 nica:
286 3921 515 3995 lignum.
553 3923 655 3979 Per
686 3925 827 3982 hanc
855 3942 983 3999 ergo
1011 3943 1226 3983 crucem
1257 3928 1503 3984 Salvator
1528 3938 1712 3985 noster
1812 3938 2035 4001 paretur
2059 3929 2329 4001 personis,
2361 3928 2623 4001 quoniam
2664 3928 2718 3982 in
2747 3927 3008 3999 mysterio
3056 3925 3396 3995 refectionis,

105 4013 314 4069 omnia
340 4014 527 4070 volens
548 4017 763 4072 trahere
811 4017 877 4072 ad
910 4035 1005 4086 se;
1066 4019 1126 4074 Si
1177 4022 1315 4091 quis,
1353 4020 1548 4091 inquit,
1599 4018 1709 4076 rult
1810 4039 1975 4094 quam
2004 4023 2166 4079 iidem
2196 4022 2300 4077 viri
2322 4022 2521 4078 debent
2564 4020 2822 4075 exhibere
2854 4018 3204 4086 Christianis,
3252 4019 3395 4075 alius

103 4112 241 4174 post
284 4120 365 4158 mc
390 4106 579 4173 venire,
610 4106 764 4161 tottat
801 4125 1008 4162 crucem
1051 4126 1224 4173 suam,
1256 4119 1304 4163 et
1337 4121 1587 4181 sequatur
1628 4128 1709 4166 me
1810 4114 1976 4169 habet
2018 4111 2255 4168 formam
2310 4112 2481 4183 piscis
2541 4120 2596 4169 et
2637 4111 2780 4168 alius
2828 4109 3008 4182 panis.
3065 4108 3186 4166 Non
3243 4110 3390 4166 enim

104 4192 349 4265 (Matth,
381 4210 471 4250 xvi
499 4213 514 4263 ;
555 4196 726 4253 Marc.
755 4199 898 4269 vin),
931 4199 1248 4270 signiﬁcans
1274 4200 1519 4256 videlicet
1559 4204 1705 4272 quod
1811 4207 2055 4278 ignotum
2079 4214 2165 4262 est
2190 4205 2349 4262 vobis
2373 4201 2520 4278 quOd
2542 4221 2633 4261 ars
2660 4204 2886 4277 pistoria
2918 4204 2992 4260 sit
3027 4203 3196 4265 intus.
3222 4211 3278 4259 et
3304 4202 3391 4274 pi-

102 4302 181 4341 eo
235 4287 420 4343 verius
451 4288 703 4345 videmur
743 4305 964 4347 crucem
1013 4293 1202 4347 tollere
1256 4293 1555 4351 Salvatoris
1596 4311 1707 4366 quo
1810 4298 2046 4355 seatoria
2074 4297 2235 4366 foris,
2253 4307 2525 4371 quatenus
2548 4299 2686 4353 alter
2708 4298 2866 4353 alteri
2892 4310 2960 4352 eo
2988 4296 3163 4369 magis
3179 4295 3398 4353 studeat

102 4391 250 4448 erga
298 4379 576 4447 proximos
624 4391 843 4437 nostros
894 4383 1071 4455 major
1123 4385 1285 4441 nobis
1334 4395 1417 4441 cst
1465 4386 1705 4443 charitas
1808 4392 1863 4447 in
1906 4380 2110 4446 Chrisfi
2156 4390 2422 4445 eharitate
2443 4389 2721 4462 prodesse,
2747 4404 2859 4460 quo
2903 4403 2997 4444 ars
3034 4389 3140 4444 arti
3182 4399 3398 4457 semper

101 4471 544 4539 compassionis.
579 4472 719 4529 Ecce
759 4475 889 4545 quia
929 4473 1103 4532 forma
1145 4477 1445 4534 centenarii
1489 4479 1703 4535 numeri
1807 4493 1988 4555 porest
2009 4482 2135 4539 usui
2163 4496 2306 4538 esse.
2335 4480 2749 4555 Taliterigitur,
2786 4492 2889 4551 pro
2930 4478 3131 4535 divinae
3178 4489 3244 4534 ac
3280 4476 3398 4533 fre--

103 4562 280 4617 vobis
310 4572 394 4617 est
420 4563 668 4621 discussa
696 4567 997 4635 moraliter,
1023 4577 1240 4640 tempus
1254 4579 1338 4626 est
1356 4578 1417 4626 ut
1436 4570 1708 4641 qninqua-
1739 4570 1785 4630 D
1810 4554 1981 4632 ternm
2008 4574 2319 4631 dilectionis
2340 4554 2683 4640 amorefduo
2705 4571 2868 4627 iidem
2892 4571 2995 4627 viri
3026 4584 3242 4642 semper
3268 4583 3398 4627 esse

101 4653 380 4723 genarius
425 4670 688 4712 numerus
738 4658 1068 4715 discutiatur
1107 4661 1406 4732 :equaliter,
1443 4661 1703 4732 quoniam

102 4743 245 4798 licet
280 4741 370 4798 ille
400 4745 469 4799 sit
498 4746 709 4815 primus
731 4756 784 4802 ct
810 4745 910 4804 iste
931 4750 1234 4817 secundus,
1266 4760 1494 4822 uterque
1522 4761 1704 4807 tamen

99 4844 198 4889 est
223 4834 453 4905 mystica
479 4836 826 4893 discussione
870 4838 1192 4909 profundus.
1243 4840 1396 4896 Unde
1434 4842 1558 4896 licet
1602 4841 1706 4897 iste

103 4925 515 4996 mtmcrusjam
546 4928 925 4988 discntiendus
974 4933 1044 4988 sit
1086 4933 1391 5004 allegorice,
1427 4934 1580 5007 prius
1621 4945 1704 4991 ta-

102 5034 243 5072 men
268 5020 504 5074 naturali
531 5022 917 5092 supputatione
946 5025 1302 5095 multiplicari
1335 5025 1495 5082 debet
1526 5028 1701 5083 histo-

100 5112 251 5175 rice,
280 5119 554 5179 quatenus
594 5114 848 5186 dignosci
905 5102 1084 5173 valeat
1137 5134 1204 5173 ex
1253 5118 1528 5175 interioris
1562 5122 1703 5176 oculi

100 5204 454 5274 perspicacia
495 5207 627 5277 quid
650 5208 755 5263 sibi
777 5224 844 5263 ex
875 5218 1072 5266 natura
1103 5209 1364 5266 debeatur
1388 5221 1484 5266 ant
1506 5213 1699 5283 gratia.

100 5294 304 5349 Nostis
328 5297 514 5367 utique
539 5300 666 5359 ttuia
717 5301 763 5357 si
792 5302 916 5372 quis
938 5312 1125 5373 partes
1149 5304 1271 5376 ejus
1300 5305 1429 5360 velit
1456 5306 1698 5362 aestima-

100 5404 168 5442 re
196 5388 478 5456 distincte,
509 5393 697 5461 procul
727 5394 892 5449 dubio
919 5412 984 5451 ex
1007 5397 1193 5470 decem
1222 5406 1438 5453 constat
1463 5407 1519 5454 et
1538 5399 1700 5469 quin-

98 5494 240 5548 que,
274 5482 537 5550 qnoniam
565 5483 709 5539 sicut
730 5485 1090 5543 calculatores
1129 5489 1447 5545 solertiores
1495 5490 1701 5559 optime

100 5570 320 5636 sciunt,
350 5571 532 5629 decies
562 5577 825 5648 quinque,
854 5578 934 5634 vel
964 5580 1257 5650 quinquies
1287 5580 1496 5648 decem,
1532 5597 1698 5652 qum-

100 5662 378 5733 quaginta
418 5666 572 5722 llnnt.
624 5666 779 5723 Unde
817 5671 962 5737 licet,
1007 5687 1103 5741 per
1147 5672 1357 5742 judicia
1398 5672 1700 5729 divinitatis

101 5757 352 5822 occulta,
383 5759 438 5812 in
466 5760 656 5818 eodem
683 5779 911 5819 numero
944 5766 1200 5837 mysteria
1238 5765 1349 5821 sint
1378 5766 1569 5833 multa,
1595 5781 1696 5820 no-

104 5849 303 5904 lumus
338 5860 517 5908 tamen
544 5854 609 5910 de
631 5855 709 5910 cis
740 5857 894 5926 plura
935 5870 1034 5928 pro
1061 5857 1252 5929 paucis
1282 5858 1465 5913 dicere
1497 5859 1698 5929 quibus

1812 4667 2014 4723 debent
2044 4668 2098 4721 in
2126 4666 2333 4733 labore,
2363 4664 2624 4737 quoniam
2652 4663 2708 4718 in
2733 4661 2980 4719 Ecclesia
3004 4660 3101 4717 Dei
3134 4660 3278 4718 inter
3296 4673 3397 4719 eos

1812 4759 1893 4814 sic
1920 4767 2004 4815 est
2029 4758 2164 4813 ordo
2192 4756 2503 4824 distinctus,
2526 4755 2663 4810 utin
2686 4753 2774 4810 his
2798 4768 2922 4826 qute
2941 4760 3073 4810 sunt
3100 4750 3309 4819 saeculi,
3337 4759 3397 4809 et

1811 4852 1866 4905 in
1890 4850 1977 4905 his
2005 4863 2128 4921 quae
2155 4847 2273 4915 Dei,
2297 4863 2444 4904 unus
2473 4854 2733 4918 Operctur
2766 4844 2904 4902 foris
2933 4853 2990 4901 et
3032 4842 3176 4901 alius
3216 4843 3390 4899 intus.

1812 4940 2053 5011 Uterque
2076 4939 2223 4995 enim
2249 4938 2527 5011 quoddam
2547 4936 2748 4994 divina:
2784 4935 3071 4994 charitatis
3100 4936 3266 4993 habet
3308 4934 3393 4990 in-

1810 5036 1985 5107 signe,
2014 5033 2145 5088 dum
2170 5031 2330 5103 quasi
2356 5046 2505 5087 unus
2532 5031 2587 5086 in
2623 5046 2766 5103 aqua
2800 5040 2856 5087 et
2875 5030 3020 5086 alius
3043 5036 3303 5100 operatur
3329 5025 3391 5082 in

1806 5128 1951 5198 igne,
1968 5134 2030 5181 ut
2046 5126 2188 5180 sicut
2204 5137 2303 5196 pro
2332 5123 2622 5180 dilectione
2648 5122 2767 5192 Dei,
2788 5121 2914 5198 igne
2944 5121 3119 5178 sancti
3149 5118 3390 5191 Spiritus

1806 5235 1954 5283 unus
1983 5229 2197 5295 assatur
2224 5226 2284 5273 ut
2306 5217 2487 5288 panis,
2518 5216 2592 5273 ita
2620 5233 2722 5288 pro
2748 5217 3067 5274 defensione
3101 5214 3387 5287 proximo-

1805 5320 1927 5361 rum
1997 5305 2244 5374 squamis
2289 5304 2519 5375 justitia:
2572 5305 2713 5361 alius
2759 5303 3040 5360 muniatur
3093 5309 3155 5357 ut
3194 5299 3385 5372 piscis.
3438 5344 3450 5357 .

1808 5396 1962 5453 Unde
1995 5397 2257 5468 quoniam
2290 5398 2344 5452 itt
2387 5413 2549 5455 sacro
2568 5396 2787 5469 eloquio
2811 5404 2992 5467 potest
3039 5393 3390 5465 apertissime

1801 5490 1942 5546 disci
1999 5488 2147 5561 quod
2207 5489 2262 5545 in
2330 5490 2628 5546 refectione
2692 5487 2976 5544 Dominica
3040 5501 3145 5542 nec
3222 5482 3390 5556 piscis

1803 5582 1952 5654 pani,
2011 5598 2112 5638 nec
2166 5584 2324 5652 panis
2378 5582 2569 5637 aberat
2598 5580 2756 5651 pisci,
2792 5578 3077 5635 sciendum
3127 5585 3212 5632 est
3242 5572 3388 5647 quod

1804 5688 1904 5728 nec
1948 5672 2232 5735 catholicae
2285 5672 2432 5739 tidei,
2494 5686 2597 5727 nec
2650 5669 2979 5726 Christiana:
3044 5664 3386 5723 contrarium

1802 5774 1886 5819 cst
1931 5764 2056 5836 legi,
2092 5764 2138 5819 si
2183 5764 2251 5819 ad
2307 5766 2572 5820 honorem
2623 5764 2777 5835 regni
2830 5771 2886 5819 et
2942 5759 3233 5818 sacerdotii
3286 5772 3385 5813 rex

1803 5856 2054 5932 pontifici.
2098 5868 2149 5911 et
2195 5856 2437 5928 pontifex
2495 5857 2714 5914 obcdiat
2749 5855 2885 5929 regi.
2937 5854 3029 5911 Isti
3074 5861 3203 5910 sunt
3227 5850 3382 5907 enim
