3960 6316
534 376 541 385 ’
611 396 749 456 too-1

1530 379 1915 436 DEBENGOSI
1955 378 2247 434 ABBATIS
2285 376 2344 433 S.
2382 374 2631 429 MAXIMI
2671 368 2954 427 TREVIB.

3668 364 3753 419 €808

610 511 705 583 qui
755 525 821 565 ex
880 506 1119 577 antiquae
1158 499 1464 557 divinitatis
1517 496 1925 568 dispensatione
1971 493 2187 561 bifaria,
2220 498 2266 554 Λ
2290 489 2676 549 ecclesiasticis
2709 487 2873 543 rebus
2893 500 2959 540 ac
2981 480 3295 583 muns-lanis,
3341 477 3542 583 eosdem
3562 492 3763 583 erucem

611 606 664 659 in
690 602 1031 658 ﬁrmamento
1053 593 1332 658 Ecclesize,
1349 589 1509 662 quasi
1531 588 1642 643 duo
1667 602 1862 659 magna
1886 600 2192 641 convenere

608 693 1226 761 luminaria,quatenus,
1259 685 1313 740 in
1339 684 1424 740 his
1444 698 1567 754 qure
1592 688 1721 736 sunt
1746 679 1932 735 saeculi
1960 677 2081 733 etin
2103 677 2190 732 his

607 801 733 859 quae
764 782 882 848 Dei,
908 779 1182 835 luminare
1210 776 1394 831 minus
1420 771 1587 836 nocti,
1616 778 1672 825 et
1711 768 1982 824 luminare
2012 766 2192 836 majus

608 878 801 934 debeat
831 886 1065 946 praeesse
1084 869 1218 926 diei.
1252 867 1320 921 Et
1344 881 1452 921 non
1480 862 1774 923 immerito,
1806 861 1952 931 quod
1976 860 2192 915 duobus

610 972 717 1026 illis
765 964 1128 1023 luminaribus
1170 966 1426 1032 poterunt
1467 953 1774 1026 comparari
1821 969 1943 1024 quae
1982 952 2197 1007 caeteris

611 1061 883 1119 sideribus
921 1056 1098 1127 magis
1134 1053 1389 1108 videntur
1424 1048 1755 1122 principari;
1781 1047 1934 1117 quia,
1974 1046 2116 1101 sicut
2138 1045 2191 1099 in

610 1156 955 1210 ﬁrmamento
975 1148 1097 1205 cmli
1122 1147 1325 1202 eisdem
1350 1142 1713 1198 luminaribus
1738 1141 1888 1194 nulla
1913 1139 2193 1195 stellarum

610 1256 861 1303 creatura
890 1242 1134 1298 claritate
1155 1237 1368 1292 videtur
1396 1234 1648 1299 esimior,
1681 1232 1762 1287 sic
1783 1231 1837 1286 in
1857 1232 2199 1284 lirmamento

611 1337 890 1400 Ecclesiae,
939 1332 1153 1388 duabus
1199 1327 1284 1382 his
1319 1325 1569 1397 personis
1605 1323 1797 1378 ordine
1844 1328 1901 1376 et
1936 1320 2199 1391 dignitate

614 1429 762 1485 nulla
799 1435 976 1499 potest
1011 1439 1133 1480 esse
1175 1419 1480 1476 sublimior.
1517 1415 1669 1471 Unde
1718 1424 1774 1471 et
1824 1413 2028 1470 factum
2066 1412 2199 1467 illud

613 1520 696 1576 eis
732 1533 841 1573 non
887 1515 1186 1583 incongrue
1227 1509 1439 1564 videtur
1469 1504 1787 1572 convenire,
1814 1503 1961 1574 quod
1988 1502 2202 1573 Moyses

614 1606 1029 1667 tabernaculum
1076 1600 1296 1657 Domini
1357 1600 1551 1654 crebro
1610 1598 1818 1652 intrare
1881 1595 2090 1651 solebat
2148 1602 2204 1648 et

615 1702 796 1768 exire,
820 1707 882 1754 ut
906 1712 1006 1769 pro
1036 1691 1466 1752 demonstrando
1499 1690 1792 1747 sacerdotii
1820 1697 1874 1744 et
1902 1690 2055 1761 regni
2102 1688 2201 1743 ad-

614 1792 854 1850 mirabili
873 1790 1042 1857 coitu,
1061 1788 1168 1844 hoc
1194 1786 1393 1841 inloco
1415 1799 1643 1856 regnum
1673 1781 1728 1837 in
1749 1782 1918 1849 exitu,
1943 1790 1998 1837 et
2022 1797 2205 1837 sacer-

2291 600 2491 650 mores,
2522 597 2662 653 quos
2684 580 2739 635 in
2777 578 2942 633 domo
2973 574 3255 642 Pharisaei,
3294 570 3551 643 quondam
3578 572 3669 627 dua
3691 575 3766 632 ista

2291 689 2608 746 expressere
2655 686 2894 728 sorores.
2928 667 3082 723 Sicut
3109 666 3258 722 enim
3313 663 3515 718 Martha
3552 663 3667 718 circa
3697 663 3767 719 ire-

2292 785 2465 841 quens
2484 765 2847 823 ministerium
2875 761 3174 832 satagebat,
3193 758 3365 814 Maria
3388 771 3510 811 vero
3527 773 3654 812 sectis
3668 759 3771 826 pelia

2293 826 2510 917 Domini
2540 859 2762 915 verbum
2788 856 2935 911 illius
2962 826 3152 909 audire
3181 850 3422 916 solebat;
3460 849 3528 903 ita
3552 863 3631 918 pro
3653 848 3772 919 dispc-
3848 826 3849 895 Ῐ

2294 953 2480 1009 ncndo
2520 947 2907 1007 ecclesiasticae
2936 962 3001 1001 ae
3026 944 3319 1000 mundanae
3339 941 3595 1013 dignitatis
3622 939 3774 1007 hom,
3848 950 3849 1019 ξ

2296 1062 2441 1103 uinus
2464 1059 2655 1101 eorum
2677 1042 2782 1098 erit
2802 1041 2856 1096 in
2886 1038 3100 1110 requie,
3122 1044 3178 1093 et
3198 1036 3345 1092 alius
3368 1034 3424 1089 in
3444 1033 3622 1088 labore.
3642 1031 3718 1086 Sed
3735 1049 3775 1085 ne
3848 1034 3849 1110 ἦ

2297 1140 2438 1196 alius
2466 1139 2634 1195 alium
2665 1137 2941 1208 relinquat
2969 1134 3150 1191 solum
3193 1131 3527 1196 ministrare,
3567 1144 3777 1199 congrue:
3848 1131 3849 1181 ἰ

2296 1242 2399 1300 est,
2430 1240 2491 1288 ut
2526 1232 2665 1286 alter
2711 1231 2943 1285 alterum
2993 1229 3046 1282 in
3076 1227 3301 1282 Christo
3354 1223 3600 1279 charitate
3642 1237 3781 1290 senm
3848 1232 3849 1235 ‘

2298 1328 2492 1383 debeat
2531 1324 2813 1393 adjuvare,
2861 1336 2927 1376 ne
2968 1321 3107 1376 alter
3146 1334 3246 1390 pro
3300 1318 3476 1373 altero
3514 1315 3780 1386 ev'aigelicun

2299 1417 2429 1471 illud
2468 1414 2580 1469 Deo
2626 1412 2861 1467 inaniter
2883 1410 3118 1465 clamet:
3151 1407 3248 1461 Dic
3276 1422 3403 1477 ergo
3432 1404 3513 1460 illi
3534 1413 3583 1457 ut
3609 1404 3781 1471 need}:-

2299 1519 2377 1565 ect
2408 1508 2560 1579 (Luc.
2590 1505 2672 1574 ι).
2725 1504 2990 1572 Quamvis
3024 1502 3171 1557 enim
3222 1501 3280 1555 in
3324 1499 3408 1555 eis
3454 1498 3582 1553 dona
3623 1496 3782 1552 eadem

2301 1615 2411 1655 non
2445 1605 2574 1654 sunt
2601 1594 2854 1665 aequalia,
2883 1606 3188 1664 congruum
3219 1597 3406 1644 tamen
3433 1596 3514 1643 est
3538 1595 3591 1641 ut
3615 1586 3713 1639 alter
3739 1586 3786 1637 al-

2301 1690 2403 1745 teri
2429 1705 2529 1745 sua
2579 1686 2811 1742 seminet
2853 1682 3118 1749 carnalia,
3161 1689 3223 1736 ut
3267 1687 3476 1735 metere
3515 1676 3657 1748 possit
3681 1676 3789 1745 ipsius
3848 1728 3849 1735 η

2305 1780 2631 1853 spiritualia.
2664 1776 2819 1834 Unde
2846 1786 2905 1833 ut
2948 1776 3014 1832 ad
3058 1774 3315 1830 eumdem
3359 1771 3575 1826 modum
3611 1767 3788 1823 humour

616 1883 827 1940 dotium
854 1880 1125 1937 sentiatur
1158 1876 1215 1932 in
1258 1874 1508 1931 introitu.
1538 1873 1680 1928 Dum
1718 1872 1864 1928 enim
1896 1886 2042 1926 unus
2070 1871 2207 1925 bene
2240 1873 2283 1929 B
2309 1874 2551 1940 homine,
2573 1880 2629 1927 et
2649 1888 2777 1942 pars
2799 1871 3067 1925 relevetur
3089 1883 3120 1922 a
3142 1876 3320 1938 parte,
3343 1878 3456 1935 quo
3480 1861 3663 1932 requies
3678 1858 3790 1913 llariz

617 1975 835 2031 vivendi
860 1972 1171 2043 exemplum
1203 1968 1327 2024 aliis
1351 1968 1500 2022 intus
1522 1966 1745 2037 praebet,
1778 1965 1921 2022 alius
1950 1979 2078 2019 vero
2105 1980 2206 2034 pro

618 2065 973 2138 disponendis
997 2060 1391 2119 inﬁrmantium
1440 2060 1625 2115 causis
1659 2057 1794 2113 foris
1820 2057 1990 2124 sedet,
2015 2057 2209 2127 procul

619 2160 787 2217 dubio
843 2173 1019 2224 unus,
1071 2154 1232 2227 quasi
1289 2168 1416 2209 cum
1436 2151 1626 2224 Moyse
1681 2151 1751 2206 ad
1794 2150 2207 2206 tabernaculum

618 2251 821 2318 redire,
855 2249 999 2305 alius
1025 2263 1158 2303 vero
1177 2262 1301 2303 cum
1326 2260 1391 2301 eo
1427 2243 1576 2299 foras
1605 2243 1820 2298 videtur
1847 2243 2024 2309 exire;
2044 2241 2211 2297 ‘sicut

620 2342 1058 2399 unus'virtutum
1087 2337 1281 2409 pennis
1305 2350 1526 2392 sursum
1558 2333 1822 2400 elevatur,
1849 2342 1911 2389 ut
1931 2333 2210 2400 columba,

621 2435 752 2490 dum
794 2449 895 2504 pro
929 2432 1156 2489 secretis
1207 2428 1525 2485 coelestibus
1580 2426 1648 2482 de
1695 2426 1823 2482 imis
1873 2428 2108 2483 recurrit
2142 2426 2210 2482 ad

620 2542 869 2593 summa;
903 2525 984 2581 sic
1018 2524 1158 2579 alius
1181 2536 1281 2593 pro
1303 2518 1650 2576 resarcienda
1672 2519 1962 2574 mundana:
1990 2518 2212 2574 dissen-

622 2619 795 2675 sionis
818 2634 882 2674 ac
902 2616 1189 2674 discordiae
1215 2614 1375 2679 rima,
1399 2612 1467 2667 de
1490 2612 1725 2668 summis
1752 2627 1966 2681 semper
1991 2611 2214 2667 descen-

624 2727 789 2768 surus
817 2720 903 2767 est
931 2698 1143 2765 adiuta.
1170 2709 1345 2778 Unde,
1373 2719 1433 2766 ut
1455 2711 1521 2766 ad
1539 2706 1854 2776 exemplum
1876 2704 2048 2777 Moysi
2069 2721 2213 2761 unus

625 2818 725 2872 pro
758 2802 1077 2857 ordinandis
1117 2801 1472 2857 interioribus
1508 2800 1656 2855 intus
1685 2798 1754 2853 ad
1801 2796 2211 2869 tabernaculum

626 2895 830 2959 redeat,
855 2894 997 2949 alius
1025 2907 1151 2949 verr
1182 2908 1282 2964 pro
1302 2891 1655 2962 disponendis
1677 2888 2039 2946 exterioribus
2079 2886 2214 2943 foris

626 3002 755 3042 cum
785 3001 852 3041 eo
885 2986 1046 3057 digne
1078 2987 1280 3052 sedeat,
1309 2999 1537 3040 necesse
1571 2991 1675 3050 est,
1705 2990 1767 3038 ut
1797 2992 2000 3037 mutua:
2028 2979 2212 3037 charis

628 3079 759 3135 talis
780 3076 955 3134 cilicio
981 3078 1117 3133 alter
1154 3079 1384 3133 alterum
1423 3076 1504 3134 sic
1539 3076 1777 3147 adjuvet,
1818 3083 1873 3130 et
1921 3074 1975 3129 in
2009 3069 2214 3128 Christi

627 3169 829 3228 virtut'e
863 3173 1142 3228 conﬁrmet
1162 3214 1177 3237 ,
1201 3180 1262 3227 ut
1288 3186 1435 3227 unus
1454 3169 1759 3242 spiritualia
1804 3169 1952 3224 intus
1971 3168 2211 3234 ordinet,

627 3264 912 3321 aliusvero
947 3263 1082 3320 foris
1115 3280 1255 3319 onus
1278 3264 1580 3319 camalium
1606 3270 1802 3332 portet.
1828 3260 2033 3316 Taliter
2055 3261 2219 3333 igitur

630 3356 774 3412 inter
804 3372 864 3412 se
898 3373 1085 3427 pacem
1136 3357 1336 3413 habere
1368 3362 1547 3426 potest
1586 3369 1819 3424 regnum
1872 3361 1927 3408 et
1966 3354 2220 3409 sacerdo-

633 3449 793 3515 tium,
816 3450 864 3504 si
887 3449 995 3503 duo
1021 3449 1076 3503 lii
1106 3450 1266 3521 digne
1288 3448 1559 3502 'voluerint
1581 3461 1834 3502 exercere
1857 3461 2018 3502 suum
2049 3460 2218 3516 nego-

632 3540 793 3605 tium,
851 3540 1090 3595 maxime
1131 3556 1255 3595 cum
1284 3539 1352 3593 εἰη
1400 3538 1639 3594 Ecclesia
1670 3536 1767 3592 Dei
1814 3551 2040 3593 causam
2080 3538 2222 3593 hanc

634 3630 879 3702 quotidie
925 3632 1141 3686 valeant
1198 3631 1444 3686 invenire
1487 3644 1587 3700 pro
1639 3645 1750 3700 qua
1806 3630 2219 3685 tabernaculum

636 3722 893 3779 Ecclesia;
928 3739 1072 3778 unus
1104 3722 1329 3788 intrare,
1364 3735 1418 3778 ct
1448 3722 1591 3777 alius
1629 3721 1792 3794 digne
1834 3722 2006 3792 possit
2048 3722 2216 3777 exire.

706 3814 976 3870 Praeterea
1007 3829 1136 3869 vero
1180 3815 1503 3869 intuendum
1557 3815 1848 3881 estnobis,
1895 3814 2041 3884 quod
2095 3815 2221 3872 huic

636 3907 900 3979 mysterio
925 3908 1232 3963 convivium
1264 3907 1394 3963 illud
1427 3908 1557 3963 olim
1598 3909 1738 3963 bene
1765 3906 2136 3973 concordavit,
2166 3909 2219 3964 in

636 4013 748 4070 quo
793 3997 965 4053 Maria
1005 4000 1163 4063 sedit,
1214 4008 1268 4054 et
1318 3999 1531 4059 Martha
1554 4000 1907 4068 ministravit,
1939 4001 2220 4072 quoniam,

638 4089 788 4145 sicut
804 4105 871 4145 ex
893 4090 1074 4145 verbis
1096 4090 1424 4163 evangelieis
1448 4093 1588 4146 bene
1623 4102 1865 4162 apparet,
1891 4092 2059 4148 Maria
2083 4094 2223 4150 male

637 4183 965 4249 comederet,
1005 4183 1051 4238 si
1081 4199 1187 4237 non
1211 4182 1419 4238 Martha
1443 4184 1797 4239 ministraret.
1826 4184 2118 4242 Sciendum
2141 4194 2225 4242 est

637 4287 896 4343 namque,
924 4274 1050 4344 quia
1079 4289 1177 4344 pro
1206 4275 1373 4330 habili
1404 4275 1618 4344 ordine,
1655 4285 1710 4332 et
1742 4278 2084 4333 conven‘ienti
2130 4295 2221 4333 ra-

637 4366 808 4434 tione,
835 4367 1048 4423 duabus
1074 4368 1183 4423 illis
1208 4368 1459 4438 personis
1483 4369 1605 4424 dua:
1634 4369 1765 4445 istm
1814 4362 2045 4441 poss'unt
2075 4386 2227 4426 com~

636 4460 822 4531 parari
850 4450 1133 4532 persenae,
1160 4462 1425 4532 quoniam
1461 4462 1515 4516 iu
1545 4461 1787 4517 Ecclesia
1819 4462 1916 4519 Dei
1947 4464 2225 4534 negotium

638 4553 771 4608 illud
798 4554 998 4608 habent
1027 4555 1081 4608 in
1105 4553 1412 4609 nutriendis
1437 4555 1778 4624 corporibus,
1806 4562 1861 4610 et
1885 4554 2225 4611 illustrandis

640 4644 948 4713 animabus,
978 4647 1126 4716 quod
1161 4645 1318 4702 nobis
1352 4647 1490 4701 olim
1512 4647 1917 4719 prteﬁguratum
1948 4657 2034 4702 est
2061 4647 2115 4701 in
2138 4647 2225 4703 his

641 4732 926 4790 sororibus
960 4735 1190 4791 duabus.
1229 4735 1413 4791 Nostis
1439 4737 1609 4802 enim,
1639 4737 1766 4808 quia
1821 4752 1917 4807 per
1953 4738 2054 4793 has
2086 4737 2226 4793 duas

642 4840 882 4892 sorores,
906 4826 1028 4881 dure
1048 4827 1170 4883 vitae
1191 4837 1321 4883 sunt
1349 4829 1632 4884 moraliter
1657 4845 1928 4899 expressae
1952 4845 1970 4883 :
1991 4843 2230 4901 quarum

642 4918 823 4975 adhuc
859 4935 965 4974 una
1022 4920 1078 4973 in
1102 4934 1216 4989 spe,
1261 4921 1365 4975 alia
1386 4936 1520 4976 vero
1539 4921 1596 4975 in
1620 4937 1681 4977 re
1701 4921 1815 4992 jxn
1837 4922 1994 4976 nobis
2014 4922 2229 4977 videtur

644 5012 872 5069 adesse?
898 5012 965 5068 de
998 5012 1201 5083 quibus
1231 5012 1471 5081 scilicet,
1519 5023 1579 5069 ut
1616 5014 1942 5086 evangeliea:
1983 5015 2229 5071 veritatis

646 5104 819 5175 gratia
871 5112 1124 5173 testatur,
1168 5120 1279 5161 una
1331 5106 1527 5172 activa,
1579 5115 1635 5161 ct
1662 5107 1764 5161 alia
1812 5107 2229 5177 contemplativa

644 5208 893 5255 vocatur.
943 5198 1088 5266 Sed,
1120 5207 1182 5254 ut
1229 5198 1429 5270 duplex
1464 5200 1575 5255 vita
1611 5200 1813 5271 duplici
1864 5200 2126 5256 innitatur
2175 5210 2232 5257 et

644 5292 768 5359 viai,
798 5292 1081 5350 sciendum
1113 5302 1200 5349 est
1228 5293 1377 5364 quod
1420 5293 1597 5348 activa
1644 5294 1951 5349 intitulatur
1984 5293 2230 5359 Marthae,

645 5394 700 5440 et
731 5386 1152 5457 contemplativa
1191 5385 1414 5454 Mariae;
1462 5386 1723 5457 quoniam
1757 5387 1883 5442 licet
1919 5402 2029 5442 una
2077 5384 2231 5442 alteri

645 5476 1059 5547 prtejudieetur,
1109 5480 1277 5536 altera
1326 5488 1511 5536 tamen
1551 5479 1704 5534 alteri
1749 5480 2063 5535 necessaria
2110 5494 2233 5535 esse

645 5569 881 5623 videtur.
914 5568 1068 5626 Unde
1088 5572 1166 5628 nil
1193 5573 1394 5640 obstat,
1422 5572 1472 5629 si
1498 5572 1600 5635 has
1621 5572 1759 5628 duas
1780 5585 1998 5628 sorores
2017 5572 2233 5627 duabus

649 5660 756 5715 illis
784 5662 1036 5743 personis
1070 5664 1233 5735 digna
1266 5665 1630 5722 aestimatione
1670 5679 1995 5735 componam
2044 5665 2137 5734 qui
2176 5664 2231 5717 in

650 5747 892 5806 Ecclesia
924 5750 1015 5807 Dei
1052 5755 1442 5812 sacerdotalem
1497 5771 1561 5811 ac
1590 5756 1798 5827 regiam
1827 5754 2080 5811 videntur
2109 5770 2234 5825 por—

651 5848 767 5896 tare
811 5856 1098 5912 personam
1120 5885 1135 5913 ,
1164 5846 1291 5915 quia
1322 5847 1545 5916 dignum
1572 5856 1655 5905 est
1701 5859 1760 5903 ut
1802 5848 1855 5904 in
1881 5845 2236 5916 disponendis

2255 4591 2301 4646 D

2308 1967 2615 2022 ministerio
2662 1964 2939 2035 quondam
2986 1962 3226 2018 relevata
3262 1968 3352 2015 est
3386 1956 3612 2019 Marthae,
3646 1954 3789 2024 dignun

2308 2068 2392 2117 est
2418 2065 2476 2112 ut
2499 2058 2553 2111 in
2581 2054 2849 2112 currendo
2876 2052 3036 2124 regia:
3057 2067 3121 2106 ac
3154 2048 3514 2106 sacerdotalis
3531 2043 3708 2117 justiti:
3725 2041 3790 2107 via,

2310 2151 2450 2206 alius
2476 2149 2711 2215 Martha,
2739 2154 2794 2202 ct
2821 2146 2958 2200 alter
2989 2143 3139 2199 altari
3180 2143 3251 2196 sit
3285 2140 3478 2195 Maria.

2381 2239 2522 2296 Ecce
2550 2238 2747 2294 rationi
2775 2237 2904 2292 huic
2933 2244 2987 2290 ct
3006 2235 3097 2290 illa
3131 2232 3430 2288 convenire
3462 2230 3648 2284 videtur
3668 2225 3789 2290 oratio,

2312 2332 2366 2388 in
2398 2348 2507 2403 qua
2536 2331 2724 2402 legalis
2759 2327 3030 2384 sacriﬁcii
3046 2326 3244 2396 duplex
3294 2323 3462 2378 nobis
3497 2323 3791 2376 demonstratur
3848 2344 3849 2347 η

2312 2425 2517 2480 oblatio
2535 2466 2552 2492 ,
2578 2424 2671 2480 ubi
2701 2422 2914 2494 Moyses
2950 2420 3152 2490 popqu
3171 2416 3345 2473 Israel
3364 2413 3730 2470 observationem
3744 2408 3791 2459 ir-
3848 2424 3849 2494 ξ

2312 2519 2541 2573 veniens
2577 2532 2791 2572 sacram
2821 2533 2834 2570 :
2870 2514 3097 2584 Olferat,
3121 2510 3330 2581 inquit,
3352 2525 3537 2581 agnam
3554 2502 3791 2575 όεςηςὶἓυ,

2313 2608 2421 2662 sive
2442 2623 2679 2677 capram.
2706 2604 2764 2659 Si
2795 2613 2969 2658 autem
2992 2619 3096 2656 non
3125 2602 3362 2672 potuerit
3389 2600 3568 2668 oﬂem
3593 2589 3792 2665 perutile

2314 2697 2408 2752 rit.
2445 2702 2523 2766 v),
2569 2711 2666 2765 per
2699 2694 2845 2765 quod
2902 2708 3046 2748 verte
3083 2689 3418 2746 innocentiae
3466 2687 3688 2756 integrum
3729 2679 3791 2731 Det

2317 2788 2605 2844 immolare
2673 2786 2853 2841 valeat
2922 2784 3133 2850 decus,
3213 2782 3413 2838 saltem
3486 2792 3575 2849 pro
3623 2770 3790 2830 exenia-

2319 2881 2464 2937 tione
2501 2893 2826 2949 corporum,
2858 2886 2914 2932 et
2966 2875 3278 2947 expiatione
3329 2872 3639 2933 animarum,
3678 2865 3790 2932 olim!

2316 2976 2447 3043 duos
2485 2983 2748 3039 turtures,
2787 2981 2879 3026 aut
2920 2972 3051 3025 duos
3089 2969 3264 3041 pullos
3311 2966 3646 3022 columbarum
3670 2956 3789 3029 {ibi}.

2317 3062 2589 3132 Quoniam
2617 3079 2746 3134 ergo
2776 3063 2829 3116 in
2856 3077 3089 3133 persona
3116 3059 3354 3115 Romani
3378 3054 3681 3130 pontiﬁcisae
3694 3049 3787 3117 regis

2314 3156 2596 3228 proposita
2628 3163 2758 3211 sunt
2803 3153 2963 3210 nobis
3003 3153 3119 3209 haec
3170 3151 3392 3208 diversa
3443 3145 3670 3204 sacriﬁcia
3696 3139 3789 3209 Ιαςίς.

2320 3250 2549 3321 dignum
2580 3256 2666 3304 est
2692 3256 2751 3303 ut
2784 3264 2883 3319 pro
2931 3245 3270 3302 illustrandis
3310 3244 3543 3300 ﬁdelium
3575 3235 3786 3295 animale.

2324 3358 2388 3398 ea
2405 3384 2419 3409 ,
2454 3358 2578 3413 quae
2604 3341 2784 3411 primo
2810 3339 3200 3410 proposuimus
3220 3380 3235 3405 ,
3266 3337 3507 3408 primum
3532 3333 3663 3386 (tiam
3685 3325 3788 3380 saltv

2322 3450 2465 3490 mus.
2503 3431 2571 3487 Ut
2594 3432 2740 3488 enim
2768 3433 2821 3485 in
2849 3431 2934 3485 his
2956 3430 3174 3485 duobus
3199 3428 3344 3483 viris
3378 3427 3543 3498 pietas
3582 3417 3736 3490 copiis:
3758 3422 3787 3464 α

2319 3526 2493 3582 virtus
2522 3525 2594 3581 sit
2617 3539 2843 3596 magna,
2865 3522 3056 3593 legalis
3097 3519 3263 3591 hujus
3295 3516 3546 3575 sacriﬁcii
3568 3525 3692 3581 capra
3710 3506 3785 3573 ﬁgi-

2320 3628 2475 3675 ratur
2497 3626 2552 3673 et
2589 3633 2764 3688 agna;
2790 3615 3085 3686 quoniam,
3116 3613 3261 3669 sicut
3290 3626 3450 3666 nova:
3471 3606 3589 3678 legis
3615 3600 3784 3671 gratim

2321 3720 2521 3776 statur,
2556 3726 2652 3780 per
2678 3724 2874 3780 agnam
2899 3708 3095 3773 activa,
3133 3721 3230 3776 per
3258 3718 3481 3775 capram
3512 3714 3618 3755 vero
3643 3698 3783 3749 miti?
3848 3708 3849 3729 ἲ

2321 3805 2521 3875 plativa
2569 3803 2680 3857 vita
2725 3802 2990 3872 signatur.
3044 3798 3199 3854 Unde
3258 3812 3375 3852 non
3428 3786 3784 3861 incongruum“

2322 3895 2465 3967 quod
2493 3894 2730 3965 qualitas
2770 3894 2884 3947 haec
2904 3890 3201 3960 utriusque
3225 3888 3356 3943 vitae
3396 3887 3508 3941 viro
3532 3880 3637 3936 huic
3654 3882 3782 3937 comitr

2322 3996 2476 4042 ratur
2524 3987 2771 4055 utrique,
2820 3983 2949 4053 quia
2997 3981 3102 4037 sub
3136 3979 3388 4050 ejusdem
3437 3968 3662 4048 agnaevd
3682 3971 3783 4031 till“

2321 4077 2510 4151 legalis
2535 4076 2933 4148 signiﬁcatione
2951 4114 2969 4141 ,
2998 4089 3097 4144 pro
3112 4071 3359 4128 Ecclesia
3409 4069 3499 4123 Dei
3518 4077 3636 4121 unus

2322 4172 2427 4229 erit
2449 4172 2504 4226 in
2536 4185 2718 4240 opere,
2733 4176 2789 4223 et
2817 4167 2959 4222 alius
2987 4168 3040 4220 in
3054 4164 3529 4233 contemplatione.
3559 4154 3699 4209 Verum
3711 4155 3783 4240 (βξ

2323 4279 2419 4334 per
2442 4277 2636 4334 agnam
2688 4260 2809 4314 vitae
2849 4257 3039 4313 activa:
3069 4255 3386 4311 innocentia
3425 4254 3660 4322 signatur,
3687 4231 3780 4332 ηξξί

2322 4369 2573 4426 personze
2595 4367 2703 4407 non
2753 4350 3059 4421 incongrue
3097 4357 3490 4417 comparatur:
3527 4340 3566 4397 si
3608 4338 3780 4427 tam-ll

2324 4423 2486 4511 corde
2508 4467 2611 4509 suo
2641 4450 3008 4507 innocentiam
3036 4449 3183 4502 illam
3206 4447 3406 4501 habeat
3428 4458 3517 4516 per
3537 4436 3707 4511 gratiam
3729 4423 3779 4476 9⁸

2325 4547 2395 4603 de
2410 4563 2517 4618 qua
2551 4545 2816 4616 scriptum
2843 4550 2929 4599 est
2961 4562 2974 4597 :
3004 4538 3384 4595 Perambulavi
3408 4525 3780 4618 iniuncta-tiara"

2328 4616 2540 4698 dis—mei
2568 4640 2749 4712 (Psal.
2778 4638 2854 4709 c).
2900 4636 3018 4694 Nisi
3048 4636 3198 4692 enim
3240 4651 3341 4707 pro
3384 4630 3593 4692 diversis

2330 4752 2425 4793 cor
2454 4751 2614 4791 suum
2664 4734 2746 4789 sic
2770 4733 3107 4787 incessanter
3134 4728 3367 4800 aﬁligat,
3410 4736 3466 4782 ut
3499 4725 3549 4779 in
3587 4713 3777 4773 ἰηηητεῖίω

2331 4828 2518 4886 cordis
2541 4826 2628 4882 sui
2657 4825 2773 4880 Deo
2802 4820 3150 4878 laudabiliter
3170 4820 3351 4887 vivat,
3382 4821 3668 4888 nequaquam
3696 4800 3775 4852 in”

2334 4919 2646 4994 prophetica
2673 4918 2763 4972 illa
2798 4915 3117 4986 implebitur
3141 4914 3412 4969 sententia
3456 4910 3506 4964 in
3531 4918 3618 4976 qua
3636 4893 3772 4994 dicit?

2339 4990 2463 5068 Non
2503 5010 2733 5082 privabit
2765 5010 2913 5063 bouis
2947 5024 3034 5062 eos
3078 5007 3167 5078 qui
3193 5004 3465 5058 ambulant
3508 5002 3554 5053 in
3590 4990 3771 5082 inuocem:

2335 5104 2510 5177 (Psal.
2540 5102 2796 5173 Lxxxnt).
2825 5100 2883 5156 Si
2910 5109 3093 5156 autem
3127 5097 3294 5153 corda
3340 5094 3585 5151 malorum
3613 5064 3770 5177 mat”?

2331 5171 2513 5271 gladio
2543 5171 3141 5264 divinis-subjugaverit
3164 5190 3395 5261 legibus,
3425 5182 3623 5272 nonjalu

2337 5259 2431 5347 sed
2464 5305 2661 5361 agnam
2695 5259 2893 5344 αἰτεῖτε
2936 5259 3154 5343 videtur
3197 5259 3264 5340 de
3293 5280 3550 5355 gregibus,
3577 5259 3769 5361 Silii-im?

2334 5344 2586 5438 videlicet
2624 5379 2775 5452 quod
2800 5381 2943 5435 inter
2969 5380 3108 5435 duas
3142 5344 3325 5433 sortes
3362 5385 3417 5429 et
3447 5371 3563 5426 duas
3588 5360 3689 5452 vius.
3710 5344 3767 5452 fit:

2336 5482 2549 5529 ctorum
2575 5442 2748 5527 activa
2788 5472 2898 5526 vita
2947 5471 3242 5526 multorum
3284 5474 3397 5531 est,
3431 5472 3479 5518 et
3495 5442 3766 5515 (ιῡιιιειιηὶὲζῖω

2338 5581 2639 5637 paucorum
2651 5607 2667 5619 .

2408 5657 2578 5729 igitur
2603 5699 2616 5721 ,
2656 5656 2785 5727 quia
2823 5656 2985 5727 legali
3006 5671 3161 5727 agnze
3194 5674 3424 5728 persona
3451 5647 3607 5722 legalis
3621 5626 3765 5729 ηιξῐκδί

2338 5726 2654 5821 comparata
2678 5726 2988 5814 moraliter,
3025 5726 3208 5803 restat:
3226 5758 3286 5803 ut
3311 5763 3463 5820 capra
3491 5735 3632 5812 legalis
3648 5726 3763 5780 RW

2342 5860 2414 5900 no
2432 5843 2673 5916 pontiﬁci
2694 5852 3040 5913 comparetur
3052 5842 3352 5913 :equaliter.
3372 5842 3504 5897 Sicut
3521 5821 3762 5890 extimis”
