3960 6316
146 331 299 393 ’009

1194 340 1323 397 LIB.
1368 341 1454 396 DE
1493 340 1851 398 MYSTERlO
1890 298 2074 403 ωοέι
2109 349 2435 410 DOMINICI.

3317 362 3454 445 mu

156 450 289 505 lum
346 450 596 506 altiorem
625 451 1037 526 intelligentiam:
1068 456 1231 530 legis,
1259 474 1397 530 agna
1428 459 1615 531 legalis
1645 475 1763 530 per-
1797 461 1844 518 A
1872 464 2104 521 turilzus.
2138 466 2369 540 Insuper
2409 471 2575 526 etiam
2628 475 3025 534 enucleandum
3073 488 3157 538 est
3211 484 3367 541 nobis
3386 500 3454 542 ex

122 528 355 631 Isonam
383 540 642 611 exprimit
678 543 845 616 regis,
871 544 952 600 sic
986 561 1147 616 capra
1177 562 1272 617 per
1299 564 1462 619 quam
1496 548 1761 620 ﬁguratur
1862 556 2217 631 interioribus
2255 560 2667 634 Scripturarum
2715 568 2986 639 medullis,
3024 572 3261 641 qualiter
3287 575 3454 633 iidem

131 648 380 687 summa
409 632 533 689 ﬁdei
560 634 865 701 catholicae,
894 651 1005 690 non
1038 637 1315 693 itmnerito
1334 638 1583 710 persona:
1611 641 1759 695 assi-

134 724 385 780 milatur
415 726 751 797 apostolicae.
780 726 919 783 Dum
943 730 1089 785 enim
1113 731 1572 801 apostolicusima
1596 734 1757 790 dese-

133 817 263 885 rit,
292 828 348 874 et
375 820 631 876 sublimia
665 820 883 893 quterit,
913 839 1022 879 non
1054 823 1356 899 incongrue
1378 826 1567 899 legalis
1589 812 1755 900 lmjbs

131 924 339 979 caprze
370 911 616 981 speciem
646 914 813 984 gerit;
847 914 893 971 si
931 924 1114 972 tamen
1144 932 1241 988 per
1265 919 1497 990 gratiam
1522 919 1618 976 Dei
1680 922 1754 978 ita

130 1001 216 1057 de
257 1004 542 1074 prrcsentis
565 1006 751 1061 saeculi
772 1006 1089 1064 sublevetur
1108 1011 1372 1067 aerumnis
1397 1054 1411 1079 ,
1448 1021 1507 1067 ut
1530 1013 1675 1070 velut
1695 1015 1753 1071 in

131 1096 433 1165 supremis
450 1097 681 1168 rupibus
694 1099 957 1169 pendens,
971 1111 1189 1171 pastum
1208 1104 1310 1159 sibi
1324 1105 1592 1175 qumratin
1609 1123 1755 1163 sum»

133 1186 286 1242 mis.
324 1186 429 1255 Qui
451 1187 582 1243 dum
606 1190 821 1246 animas
845 1190 1085 1247 ﬁdelium
1105 1196 1392 1268 utriusque
1416 1197 1551 1270 legis
1570 1199 1753 1257 uberi-

133 1278 263 1333 bus
286 1279 451 1334 lactat
471 1322 487 1345 ,
513 1294 735 1352 capram
765 1284 958 1352 procul
989 1283 1159 1341 dubio
1182 1286 1236 1340 in
1263 1288 1595 1345 sacrificium
1618 1305 1751 1345 con-

128 1371 387 1428 ditionis
411 1382 615 1430 mactat
640 1393 653 1443 ;
678 1375 724 1431 si
749 1385 951 1445 tamen|
973 1377 1096 1434 inde
1115 1380 1325 1443 tumido
1348 1383 1615 1453 superbiae
1640 1400 1750 1441 nou

129 1466 345 1538 elatus.
369 1466 542 1535 fastu,
572 1469 815 1540 seipsum
859 1471 1012 1541 prius
1041 1473 1270 1530 internze
1311 1479 1750 1547 compunctionis

127 1559 438 1616 satiaverit
470 1570 652 1632 pastu.
685 1562 743 1618 Si
766 1572 948 1619 autem
982 1582 1081 1637 pro
1110 1568 1417 1636 sublimiori
1445 1586 1572 1627 esca
1595 1572 1749 1628 duri-

106 1651 285 1714 tiam
323 1653 502 1710 cordis
524 1656 662 1711 laete
682 1657 967 1714 citaritatis
991 1660 1218 1730 emollit,
1241 1659 1371 1719 tunc
1398 1665 1557 1735 quasi
1585 1680 1748 1738 capra

127 1743 319 1816 digne
347 1747 511 1816 pedes
531 1747 719 1820 erigit,
749 1758 804 1804 et
831 1739 997 1832 caput
1024 1753 1270 1821 extollit,
1296 1757 1555 1825 quoniam
1583 1757 1745 1813 iuno.-

126 1836 349 1891 ccutiat
391 1847 590 1909 pastu,
622 1855 747 1895 cum
796 1829 905 1902 illis
946 1843 1094 1913 cupit
1122 1844 1476 1915 spiritualiter
1519 1848 1627 1907 frui
1677 1852 1745 1907 de
1780 1829 1822 1884 Β

126 1929 356 1999 quibus
386 1930 649 2002 scriptum
682 1941 804 1991 est:
844 1933 1007 1990 Parit
1029 1953 1118 1992 eos
1158 1938 1542 1997 ininnoccntia
1566 1942 1743 1998 cordis

130 2024 230 2077 sui
260 2023 438 2095 (Psal.
464 2032 693 2105 Lxxvn).

211 2117 383 2189 Ecce,
409 2122 549 2180 sicut
571 2126 623 2183 in
657 2145 891 2201 persona
924 2134 1199 2204 pontiﬁcis
1229 2146 1282 2194 et
1320 2138 1464 2211 regis
1489 2140 1745 2217 quazdam

121 2227 161 2266 a
209 2213 382 2270 nobis
423 2228 550 2275 sunt
592 2220 738 2280 dicta
777 2226 1061 2296 privatim,
1104 2230 1176 2286 ita
1205 2231 1272 2287 de
1313 2213 1602 2305 utriusque
1636 2236 1741 2291 viri

122 2304 331 2362 adhuc
359 2308 467 2365 alia
516 2322 647 2369 sunt
686 2315 916 2375 dicenda
940 2324 1285 2393 summatim;
1311 2304 1585 2396 quatenus
1606 2328 1743 2384 alter

118 2399 300 2457 alteri
331 2418 398 2458 eo
439 2406 714 2466 curiosius
746 2413 962 2471 studeat
1019 2415 1314 2487 inhaerere,
1337 2436 1449 2491 quo
1495 2406 1759 2479 Ecclesia,

121 2492 237 2549 Dei
268 2494 412 2552 alter
439 2499 611 2557 altero
642 2504 789 2561 nulla
828 2506 988 2565 debet
1012 2511 1223 2568 ratione
1248 2528 1456 2571 carere.
1501 2513 1739 2589 Dignum

118 2588 350 2660 quippe
376 2600 460 2648 est
495 2603 585 2661 ut,
617 2596 762 2658 sicut
790 2599 846 2654 in
871 2603 1143 2660 sacriﬁcio
1170 2604 1487 2665 Conditoris
1510 2650 1526 2678 ,
1572 2588 1739 2682 capra

117 2681 349 2750 pariter
371 2683 690 2745 immolatur
722 2700 776 2748 et
799 2709 973 2765 agna;
1014 2697 1095 2753 sic
1122 2698 1266 2755 inter
1287 2710 1581 2774 utrumque
1604 2681 1738 2763 ﬁdes

120 2773 355 2846 integra
386 2786 441 2833 et
470 2781 714 2841 Charitas
739 2786 812 2842 sit
833 2804 1062 2861 magna;
1088 2795 1373 2864 quoniam,
1402 2773 1530 2855 licet
1555 2801 1609 2856 in
1636 2799 1739 2858 Ec-

119 2866 305 2967 clesia
334 2868 429 2927 Dei
452 2874 520 2929 ab
545 2873 778 2935 invicem
806 2881 920 2938 sint
940 2884 1133 2942 ordine
1153 2895 1207 2942 et
1227 2887 1495 2962 dignitate
1523 2894 1738 2967 disjttn-

118 2957 229 3025 eti,
262 2958 320 3013 in
353 2977 541 3021 amore
580 2974 764 3026 tamen
789 2971 1100 3032 Diviaitatis
1131 2957 1347 3050 semper
1380 2982 1579 3039 debent
1606 2957 1738 3042 esse

115 3052 441 3123 conjuncti.
472 3055 625 3115 Sicut
646 3062 795 3117 enim
820 3080 966 3121 unus
991 3082 1088 3137 per
1115 3068 1351 3126 activam
1375 3073 1543 3129 vitam
1579 3073 1653 3131 ita
1677 3092 1738 3132 se
1772 3136 1775 3141 _

117 3146 355 3246 cunctis
375 3148 514 3251 solet
535 3152 793 3211 exhibere
821 3156 1078 3215 devotum
1102 3168 1161 3216 ut
1189 3177 1290 3232 pro
1318 3164 1509 3222 amere
1529 3166 1570 3222 C
1596 3168 1736 3223 .ndi-
1763 3196 1806 3254 ρ

116 3236 275 3291 toris
289 3238 658 3299 esurientibus
676 3244 879 3305 tribuat
897 3249 1105 3319 cibum,
1117 3261 1173 3308 et
1187 3254 1497 3313 sitientibus
1513 3268 1700 3329 potum
1717 3281 1730 3330 ;

117 3328 216 3385 sic
242 3344 275 3382 a
302 3328 388 3384 ius
418 3347 512 3402 per
528 3338 1007 3408 contemplativazn
1038 3342 1205 3399 vitam
1234 3346 1372 3403 nihil
1395 3328 1543 3405 aliud
1576 3328 1737 3408 debet

117 3436 424 3490 exercere,
461 3425 571 3482 nisi
594 3436 673 3496 ut,
702 3444 802 3500 pro
829 3433 1038 3491 unitate
1077 3435 1357 3507 Ecclesiae,
1390 3442 1735 3502 orationibus

115 3522 184 3569 et
224 3513 454 3584 jejuniis
483 3519 586 3574 soli
624 3519 732 3577 Deo
758 3525 939 3581 valeat
957 3526 1245 3587 inhaerere.
1268 3530 1326 3587 Si
1348 3533 1495 3590 enim
1529 3537 1735 3594 utrius-

118 3623 246 3679 que
279 3609 338 3664 in
386 3610 498 3667 Deo
525 3612 721 3671 ﬁducia
742 3627 826 3675 est
879 3636 1118 3693 magna,
1166 3640 1278 3681 non
1324 3627 1603 3685 immerito
1652 3631 1737 3689 eis

118 3716 305 3771 capra
337 3715 687 3775 comparatur
723 3717 779 3766 et
815 3726 985 3782 agna;
1033 3715 1238 3772 sivero
1275 3717 1331 3772 in
1360 3718 1441 3774 eis
1472 3735 1629 3777 mens
1649 3731 1735 3780 est

119 3795 339 3863 libera,
370 3804 425 3853 et
450 3814 582 3855 caro
620 3804 862 3873 captiva,
910 3822 1022 3861 non
1054 3808 1357 3883 incongrue
1411 3808 1519 3870 illis
1555 3814 1732 3872 activa

118 3889 250 3945 vita
282 3889 555 3948 similatur
573 3904 628 3951 et
648 3900 1089 3970 contemplativa.
1113 3901 1267 3960 Unde
1296 3913 1356 3960 ut
1381 3922 1526 3964 unus
1548 3908 1603 3963 in
1637 3924 1734 3965 oc-

119 3982 418 4042 casionem
435 4002 590 4059 agnae
611 3991 948 4049 materialem
971 3995 1211 4066 gladium
1237 3995 1540 4056 fortissime
1553 4001 1735 4058 valeat

116 4076 501 4149 distringere,-
530 4081 671 4139 alius
701 4099 831 4140 vero
855 4102 953 4158 pro
983 4088 1359 4147 immolatione
1391 4108 1572 4163 caprae
1614 4095 1730 4166 spi—

118 4170 324 4226 rituali
338 4171 517 4242 gladio
532 4177 909 4247 potentissime
921 4196 981 4237 se
997 4182 1168 4253 possit
1185 4183 1488 4256 accingere,
1503 4186 1730 4258 dignum

114 4271 250 4329 cst,
291 4273 351 4319 ut
384 4280 483 4335 per
524 4270 880 4328 sacerdotalis
907 4288 973 4330 ac
1023 4274 1187 4347 regia:
1216 4277 1501 4350 dignitatis
1534 4280 1728 4337 obser-

116 4356 381 4413 vantiam
450 4374 665 4423 sacram
714 4364 771 4419 in
825 4365 1157 4424 sacriﬁcium
1210 4368 1525 4429 Conditoris
1583 4389 1728 4432 unus

115 4449 333 4508 oﬁ‘erat
360 4468 586 4524 agnam,
610 4464 664 4512 et
692 4457 836 4516 alius
864 4475 1107 4532 capram.

1858 655 1961 711 viri
1996 658 2212 716 duobus
2289 661 2671 719 columbarum
2715 667 3036 737 coaequandi
3085 679 3214 725 sunt
3256 672 3452 743 pullis,

1857 756 2596 827 quatenusuterqueltetetur
2617 757 2673 813 in
2697 757 2808 815 Deo
2826 759 3051 816 salutari
3073 777 3195 830 suo,
3220 764 3266 820 si
3290 765 3453 837 digno

1858 844 1962 900 sibi
1989 845 2100 901 duo
2116 846 2172 902 hi
2198 855 2462 917 turtures,
2484 858 2578 904 aut
2592 849 2724 921 pulli
2743 852 3075 908 conveniant
3096 854 3225 910 duo.
3253 854 3447 912 Scien-

1855 935 1987 991 dum
1999 945 2083 992 est
2094 937 2296 1010 quippe
2311 939 2457 1011 quod
2470 957 2566 1012 per
2580 942 2892 998 columbam
2909 960 2974 1000 ac
2989 953 3256 1002 turturem
3273 964 3451 1005 sacer-

1854 1025 2055 1084 dotalis
2074 1044 2139 1085 ac
2157 1030 2319 1101 regite
2342 1030 2627 1103 dignitatis
2641 1032 2841 1105 duplex
2854 1033 3121 1106 ﬁguratur
3145 1038 3446 1109 negotium,

1852 1111 1984 1178 du'm
1998 1124 2053 1180 in
2065 1124 2904 1200 columbaintelligiturregnum,
2917 1130 3036 1186 etin
3051 1140 3262 1188 turture
3274 1149 3453 1190 sacer-

1853 1213 2082 1272 dotium.
2117 1215 2222 1273 Per
2249 1217 2564 1275 Columbam
2598 1235 2871 1292 namque,
2899 1237 3022 1292 quae
3062 1223 3201 1279 solet
3219 1224 3457 1281 volitare

1852 1311 2137 1383 gregatim,
2153 1326 2387 1383 persona
2408 1310 2608 1382 regalis
2632 1326 2744 1367 non
2778 1312 3080 1386 incongrue
3102 1324 3283 1386 potest
3309 1317 3451 1388 ligu-

1853 1403 1962 1459 rari
1992 1405 2337 1477 summatim,
2368 1403 2416 1461 si
2438 1404 2692 1460 tamenin
2720 1403 2823 1462 hac
2854 1407 3033 1463 activa
3060 1408 3170 1464 vita
3210 1409 3457 1467 societas,

1853 1495 1944 1551 illa
1967 1497 2238 1555 bonorum
2264 1499 2369 1556 sibi
2410 1513 2517 1569 non
2547 1497 2797 1555 videatur
2834 1501 3177 1573 importuna,
3223 1505 3291 1561 de
3336 1523 3446 1577 qua

1851 1594 2115 1664 scriptum
2144 1603 2256 1652 est:
2276 1595 2642 1655 Multitudinis
2672 1599 2995 1654 credentium
3015 1607 3130 1654 erat
3160 1617 3252 1655 cor
3280 1618 3444 1655 unum

1849 1696 1901 1740 et
1925 1688 2108 1742 anima
2135 1706 2241 1744 una
2266 1690 2411 1763 (Act.
2437 1692 2535 1765 tv).
2594 1691 2654 1749 ln
2681 1701 2896 1749 turture
2912 1702 3092 1749 autem
3111 1735 3125 1759 ,
3149 1709 3269 1764 quae
3298 1704 3443 1751 amat

1850 1781 2279 1854 singularitatem
2301 1827 2316 1853 ,
2343 1788 2697 1845 sacerdotalis
2717 1803 2966 1860 personae
2985 1787 3246 1845 debenms
3269 1790 3442 1846 admi-

1848 1874 1957 1929 rari
1989 1875 2339 1946 dignitatem,
2372 1878 2418 1935 si
2450 1887 2633 1935 tamen
2653 1896 2779 1936 cum
2803 1896 3024 1951 passere
3046 1881 3139 1936 illo
3170 1880 3436 1948 solitario,

1848 1968 2280 2038 contemplativa:
2331 1969 2449 2027 vita:
2483 1970 2829 2029 dulcedinem
2869 1972 3035 2029 corde
3073 1981 3439 2043 prosequatur

1846 2055 2115 2131 perfecto,
2159 2060 2226 2115 de
2255 2076 2367 2131 quo
2403 2062 2668 2133 scriptum
2718 2072 2849 2119 est:
2891 2061 3093 2118 Factus
3138 2080 3255 2117 sum
3298 2064 3438 2118 sicut

1843 2164 2029 2218 passer
2066 2149 2342 2205 solitarius
2398 2153 2457 2207 in
2492 2162 2625 2207 tecto
2661 2153 2840 2225 (Psal.
2867 2153 2962 2225 ει).
3024 2152 3130 2210 Sed
3163 2154 3292 2224 quia
3316 2162 3434 2209 ειη-τ

1847 2248 1996 2297 tures
2043 2250 2100 2298 et
2156 2243 2423 2299 columbae
2481 2244 2715 2316 duplicis
2764 2246 3100 2317 paenitentiae
3172 2248 3437 2319 gemitum

1847 2331 2078 2399 habent,
2115 2348 2225 2390 non
2245 2333 2546 2406 incongrue
2573 2335 2789 2392 duabus
2815 2337 2903 2394 bis
2931 2337 3184 2407 personis
3217 2337 3443 2395 assimi-

1843 2423 1946 2478 lari
2000 2426 2229 2493 valent;
2267 2426 2315 2482 si
2352 2435 2539 2483 tamen
2580 2444 2707 2485 cum
2744 2428 2862 2485 Δια
2912 2428 3026 2485 ﬁlia
3080 2428 3283 2500 Caleph
3334 2444 3451 2501 pro.

1840 2513 2056 2572 duobus
2083 2516 2303 2587 irriguis
2336 2517 2608 2590 duplicem
2634 2519 2778 2579 hunc
2808 2520 3070 2592 gemitum
3095 2520 3354 2589 habeant,
3376 2527 3441 2578 ut

1840 2616 1895 2663 et
1924 2617 2146 2679 peccata
2174 2608 2446 2679 praeterita
2477 2610 2711 2667 deﬂeant
2730 2653 2746 2678 ,
2769 2620 2824 2668 et
2855 2609 3042 2669 futura
3068 2621 3432 2691 pnecaveant.

1842 2700 2166 2757 Sicutenim
2197 2702 2254 2757 in
2275 2702 2491 2759 duobus
2523 2704 2832 2762 turturibus
2879 2713 2977 2761 aut
3007 2706 3195 2776 ,pullis
3235 2705 3435 2777 duplex

1839 2793 1953 2850 Deo
1989 2792 2345 2850 deferendum
2366 2803 2454 2851 est
2478 2811 2716 2864 munus,
2761 2796 2985 2868 quando
3017 2797 3129 2857 duo
3178 2798 3311 2869 pulli
3346 2800 3433 2855 vel

1837 2886 1949 2944 duo
1997 2895 2240 2943 turtures
2268 2887 2605 2956 offeruntur,
2635 2896 2691 2945 et
2728 2904 2841 2945 non
2875 2905 3047 2960 unus;
3093 2891 3175 2947 sic
3206 2891 3442 2957 insimul.

1838 2981 1949 3037 duo
1975 2981 2138 3038 iidem
2157 2982 2430 3053 principes
2451 2991 2610 3039 terra:
2631 2983 2687 3039 in
2715 2984 3051 3046 sacriﬁcium
3090 2994 3147 3047 et
3169 2986 3443 3044 holocau-.

1839 3086 1985 3131 stum
2016 3075 2233 3131 Domini
2262 3077 2350 3147 pia
2373 3092 2432 3133 se
2456 3076 2655 3133 debent
2676 3076 2965 3139 devotione
2988 3079 3307 3137 transferre.
3329 3080 3447 3141 Sed

1838 3176 1892 3223 et
1915 3168 2063 3243 aliud
2086 3168 2267 3224 adhuc
2288 3168 2591 3224 notandum
2620 3177 2706 3224 est
2735 3169 2819 3225 his
2846 3168 3151 3227 turturibus
3195 3171 3434 3239 duobus,

1838 3261 1985 3332 quod
2007 3277 2113 3318 non
2136 3262 2436 3334 incongrue
2460 3261 2625 3317 etiam
2658 3261 2794 3319 viris
2833 3262 2952 3321 istis
2981 3264 3277 3320 convenire
3304 3280 3434 3335 pos-

1835 3353 1907 3409 sit
1938 3354 2230 3410 ambobus.
2281 3352 2420 3422 Quia
2462 3352 2609 3409 enim
2651 3358 2833 3409 turtur
2880 3354 3089 3413 amisso
3126 3352 3434 3426 coniugalis

1834 3446 2044 3516 copula
2066 3446 2345 3503 consortio
2363 3488 2378 3513 ,
2409 3460 2509 3517 pro
2536 3451 2699 3499 cantu
2725 3446 2985 3515 gemitum
3010 3446 3194 3514 habet,
3216 3444 3443 3521 duobus

1836 3538 1922 3594 bis
1950 3538 2082 3593 viris
2105 3555 2214 3595 non
2238 3538 2513 3597 immerito
2546 3540 2822 3614 coazquari
2840 3539 3016 3607 valet,
3046 3536 3317 3610 quoniam,
3344 3534 3431 3591 di-

1813 3617 2117 3703 gnum‘est
2145 3641 2205 3688 ut
2229 3632 2297 3699 si,
2321 3650 2419 3705 per
2457 3635 2681 3707 aliquod
2710 3632 3073 3691 infortunium
3092 3673 3108 3701 ,
3140 3630 3277 3687 alter
3303 3645 3435 3701 per-.

1834 3724 2034 3780 diderit
2057 3726 2289 3781 altermn
2306 3768 2321 3795 ,
2348 3742 2459 3783 non
2482 3736 2702 3784 cantum
2726 3727 2853 3785 inde
2863 3725 3063 3782 debent
3082 3724 3304 3789 habere,
3331 3721 3428 3780 sed

1834 3820 2117 3890 gemitum.
2154 3819 2306 3877 Scire
2347 3822 2549 3877 etenim
2569 3821 2771 3879 debeat
2805 3820 2937 3892 quia
2961 3826 3092 3875 tunc
3120 3832 3248 3874 vere
3274 3816 3424 3872 iacis

1833 3915 2075 3973 Charitas
2104 3915 2194 3970 illa
2231 3926 2514 3986 versatur,
2551 3916 2626 3975 de
2646 3930 2755 3987 qua
2784 3914 2992 3971 dictum
3031 3920 3118 3969 est
3150 3930 3163 3968 :
3197 3908 3439 3972 Dilectia.

1831 4011 2062 4080 proximi
2091 4010 2292 4066 malum
2319 4027 2420 4065 non
2457 4017 2706 4082 operatur
2753 4009 2928 4082 (Rom.
2964 4005 3122 4078 xui),
3154 4005 3201 4061 si
3232 4002 3431 4061 frater-

1832 4118 1965 4157 num
2016 4102 2149 4159 illud
2197 4102 2617 4158 contubernium
2670 4101 2752 4158 eis
2803 4112 3151 4171 nequaquam
3179 4095 3430 4152 videatur

1832 4196 2240 4267 importunum,
2284 4194 2352 4252 de
2375 4180 2492 4266 quo'
2524 4194 2792 4265 scriptum
2820 4201 2935 4249 est:
2969 4189 3106 4245 Ecce
3147 4203 3308 4260 quam
3335 4191 3428 4240 bo—

1832 4303 1991 4354 num,
2046 4296 2098 4341 et
2139 4302 2300 4357 quam
2349 4285 2650 4355 jucundum
2692 4283 2937 4340 habitare
2963 4281 3156 4352 fratres
3179 4279 3243 4345 in.
3266 4292 3428 4332 unum

1833 4380 2008 4456 (Psal.
2037 4378 2270 4447 cxxxn).
2308 4377 2514 4434 Taliter
2540 4379 2709 4451 igitur
2762 4391 2863 4448 pro
2903 4374 3212 4445 expiatione
3232 4384 3428 4439 corpo—

1832 4489 1953 4529 rum
1970 4515 1986 4540 ,
2008 4482 2064 4528 et
2101 4472 2444 4542 respectione
2472 4470 2785 4537 animarum
2807 4469 2918 4525 duo
2945 4465 3001 4522 hi
3025 4462 3280 4521 viriduos
3302 4459 3429 4515 oﬂ'e-

200 4542 372 4615 Ergo,
392 4546 785 4611 sicutevidenti
810 4552 1020 4610 ratione
1037 4557 1151 4626 jam
1193 4556 1424 4615 relatum
1454 4567 1543 4615 cst
1571 4536 1733 4619 nobis
1764 4567 1809 4622 Ι)
1837 4536 1981 4623 ιἐιιιι⁷
2011 4536 2295 4635 turtures,-
2326 4574 2424 4621 aut
2472 4536 2613 4620 duos
2666 4563 2847 4634 pullos
2900 4556 3313 4619 columbarum,
3357 4553 3422 4617 si.

115 4636 371 4708 qualiter
399 4639 454 4694 in
480 4640 564 4699 his
587 4642 804 4705 duobus
825 4645 959 4703 viris
985 4663 1126 4719 agna
1141 4658 1195 4706 et
1229 4666 1396 4722 capra
1418 4654 1724 4711 mactandas

118 4727 315 4783 sintin
329 4731 657 4790 sacriﬁcium
671 4734 1006 4806 Conditoris;
1027 4739 1101 4795 ita
1116 4757 1263 4797 nunc
1277 4742 1625 4801 referendum
1638 4755 1725 4801 est

113 4818 324 4885 vobis,
360 4823 547 4891 paucis
574 4828 825 4887 versibus
844 4838 899 4885 et
925 4832 1100 4888 verbis
1120 4835 1496 4905 compluribus
1513 4880 1530 4904 ,
1584 4853 1729 4909 quas

114 4909 253 4968 liter
278 4909 446 4970 iidem
476 4915 585 4972 duo
610 4918 712 4975 viri
755 4920 971 4979 duobus
1018 4924 1235 4982 valeant
1264 4931 1572 5000 comparari
1601 4939 1720 4986 tur-

1834 4659 2001 4715 totius
2032 4658 2254 4714 malitia:
2301 4671 2513 4712 veneno
2571 4671 2603 4711 a
2640 4654 2901 4711 cordibus
2947 4663 3142 4707 eorum
3178 4643 3426 4715 funditus

1829 4751 2126 4817 exhausto,
2174 4764 2299 4806 eum
2331 4749 2469 4804 alter
2495 4748 2722 4806 alterius
2741 4744 3037 4803 destitutus
3082 4747 3167 4798 est
3195 4736 3421 4805 solatio.

1830 4843 2037 4900 luctum
2065 4842 2170 4900 sibi
2204 4841 2414 4899 faciunt
2435 4855 2707 4898 amarum.
