3960 6316
567 388 574 395 -
612 359 744 426 ξυιι

619 486 1873 527 W—

1535 351 1921 411 BE‘RE‘NGOSI
1961 349 2252 404 ABBATIS
2292 350 2347 405 S.
2390 348 2639 403 MAXIM]
2682 346 2964 403 TREVIR.

1881 493 3777 525 W

1284 676 2334 824 nuncusos:
2433 608 3277 823 animus

1800 968 1809 973 ’
1893 987 2639 1104 SERMONES

1571 1218 1929 1296 (Bibliotheca
1965 1216 2216 1281 Patrum,
2258 1222 2394 1270 tom.
2438 1210 2553 1280 XII,
2592 1227 2716 1283 pag.
2756 1210 2910 1286 576.)

1120 1619 1353 1678 SERMO
1387 1614 1669 1672 PRIMUS.

1078 1819 1128 1857 ιιι
1168 1817 1361 1858 NATALI
1400 1810 1693 1855 ιιιιιιτῐιιιτιι

598 1967 659 2027 In
679 1967 814 2025 illud
835 1964 1033 2037 psalmi
1066 1979 1196 2018 Lvtn
1214 1979 1229 2015 :
1246 1960 1408 2028 Deus,
1433 1957 1787 2030 repulistinos
1809 1961 1857 2007 et
1882 1950 2195 2025 desti'uristi

1260 2048 1353 2086 nos
1370 2073 1384 2098 ,
1414 2040 1521 2085 etc.

612 2260 615 2263 -
668 2218 811 2289 Quia
838 2215 1111 2272 Dominus
1131 2221 1318 2267 noster
1345 2207 1508 2265 Jesus
1539 2206 1825 2270 Christus,
1847 2200 2195 2259 dilectissimi

597 2315 826 2379 fratres,
857 2321 1062 2367 nostra:
1082 2307 1266 2364 carnis
1296 2302 1540 2373 suscepit
1564 2298 1935 2355 inﬁrmitatem
1959 2339 1977 2363 ,
2007 2303 2065 2350 ut
2089 2294 2193 2350 ini—

596 2404 727 2462 mici
748 2419 778 2459 a
810 2400 970 2458 nobis
992 2397 1286 2470 expelleret
1322 2400 1649 2466 potestatem
1670 2433 1685 2457 ,
1724 2388 2043 2460 prophetica
2074 2385 2193 2441 sine

596 2496 770 2554 dubio
819 2501 1050 2551 testatur
1096 2490 1275 2547 oratio
1299 2530 1314 2556 ,
1360 2502 1484 2558 qua:
1513 2485 1713 2555 saepius
1745 2483 1881 2537 lecta
1918 2489 2004 2535 est
2047 2476 2192 2549 apud

596 2604 717 2658 vos,
748 2603 943 2660 quam,
967 2586 1023 2640 in
1049 2594 1178 2656 typo
1202 2582 1466 2647 ﬁdelium,
1501 2577 1669 2632 David
1708 2576 1838 2631 olim
1871 2571 2187 2645 proferens;

597 2682 738 2739 Deus
759 2724 775 2751 ,
825 2670 1049 2753 inquit,
1080 2676 1326 2750 reputisti
1377 2691 1469 2729 nos
1511 2682 1560 2727 et
1590 2669 1904 2726 destruxisti
1936 2683 2055 2722 nos.
2088 2663 2193 2719 Per

597 2778 746 2833 hunc
772 2777 973 2848 quippe
994 2772 1200 2840 David,
1229 2769 1322 2841 qui
1356 2768 1408 2823 in
1452 2766 1613 2822 libris
1664 2763 1873 2835 Regum
1925 2759 2192 2832 plurimas

596 2869 849 2941 regiones
873 2868 1019 2922 caule
1053 2874 1109 2921 et
1136 2859 1709 2922 incendioclebellasse
1726 2866 2001 2920 narratur,
2028 2868 2195 2908 verus

2226 1587 2269 1643 Α

2299 1627 2471 1697 xxvn)
2500 1644 2519 1693 -,
2552 1629 2713 1693 aliter
2736 1644 2855 1697 eos,
2881 1630 2977 1702 qui
3000 1641 3287 1688 mutantur
3326 1634 3385 1690 in
3416 1639 3615 1703 melius,
3647 1639 3697 1695 de
3719 1644 3796 1711 qui

2298 1719 2401 1775 bus
2428 1719 2516 1775 hic
2537 1719 2768 1777 dicitur:
2800 1722 2940 1778 Deus
2963 1716 3211 1795 repulisti
3235 1742 3356 1794 nos,
3371 1736 3424 1781 et
3435 1727 3711 1785 dextruitti
3725 1748 3795 1787 Mt.

2298 1810 2426 1868 Illos
2456 1813 2602 1868 enim
2623 1814 2895 1871 destruxit
2918 1816 2987 1871 ad
3018 1817 3258 1885 ruinam,
3289 1835 3402 1875 non
3435 1821 3503 1876 ad
3534 1826 3796 1879 resurrectio-

2298 1921 2456 1971 nem;
2490 1906 2626 1962 istos
2659 1922 2788 1962 vero
2813 1908 2882 1964 ad
2911 1910 3336 1979 correctionem,
3388 1928 3497 1969 non
3522 1914 3583 1969 ad
3616 1916 3795 1986 perditio-

2297 2032 2444 2073 nem.
2484 2016 2635 2086 Illos,
2680 2028 2742 2074 ut
2786 2020 2840 2074 in
2876 2021 3076 2077 melius
3131 2038 3241 2077 nun
3285 2031 3590 2091 mutentur;
3634 2026 3796 2091 istos,rt

2294 2112 2702 2167 acditicenturet
2732 2124 3020 2170 sanentur.
3038 2114 3473 2186 lllosdcstruxit,
3498 2128 3555 2173 ut
3572 2134 3674 2173 cum
3692 2118 3794 2173 Sauli

2293 2206 2621 2276 dejiciantur
2652 2206 2796 2280 (Act.
2824 2208 2930 2281 Ix).
2962 2208 3120 2280 istos,
3151 2220 3210 2266 ut
3233 2226 3366 2267 cum
3396 2211 3588 2268 Davide
3605 2213 3796 2285 erigantur

2296 2295 2386 2370 (II
2435 2299 2567 2372 Reg.
2594 2299 2705 2372 ιιι).
2728 2299 2881 2370 Illos,
2924 2311 2985 2358 ut
3023 2319 3154 2359 cum
3206 2321 3382 2361 uxore
3417 2304 3549 2361 Loth
3592 2307 3795 2376 respiciant

2295 2401 2476 2460 retro;
2533 2393 2671 2449 istos
2722 2402 2785 2449 ut
2823 2395 2892 2451 ad
2939 2395 3325 2467 pcenitentiarn
3380 2407 3688 2453 revertantur
3719 2413 3796 2452 αιιι

2294 2484 2473 2566 Petro.
2516 2485 2636 2542 Tali
2671 2488 2873 2560 quippe
2900 2489 3085 2557 modo,
3115 2498 3170 2544 et
3190 2488 3308 2546 'hos
3342 2491 3685 2547 sanctissimos
3706 2490 3797 2543 viros

2293 2579 2494 2650 repulit
2515 2588 2571 2637 et
2599 2581 2891 2650 destruxit,
2915 2582 3140 2653 quando
3180 2599 3277 2654 per
3300 2583 3430 2639 tldei
3457 2584 3641 2649 lumen,
3662 2583 3794 2637 etcha‘

2293 2670 2475 2727 ritatis
2497 2670 2698 2743 ignem,
2732 2673 2814 2730 eis
2838 2673 3135 2730 clementer
3163 2675 3369 2743 illuxit,
3402 2685 3649 2747 quatenus
3669 2675 3795 2730 divina:

2292 2764 2603 2822 dilectionis
2650 2766 2776 2837 igne
2838 2768 3122 2836 succensi,
3168 2777 3440 2839 perpetuo
3489 2767 3561 2823 illi
3606 2766 3796 2821 adherent

2294 2857 2428 2929 igni,
2452 2857 2547 2929 qui
2576 2859 2743 2915 nullis
2773 2875 3015 2931 unquam
3042 2861 3444 2917 tentationibus
3469 2859 3645 2932 poterit
3661 2858 3794 2914 exslia

597 2962 688 3018 ille
718 2958 1221 3016 manufortisJesus
1236 2958 1492 3013 Christus
1516 2952 1780 3008 Dominus
1805 2957 1991 3004 noster
2020 2943 2187 3016 spiri-
2222 2943 2265 2998 B
2292 2950 2382 3021 θυι
2425 2949 2644 3021 (Matth.
2670 2954 2866 3022 xxvii).
2894 2951 3115 3024 Repulit
3155 2954 3327 3009 etiam
3384 2970 3500 3021 eos,
3529 2964 3577 3009 et
3610 2949 3795 3008 desumit

598 3054 819 3110 tualiter
870 3054 1137 3124 signatur,
1171 3051 1345 3124 quiin
1373 3051 1521 3104 hunc
1553 3045 1818 3101 mundum
1844 3042 2097 3107 veniens,
2126 3046 2189 3094 ut

596 3134 770 3205 tilium
815 3161 846 3201 a
877 3154 1031 3216 patre
1057 3152 1113 3200 et
1163 3158 1365 3198 nurum
1399 3158 1429 3196 a
1460 3154 1622 3197 socru
1661 3135 1954 3200 divideret,
2005 3132 2189 3188 attulit

594 3241 777 3313 ignem
808 3254 919 3311 quo
945 3237 1291 3304 incenderet,
1316 3245 1371 3291 et
1409 3234 1652 3307 gladium
1677 3275 1692 3299 ,
1724 3246 1836 3302 quo
1881 3226 2184 3289 occideret;

596 3341 657 3389 ιιι
676 3348 804 3389 cum
829 3332 885 3387 in
913 3331 1174 3388 cordibus
1197 3329 1470 3395 ﬁdelium,
1502 3341 1610 3381 non
1642 3325 1820 3391 ferro,
1863 3322 1959 3378 sed
1988 3320 2185 3385 verbo;

594 3441 709 3482 non
755 3425 965 3497 gladio,
1011 3424 1107 3481 sed
1155 3423 1375 3494 spiritu,
1413 3421 1674 3475 vitiorum
1707 3417 1911 3473 faceret
1949 3422 2189 3483 stragem

595 3531 693 3588 per
716 3516 923 3571 amoris
955 3514 1235 3587 ignem,ad
1255 3512 1489 3586 gemina:
1510 3507 1819 3566 dilectionis
1844 3522 1941 3562 eos
1964 3519 2191 3560 revoca-

593 3616 682 3663 ret
700 3623 1039 3680 compagem.
1072 3606 1196 3663 llaec
1219 3606 1385 3677 igitur
1407 3604 1660 3659 vitiorum
1683 3611 1922 3673 strages,
1949 3608 2003 3656 et
2019 3598 2189 3653 virtu-

597 3706 711 3753 tum
742 3699 915 3755 series
950 3699 1003 3752 in
1034 3698 1122 3752 his
1174 3696 1547 3753 sanctissimis
1583 3692 1915 3764 martyribus
1952 3689 2186 3754 Christi,

594 3807 830 3863 quorum
861 3791 1020 3846 hodie
1057 3788 1196 3846 festa
1227 3789 1493 3854 colimus,
1517 3785 1913 3857 perfectissime
1948 3781 2145 3838 claruit
2172 3799 2186 3848 ;

594 3882 846 3953 quando,
875 3882 1059 3937 divina
1076 3880 1378 3951 inspirante
1401 3880 1577 3951 gratia
1600 3920 1616 3943 ,
1651 3877 1890 3933 mundus
1909 3884 1963 3930 et
1987 3890 2191 3930 concu-

593 3974 860 4046 piscentia
888 3974 1007 4045 ejus
1038 3973 1093 4027 in
1126 3973 1207 4028 eis
1237 3971 1483 4047 funditus
1511 3968 1756 4036 exaruit,
1783 3968 1856 4023 ita
1896 3976 1975 4032 ut,
2006 3982 2194 4036 pecca-

595 4067 669 4122 tis
729 4066 990 4123 omnibus
1049 4066 1109 4120 in
1165 4065 1246 4119 eis
1330 4062 1658 4129 destructis,
1736 4076 1847 4116 non
1917 4059 2195 4133 imtncrito

595 4160 778 4217 dicere
833 4158 1049 4229 possint
1103 4159 1244 4213 inter
1304 4156 1494 4212 alios:
1544 4152 1689 4210 Ὥρας
1750 4153 1994 4225 repuliin
2051 4169 2144 4211 uos
2173 4195 2188 4220 ,

595 4259 647 4306 et
676 4251 992 4306 destruxisti
1031 4266 1146 4305 nos.
1199 4248 1306 4316 Qui
1349 4248 1495 4304 enim
1520 4247 1576 4302 in
1630 4245 1822 4318 primis
1873 4246 2186 4317 parentibus

597 4343 805 4399 nostris
858 4343 1062 4415 repulsi
1115 4352 1245 4399 sunt
1305 4358 1339 4398 a
1410 4340 1521 4397 Deo
1574 4356 1674 4411 pro
1724 4338 1948 4395 traduce
2025 4354 2191 4410 pomo

599 4433 753 4504 (Gen.
790 4436 897 4507 ut),
939 4437 1044 4492 hos
1073 4435 1130 4491 in
1159 4435 1309 4508 ligno
1337 4433 1522 4491 crucis
1566 4441 1756 4505 postea
1806 4430 1972 4487 traxit
2031 4430 2098 4486 ad
2134 4447 2193 4486 se

598 4529 743 4585 idem
791 4528 938 4586 Deus
971 4539 1044 4609 (et
1089 4530 1280 4586 homo.
1339 4528 1404 4584 Et
1469 4528 1593 4583 ideo
1658 4526 1749 4597 pia
1824 4524 2066 4595 repulsio
2139 4534 2193 4580 et

595 4629 825 4693 paterna
860 4621 1159 4678 destructio
1184 4663 1200 4688 ,
1259 4636 1383 4692 quae
1412 4620 1494 4676 sic
1548 4617 1824 4673 hominem
1873 4617 2084 4688 repellit
2133 4624 2193 4672 ut

596 4722 851 4782 revocet;
916 4713 998 4770 sic
1043 4715 1364 4779 mortiticat,
1423 4726 1483 4769 ut
1515 4711 1776 4778 vivitiCet;
1848 4710 1931 4766 sic
2007 4709 2192 4765 humi-

595 4808 717 4875 liat,
746 4815 809 4863 ut
865 4807 1103 4874 exultet;
1149 4807 1231 4863 sic
1278 4807 1540 4871 destruit,
1586 4813 1649 4860 ut
1685 4803 1996 4859 rezedilicct.
2045 4802 2195 4859 Talis

597 4901 801 4973 quippe
828 4897 1131 4956 destructio
1152 4899 1319 4954 corda
1345 4898 1585 4955 ﬁdelium
1612 4905 1667 4952 et
1696 4895 1990 4951 virtutibus
2031 4895 2195 4951 deco-

595 5000 709 5060 rat,
745 4999 801 5047 et
822 5009 854 5047 ι.
893 4989 1039 5046 vitiis
1059 4997 1275 5060 purgat,
1306 4989 1373 5044 de
1406 5004 1515 5059 qua
1542 4988 1781 5044 dicitur:
1819 4983 2076 5057 Nunquid
2103 4986 2194 5057 qui

594 5083 796 5139 dormit
833 5099 937 5137 non
972 5080 1192 5151 adjiciat
1218 5088 1276 5133 ut
1298 5080 1577 5150 resurgat?
1612 5073 1787 5150 (Pint.
1817 5076 1932 5147 XL.)
1960 5075 2085 5132 lliec
2111 5085 2196 5132 est

596 5177 692 5234 ilia
732 5175 1070 5242 destructio,
1118 5190 1217 5245 per
1256 5188 1423 5244 quam
1468 5173 1613 5230 Deus
1659 5175 1761 5231 hos
1816 5172 2195 5230 sanctissimos

562 5310 577 5328 .
598 5272 750 5326 viros
778 5271 1072 5335 destruxit,
1106 5284 1169 5325 ut
1194 5267 1458 5334 Saulum,
1507 5275 1566 5321 ut
1598 5267 1655 5322 in
1690 5268 1887 5324 melius
1934 5273 2192 5329 mutaret,

553 5347 567 5356 ”
599 5373 663 5420 ιιι
702 5362 957 5418 Paulum.
998 5362 1124 5430 Qui,
1156 5362 1261 5418 etsi
1311 5361 1365 5415 in
1401 5360 1581 5432 primo
1613 5361 1788 5415 aetatis
1837 5359 1999 5425 ﬂore,
2035 5354 2193 5429 quasi

599 5471 765 5514 mane
825 5456 1058 5526 alicujus
1108 5455 1354 5521 malitiae,
1427 5452 1664 5525 praedam
1716 5452 2002 5507 comedere
2068 5466 2195 5506 cum

603 5549 814 5616 Saulo;
868 5556 1061 5618 postea
1109 5558 1293 5607 tamen
1338 5547 1392 5601 in
1438 5545 1724 5616 praesentis
1772 5544 1896 5599 vita:
1945 5559 2193 5615 vespere,

2292 3043 2470 3118 (Psal.
2502 3044 2641 3117 xvi),
2669 3044 2890 3116 quando
2908 3046 2977 3102 de
2998 3047 3242 3104 tenebris
3276 3047 3351 3103 ad
3377 3048 3570 3113 lucem,
3596 3046 3650 3101 de
3686 3050 3794 3098 more

2290 3136 2357 3191 ad
2389 3135 2581 3203 vitam,
2624 3152 2724 3193 sua
2775 3152 2873 3194 eos
2923 3139 3123 3209 pietate
3174 3139 3430 3203 reduxit;
3487 3146 3791 3210 quatenuspd

2291 3230 2471 3301 ipsum
2494 3229 2797 3287 liberentur
2823 3232 2894 3289 ab
2923 3231 3142 3288 inferno
3168 3234 3371 3290 mortis
3413 3243 3629 3297 atteram,
3655 3228 3793 3299 φήμη

2292 3323 2644 3393 prophetam:
2680 3324 2810 3391 Ero,
2840 3325 3038 3397 inquit,
3070 3342 3212 3380 mors
3241 3335 3362 3393 tua,
3389 3344 3421 3381 ο
3447 3340 3690 3387 mors;ero
3710 3335 3792 3373 nor-

2290 3433 2380 3470 διεδ
2411 3425 2555 3486 tuus,
2584 3418 2791 3488 inferne
2817 3418 3022 3491 (ibid.).
3049 3418 3291 3490 Repulit,
3323 3421 3566 3492 inquam,
3587 3411 3792 3473 eosetdt-

2292 3508 2513 3576 struxit,
2539 3509 2760 3580 quando
2788 3509 2842 3564 in
2878 3510 2960 3565 eis
2979 3510 3282 3567 miriﬁcans
3307 3508 3789 3567 misericordiassms.

2292 3602 2592 3657 secundum
2612 3601 2811 3657 lsaiam
2833 3621 2851 3657 :
2866 3601 3035 3669 Deiot,
3053 3602 3256 3674 inquit,
3270 3604 3572 3676 iniquitates
3590 3593 3788 3666 tuattlm'.

2266 3694 2517 3766 -xxx1v),
2555 3704 2830 3765 quatenus
2872 3695 2985 3769 {in}
3016 3698 3303 3768 praesentis
3341 3697 3591 3752 Ecclesiae
3621 3702 3789 3763 pressu:

2218 4307 2260 4364 C

2291 3800 2357 3839 eo
2383 3782 2596 3838 facilior
2619 3784 2730 3841 illis
2751 3802 2851 3857 pro
2882 3787 3106 3843 Christo
3147 3788 3331 3843 munis
3380 3788 3636 3843 videretur
3665 3782 3788 3837 labor.

2292 3891 2404 3947 quo
2434 3877 2697 3932 continuo
2733 3879 3072 3951 subjungens
3097 3898 3113 3934 :
3141 3879 3494 3935 Peccatorum
3537 3889 3720 3939 ιιιοηιιι,
3743 3872 3790 3923 il-

2293 3971 2431 4041 quit,
2471 3986 2574 4025 non
2626 3971 2942 4026 recordabar
2977 3971 3193 4043 (Ezeeh.
3224 3977 3409 4044 XVI").
3444 3970 3638 4043 Repulit
3672 3980 3737 4021 ros
3759 3970 3790 4014 tl

2293 4063 2586 4131 destruxit,
2622 4063 2845 4134 quando
2867 4066 2936 4121 ab
2969 4066 3052 4121 eis
3073 4066 3217 4122 sicut
3250 4068 3479 4134 nubem,
3524 4059 3789 4121 omnemahs-

2294 4155 2422 4211 tulit
2470 4156 2840 4228 iniquitatem,
2863 4166 3060 4228 aptans
3082 4174 3180 4216 eos
3200 4160 3356 4215 omni
3376 4162 3540 4227 bono,
3562 4168 3613 4213 ut
3632 4155 3788 4210 faceml

2293 4246 2414 4314 ejus
2449 4247 2808 4304 voluntatem.
2864 4248 3084 4320 Repulit
3117 4259 3195 4306 et'
3224 4251 3499 4307 destruxit
3538 4238 3787 4305 eos‘Christi

2292 4340 2535 4397 Charitas
2563 4341 2788 4409 invicta,
2827 4344 3050 4413 quando
3100 4344 3438 4415 conviﬁcarit
3484 4358 3572 4399 eos
3612 4352 3701 4393 ml
3732 4331 3788 4386 “5°

2267 4435 2521 4508 ,(Coloss.
2557 4440 2642 4503 ιι),
2666 4439 2939 4495 damnans
2965 4441 3048 4496 eis
3076 4441 3264 4496 omnia
3292 4441 3511 4497 delicta.
3540 4434 3709 4506 Repulit
3729 4441 3786 4483 eos
3864 4468 3865 4473 η

2291 4538 2346 4585 et
2365 4531 2656 4599 destruxit,
2679 4532 2899 4602 quando
2913 4541 2976 4587 ut
2997 4532 3506 4589 immarcessibilem
3528 4531 3632 4584 vita:
3646 4532 3786 4581 atem
3864 4540 3865 4602 ι

2292 4624 2636 4694 perciperent
2683 4639 2946 4680 coronam
3001 4623 3056 4696 (I
3110 4625 3261 4681 Petr.
3295 4626 3359 4697 ι),
3415 4618 3784 4682 εοιιγρτςειὶοια

2294 4717 2439 4773 inter
2456 4732 2644 4788 gentes
2669 4718 2982 4773 habuerunt
3006 4718 3207 4774 bonam
3232 4760 3248 4786 ,
3286 4727 3553 4789 quatenus
3572 4700 3784 4770 rauim“

2293 4825 2392 4881 per
2417 4810 2647 4866 verbum
2684 4811 2780 4866 Dei
2808 4812 2917 4867 vivi
2941 4822 2997 4868 et
3029 4812 3426 4883 permanentis,
3455 4812 3741 4866 liberarentur
3764 4812 3781 4845 ³

2292 4918 2428 4958 voce
2448 4903 2831 4974 exprobrantis
2853 4913 2909 4960 et
2931 4904 3304 4974 obloquentis.
3336 4903 3545 4976 Repulit
3565 4914 3643 4955 eos
3664 4902 3703 4948 et
3727 4889 3783 4941 ﬁt"

2294 4995 2497 5052 struxit
2523 4997 2744 5067 quando
2798 4997 3179 5068 unusquisque
3226 5013 3419 5053 eorum
3462 4995 3627 5050 dolore
3667 4980 3781 5068 «fit?

2296 5090 2628 5145 intrinsecus
2673 5097 2875 5155 tactus,
2908 5104 3019 5144 non
3071 5067 3251 5145 solum
3309 5088 3523 5146 auditor
3566 5078 3697 5140 verbi,
3723 5067 3778 5125 sd

2294 5182 2460 5238 etiam
2493 5181 2670 5239 factor
2701 5190 2787 5238 est
2806 5180 3007 5237 factus.
3036 5180 3143 5249 Qui
3163 5182 3386 5253 quoties
3404 5181 3595 5236 vultum
3615 5166 3777 5227 nstitit!-

2298 5276 2368 5332 tis
2389 5292 2504 5332 suae
2535 5275 2736 5332 divina:
2755 5275 2898 5348 legis
2936 5273 3307 5331 consideravit
3352 5275 3407 5330 in
3446 5268 3653 5343 speculo,
3677 5256 3775 5348 lotifs

2298 5367 2711 5422 innnaculatum
2734 5381 2793 5422 se
2813 5343 3117 5421 custodivit
3145 5366 3216 5421 ab
3267 5365 3373 5421 hoc
3406 5361 3602 5420 sieculo.
3634 5343 3770 5417 nepam

2296 5472 2394 5514 eos
2414 5466 2470 5513 et
2497 5456 2794 5525 destruxit,
2817 5458 3039 5529 quando
3065 5456 3293 5527 spiritus
3314 5452 3606 5525 disciplina.
3640 5436 3770 5540 qui?"

2299 5549 2439 5621 fugit
2463 5549 2672 5617 (ictum,
2704 5565 2735 5604 a
2758 5549 3019 5605 cordibus
3060 5548 3278 5607 illorum
3314 5543 3568 5619 quodlibet
3589 5538 3767 5595 οιειιψι·

601 5640 873 5716 proximis
904 5640 1021 5696 suis
1048 5642 1219 5711 spolia
1268 5640 1516 5695 veritatis
1562 5638 1797 5720 divisere
1825 5653 1951 5694 cum
2001 5637 2192 5694 Paulo.
2229 5666 2274 5722 ο
2299 5641 2380 5695 vit
2424 5641 2723 5709 delictum;
2770 5649 3042 5712 quatenus
3085 5656 3118 5695 a
3166 5640 3430 5694 malarum
3481 5625 3764 5710 cogitationi?ﬂ

603 5735 714 5795 Sed
750 5741 934 5791 tamen
965 5732 1122 5790 aliter
1152 5734 1427 5790 dextruxit
1469 5748 1563 5789 eos
1592 5731 1734 5787 Deus
1776 5730 1843 5787 de
1881 5731 2079 5803 quibus
2110 5731 2193 5785 di-

2301 5748 2367 5788 co
2394 5732 2709 5805 diligentius
2736 5748 2794 5789 se
2826 5733 3168 5789 custodirent
3193 5731 3409 5797 allectu,
3436 5741 3534 5798 quo
3558 5719 3665 5775 idem
3695 5718 3761 5773 φ·

599 5830 747 5889 citur
782 5848 796 5884 :
827 5827 1075 5883 Destrues
1139 5842 1225 5881 eos
1273 5837 1321 5882 et
1380 5843 1481 5881 non
1533 5825 1825 5896 ordiﬁcabis
1870 5842 1957 5881 eos
2013 5824 2188 5897 (Paul.
2306 5826 2445 5881 ritus
2506 5825 2755 5881 veritatis
2833 5824 3012 5882 aufert
3043 5840 3102 5881 se
3169 5843 3201 5879 a
3271 5813 3637 5897 cogitationibus
3686 5807 3757 5871 4“
