3960 6316
186 317 336 373 1013

1649 309 2043 370 εειυιοᾱεε.

3335 308 3476 364 ηιξ

174 435 321 482 sunt
362 424 480 479 sine
536 422 815 477 intellectu
897 418 1115 491 Repulit
1175 433 1272 475 eos
1351 427 1404 474 et
1486 418 1775 488 destruxit,
1812 430 1852 485 Α
1886 420 2054 478 Novit
2079 412 2335 478 Dominus
2386 423 2497 480 dies
2526 423 2995 480 immaculatorstm
3045 423 3221 497 (Psal.
3263 426 3473 499 xxxvr).

176 518 413 591 quando
476 516 859 587 unusquisque
928 514 1148 581 illorum
1218 514 1465 570 recolens
1530 513 1675 585 apud
1730 530 1790 572 se

170 612 338 683 qqu
405 610 588 681 lingua
646 607 1008 678 imprudentis
1065 605 1355 663 subversio
1428 616 1514 663 est
1575 606 1787 678 ipsius,

168 704 312 777 appl
338 720 466 760 care
532 719 593 759 se
651 701 827 758 noluit
888 698 1270 771 imprudentia:
1333 699 1519 767 illius;
1594 705 1790 770 quate-

169 814 294 856 nus
341 813 439 870 per
483 797 665 868 ipsum
708 795 797 851 cui
849 795 1030 851 omnis
1068 794 1437 871 linguatornm
1486 792 1791 849 scurrilitas

169 900 272 947 est
300 905 518 961 semper
537 904 727 955 exosa,
761 887 1087 944 liberaretur
1117 903 1148 943 a
1178 878 1338 945 labiis
1365 886 1575 959 iniquis
1602 895 1658 943 et
1679 887 1786 942 lin-

170 999 296 1052 gua
326 982 539 1038 dolosa.
567 981 786 1053 Repulit
809 997 907 1038 eos
927 990 983 1037 et
1005 980 1299 1048 destruxit,
1340 980 1562 1052 quando
1600 980 1791 1051 repleti

171 1074 373 1131 l'ructu
392 1075 637 1147 justitite,
666 1075 1167 1147 epularinoluerint
1198 1076 1255 1129 its
1283 1076 1539 1145 fermento
1568 1073 1792 1130 malitia

167 1178 236 1223 et
261 1171 531 1242 nequitiae,
546 1170 658 1239 sed,
676 1179 993 1241 contempto
1019 1169 1200 1241 potius
1222 1169 1347 1225 cibo
1369 1169 1792 1240 falsitatis,epu-

170 1262 283 1318 lati
309 1272 439 1320 sunt
470 1265 526 1318 in
551 1264 754 1335 azymis
773 1263 1099 1318 sinceritatis
1122 1271 1171 1318 et
1206 1263 1449 1317 veritatis
1474 1260 1527 1333 (Ι
1553 1261 1677 1317 Cor.
1706 1263 1782 1333 v).

177 1354 418 1427 Repulit
445 1371 541 1411 eos
561 1365 616 1412 et
635 1356 926 1423 destruxit,
950 1355 1172 1427 quando
1195 1364 1255 1410 ut
1280 1353 1708 1425 apprehenderet
1736 1352 1789 1408 in

166 1447 269 1505 eis
303 1449 569 1505 messium
591 1447 905 1505 divinarum
940 1448 1133 1504 tritura
1180 1436 1531 1514 vindemiam,
1579 1444 1789 1516 Spiritu

165 1550 385 1597 sancto
435 1541 733 1598 noluerunt
802 1540 1004 1597 inferre
1057 1538 1494 1610 blasphemiam;
1554 1537 1792 1617 scientes

166 1632 441 1689 videlicet
473 1633 603 1704 quia
645 1632 871 1704 spiritus
917 1632 1104 1706 gloriae
1153 1631 1249 1689 Dei
1294 1646 1419 1686 vere
1466 1629 1524 1684 in
1575 1629 1669 1683 illo
1700 1644 1787 1683 re-

164 1725 444 1796 quiescit,
478 1726 573 1797 qui
619 1725 921 1783 Christiani
974 1724 1214 1781 nominis
1252 1738 1449 1779 nomen
1494 1739 1604 1778 non
1652 1737 1786 1776 eru-

1893 515 2114 587 Repulit
2135 532 2231 574 eos
2260 526 2313 573 et
2340 517 2630 586 destruxit,
2660 518 2882 590 quando
2916 518 3206 591 cujusdam
3254 520 3358 577 viri
3386 535 3477 579 κιο

1891 610 2093 681 pientis
2122 611 2467 667 observando
2496 612 2777 680 mandata,
2832 612 2991 685 quasi
3020 630 3049 669 a
3082 612 3223 669 facie
3263 613 3478 670 colubri

1891 701 2077 776 fugere
2100 712 2349 774 peccata,
2374 719 2443 759 ne
2497 703 2713 759 illorum
2755 719 2854 776 per
2898 706 3087 762 omnia
3115 716 3479 777 sequerentur

1889 810 2106 851 errores
2134 796 2201 852 de
2223 796 2428 867 quibus
2468 798 2734 869 scriptum
2781 806 2904 854 est:
2936 797 3190 854 Gladium
3227 802 3483 872 mgina.

1892 897 2015 941 runt
2041 897 2336 958 peccatores
2367 887 2584 962 (Ibid).
2617 889 2744 947 Haec
2767 898 2852 947 est
2874 886 3315 959 iliadestructio,
3342 892 3479 948 dile-

1888 979 2123 1036 ctissimi
2147 979 2365 1049 fratres,
2388 998 2486 1052 per
2511 999 2677 1054 quam
2700 991 2971 1057 martyres
2993 983 3086 1040 isti
3117 984 3474 1053 sanctissimi,

1888 1070 2031 1127 inter
2071 1072 2275 1129 electos
2302 1081 2356 1129 et
2393 1074 2756 1131 circumcisos
2803 1074 3071 1132 destructi
3117 1084 3246 1131 sunt
3271 1084 3476 1146 patres,

1887 1164 2111 1236 quando
2158 1181 2258 1235 per
2301 1176 2639 1223 armaturam
2692 1166 2789 1223 Dei
2828 1166 3006 1224 induti
3028 1166 3257 1240 iustitia:
3284 1168 3476 1234 armis,

1889 1257 2201 1314 circumcisi
2240 1268 2370 1316 sunt
2412 1260 2836 1318 circumcisione
2886 1276 2997 1318 non
3046 1261 3381 1329 manufacta,
3421 1262 3525 1345 itu',

1888 1350 2224 1423 expolitione
2246 1354 2495 1424 corporis
2520 1354 2725 1411 carnis.
2773 1353 2843 1410 Et
2879 1354 3003 1411 ideo
3030 1355 3163 1426 quia
3192 1356 3375 1410 nullus
3397 1355 3480 1409 vi-

1887 1443 2093 1499 tiorum
2124 1452 2440 1502 nostrorum
2488 1455 2668 1518 potest
2706 1448 2972 1519 repellere
3000 1449 3192 1516 chaos,
3237 1448 3345 1504 nisi
3387 1449 3478 1504 cui

1888 1553 1989 1608 pro
2016 1537 2315 1609 gratiarum
2342 1540 2561 1596 actione
2588 1541 2791 1596 dicitur
2816 1560 2831 1597 :
2867 1541 3005 1597 Deus
3036 1542 3277 1614 repuliin
3305 1558 3399 1597 nos
3426 1552 3484 1598 es

1885 1630 2202 1685 destruxisti
2216 1648 2333 1698 nos,
2354 1631 2558 1688 ideirco
2572 1636 2836 1704 propheta
2852 1643 3276 1691 enumeraturus
3298 1634 3484 1691 adhuc

1889 1733 1944 1780 et
1960 1724 2066 1780 alia
2094 1724 2356 1781 beneﬁcia
2382 1725 2783 1797 Redemptoris,
2799 1727 3065 1783 continuo
3088 1726 3439 1785 Subinfercns
3460 1771 3474 1783 .

166 1819 383 1875 beseit.
432 1817 650 1891 Repulit
701 1835 799 1877 eos
832 1829 887 1875 et
935 1818 1226 1879 desttuxit.
1272 1816 1495 1888 quando
1528 1816 1650 1870 cdt’o
1691 1814 1789 1869 ha-
1822 1812 1864 1867 Β
1893 1816 2077 1873 Iratus
2098 1834 2173 1885 es,
2205 1818 2404 1890 inquit,
2432 1828 2482 1874 et
2514 1820 2760 1876 misertus
2784 1836 2837 1874 cs
2860 1819 3028 1875 nobis.
3057 1817 3102 1876 0
3132 1821 3211 1876 ira
3248 1820 3475 1907 miseri-

166 1911 380 1968 bentcs
418 1928 621 1967 onmem
646 1913 787 1967 riam
822 1912 1125 1984 iniquitatis
1164 1910 1340 1983 (Psal.
1392 1909 1607 1979 cxvm),
1638 1908 1781 1962 viam

166 2004 374 2075 potius
394 2005 603 2077 elegere
627 2005 909 2073 veritatis;
944 2005 1025 2060 illi
1062 2004 1315 2060 videlicet
1342 2002 1461 2059 sine
1506 1999 1785 2056 intermis-

173 2096 349 2152 sione
381 2097 752 2169 supplicantes
796 2097 981 2155 verbis
1032 2106 1086 2153 ct
1109 2113 1186 2165 rc,
1226 2097 1292 2151 ad
1332 2087 1495 2167 quem
1536 2092 1786 2149 Psalmo—

169 2189 467 2263 graphiis:
497 2189 670 2256 Viam,
690 2191 889 2262 inquit,
915 2191 1216 2263 iniquitatis
1242 2205 1421 2243 amove
1439 2204 1568 2242 ante
1603 2173 1781 2256 (ibid).

167 2278 526 2352 Bt-puliteos
565 2291 619 2338 et
655 2282 951 2351 destruxit,
973 2284 1200 2355 quando
1245 2292 1305 2338 ut
1340 2282 1392 2336 in
1424 2280 1503 2337 eis
1544 2277 1785 2335 etelestis

160 2374 472 2446 sapientia:
513 2377 883 2447 requiesceret
924 2377 1238 2443 thesaurus,
1283 2375 1437 2448 juxta
1455 2380 1785 2445 przcceptum

161 2465 539 2526 Salomonis:
565 2469 684 2526 Non
740 2487 801 2527 se
851 2466 1186 2529 citoliebaut
1234 2470 1292 2524 in
1346 2467 1786 2541 cogitationibus

168 2561 388 2617 anintte
431 2579 565 2632 sutc,
622 2564 771 2620 velut
817 2564 1136 2629 thesaurus,
1200 2578 1267 2618 ne
1342 2561 1484 2617 forte
1550 2560 1787 2616 illidere-

169 2664 275 2712 tur
322 2657 497 2715 virtus
569 2659 787 2715 illorum
832 2676 931 2731 per
981 2659 1265 2716 stultitiam
1326 2656 1520 2729 (Eccli.
1566 2659 1665 2727 vt),
1736 2657 1786 2712 si

169 2763 376 2805 amare
452 2750 795 2822 iniquitatem
870 2760 925 2808 ct
994 2752 1180 2808 odisse
1241 2750 1560 2806 viderentur
1624 2749 1787 2821 justi—

171 2840 347 2897 tiam.
417 2841 634 2915 Repulit
696 2861 793 2902 eos
856 2855 911 2917 et
969 2844 1272 2911 destruxit,
1334 2845 1554 2915 quando
1604 2859 1785 2899 unus-

166 2936 423 3008 quisque
496 2937 719 2994 illorum
787 2955 888 3011 per
947 2938 1145 2995 divinae
1218 2938 1506 2995 charitatis
1573 2937 1787 2993 illectus

164 3043 456 3098 antorem,
511 3031 937 3104 dans'pauperi,
1002 3047 1111 3087 non
1173 3032 1367 3102 recipit
1418 3039 1783 3102 peccatorem,

168 3123 370 3181 sciens
393 3125 651 3195 quoniam
681 3125 775 3196 qui
802 3123 1134 3181 benefecerit
1160 3123 1337 3196 justo,
1360 3124 1602 3180 inveniet
1625 3123 1785 3177 retri-
1815 3174 1857 3196 ﬂ

167 3217 470 3275 butioncm
520 3234 555 3273 a
612 3216 872 3273 Domino.
935 3217 1151 3289 Repulit
1196 3232 1293 3272 eos
1373 3224 1427 3272 et
1471 3215 1782 3282 destruxit,

171 3310 412 3383 quando
462 3311 589 3369 odio
637 3311 902 3368 habentes
942 3327 1160 3367 omnem
1196 3320 1474 3380 raptorem
1516 3319 1571 3365 et
1625 3308 1787 3364 bilin-

174 3420 376 3478 guem,
444 3404 500 3459 in
560 3405 756 3478 seipsis
809 3405 977 3462 totius
1040 3404 1401 3461 detractionis
1456 3419 1524 3460 ac
1583 3402 1787 3459 furoris

175 3497 570 3553 exstinxerunt
619 3499 823 3573 ignem,
876 3499 1111 3558 scientes
1157 3498 1407 3554 videlicet
1456 3496 1584 3568 quia
1642 3496 1788 3551 sicut

172 3590 445 3649 confusio
465 3604 519 3649 et
544 3594 865 3665 paenitentia
889 3602 974 3650 est
1016 3609 1180 3665 super
1219 3593 1420 3663 furem,
1448 3593 1526 3648 ita
1549 3602 1602 3648 et
1621 3592 1785 3647 devo-

177 3685 336 3741 ratio
359 3685 597 3756 pessima
623 3703 789 3758 super
827 3688 1148 3761 bilingnctn.
1186 3686 1408 3759 Repulit
1458 3704 1554 3744 cos
1598 3696 1653 3742 et
1690 3686 1785 3744 de-

176 3778 411 3843 struxit,
449 3780 671 3850 quando
700 3781 1052 3851 possessione
1101 3781 1343 3848 virtutis,
1368 3791 1420 3836 et
1447 3782 1785 3854 depositione.

178 3870 416 3928 snaliticc
460 3871 675 3926 liberati
706 3891 737 3927 a
765 3883 1003 3944 peccato,
1048 3874 1184 3930 servi
1215 3874 1347 3944 facti
1396 3884 1516 3928 sunt
1553 3875 1784 3945 justiite

178 3962 370 4033 (Rom.
403 3962 502 4035 vt),
527 3966 878 4045 eum‘populo
912 3966 1119 4023 scilicet
1152 3967 1244 4022 illo
1279 3967 1497 4039 gloriari
1536 3969 1783 4024 nolentes

178 4055 243 4109 in
276 4054 506 4122 malitia,
541 4056 608 4111 de
648 4072 760 4127 quo
788 4054 957 4112 David
988 4075 1001 4112 :
1028 4055 1226 4126 Labor,
1276 4058 1474 4128 inquit,
1522 4060 1577 4113 in
1611 4060 1782 4114 medio

173 4147 328 4219 ejus,
363 4158 412 4203 et
442 4150 710 4221 injustitia
759 4150 935 4222 (Psal.
987 4150 1121 4218 LIV).
1185 4150 1402 4222 Rtpuiit
1443 4168 1538 4207 eos
1579 4163 1633 4209 et
1684 4153 1781 4208 de-

176 4242 413 4309 struxit,
437 4243 660 4314 quando
685 4243 740 4298 in
763 4243 1023 4299 cordibus
1046 4260 1236 4300 eorum
1265 4260 1449 4299 sermo
1474 4244 1562 4299 ille
1590 4244 1783 4304 fructi—

175 4335 375 4390 ﬁcavit
399 4336 671 4407 egregius,
702 4336 770 4392 de
792 4352 902 4407 quo
923 4337 1260 4406 Apostolus:
1298 4335 1420 4390 Non
1464 4345 1660 4407 regnet,
1699 4336 1786 4391 in-

174 4427 329 4501 quit,
360 4437 631 4498 peccatum
661 4428 716 4483 in
741 4438 909 4483 vestro
933 4428 1148 4483 mortali
1180 4445 1414 4499 corpore,
1436 4438 1496 4482 at
1524 4429 1783 4483 obediatis

1885 1924 2011 1967 cors
2052 1921 2106 1967 et
2148 1912 2385 1968 salubris
2430 1913 2735 1985 indignatio
2775 1928 3062 1984 perquam
3109 1913 3391 1971 fructuosa
3416 1913 3479 1971 ﬁt

1885 2004 2068 2058 omnis
2095 2003 2398 2061 intructosa
2422 2006 2788 2060 conversatio.
2811 2004 2859 2060 0
2883 2006 2962 2061 ira
2989 2006 3329 2074 misericors,
3354 2022 3478 2079 quas

1885 2096 1971 2153 sic
2010 2096 2271 2153 irascitur
2317 2107 2381 2153 ut
2407 2099 2715 2165 subveniat,
2770 2100 2853 2155 sic
2900 2100 3140 2155 minatur
3172 2107 3233 2155 ut
3263 2107 3475 2171 parcat,

1887 2189 1967 2245 sic
2020 2188 2199 2245 aufert
2261 2200 2319 2246 ut
2371 2191 2644 2259 restituat,
2703 2193 2784 2248 sic
2827 2191 2994 2247 tradit
3030 2200 3089 2247 ut
3120 2191 3338 2263 eripiat,
3397 2190 3480 2248 sic

1885 2279 2117 2335 destruit
2143 2290 2201 2336 ut
2236 2282 2468 2350 muniat,
2505 2283 2585 2338 sic
2634 2281 2820 2354 aljicit
2849 2291 2909 2337 ut
2957 2283 3199 2354 recipiat.
3235 2280 3282 2337 Ο
3309 2298 3483 2353 quam

1887 2373 2127 2429 salubris
2156 2374 2480 2446 indignatio,
2503 2392 2627 2446 quae
2652 2378 2735 2432 sic
2754 2376 2950 2433 avertit
2980 2385 3036 2432 ut
3086 2377 3363 2448 respiciat,
3397 2376 3480 2433 sic

1886 2466 2097 2522 claudit
2120 2468 2430 2539 utaperiat,
2456 2468 2536 2523 sic
2561 2468 2728 2542 exigit
2756 2478 2815 2525 ut
2859 2469 3117 2537 dimittat,
3161 2470 3241 2525 sic
3290 2469 3479 2540 dejicit

1888 2569 1949 2616 ut
1968 2559 2161 2632 erigat,
2195 2560 2277 2615 sic
2303 2561 2479 2633 perdit
2504 2570 2563 2617 ut
2584 2563 2845 2632 requirat,
2879 2562 2959 2618 sic
2976 2562 3181 2618 'amittit
3208 2570 3269 2617 ut
3292 2568 3478 2618 custo-

1885 2654 2020 2710 diat.
2070 2653 2181 2709 Sed
2210 2670 2336 2725 qua:
2383 2654 2454 2711 sit
2483 2655 2598 2712 hate
2625 2654 2707 2709 ira
2741 2655 2827 2710 vel
2859 2654 3179 2727 indignatio,
3203 2653 3478 2725 Propheta

1884 2754 2121 2802 testatur
2175 2747 2449 2819 egregius,
2478 2746 2577 2818 qui
2627 2756 2921 2819 utramque
2972 2748 3251 2803 evidenter
3291 2746 3476 2817 expri-

1886 2853 2045 2894 mens
2075 2857 2093 2894 :
2130 2836 2249 2906 Ira,
2308 2838 2503 2909 inquit,
2531 2840 2589 2893 in
2629 2839 2998 2911 indignatione
3029 2840 3165 2911 ejus,
3199 2847 3247 2893 et
3278 2840 3387 2893 rita
3418 2839 3480 2891 in

1889 2934 2159 2991 voluntate
2184 2932 2298 3005 ejus
2336 2930 2514 3006 (Psai.
2545 2935 2722 3006 xxix).
2762 2932 2934 3016 Quasi
2964 2934 3111 2990 enim
3140 2933 3221 2989 ira
3246 2933 3298 2987 in
3329 2932 3478 2988 indi-

1887 3027 2146 3101 gnatione
2186 3029 2307 3100 ejus
2340 3038 2611 3096 versatur,
2637 3028 2858 3100 quando
2907 3028 3091 3099 impiis
3112 3036 3166 3083 et
3193 3024 3495 3083 sceleratis

1884 3126 1968 3182 sic
1988 3126 2245 3183 irascitur
2274 3133 2332 3180 ut
2369 3139 2480 3178 non
2508 3122 2854 3178 misereatur.
2900 3117 3019 3176 Non
3044 3119 3173 3190 quia
3201 3118 3364 3175 irasci
3391 3116 3479 3171 vel

1887 3221 2029 3277 iram
2079 3221 2282 3276 habere
2322 3218 2597 3283 credatur,
2644 3214 2739 3271 sed
2771 3212 2901 3286 quia
2932 3212 3167 3284 obiectio
3222 3211 3343 3282 ejus
3389 3209 3487 3265 vel.

1889 3316 2192 3388 indignatio
2238 3315 2480 3369 humano
2529 3325 2681 3367 more
2728 3310 2809 3364 ira
2868 3308 3188 3363 vocabatur.
3240 3304 3308 3361 Et
3352 3305 3490 3363 ideo.

1886 3411 2034 3466 sicut
2060 3409 2139 3463 ira
2172 3408 2225 3462 in
2250 3405 2625 3479 indignatione
2655 3403 2775 3475 ejus
2815 3416 2965 3457 mors
2994 3408 3076 3456 est
3098 3406 3487 3470 peccatorum,

1887 3504 1963 3557 ita
1993 3512 2046 3559 ct
2067 3503 2121 3557 in
2145 3500 2425 3555 voluntate
2459 3498 2579 3569 ejus
2613 3497 2724 3553 vita
2766 3511 2888 3552 esse
2917 3493 3159 3551 creditur
3180 3503 3477 3547 converso-

1888 3612 2032 3661 rum,
2062 3594 2323 3666 quoniam
2353 3593 2420 3648 ad
2452 3592 2555 3648 hoc
2582 3606 2681 3646 eos
2706 3589 2800 3661 qui
2845 3594 3243 3644 convertuntur
3288 3583 3355 3641 ad
3381 3598 3478 3638 cor

1886 3687 2139 3742 hutniliat
2161 3700 2214 3743 et
2243 3686 2523 3752 sublimat,
2549 3683 2680 3754 quia
2719 3697 2831 3736 non
2872 3681 2985 3735 vult
3020 3687 3250 3734 mortem
3282 3689 3478 3747 pecca-

1888 3770 2041 3846 toris,
2072 3778 2167 3835 sed
2198 3787 2259 3834 ut
2283 3785 2635 3834 convertatur
2673 3783 2728 3830 et
2767 3773 2931 3829 vivat.
2988 3770 3093 3827 Sed
3127 3779 3311 3826 tamen
3358 3769 3477 3823 lues

1886 3873 1966 3929 ira
1991 3871 2108 3939 Dei,
2131 3872 2315 3928 etalio
2339 3869 2503 3927 modo
2522 3870 2669 3942 justa
2693 3868 2813 3940 ejus
2833 3865 3075 3921 vindicta
3098 3864 3318 3927 dicitur,
3351 3877 3480 3933 qua

1884 3966 2140 4037 praesenti
2173 3964 2375 4022 saeculo
2398 3978 2743 4035 nequaquam
2764 3960 3067 4033 perﬁcitur,
3087 3957 3181 4014 sed
3201 3957 3257 4011 in
3287 3956 3475 4011 futuro

1884 4056 2068 4128 potius
2099 4056 2215 4112 sine
2245 4053 2622 4111 misericordia
2653 4053 2709 4108 in
2760 4069 2856 4108 eos
2901 4051 2995 4122 qui
3037 4046 3479 4113 misericordiam

1885 4165 1993 4204 non
2019 4148 2267 4205 fecerunt
2299 4147 2615 4220 plenissime
2644 4145 2976 4216 perﬁcietur,
3015 4140 3235 4214 quando
3267 4139 3322 4194 in
3370 4138 3475 4193 im-

1884 4240 1991 4312 piis
2032 4249 2086 4296 et
2138 4240 2521 4310 peccatoribus
2570 4238 2893 4310 sanguinem
2930 4249 3215 4291 servorum
3246 4245 3478 4288 suorum

1887 4333 2205 4389 ulcisectur.
2235 4331 2392 4389 Sicut
2425 4332 2572 4389 enim
2601 4339 2737 4385 tunc
2767 4330 2821 4384 itt
2853 4327 2979 4383 ﬁliis
3002 4326 3203 4382 diaboli
3235 4323 3483 4380 coelestia

1883 4429 1982 4483 irte
2005 4427 2276 4498 judicium
2306 4427 2622 4499 implebitur
2643 4440 2965 4496 supernum,
2992 4422 3212 4493 quando
3234 4419 3495 4476 au'iituri‘

174 4524 629 4595 concupiscentiis
679 4524 792 4595 ejus
825 4524 1000 4597 (Rom.
1040 4524 1136 4595 vt).
1186 4523 1405 4596 Repulit
1447 4541 1543 4582 eos
1586 4535 1640 4581 et
1689 4525 1783 4586 (Ξο-
1816 4525 1861 4584 l)
1888 4530 2015 4578 sunt
2035 4520 2183 4591 impii
2211 4541 2223 4575 :
2252 4519 2518 4574 Discedite
2546 4536 2578 4573 a
2605 4535 2705 4585 me,
2739 4514 3030 4579 maledicti,
3061 4513 3114 4565 in
3136 4512 3305 4581 ignem
3330 4521 3477 4564 ceter-

176 4616 411 4681 struxit,
428 4616 648 4688 quando
674 4626 892 4673 terrena
915 4634 979 4672 ex
1005 4617 1215 4690 integro
1230 4618 1546 4675 deserentes
1569 4635 1782 4686 curam,

177 4710 478 4783 pecuniam
532 4726 692 4765 suam
744 4728 852 4766 non
877 4711 1147 4766 dederunt
1176 4712 1243 4767 ad
1275 4728 1526 4779 usuram,
1561 4729 1630 4767 ne
1659 4712 1785 4783 quis

177 4803 410 4857 illorum
432 4804 606 4873 pletis
636 4803 789 4861 illius
805 4822 1023 4877 poenam
1052 4806 1322 4862 incideret
1348 4807 1520 4872 solus,
1569 4807 1637 4862 de
1676 4823 1786 4878 qua

178 4894 361 4951 David
395 4914 408 4950 :
444 4895 566 4951 Non
591 4897 805 4969 defecit,
848 4898 1046 4969 inquit,
1072 4899 1136 4954 de
1178 4899 1368 4970 pluteis
1398 4900 1512 4970 ejus
1547 4918 1710 4954 usura
1734 4909 1783 4955 et

176 4986 349 5044 dolus
376 4985 551 5057 (Paul.
590 4988 728 5060 LIV).
784 4988 1005 5061 Repulit
1045 5005 1142 5045 eos
1162 4998 1219 5045 et
1242 4989 1535 5058 destruxit,
1559 4991 1784 5062 quando

176 5080 495 5137 recolentes
526 5082 669 5153 apud
694 5098 753 5139 se
780 5082 928 5154 quod
950 5082 1136 5137 omnis
1160 5092 1418 5154 peccator
1444 5092 1528 5138 est
1560 5083 1779 5138 invilus

173 5183 241 5233 ct
270 5171 551 5246 bilinguis,
583 5175 993 5231 communicare
1024 5176 1284 5231 nolebant
1309 5176 1567 5245 operibus
1589 5191 1778 5231 eorum

178 5265 463 5336 indignis,
500 5282 568 5322 ne
615 5267 896 5337 perﬁdiam
942 5268 1158 5323 illorum
1208 5267 1391 5340 lingua
1437 5268 1785 5323 imitarentur

174 5374 487 5431 venenosa.
516 5359 582 5414 dc
603 5360 804 5430 quibus
829 5359 1102 5431 Propheta
1172 5359 1359 5415 Loculi
1403 5368 1548 5426 sunt,
1581 5359 1781 5430 inquit,

175 5450 470 5507 adversum
494 5467 573 5506 me
590 5450 780 5524 lingua
820 5452 1007 5507 dolosa
1034 5452 1211 5523 (Psal.
1237 5454 1411 5523 cvm).
1441 5451 1660 5523 Repulit
1686 5469 1783 5509 eos

172 5554 241 5602 ct
282 5543 570 5612 destruxit,
616 5545 838 5617 quando
865 5545 920 5600 in
947 5545 1131 5602 divina
1167 5561 1294 5602 cum
1328 5545 1436 5603 illis
1484 5562 1783 5602 conversa-

177 5639 280 5694 [at
304 5646 393 5692 tur
421 5638 651 5707 theoria,
675 5639 877 5711 quibus
902 5638 1107 5695 dicitur
1130 5681 1142 5694 .
1176 5639 1333 5695 Beati
1369 5638 1702 5695 immaculati
1730 5640 1786 5693 in

178 5731 280 5785 ria
305 5726 478 5797 (l’sal.
508 5729 722 5801 cxvnt),
753 5739 813 5787 ut
841 5731 981 5788 inter
1028 5731 1153 5787 illos
1191 5732 1523 5804 quandoque
1570 5748 1780 5788 merce-

180 5822 324 5884 lctu
346 5824 686 5899 perciperent
730 5826 1002 5899 laborum,
1032 5827 1099 5884 de
1139 5826 1341 5900 quibus
1365 5826 1631 5901 scriptum
1654 5835 1735 5884 cst
1763 5843 1776 5880 :

1890 4631 2015 4668 num
2072 4613 2294 4685 (Matth.
2352 4615 2503 4683 xxv),
2557 4612 2630 4666 ita
2683 4610 2738 4664 in
2798 4607 2983 4664 electis
3036 4614 3091 4659 et
3147 4604 3314 4675 justis
3368 4604 3475 4661 im:

1888 4708 2024 4779 pleri
2057 4707 2217 4762 debet
2244 4703 2620 4762 misericordia
2652 4703 2770 4768 Dei,
2814 4700 3033 4773 quando
3061 4697 3303 4756 audituri
3351 4707 3491 4751 sunc

1883 4801 2017 4872 justi
2055 4820 2066 4854 :
2130 4798 2330 4865 Venite,
2385 4797 2642 4853 benedicti
2681 4795 2857 4849 Patris
2902 4794 3002 4848 mei
3047 4791 3265 4865 (Ibid).
3325 4788 3478 4843 Hauc

1889 4893 2057 4965 igitur
2087 4907 2275 4948 vocem
2323 4889 2448 4944 Filii
2494 4888 2610 4956 Dei,
2642 4895 2909 4965 martyres
2944 4885 3038 4941 isti
3070 4878 3371 4939 beatissimi
3405 4877 3473 4933 N.

1888 5003 1998 5042 non
2028 4985 2303 5041 immerito
2324 4983 2655 5056 quandoque
2678 4997 2803 5036 cum
2834 4978 3022 5039 electis
3037 4976 3235 5032 debent
3263 4972 3474 5039 audire,

1885 5080 1978 5151 qui
2041 5079 2099 5134 in
2149 5078 2284 5148 ipsis
2350 5076 2506 5141 etim,
2570 5091 2693 5147 quae
2743 5072 2825 5127 vel
2872 5079 3075 5142 quanta
3133 5068 3204 5124 sit
3254 5066 3335 5121 ira
3390 5062 3477 5120 vel

1888 5170 2262 5228 misericordia
2312 5168 2531 5225 Domini
2590 5166 2841 5223 solebant
2877 5164 3013 5218 bene
3057 5157 3289 5214 vivendo
3344 5171 3472 5245 seni-

1886 5267 2020 5332 tire;
2071 5279 2194 5336 qurc
2252 5262 2421 5318 David
2477 5261 2639 5317 nobis
2702 5259 2759 5313 in
2802 5256 3110 5325 exemplum
3162 5264 3477 5323 prapoeens

1886 5357 2085 5413 divina‘
2124 5354 2493 5412 miseraiionis
2535 5374 2547 5408 :
2592 5351 2775 5407 Iratus
2830 5366 2904 5414 es,
2945 5345 3141 5417 inquit,
3180 5353 3230 5397 et
3287 5343 3475 5397 miser-

1886 5462 1971 5505 tus
2008 5467 2063 5505 es
2103 5449 2251 5503 nobis
2287 5447 2464 5520 (Psal.
2502 5444 2710 5515 xxxtx).
2765 5441 2935 5511 Quasi
2975 5440 3122 5495 enim
3162 5439 3336 5494 iratus
3389 5444 3478 5495 est

1888 5543 2017 5600 huic
2052 5542 2426 5598 sacratissimo
2477 5548 2777 5611 martyrum
2834 5534 3026 5599 choro,
3084 5532 3298 5603 quoties
3347 5546 3477 5587 car-

1888 5636 1975 5692 nis
2004 5634 2315 5691 inﬁrmitate
2359 5632 2626 5704 pectavit;
2674 5629 2953 5692 misertus,
2984 5623 3203 5696 quando
3232 5624 3481 5693 seipsum

1886 5729 2142 5800 lacryntis
2172 5726 2503 5799 pmnitentize
2545 5734 2666 5795 post
2706 5719 2906 5793 ﬂagitia
2938 5715 3239 5774 mandavit.
3273 5713 3484 5782 Iratus,L

1889 5819 2107 5894 quando
2132 5818 2543 5889 superstitiones
2568 5814 2735 5870 totius
2767 5810 2968 5869 erroris
2994 5808 3046 5865 in
3074 5825 3139 5867 eo
3173 5806 3487 5874 destruxit;
