3960 6316
562 379 703 440 1015

1487 371 1877 433 ΒΕΒΕΝΟΟΞΙ
1912 369 2207 427 ABBATIS
2250 371 2307 426 S.
2350 365 2604 424 MAXIMI
2644 360 2926 418 'I'IiI'ZVIIl.

3672 362 3768 419 l0lli

450 549 462 558 ,
559 495 858 558 misertus,
908 489 1130 561 quando
1171 489 1223 545 ei
1252 490 1437 544 lumen
1472 505 1613 544 vero:
1648 489 1771 545 [idsi
1811 498 1866 545 et
1912 487 2154 543 veritatis
2182 497 2227 553 Α
2253 488 2320 543 de
2366 502 2481 557 quo
2517 481 2778 554 Salomon
2811 497 2827 547 ς
2858 476 2991 539 Iter,
3037 474 3235 551 inquit,
3280 474 3485 529 «inium
3514 475 3693 532 deducit
3723 486 3770 534 ad

560 585 760 641 illuxit.
804 581 981 637 Iratus
1019 590 1105 637 est
1132 580 1183 637 ei
1223 580 1389 636 etiam
1426 579 1592 645 Deus,
1621 581 1668 635 si
1713 580 1932 650 quando
1962 579 2019 633 in
2047 596 2151 633 uno

557 686 830 750 princepto
851 676 1135 733 charitatis
1161 675 1448 746 offendens,
1472 675 1646 746 factus
1667 684 1745 729 est
1769 674 2004 729 omnium
2032 690 2150 729 reus

559 771 704 845 (Jac.
737 772 834 842 n);
870 770 1132 826 misertus
1151 769 1371 840 quando
1395 769 1569 824 cidem
1601 768 1853 824 studebat
1873 766 2152 822 adhaerere

558 865 836 932 charitati,
857 878 982 935 qua:
1002 880 1107 918 non
1129 862 1321 934 gaudet
1342 879 1497 933 super
1526 863 1827 933 iniquitate,
1858 860 2150 932 congaudct

557 970 739 1014 autem
777 958 991 1013 veritati
1044 954 1100 1030 (Ι
1127 955 1250 1011 Cor.
1282 958 1427 1026 xm).
1473 953 1672 1022 Iratus,
1705 954 1752 1011 si
1786 954 2007 1026 quando
2045 969 2148 1025 pu-

558 1050 711 1121 pillis
756 1065 871 1105 non
925 1059 1047 1104 erat
1086 1048 1402 1106 misericors
1428 1090 1443 1113 ,
1491 1055 1554 1102 ut
1603 1057 1801 1119 pater;
1864 1047 2146 1112 misertus,

556 1141 780 1212 quando
810 1138 1205 1197 misericordiae
1245 1155 1365 1210 ope)
1380 1139 1504 1197 ibus
1532 1139 1792 1196 misertus
1831 1147 1918 1194 est
1955 1154 2148 1194 eorum

556 1234 733 1303 magis
762 1248 927 1303 quam
954 1242 1147 1288 mater.
1196 1232 1396 1299 Iratus,
1438 1233 1487 1289 si
1517 1232 1760 1303 quando,
1798 1232 1944 1303 quod
1983 1232 2145 1299 absit,

556 1340 653 1379 ore
680 1323 975 1395 prtel‘crens
1000 1323 1316 1391 falsitatem,
1345 1323 1510 1381 corde
1549 1340 1657 1378 non
1688 1323 1919 1379 habebat
1948 1323 2147 1378 verita-

557 1424 701 1483 tem;
726 1418 1009 1483 misertus,
1033 1417 1253 1487 quando
1284 1417 1663 1473 conventicula
1687 1416 1967 1472 declinans
1992 1414 2147 1470 falla-

564 1508 724 1575 tium,
746 1508 1008 1565 adversus
1030 1508 1254 1563 fratrem
1277 1524 1440 1564 suum
1483 1507 1667 1562 noluit'
1701 1522 1887 1567 nutare
1923 1505 2145 1565 menda-

591 1613 723 1656 ιιιιιι.
775 1597 975 1665 Iratus,
998 1598 1045 1654 si
1071 1599 1297 1669 quando
1323 1600 1512 1654 animo
1539 1597 1752 1654 fervens
1777 1597 2141 1663 contentiosa,

572 1700 746 1745 :outra
777 1700 1108 1760 praeceptum
1157 1689 1490 1758 Salomonis,
1538 1708 1663 1747 cum
1697 1692 1816 1745 viro
1848 1690 2145 1746 ambulavit

551 1784 765 1840 turioso
792 1781 974 1854 (Prov.
1000 1784 1161 1853 xxv);
1213 1785 1491 1852 misertus,
1522 1786 1743 1854 quando
1772 1785 2033 1842 obedicns
2059 1785 2137 1839 ei-

2252 587 2473 632 mortem
2512 574 2695 647 (Prov.
2740 570 2885 640 xm).
2942 566 3095 625 Unde
3122 566 3250 638 quia
3281 566 3408 621 talis
3453 566 3547 634 ira,
3577 576 3772 641 lautaque

2250 669 2627 728 misericordia
2656 664 2987 729 Creatoris,
3034 659 3299 718 beneﬁcia
3344 660 3664 727 solummodo
3683 676 3775 720 sum

2248 764 2447 821 divina:
2472 759 2833 834 dignationis,
2867 755 3078 812 idcirco
3107 769 3211 809 vox
3241 761 3539 825 martyrum
3567 753 3773 812 ἰιιιιιιυιίε,⁴

2250 855 2391 912 sima
2422 855 2533 910 non
2581 850 2855 908 immerito
2897 864 2948 905 et
2989 862 3120 903 cum
3171 844 3421 901 Ecclesia
3447 844 3610 901 dicit:
3641 844 3774 902 Iram

2247 967 2323 1016 es,
2352 958 2403 1004 et
2437 949 2679 1003 misertus
2701 961 2754 999 es
2783 943 2959 999 nobis.
3000 940 3046 999 Ο
3073 942 3157 997 ira
3185 938 3526 1003 misericors,
3552 948 3601 994 et
3620 938 3776 995 iamn-

2247 1042 2508 1114 parabilis
2556 1038 2956 1103 misericordia,
2982 1051 3106 1107 qua:
3151 1033 3222 1090 ab
3270 1031 3531 1088 omnibus
3553 1031 3680 1087 vitiis
3701 1033 3776 1086 hu-

2249 1152 2411 1191 mana
2443 1149 2658 1204 semper
2679 1131 2943 1187 emendat
2964 1127 3292 1201 praecordia!
3331 1141 3432 1197 per
3458 1139 3609 1196 quam
3635 1141 3777 1196 pecca-

2250 1237 2335 1284 tor
2369 1228 2631 1283 invitatur
2660 1226 2728 1281 ad
2756 1224 2994 1289 veniam,
3018 1222 3206 1293 justus
3234 1219 3300 1274 ad
3333 1218 3520 1282 \itam,
3549 1218 3777 1288 martyrad

2248 1321 2507 1391 palmam,
2538 1316 2832 1374 confessor.
2852 1314 2921 1369 ad
2950 1312 3218 1386 gloriam!
3250 1308 3375 1364 Non
3421 1308 3563 1365 enim
3611 1307 3775 1363 misere-

2249 1421 2358 1480 tur,
2406 1410 2511 1467 nisi
2544 1411 2836 1473 irascatur,
2881 1405 2977 1477 qui
3006 1404 3079 1463 ob
3127 1404 3235 1459 hoc
3282 1401 3445 1472 prius
3478 1399 3716 1461 irascitur,
3737 1408 3777 1452 ut
3872 1399 3873 1463 ἒ

2247 1514 2437 1576 postea
2470 1504 2813 1559 misereatur.
2868 1497 3141 1555 Prteveuit
3168 1496 3317 1551 enim
3349 1495 3431 1549 ira
3452 1535 3468 1562 ,
3500 1502 3554 1547 ut
3578 1501 3777 1562 sequatur
3872 1495 3873 1557 Ἰ

2247 1578 2659 1661 misericordia;
2703 1590 2966 1663 prmvenit
2989 1590 3253 1660 lacryma,
3280 1595 3342 1640 ut
3374 1592 3621 1654 sequatur
3638 1581 3775 1646 venia;

2245 1689 2505 1760 praevenit
2533 1685 2875 1758 pmnitentia,
2909 1692 2971 1739 ut
2999 1688 3266 1752 sequatur
3294 1676 3649 1749 indulgentia;
3682 1692 3776 1746 pra—

2245 1780 2395 1837 veuit
2448 1778 2779 1848 bumiliatio,
2815 1784 2874 1831 ut
2921 1782 3188 1845 sequatur
3238 1769 3534 1836 exultatio;
3580 1769 3776 1839 pravcnit

549 1874 676 1931 dem
716 1874 835 1930 viro
877 1874 1115 1930 facundo
1147 1876 1323 1932 noluit
1361 1891 1485 1931 esse
1535 1875 1746 1930 amicus
1784 1874 1993 1929 hou'iini
2035 1875 2144 1929 ira-
2177 1867 2545 1942 Bconlcssio,
2577 1882 2634 1928 ut
2664 1879 2925 1941 sequatur
2952 1865 3241 1931 remissio;
3294 1862 3555 1935 praevenit
3596 1860 3775 1927 vacatio,

549 1965 750 2021 eundo.
789 1964 985 2032 Iratus,
1020 1967 1069 2021 si
1095 1965 1318 2036 quando
1346 1966 1738 2022 misericordiae
1765 1966 2023 2037 operibus
2045 1982 2145 2022 nec

550 2055 665 2112 Deo
687 2057 999 2124 amabilem,
1026 2073 1127 2114 nec
1148 2058 1557 2129 congregationi
1594 2074 1894 2129 pauperum
1934 2074 1993 2114 se
2021 2057 2146 2114 fecit

548 2147 848 2215 aﬂabilem;
877 2148 1156 2214 misertus,
1185 2148 1404 2218 quando
1435 2165 1529 2220 wr
1550 2164 1790 2204 amorem
1813 2148 1921 2215 vivi
1948 2158 2001 2203 ct
2023 2166 2143 2218 per-

551 2240 823 2295 manentis
863 2239 1036 2307 verbi,
1068 2240 1318 2295 liberavit
1352 2256 1478 2295 eum
1509 2241 1603 2310 qui
1650 2241 1909 2310 iniuriam
1946 2256 2144 2310 passus

547 2339 651 2396 est,
683 2331 750 2385 de
773 2346 940 2385 manu
965 2331 1205 2402 superbi.
1231 2330 1429 2398 Iratus,
1455 2332 1501 2387 si
1526 2333 1745 2403 quando
1771 2332 2140 2388 innocentium

546 2422 856 2492 despiciens
883 2431 1111 2493 sortem,
1155 2440 1264 2481 non
1290 2425 1434 2480 eruit
1461 2440 1557 2481 eos
1587 2426 1681 2496 qui
1714 2426 2055 2481 ducebantur
2074 2425 2143 2480 ad

549 2522 818 2580 mortem;
854 2513 1138 2583 misertus,
1163 2513 1387 2586 quando
1415 2531 1512 2586 per
1531 2516 1689 2573 bonae
1712 2517 1947 2574 actionis
1973 2516 2141 2572 meri-

550 2611 667 2658 tum
709 2605 855 2659 eruit
883 2620 980 2662 eos
1018 2606 1114 2677 qui
1141 2607 1499 2666 trahebantur
1522 2609 1588 2663 ad
1611 2608 1910 2665 interitum.
1944 2608 2143 2676 Iratus,

550 2696 596 2750 si
619 2697 861 2767 quando,
887 2707 1224 2769 postponens
1249 2700 1573 2757 sententiam
1600 2700 1940 2770 Salomonis,
1960 2702 2144 2773 proxi-

549 2784 658 2840 mis
675 2785 792 2843 suis
814 2786 1051 2841 reddidit
1071 2788 1211 2843 mala
1238 2804 1338 2858 pro
1359 2789 1519 2844 bonis
1542 2789 1727 2859 (Prov.
1748 2791 1917 2863 xvu);
1948 2792 2141 2847 miscr-

550 2885 659 2939 tus,
702 2876 926 2946 quando
951 2885 1281 2948 praaceptum
1328 2879 1689 2949 apostolicum
1738 2881 1903 2936 corde
1948 2896 2140 2951 prose-

548 2986 724 3040 quens
754 2973 979 3043 invicto,
1019 2989 1130 3029 non
1171 2975 1402 3031 reddidit
1453 2977 1657 3032 malum
1708 2993 1813 3049 pro.
1848 2978 2017 3045 malo,
2059 2979 2147 3033 vel

550 3064 905 3122 maledictum
950 3083 1052 3138 pro
1102 3069 1392 3126 maledicto
1443 3070 1497 3142 (1
1532 3070 1681 3129 Petr.
1712 3072 1795 3144 ιι).
1852 3071 2047 3140 Iratus,
2092 3076 2140 3131 si

552 3158 777 3227 quando
804 3158 1025 3217 illorum
1055 3161 1301 3237 imitatus
1343 3175 1429 3220 est
1455 3166 1785 3237 nequitiam,
1830 3167 1898 3223 de
1937 3168 2140 3238 quibus

544 3248 811 3318 scriptum
870 3260 958 3308 est
1014 3272 1027 3309 ε
1095 3253 1167 3310 Os
1226 3255 1511 3311 stultorum
1580 3257 1769 3319 ebullit
1848 3260 2137 3315 stultitiam

544 3339 728 3412 (Prov.
758 3338 900 3416 'xv);
945 3346 1235 3415 misertus,
1273 3351 1494 3420 quando
1525 3351 1739 3407 illorum
1787 3366 2006 3410 secutus
2054 3365 2138 3414 est

544 3433 870 3503 sapientiam
908 3437 974 3492 de
994 3438 1196 3509 quibus
1239 3437 1511 3511 scriptum
1526 3450 1611 3497 est
1642 3460 1663 3504 ε,
1686 3441 2138 3516 Liugua_sapieu-

543 3526 679 3581 tium
701 3539 854 3583 amat
883 3530 1161 3587 scientiam
1197 3533 1398 3605 (ibid.).
1440 3533 1638 3603 Iratus,
1672 3537 1718 3593 si
1753 3538 1972 3608 quando
1999 3540 2138 3593 obli—

542 3624 633 3673 tus
675 3619 1011 3681 infirmitatis
1038 3624 1311 3693 humanae,
1344 3627 1592 3682 misereri
1620 3628 1795 3682 uoluit
1819 3629 1866 3683 ei
1896 3630 1991 3700 qui
2012 3646 2137 3701 ege-

542 3710 635 3767 Lat
659 3727 835 3781 pane;
881 3715 1160 3783 misertus,
1188 3717 1418 3788 quando
1450 3720 1536 3779 illi
1579 3721 1828 3791 proximo
1854 3722 2138 3779 dimiserat

538 3816 735 3873 panem
770 3821 963 3876 suum,
990 3807 1059 3863 de
1083 3824 1195 3880 quo
1240 3808 1452 3867 Veritas
1487 3855 1497 3865 .
1537 3811 1750 3893 Frange
1793 3814 1990 3885 inquit,
2013 3833 2134 3869 esu-

540 3898 699 3951 rienti
743 3915 933 3969 panem
979 3910 1129 3956 tuum
1175 3901 1312 3974 (Isa.
1353 3907 1528 3977 ιγιιι).
1577 3905 1774 3973 Iratus,
1806 3907 1851 3962 si
1893 3909 2133 3977 quando,

540 3991 689 4075 quod
713 3991 878 4060 absit,
910 3993 1057 4053 lucri
1090 3998 1409 4067 temporalis
1430 4007 1676 4063 exactor,
1707 4000 1949 4055 cmlestis
1988 4001 2135 4056 verbi

538 4078 720 4137 factus
748 4091 832 4137 est
852 4084 1091 4154 auditor,
1123 4094 1178 4141 et
1202 4102 1313 4141 non
1353 4086 1556 4156 factor;
1604 4089 1889 4157 misertus,
1915 4091 2138 4161 quando

540 4188 645 4228 nec
671 4176 994 4244 margaritas
1023 4176 1118 4233 Dei
1143 4179 1348 4250 porcis,
1375 4196 1553 4251 neque
1576 4181 1810 4238 canibus
1837 4185 1976 4240 dans
2009 4199 2136 4238 sar.-

541 4270 715 4331 ctum,
740 4264 913 4321 factor
939 4276 1067 4335 erat
1079 4269 1252 4336 verbi,
1281 4278 1337 4325 et
1365 4287 1475 4329 non
1507 4274 1724 4329 auditor
1748 4282 1989 4341 tantum.~
2017 4274 2133 4337 Ira-

537 4364 629 4412 tus
653 4398 668 4423 ,
725 4358 771 4413 si
826 4361 1060 4430 quando.
1097 4362 1412 4420 divitiarum
1449 4365 1663 4420 illarum
1709 4366 2009 4424 delectatus
2049 4377 2136 4423 est

543 4460 733 4516 onere,
760 4448 828 4504 de
869 4450 1073 4520 quibus
1119 4453 1385 4524 scriptum
1416 4466 1499 4511 est
1528 4474 1553 4521 ε,
1575 4455 1788 4523 Divitiae
1815 4458 1863 4511 si
1895 4457 2131 4528 afﬂuant,

2248 1976 2308 2024 ut
2336 1976 2600 2037 sequatur
2624 1960 2979 2033 justiﬁcatio;
3012 1955 3276 2029 praevenit
3295 1953 3627 2026 justiticatio,
3652 1963 3698 2006 ut
3717 1968 3775 2005 se

2246 2032 2447 2130 quatur
2472 2055 2815 2129 glorilieatio.
2864 2052 3008 2118 Quos
3043 2050 3184 2105 enim
3216 2049 3428 2103 vocavit
3454 2048 3546 2100 Iw:
3565 2056 3607 2100 et
3625 2045 3775 2116 justi/i-

2247 2152 2427 2215 cavit;
2499 2157 2550 2204 et
2616 2163 2745 2219 quos
2809 2142 3175 2216 justi/iacvit,
3245 2140 3373 2195 illos
3425 2149 3476 2194 et
3525 2137 3772 2209 gloriﬁcent

2247 2241 2422 2312 (Rom.
2447 2239 2589 2311 vni).
2646 2238 2713 2292 Et
2743 2238 2885 2304 ideo,
2914 2234 3009 2311 qui
3036 2243 3295 2306 peccator
3323 2240 3409 2289 est
3437 2274 3454 2299 ,
3503 2239 3615 2303 agat
3651 2227 3774 2301 perui-

2246 2334 2501 2402 tentiam,
2525 2342 2583 2387 ut
2608 2331 2977 2404 iustiﬁcetur;
3029 2329 3126 2402 qui
3167 2343 3306 2383 vero
3343 2323 3771 2399 jnstus,justitiam

2244 2430 2423 2485 adhuc
2451 2434 2736 2492 exerceat,
2773 2432 2833 2480 ut
2873 2422 3231 2496 glorificelur.
3266 2419 3560 2476 Prannissa
3596 2431 3772 2485 namape

2245 2537 2396 2592 purae
2441 2517 2811 2577 confessionis
2854 2516 3097 2572 etlicacia
3152 2513 3361 2570 occidit
3425 2519 3703 2582 peccatum,
3735 2518 3771 2561 rt

2244 2615 2420 2669 oritur
2450 2613 2621 2685 gratia
2650 2653 2668 2678 ,
2718 2620 2959 2681 tuncque
3008 2616 3268 2678 peccator
3318 2605 3547 2680 quilibet
3588 2618 3669 2672 per
3703 2602 3772 2655 huc

2245 2721 2398 2761 mare
2445 2720 2707 2775 magnum
2757 2710 2814 2758 et
2858 2701 3171 2771 spatiosum
3207 2697 3473 2770 navigare
3517 2696 3697 2750 videtur
3733 2694 3769 2745 in

2245 2804 2425 2867 portu,
2451 2795 2671 2867 quando
2699 2802 2825 2850 ante
2852 2793 3043 2849 oculos
3076 2791 3193 2858 Dei,
3222 2802 3276 2846 et
3303 2800 3580 2861 peccatum
3606 2787 3771 2856 cjusrst

2244 2890 2299 2946 in
2328 2905 2553 2945 occasu.
2575 2896 2628 2942 ct
2652 2886 2848 2959 gratia,
2878 2901 2990 2955 qua
3016 2884 3302 2950 liberatur,
3338 2883 3394 2937 in
3423 2891 3561 2936 ortu.
3609 2878 3681 2934 Sic

2246 2991 2332 3037 tur
2379 2982 2512 3037 dum
2558 2989 2844 3051 peccatum
2875 2978 3092 3044 cadere,
3140 2985 3196 3031 ct
3221 2976 3401 3049 gratia
3429 2975 3483 3028 in
3515 2972 3653 3029 nobis
3673 2966 3768 3023 oriri

2245 3074 2474 3141 videtur,
2522 3071 2681 3144 quasi
2728 3069 2871 3126 Deus
2920 3069 3080 3125 nobis
3130 3068 3396 3123 irascitur
3441 3076 3494 3122 et
3526 3065 3766 3123 miseretur,

2242 3167 2393 3240 quia,
2429 3167 2571 3223 sicut
2616 3174 2740 3235 post
2795 3170 3020 3219 ventum
3066 3160 3319 3232 sequitur
3352 3159 3549 3230 pluvia,
3588 3155 3653 3212 sic
3686 3160 3770 3223 post

2242 3262 2388 3321 iram
2413 3259 2663 3331 sequitur
2692 3255 3094 3313 misericordia.
3124 3254 3231 3309 Per
3257 3254 3425 3324 cujus
3452 3247 3768 3315 misericordia

2241 3368 2408 3423 opera
2438 3358 2709 3422 martyres
2760 3347 2851 3404 isti
2880 3346 3219 3404 sanctissimi
3248 3345 3474 3401 liberari
3505 3360 3560 3399 se
3584 3340 3764 3412 postula-

2238 3452 2434 3500 verunt
2462 3459 2494 3497 a
2525 3441 2692 3497 totius
2736 3439 2994 3511 nequith
3039 3437 3207 3504 malo,
3259 3437 3328 3493 dc
3358 3436 3555 3508 quibus
3580 3431 3765 3487 Psalmo-

2238 3536 2480 3608 graphus
2523 3553 2537 3588 :
2592 3532 2988 3589 Miscricordias
3037 3530 3251 3591 Domini
3305 3530 3364 3585 in
3412 3540 3643 3585 cateruam
3676 3540 3765 3577 ωτι-

2240 3628 2361 3682 tuba
2403 3624 2580 3699 (Psal.
2610 3622 2907 3694 'Lxxxvtu).
2961 3622 3095 3691 Quae
3138 3623 3309 3678 etiam
3355 3621 3485 3677 alibi
3532 3616 3766 3674 evidentius

2238 3720 2419 3775 adhuc
2447 3718 2758 3790 exprimens
2786 3716 2927 3772 idem
2952 3715 3164 3772 Psaltes
3192 3715 3450 3788 egregius
3481 3733 3494 3769 :
3532 3709 3765 3767 liberatio-

2239 3831 2348 3869 nes.
2368 3813 2565 3882 inquit,
2594 3812 2709 3883 ejus
2731 3828 2889 3871 super
2908 3811 3088 3865 omnia
3103 3827 3264 3882 opera
3286 3811 3403 3881 ejus
3425 3806 3589 3876 (Paul.
3614 3818 3761 3859 exuri.

2238 3905 2304 3962 Et
2341 3906 2536 3960 merito
2565 3903 2789 3975 quidem
2823 3904 3197 3960 misericordia
3230 3902 3454 3958 Domini
3485 3916 3630 3971 super
3651 3908 3763 3950 omne

2241 4013 2382 4067 opus
2412 3995 2723 4062 extollitur,
2747 4011 2844 4065 per
2872 4011 3037 4074 quam
3069 4012 3263 4051 servus
3293 3995 3435 4050 liber
3464 3992 3681 4054 ellicitur,
3700 3986 3763 4039 dc-

2238 4088 2366 4143 bilis
2392 4087 2646 4160 erigitur,
2698 4086 2925 4142 humilis
2952 4085 3244 4154 exaltatur,
3280 4086 3547 4158 superbus
3573 4079 3761 4136 humilia-

2237 4188 2348 4242 tur,
2379 4180 2581 4235 surdus
2615 4179 2788 4246 audit,
2822 4186 3008 4234 mutus
3032 4178 3299 4250 loquitur,
3330 4177 3556 4235 claudus
3577 4180 3759 4233 curatur.

2238 4254 2491 4327 inliimus
2517 4280 2764 4334 sanatur.
2790 4287 2967 4328 caecus
2995 4271 3359 4339 illuminatur,
3389 4272 3623 4342 leprosus
3647 4278 3760 4319 mun-

2235 4365 2417 4432 datur,
2449 4378 2701 4422 mortuus
2731 4366 3048 4432 suscitatur,
3087 4380 3239 4421 mare
3268 4365 3510 4430 sedatur,
3537 4368 3757 4434 posses“ts

2236 4470 2267 4509 a
2297 4453 2545 4510 daamone
2568 4455 2854 4510 liberatur.
2900 4453 3026 4509 Ilaec
3054 4463 3139 4510 est
3166 4454 3257 4509 illa
3308 4450 3757 4515 misericordia!!!

535 4538 698 4595 nolite
740 4559 831 4596 cor
874 4561 1133 4615 apponere
1172 4546 1351 4619 (Prol.
1375 4550 1486 4620 LXI)
1513 4567 1527 4616 ;
1569 4551 1829 4607 misertus
1853 4593 1869 4618 ,
1912 4552 2132 4622 quando
2164 4569 2210 4628 ι)
2236 4561 2401 4624 quam
2433 4545 2577 4607 idem
2609 4553 2913 4618 martyrum
2943 4561 3071 4616 grex
3105 4547 3176 4601 ab
3203 4545 3463 4601 omnibus
3488 4543 3621 4603 vitiis
3642 4551 3755 4594 ιιιιιιιο

535 4632 689 4689 dives
712 4634 836 4703 tide,
869 4646 922 4692 et
945 4654 1150 4709 pauper
1179 4656 1368 4707 sensu,
1388 4642 1651 4711 parvulus
1678 4652 1796 4698 erat
1823 4645 2054 4713 malitia,
2075 4653 2133 4700 et

531 4724 809 4795 perfectus
839 4745 1025 4784 sensu.
1069 4730 1268 4799 Iratus,
1298 4732 1345 4789 si
1387 4734 1610 4804 quando
1656 4734 1922 4791 adversus
1962 4737 2129 4793 verba

530 4832 830 4885 pravorum
864 4819 1125 4895 inermis,
1149 4832 1338 4887 contra
1377 4834 1709 4903 praeceptum
1757 4826 2017 4899 Apostoli.
2042 4844 2130 4884 se-

529 4907 730 4963 ductus
770 4916 855 4964 est
888 4909 1160 4972 inanibus.
1194 4914 1377 4971 verbis
1426 4915 1644 4988 (Ep/tes.
1682 4919 1797 4989 tu);
1846 4919 2126 4987 misertus,

530 5001 773 5077 quando,
808 5018 906 5073 per
933 5002 1106 5059 divini
1129 5007 1401 5063 sermonis
1432 5008 1861 5082 incomparabile
1897 5013 2123 5081 donum,

528 5095 704 5163 decipi
734 5112 844 5150 non
884 5097 1065 5168 potuit
1092 5097 1147 5153 in
1181 5099 1519 5158 sublimitate
1555 5119 1893 5160 sermonum.
1926 5100 2125 5174 Iratus,

528 5183 574 5238 si
599 5185 820 5254 quando
848 5188 1180 5258 pauperibus
1205 5190 1258 5243 iu
1292 5190 1565 5249 hilaritate
1586 5195 1833 5251 misereri
1856 5196 2050 5263 noluit,
2074 5205 2131 5251 et

530 5291 627 5329 sua
654 5277 735 5330 eis
758 5280 1044 5346 partiendo
1079 5298 1187 5337 non
1215 5282 1527 5351 condoluit;
1578 5286 1859 5354 misertus,
1904 5288 2125 5358 quando

462 5372 469 5377 '
527 5380 627 5419 sua
652 5366 996 5435 proChristo
1038 5370 1397 5440 distribuens,
1431 5390 1629 5430 nomen
1666 5392 1829 5432 suum
1875 5377 1929 5431 in
1983 5378 2125 5432 libro

525 5453 652 5509 vitae
679 5471 801 5510 cum
826 5456 934 5513 illis
955 5461 1163 5529 optavit
1190 5460 1528 5533 ascribi,qui
1552 5463 1619 5519 de
1642 5480 1764 5532 suo,
1788 5467 1934 5536 quod
1952 5467 2121 5523 habe-

526 5542 693 5612 bant,
729 5547 997 5603 miserunt
1036 5559 1218 5621 partes
1262 5553 1364 5621 eis,
1406 5555 1501 5625 qui
1532 5570 1641 5610 non
1679 5570 2124 5628 prtcparaverunt

530 5635 659 5690 sibi.
713 5637 912 5708 Iratus,
959 5643 1006 5698 si
1045 5646 1266 5716 quando
1302 5647 1359 5702 in
1403 5649 1600 5706 itinere
1647 5651 1865 5707 illorum
1907 5653 2022 5720 ivit,
2054 5653 2123 5709 de

527 5730 729 5799 quibus
750 5734 1013 5804 scriptum
1036 5746 1121 5793 est
1148 5755 1161 5791 :
1189 5737 1303 5794 Iter
1323 5742 1605 5812 impiorum
1625 5745 1818 5815 peribit
1844 5744 2016 5815 (Paul.
2046 5746 2116 5816 ι);

527 5818 808 5891 misertus,
837 5824 1060 5898 quando
1087 5828 1298 5890 itineris
1328 5833 1474 5892 illius
1499 5835 1865 5895 declinaverat
1892 5847 2117 5905 sortem,

2233 4640 2396 4694 datus
2423 4648 2508 4695 est
2534 4655 2565 4694 a
2594 4638 2736 4706 Deo;
2764 4639 2857 4710 qui
2886 4639 2953 4695 de
2984 4653 3043 4693 se
3070 4653 3166 4708 per
3192 4638 3516 4711 PrOphetam
3544 4636 3752 4703 loquens:

2236 4732 2681 4801 Misericordiam,
2722 4733 2921 4804 inquit,
2968 4716 3146 4788 meum.
3179 4751 3283 4787 non
3328 4735 3612 4804 dispergam
3643 4723 3690 4777 ab
3712 4737 3752 4773 to

2234 4823 2410 4897 (Ριςαι.
2438 4833 2727 4893 Lxxxvm).
2780 4824 2884 4880 Per
2913 4841 3076 4895 quem
3112 4841 3259 4885 nunc
3287 4825 3452 4881 etiam
3478 4840 3508 4877 a
3533 4810 3751 4892 prtcscﬂlis

2232 4917 2417 4972 saeculi
2446 4925 2605 4973 nocte
2635 4917 2937 4975 translatus
2968 4934 2998 4979 a
3026 4916 3136 4975 Deo
3166 4917 3220 4971 in
3247 4917 3478 4988 gloriam
3506 4918 3750 4971 suam.n0n

2233 5008 2508 5065 immerito
2535 5011 2584 5064 ei
2633 5009 2818 5064 dicere
2844 5016 3070 5079 potest:
3102 5006 3373 5062 Exaltabo
3417 5021 3561 5060 mane
3599 5000 3749 5053 miseri-

2233 5100 2473 5157 cordiam
2509 5109 2657 5154 tuum
2698 5098 2873 5171 (Psal,
2909 5098 3043 5170 th).
3091 5099 3173 5155 Ad
3212 5099 3355 5154 hanc
3384 5097 3572 5169 quippe
3594 5084 3747 5180 misel‘ij

2229 5192 2473 5247 cordiam
2505 5206 2850 5262 nequaquam
2880 5200 3064 5259 posset
3093 5191 3458 5262 perveniendo
3483 5185 3655 5245 venirt“.
3673 5177 3742 5231 ηίδί

2230 5285 2377 5356 quod
2406 5285 2560 5356 prius
2589 5288 3012 5340 commotionem
3045 5285 3286 5341 caelestis
3312 5290 3558 5354 expertus
3577 5284 3643 5331 est
3663 5274 3738 5323 iw

2230 5375 2362 5442 Quae
2389 5383 2680 5446 postquam
2736 5374 2790 5428 in
2841 5374 3010 5429 corde
3062 5374 3239 5445 ipsius
3278 5372 3526 5429 vitiorum
3553 5361 3735 5422 omnium

2228 5467 2509 5522 sedaverat
2554 5476 2746 5540 stagna
2774 5509 2789 5532 ,
2842 5467 3028 5523 statim
3096 5482 3194 5538 per
3240 5462 3634 5523 misericordiam
3669 5448 3734 5507 Dei

2223 5557 2365 5615 facta
2394 5567 2479 5615 est
2507 5558 2878 5631 tranquillitas
2907 5575 3125 5630 magna.
3180 5558 3286 5615 Sed
3331 5573 3450 5630 qua:
3493 5556 3557 5612 sit
3592 5551 3652 5605 ira
3672 5541 3730 5597 vel

2223 5651 2601 5708 misericordia
2632 5652 2894 5717 caelestis,
2924 5667 3109 5707 sermo
3140 5652 3480 5723 propheticus
3508 5655 3579 5702 est
3604 5635 3725 5697 testii-

2222 5744 2397 5811 Qucm
2427 5744 2473 5799 si
2507 5745 2572 5800 ad
2602 5745 2924 5800 memoriam
2950 5744 3238 5817 diligenter
3268 5739 3608 5800 revocaveris:
3630 5731 3722 5787 CIII

2222 5838 2445 5909 iratus,
2490 5836 2710 5913 inquit,
2759 5838 2926 5911 {ueris
2966 5880 2982 5912 ,
3041 5837 3411 5897 miserim-diu:
3447 5818 3720 5892 recordati!“
