3960 6316
160 362 312 420 1017

1673 368 2014 427 :ZRMONES

3304 378 3446 439 1019

147 480 400 549 (Ilabac.
427 479 531 551 In).
560 478 617 534 In
644 472 733 535 his
759 480 923 553 igitur
946 480 1125 538 verbis
1149 482 1449 540 cavendum
1472 494 1555 539 est
1578 485 1757 552 nobis,
1794 492 1833 547 Α
1867 494 1975 550 tur,
2009 485 2100 556 qui
2132 504 2255 541 tum
2296 486 2459 563 Patre
2479 499 2530 546 et
2562 488 2764 563 Spiritu
2802 503 2993 549 sancto
3021 491 3151 548 vivit
3179 502 3232 549 et
3255 505 3443 568 regnat

142 572 510 628 dilectissimi
540 570 761 639 fratres,
790 590 857 629 ne
887 572 968 631 sic
996 575 1266 643 oblivisci,
1300 577 1383 632 vel
1412 577 1492 634 sic
1522 578 1753 633 oblivio-

140 682 258 723 sus
294 682 327 722 a
364 666 520 721 nobis
550 665 700 723 Deus
727 682 849 723 esse
875 676 1113 738 putetur,
1144 678 1223 736 ut,
1248 669 1391 725 sicut
1415 671 1599 738 homo,
1633 682 1753 742 post

137 757 301 814 iram
354 758 747 816 misericordiae
796 761 1129 828 recordetur,
1182 763 1274 818 sed
1304 764 1448 820 sicut
1493 765 1562 823 ad
1614 766 1750 822 iram

135 851 281 921 ejus
305 853 556 909 turbatus
579 862 664 909 est
692 852 833 909 idem
864 854 1125 926 propheta
1155 856 1420 913 mirabilis
1443 859 1661 929 quando
1685 861 1752 917 ad

133 960 286 998 eum
320 963 441 999 cum
463 947 657 1016 iratus,
698 944 903 1018 inquit,
946 948 1136 1018 fueris,
1170 950 1549 1006 misericordia:
1581 944 1754 1008 recoré

131 1037 398 1106 daberis,
426 1039 498 1093 ita
526 1049 581 1095 et
607 1056 707 1097 nos
736 1041 977 1096 humano
1007 1040 1179 1109 mare,
1208 1044 1365 1113 quasi
1393 1045 1620 1100 oblitum
1650 1063 1752 1102 no-
1837 1059 1856 1073 '

133 1131 257 1185 stri
290 1131 687 1188 misericordia:
717 1131 809 1189 Dei
838 1148 963 1188 eum
989 1131 1420 1207 Psalmograplto
1450 1135 1752 1208 elamemus

132 1223 344 1281 verbis
376 1234 431 1281 et
469 1241 529 1281 re
563 1244 576 1281 :
618 1224 700 1282 Ne
741 1226 1075 1282 obliciscaris
1119 1244 1264 1281 rores
1314 1229 1659 1299 qatercntium
1704 1240 1765 1287 te

132 1314 340 1383 (Psal.
372 1318 587 1393 Lxxm).
647 1318 817 1387 Quasi
845 1320 992 1376 enim
1025 1329 1147 1391 post
1178 1320 1314 1375 iram
1365 1316 1754 1381 misericOrdite

132 1412 502 1476 recordatur,
530 1412 631 1483 qui
661 1412 789 1467 dum
822 1411 1098 1480 irascitur,
1130 1430 1236 1468 non
1286 1413 1466 1469 statim
1496 1417 1750 1486 percutit,

130 1504 252 1559 sed
287 1505 548 1571 minatur,
580 1514 661 1573 ut,
693 1506 822 1562 dum
856 1507 937 1565 ita
977 1507 1096 1577 ejus
1128 1508 1366 1567 humana
1408 1507 1613 1565 fuerint
1638 1521 1755 1566 tut-

130 1596 279 1651 Lata
314 1598 637 1668 praecordia,
670 1614 781 1653 non
831 1599 1266 1655 misericordiam
1318 1601 1398 1657 ira
1419 1646 1435 1669 ,
1487 1602 1579 1657 sed
1612 1603 1750 1659 iram

128 1692 345 1762 potius
373 1693 626 1748 excludat
662 1692 1058 1748 misericordia.
1099 1692 1217 1760 Qua
1261 1695 1328 1750 de
1359 1711 1417 1750 re
1447 1711 1514 1751 ne
1543 1695 1753 1752 homini

131 1783 304 1841 Deus
337 1785 393 1840 in
421 1786 706 1856 praesentis
733 1784 989 1842 Ecclesia:
1016 1787 1285 1843 irascatur
1312 1787 1497 1856 domo,
1525 1789 1750 1862 dignum

131 1889 234 1937 est
266 1888 331 1935 ut
361 1896 455 1952 per
482 1880 914 1938 misericordiam
948 1879 1043 1937 Dei
1070 1881 1335 1937 sibimetsi
1365 1883 1517 1952 prius
1548 1884 1753 1941 irasca-

135 1984 245 2030 tur
277 1975 478 2042 homo;
511 1975 576 2030 de
606 1974 894 2045 praeteritis
924 1974 1130 2030 scilicet
1168 1975 1405 2045 peccatis
1435 1977 1751 2048 prophetica

134 2068 245 2122 illa
278 2067 509 2124 studens
554 2066 924 2124 admonitione
954 2082 1172 2124 cessare
1196 2110 1211 2136 ,
1261 2068 1316 2123 in
1365 2085 1470 2138 qua
1501 2069 1703 2125 dicitur
1735 2090 1747 2126 :

137 2160 491 2230 lrascimini,
523 2169 571 2215 et
607 2160 767 2215 nolite
787 2177 1002 2232 peccare
1026 2160 1200 2233 (Psal.
1231 2163 1325 2233 Iv).
1359 2164 1438 2219 Ad
1464 2164 1566 2219 hoc
1596 2180 1753 2219 nam-

135 2270 264 2326 que
315 2254 573 2310 cohibere
620 2269 679 2311 se
718 2253 880 2309 debet
927 2271 960 2311 a
1006 2256 1247 2312 carnalis
1294 2256 1751 2329 concupiscentiae

136 2349 331 2415 curis,
364 2357 425 2404 ut
452 2349 594 2405 sicut
640 2347 929 2420 praeteritis
976 2349 1234 2406 irascitur
1262 2351 1519 2422 peccatis,
1552 2352 1628 2409 ita
1654 2368 1748 2409 ca-

135 2449 282 2497 veat
307 2441 374 2496 de
403 2440 625 2508 futuris,
656 2442 724 2497 ne
752 2440 1092 2499 defensionis
1141 2442 1288 2500 illius
1316 2444 1533 2515 culpam
1563 2445 1747 2501 videa-

136 2544 247 2593 tur
276 2533 498 2600 subire,
549 2534 616 2589 de
646 2550 754 2605 qua
796 2533 1092 2605 Apostolus
1147 2555 1160 2590 :
1211 2535 1339 2592 Non
1386 2540 1746 2609 vosmetipsos,

137 2626 359 2696 inquit,
389 2626 749 2696 defendentes,
783 2627 1110 2694 cltarissimi,
1152 2628 1243 2684 sed
1282 2628 1405 2683 date
1439 2629 1615 2685 locum
1652 2633 1749 2688 ira:

138 2717 337 2788 (Rom.
369 2719 488 2791 xu).
526 2718 616 2775 Sic
647 2720 814 2793 igitur
840 2737 951 2791 pra:
977 2721 1189 2778 emtor-is
1216 2722 1296 2777 ira
1338 2723 1483 2779 illius
1514 2726 1749 2795 prophe-

137 2812 263 2866 tica
288 2826 425 2866 voce
454 2811 731 2878 laudatur,
768 2813 862 2883 qui
893 2820 1183 2884 postquam
1224 2813 1501 2883 irascitur,
1533 2814 1749 2875 miseri-

137 2901 361 2956 cordiae
397 2902 737 2957 recordatur.
795 2900 950 2958 Uade
979 2904 1110 2973 quia
1139 2904 1265 2960 talis
1291 2905 1371 2960 ira
1400 2913 1455 2960 et
1485 2906 1609 2962 talis
1639 2907 1740 2961 mi-

138 2994 455 3052 sericordia
498 2996 699 3073 indicia
728 3006 858 3053 sunt
881 2998 1082 3054 divina:
1120 3000 1456 3071 dignationis
1486 3010 1541 3058 et
1581 3002 1747 3058 mise-

138 3088 411 3160 rationis,
444 3091 649 3147 ideirco
693 3091 775 3147 vir
807 3092 910 3148 istc
955 3076 1359 3162 sanctissimus,
1411 3096 1567 3165 quasi
1620 3112 1745 3152 cum

1856 575 1911 630 in
1950 577 2149 649 stecula
2185 572 2534 636 sucularum.
2558 580 2753 637 Amen.

2482 685 2714 744 SERMO
2739 688 2782 743 ll

2410 795 2475 835 DE
2531 796 2883 838 IIM‘JYBIBCS.

1856 866 1988 923 ltem
2037 869 2093 925 iu
2139 868 2272 926 illud
2309 872 2504 946 psalmi
2555 872 2886 946 uvzibeus
2934 874 3173 946 repulisti
3220 894 3334 944 nos,
3393 888 3440 933 et

2416 942 2729 1000 destruaisti
2768 961 2881 1000 nos.

1925 1051 2195 1120 Quoniam
2227 1056 2282 1111 in
2330 1056 2506 1113 altero
2544 1073 2821 1126 sermone,
2846 1058 2975 1115 diiet
2990 1059 3186 1115 tissimi
3222 1062 3438 1131 fratres,

1855 1155 2036 1216 prout,
2064 1147 2326 1217 largiente
2360 1148 2617 1220 Domino,
2648 1152 2948 1223 potuimus,
2981 1153 3225 1223 quaeve!
3262 1155 3444 1225 ιιωιιεε

1854 1234 1934 1294 ira
1966 1241 2047 1295 vel
2076 1242 2452 1300 misericordia
2479 1243 2569 1300 Dei
2594 1246 2685 1311 sit,
2717 1246 3045 1302 sullieienter
3060 1248 3442 1320 exposuimus,
3500 1286 3503 1309 ι

1854 1342 2024 1390 restat
2054 1344 2111 1389 ut
2141 1337 2244 1391 sub
2274 1345 2399 1409 typo
2431 1338 2529 1393 SS.
2565 1349 2886 1413 martyrum.
2918 1339 2982 1396 Ν.
3012 1358 3246 1412 quorum
3283 1344 3446 1400 hodie
3500 1336 3507 1395 Ξ

1855 1424 2119 1482 solemnia
2155 1429 2391 1486 colitnus
2409 1472 2422 1498 ,
2458 1431 2640 1502 aliqua
2666 1432 2732 1488 de
2756 1434 2843 1490 bis
2870 1450 2992 1506 qua:
3016 1444 3324 1507 sequuntur
3370 1437 3441 1493 ad

1855 1519 2179 1576 memoriam
2226 1521 2583 1603 reducamus,
2629 1525 2772 1579 unde
2825 1525 3009 1596 priora
3049 1528 3443 1598 posterioribus

1854 1613 2239 1669 commendare
2285 1615 2586 1672 valeamus.
2640 1615 2936 1687 Postquam
2979 1619 3124 1675 enim
3169 1619 3441 1691 Propheta

1854 1702 2116 1760 describit
2137 1706 2374 1775 qualiter
2392 1706 2706 1779 unigenitus
2726 1707 2820 1763 Dei
2845 1708 3036 1774 Filius,
3064 1710 3129 1764 ad
3154 1711 3442 1766 destruen—

1854 1795 1977 1850 dam
2003 1796 2371 1854 infirmitatem
2400 1798 2653 1856 inuitante
2682 1801 3138 1869 conversationis,
3168 1803 3337 1857 iratus
3361 1812 3445 1875 est

1854 1896 1903 1941 et
1951 1888 2195 1943 misertus
2231 1899 2308 1943 est
2359 1888 2527 1957 nobis,
2580 1891 2844 1953 continuo
2899 1891 3177 1950 declarare
3230 1896 3437 1967 volens,

1854 1980 1997 2051 quod
2019 1996 2118 2050 pro
2150 1989 2494 2037 terrenorum
2525 1983 2702 2039 salute
2726 1985 3153 2042 caleeamentum
3198 2004 3312 2041 sue
3357 1987 3441 2041 iu-

1852 2073 2188 2129 carnatioais
2232 2075 2474 2131 extendit
2515 2076 2568 2131 in
2602 2075 2891 2145 ldumtram
2925 2078 3323 2146 :Commoristi,
3360 2079 3442 2135 in-

1852 2164 1993 2237 quit,
2023 2172 2239 2232 terram,
2282 2176 2334 2220 et
2381 2167 2712 2221 conturbasti
2738 2185 2853 2222 eam
2897 2168 3072 2240 (Psal.
3098 2171 3232 2242 ιη).
3277 2171 3442 2225 Com-

1852 2255 2023 2311 movit
2051 2255 2197 2312 enim
2227 2267 2281 2312 et
2303 2257 2651 2313 conturbavit
2680 2267 2902 2326 terram,
2930 2260 2981 2315 id
3025 2269 3108 2316 est
3136 2262 3299 2317 corda
3334 2270 3442 2316 ter-

1851 2364 2132 2418 renorum,
2157 2349 2501 2419 subauditur,
2524 2351 2854 2407 conscientia
2878 2363 3251 2424 peccatorum,
3267 2372 3449 2425 quan»

1850 2438 1922 2494 do
1948 2438 2017 2494 ad
2059 2454 2156 2495 eos
2185 2456 2282 2513 per
2328 2439 2682 2512 Evangelium
2718 2462 2729 2498 :
2764 2442 2886 2499 Nisi
2940 2447 3195 2514 conversi,
3243 2447 3440 2516 inquit,

1852 2529 2153 2601 fueritis,:et
2182 2532 2479 2602 eﬂiciamini
2505 2534 2643 2588 sicut
2688 2534 2921 2606 paruuli,
2949 2553 3053 2591 non
3088 2538 3360 2592 intralitis
3386 2541 3441 2593 in

1851 2639 2066 2693 regnum
2106 2624 2355 2679 cwlorum
2409 2625 2629 2696 (Hatth.
2665 2639 2843 2700 xvm).
2879 2628 2986 2684 Sed
3032 2630 3120 2686 hic
3161 2630 3214 2684 in
3247 2632 3441 2702 primis

1852 2714 1981 2769 illud
2007 2731 2109 2774 nos
2132 2725 2344 2787 oportet
2369 2718 2719 2775 considerare
2737 2720 2883 2791 quod
2913 2720 3062 2776 aliud
3088 2731 3172 2777 est
3193 2714 3441 2778 commo—

1850 2823 1994 2875 vere,
2024 2802 2172 2869 aliud
2193 2810 2543 2882 conturbare,
2582 2813 2803 2882 quando
2833 2813 2944 2869 duo
2980 2814 3094 2869 hac
3124 2814 3286 2870 verba
3339 2816 3443 2871 du-

1850 2900 2044 2972 plicem
2071 2902 2273 2958 habent
2303 2902 2789 2976 signiﬁcationem,
2822 2921 2923 2976 pro
2949 2922 3016 2961 eo
3057 2907 3266 2962 scilicet
3296 2908 3445 2979 quod

1850 2995 2148 3052 commotio
2189 2996 2427 3066 parturit
2469 2996 2756 3068 gemitum,
2794 2998 3145 3054 conturbatio
3174 2998 3447 3053 dolorem.

1849 3085 2038 3156 Qualis
2059 3096 2243 3143 autem
2268 3087 2373 3143 ista
2397 3088 2695 3144 commotio
2717 3088 2813 3157 sit,
2843 3097 3115 3145 monstrat
3137 3088 3371 3160 Scriptu:
3386 3105 3440 3157 a,

136 3184 368 3241 caneris
387 3184 637 3240 fidelibus
663 3184 867 3255 gratias
891 3200 1060 3256 agens
1082 3185 1475 3242 misericordi-.1:
1510 3186 1743 3243 Redem-
1772 3202 1815 3261 ε
1848 3179 1895 3235 Si
1923 3179 2191 3251 quaeritis,
2218 3179 2311 3236 Ubi
2337 3179 2470 3235 dicit
2501 3198 2515 3235 :
2541 3179 2676 3236 Cum
2714 3180 3056 3252 ἰησεημιενὲδ,
3100 3181 3278 3235 salvus
3312 3181 3439 3236 eris.

136 3274 354 3347 ptoris,
380 3289 488 3330 non
525 3275 801 3330 immerito
822 3274 955 3330 dicit
981 3294 994 3331 :
1024 3273 1210 3332 Iratus
1231 3292 1307 3343 es,
1338 3286 1388 3331 et
1422 3277 1670 3332 misertus
1692 3293 1746 3332 es

139 3366 327 3420 nobis.
373 3363 575 3422 Verum
623 3366 753 3438 quia
792 3366 1016 3438 longum
1055 3367 1222 3423 nimis
1261 3376 1366 3435 est,
1409 3368 1751 3426 dilectissimi

140 3459 376 3526 fratres,
417 3458 463 3514 si
508 3468 683 3514 totum
724 3460 872 3515 hunc
915 3460 1189 3530 psalmum
1251 3461 1517 3520 hodierna
1558 3462 1648 3519 die
1693 3463 1748 3518 in

139 3566 325 3606 unum
364 3565 674 3607 sermonem
696 3551 1017 3621 exponendo
1049 3560 1415 3620 coaretemus,
1440 3553 1643 3609 bonum
1667 3563 1752 3610 est

138 3652 211 3699 ut
255 3644 545 3714 hucusque
589 3643 644 3697 in
688 3643 857 3699 alium
897 3643 1043 3700 diem
1081 3651 1278 3701 caetera
1302 3644 1530 3701 dicenda
1562 3661 1748 3703 serve-

139 3753 300 3803 mus,
332 3744 393 3791 ut
431 3744 486 3793 et
526 3744 659 3791 tunc
698 3736 755 3791 in
792 3736 1048 3793 manibus
1092 3737 1296 3794 nostris
1320 3738 1526 3810 aliquid
1552 3739 1746 3796 habea-

137 3844 297 3893 mus,
323 3827 466 3883 unde
487 3826 760 3899 conditori
782 3834 975 3884 nostro
997 3826 1110 3884 Deo
1149 3844 1365 3901 semper
1392 3830 1599 3902 gratias
1621 3846 1751 3904 aga-

138 3937 299 3978 mus.
327 3918 397 3975 Ut
430 3921 575 3975 enim
602 3920 670 3977 de
708 3920 963 3991 prmscnti
1004 3920 1216 3991 psalmo
1238 3922 1616 3993 unusquisque
1652 3923 1751 3981 ha-

136 4014 298 4080 beat,
344 4014 487 4070 unde
524 4013 725 4069 divinat
767 4011 987 4068 lectioni
1013 4013 1233 4069 assidue
1253 4022 1412 4069 vacat
1437 4056 1452 4082 ,
1495 4015 1749 4070 eumdem

137 4107 427 4179 psalmum
448 4106 504 4161 in
527 4114 766 4178 quatuor
798 4115 984 4176 partes
1006 4105 1249 4161 dividere
1270 4106 1468 4176 placet,
1495 4106 1667 4177 utqui
1692 4107 1748 4163 in

138 4209 229 4261 tot
270 4207 574 4272 martyrum
614 4198 1002 4256 festivitatibus
1066 4198 1133 4254 de
1171 4198 1253 4254 eis
1275 4198 1436 4253 silere
1458 4198 1746 4263 voluerint,

137 4294 304 4365 loqui
328 4291 491 4349 faciat
512 4308 693 4349 sermo
722 4294 817 4365 qui
842 4303 1001 4350 tacet.
1045 4292 1200 4349 Unde
1222 4294 1354 4365 quia
1385 4303 1598 4366 tempus
1632 4293 1747 4365 jam

134 4386 403 4443 imminet
472 4401 584 4456 quo
662 4401 973 4442 sermonem
1049 4386 1217 4440 istum
1280 4384 1350 4440 ad
1415 4383 1577 4439 finem
1641 4383 1747 4439 du-

138 4492 365 4543 camus,
402 4476 629 4548 dignum
668 4484 756 4532 est
798 4484 862 4533 ut
900 4476 1219 4532 corumdem
1260 4484 1562 4547 martyrum
1581 4474 1744 4531 Chri-

1851 3273 2043 3343 Qualis
2064 3289 2195 3330 vero
2221 3273 2325 3330 ista
2352 3273 2702 3329 conturbatio
2728 3274 2818 3341 sit,
2842 3274 3112 3330 sententia
3132 3273 3442 3329 declaratur

1850 3366 1907 3421 in
1932 3382 2018 3432 ea,
2061 3365 2116 3420 in
2161 3381 2271 3437 qua
2319 3364 2833 3437 Psalmographus:
2887 3364 3056 3433 Sana,
3102 3365 3296 3436 inquit,
3340 3382 3440 3435 me,

1850 3456 2094 3525 Domine,
2108 3459 2360 3531 quoniam
2382 3457 2699 3513 conturbata
2714 3467 2836 3513 sunt
2860 3475 2981 3513 ossa
3004 3458 3319 3529 mea*(l’sal.
3339 3458 3440 3531 vr)‘.

1850 3548 1953 3605 Per
1981 3549 2124 3606 hanc
2174 3549 2377 3621 quippe
2410 3548 2833 3608 commotionem
2867 3557 2923 3604 et
2947 3551 3444 3619 conturbationem,

1850 3641 2149 3699 commovit
2173 3652 2227 3700 et
2255 3644 2606 3699 conturbath
2636 3641 2904 3700 Dominus
2934 3644 3099 3697 corda
3125 3654 3447 3699 sanctorum

1844 3734 2120 3805 jnstorum
2158 3736 2380 3806 quando
2406 3736 2474 3801 ad
2517 3751 2615 3791 eos
2637 3752 2733 3811 per
2770 3738 3092 3807 prophetam
3129 3753 3141 3789 :
3173 3733 3443 3789 Paniteu-

1850 3830 2003 3896 tiam,
2035 3828 2233 3900 inquit,
2260 3830 2431 3903 agite;
2462 3826 2906 3900 appropinquabit
2930 3828 3068 3882 enim
3100 3844 3312 3898 regnum
3342 3844 3445 3881 (σιω

1848 3922 2024 3978 lorum
2048 3921 2272 3994 (Matth.
2300 3923 2406 3995 ιιι),
2432 3938 2502 3978 ne
2528 3914 2784 3992 indignos
2809 3936 2869 3976 se
2910 3920 3095 3975 divina
3141 3918 3446 3975 salvationc

1849 4014 2120 4082 viderent,
2138 4015 2184 4071 si
2215 4015 2320 4071 hoc
2343 4016 2531 4070 audito
2550 4030 2658 4069 non
2684 4021 3035 4069 moverentur
3059 4021 3113 4067 et
3142 4028 3252 4066 non
3285 4011 3446 4065 time-

1849 4116 1989 4161 rent.
2020 4104 2225 4161 Taliter
2246 4106 2411 4161 etiam
2444 4114 2654 4161 mentes
2678 4105 2923 4175 ipsorum
2951 4102 3295 4158 conturbata:
3317 4111 3446 4158 sunt

1848 4208 1904 4254 et
1928 4208 2238 4262 commotae,
2258 4198 2351 4253 ubi
2378 4196 2548 4254 Isaias
2570 4197 2635 4253 ad
2660 4213 2755 4253 eos
2783 4205 2838 4251 et
2860 4212 2961 4252 nos
2991 4214 3004 4250 :
3037 4193 3337 4262 Laeamini,
3361 4193 3445 4248 in-

1848 4292 1988 4362 quit,
2047 4290 2233 4345 mundi
2275 4299 2439 4345 estote
2471 4289 2608 4363 (Isa.
2656 4289 2740 4358 ιι),
2784 4298 3059 4361 quatenus
3088 4287 3155 4344 de
3186 4287 3451 4354 cordibus

1848 4383 2093 4453 ipsorum
2128 4390 2183 4438 ct
2222 4380 2430 4437 nostris
2464 4382 2708 4438 cmlestis
2752 4382 2811 4436 ill
2835 4398 2898 4438 us
2938 4382 3139 4437 lavacri
3180 4380 3453 4451 spiritalis

1849 4474 1917 4530 ad
1959 4472 2130 4529 Deum
2183 4473 2504 4528 ascenderet
2542 4473 2771 4539 clamor,
2818 4471 2887 4527 de
2935 4488 3047 4541 quo
3095 4469 3446 4541 Psalmogia-

138 4570 218 4627 sti
263 4569 518 4641 praesidia
560 4568 680 4625 sine
740 4568 1149 4624 intermissione
1213 4583 1549 4639 quaeramus,
1610 4582 1747 4639 qua-
1777 4561 1823 4617 D
1849 4568 2032 4639 phus:
2067 4561 2295 4620 Lavabis
2327 4581 2428 4631 me,
2459 4564 2657 4636 inquit,
2681 4575 2728 4619 et
2753 4580 2909 4634 super
2939 4567 3107 4617 nit-cm
3155 4561 3445 4618 dealbalor

138 4673 313 4719 tenus
337 4703 354 4729 ,
395 4661 607 4716 meritis
650 4660 895 4733 ipsorum
962 4659 1425 4716 intercedentibus
1448 4702 1463 4727 ,
1500 4659 1744 4716 cbaritas

137 4756 239 4813 illa
283 4770 409 4826 qua:
430 4754 683 4810 universa
705 4755 985 4825 c90periat
1002 4755 1198 4811 delicta
1221 4770 1395 4827 usque
1418 4755 1474 4811 in
1497 4757 1658 4812 tinem
1685 4757 1741 4812 in

137 4846 309 4904 nobis
332 4854 521 4919 regnet
543 4846 764 4915 invicta,
779 4847 846 4902 de
860 4863 971 4919 qua
986 4846 1282 4918 Apostolus
1307 4867 1320 4902 :
1348 4847 1526 4917 Finis,
1543 4849 1738 4922 inquit,

132 4940 397 5012 pracepti
423 4948 500 4994 est
522 4939 781 5005 cltaritas,
804 4940 869 4994 de
897 4940 1221 4995 conscientia
1256 4940 1391 4994 bona
1426 4949 1475 4995 et
1503 4940 1608 5011 ﬁde
1637 4959 1741 4997 non

133 5034 275 5105 ﬁcta
320 5030 374 5104 (Ι
402 5030 539 5086 Tim.
567 5031 628 5103 ι).
657 5029 762 5087 Sed
784 5031 1044 5102 quoniam
1070 5030 1254 5088 nullus
1276 5033 1329 5087 in
1351 5032 1595 5103 ejusdem
1620 5049 1745 5104 per-

135 5127 303 5181 fecta:
323 5124 610 5181 cbaritatis
634 5123 844 5181 versari.
884 5124 1081 5196 poterit
1103 5123 1337 5191 ollicina,
1381 5123 1489 5180 nisi
1522 5125 1617 5196 qui
1673 5123 1743 5180 ab

136 5218 376 5283 homine
408 5218 576 5284 malo,
606 5215 660 5272 id
702 5225 790 5273 est
829 5232 861 5271 a
884 5217 1068 5288 seipso
1091 5216 1243 5288 prius
1294 5217 1548 5287 repulsus
1578 5215 1746 5272 fuerit

132 5310 520 5367 destructione
574 5309 778 5377 divina,
840 5310 1046 5366 idcirco
1102 5309 1372 5364 orandum
1426 5319 1509 5365 est
1560 5309 1742 5377 nobis,

134 5404 491 5462 dilectissimi
520 5403 739 5472 fratres,
774 5412 835 5459 ut
862 5404 959 5476 qui
982 5404 1172 5460 electis
1196 5403 1315 5459 suis
1366 5402 1612 5474 quotidie
1653 5404 1741 5477 pie

136 5497 409 5571 irascitur
434 5505 489 5552 ct
519 5496 836 5565 miseretur,
871 5506 982 5552 tam
1024 5496 1322 5552 clementer
1336 5499 1402 5551 ct‘
1422 5504 1531 5550 tam
1581 5496 1740 5551 beni-

136 5606 252 5662 gite
283 5588 444 5644 nobis
468 5589 633 5645 irasci
653 5598 708 5645 et
734 5588 983 5645 misereri
1004 5589 1276 5661 dignetur,
1310 5598 1371 5644 ut
1391 5598 1445 5644 et
1484 5604 1587 5643 nos
1614 5598 1739 5645 eum

133 5683 354 5741 eisdem
382 5682 588 5738 Christi
630 5682 965 5755 martyribus
1006 5682 1169 5755 digne
1201 5682 1305 5736 sibi
1339 5682 1577 5737 clamare
1610 5697 1737 5753 pos~

135 5777 326 5833 simus
349 5775 586 5846 elogium
614 5775 745 5830 illud
769 5775 1098 5845 prophetica:
1141 5774 1485 5845 jubilationis
1517 5794 1528 5829 :
1558 5774 1585 5828 1
1594 5785 1743 5829 ratus

102 5864 196 5932 ἐὶ
236 5876 288 5926 et
332 5869 574 5926 misertus
606 5885 656 5928 es
700 5868 868 5928 nobis.
905 5865 1060 5938 Quod
1114 5867 1228 5942 ipsa
1253 5877 1514 5942 praestare
1555 5868 1742 5944 digne-

1852 4659 2029 4735 (Ρδισ.
2056 4660 2131 4733 ι).
2153 4660 2465 4716 Commovit
2483 4659 2652 4715 etiam
2674 4674 2773 4714 eos
2796 4667 2851 4713 et
2876 4656 3244 4723 conturbavit,
3269 4662 3452 4727 quan-

1849 4755 1920 4810 do
1967 4752 2049 4810 eis
2092 4752 2236 4808 inter
2275 4750 2416 4807 alios
2452 4768 2467 4806 :
2508 4749 2635 4805 Nisi
2686 4749 2920 4804 conversi
2977 4747 3209 4819 fueritis,
3244 4748 3444 4818 inquit,

1849 4846 2090 4920 gladium
2117 4861 2273 4899 suum
2321 4843 2543 4898 vibrari:
2572 4840 2750 4914 (Psal.
2805 4844 2927 4911 vn),
2960 4839 3167 4912 quique
3200 4853 3271 4895 ne
3306 4853 3449 4893 con-

1848 4937 2120 4994 versionis
2144 4953 2260 4993 sua:
2308 4935 2609 4991 remedium
2638 4935 2719 4990 vel
2751 4934 2819 4989 ad
2859 4934 3051 4989 horam
3075 4932 3294 5003 quidem
3326 4946 3379 4983 vc
3393 4930 3444 4983 t-

1849 5032 1961 5087 lent
1986 5029 2204 5086 diﬂ'erre
2227 5028 2486 5101 pusillum
2512 5028 2774 5083 continuo
2796 5025 3142 5083 subinferens
3170 5041 3182 5077 :
3207 5022 3247 5075 Α
3259 5037 3447 5086 ream,~

1846 5123 2048 5196 inquit,
2072 5139 2228 5177 suum
2254 5121 2475 5175 tetendit
2496 5129 2545 5175 et
2565 5119 2775 5191 paravit
2820 5117 2973 5173 illaut
2998 5115 3200 5188 (ibid.).
3238 5112 3295 5167 In
3316 5112 3443 5184 qui-

1838 5212 1954 5273 bus
1975 5215 2181 5283 verbis,
2215 5213 2564 5271 dilectissimi
2606 5213 2825 5277 fratres,
2870 5210 3106 5281 abyssus
3142 5204 3445 5261 divinitatis

1848 5319 1932 5366 est
1953 5309 2146 5376 multa,
2175 5305 2436 5380 quoniam
2464 5306 2610 5362 sicut
2631 5321 2729 5376 per
2751 5302 2990 5375 gladium
3014 5286 3199 5370 aperta
3233 5298 3334 5365 ira,
3364 5297 3439 5353 ita

1848 5418 1946 5473 per
1968 5417 2159 5458 arcum
2190 5416 2373 5472 pugna
2397 5399 2650 5471 signatur
2679 5395 2913 5451 occulta.
2965 5391 3079 5448 llce
3103 5392 3267 5463 igitur
3286 5390 3446 5445 verbi

1846 5495 2087 5552 cmlestis
2113 5494 2294 5566 gladio
2327 5492 2649 5548 eorumdem
2700 5496 3004 5559 martyrum
3031 5492 3251 5540 animus
3282 5498 3440 5554 super

1844 5589 2018 5661 femur
2040 5596 2210 5655 tuum,
2226 5583 2586 5657 potentissime
2609 5578 2788 5653 (Psal.
2817 5579 2985 5650 xuv),
3014 5577 3114 5633 fuit
3135 5575 3443 5644 accinctus,

1844 5679 2066 5753 quando
2093 5694 2189 5750 per
2217 5678 2397 5750 ipsum
2428 5683 2482 5730 ct
2513 5679 2890 5745 persecutores
2950 5670 3105 5736 foris,
3145 5678 3199 5725 c-t
3247 5667 3438 5724 diabo-

1845 5774 1959 5830 lum
1982 5773 2257 5829 devicerat
2281 5771 2450 5835 intus,
2476 5778 2535 5821 ut
2572 5765 2734 5837 gladii
2771 5764 2926 5821 illius
2966 5762 3275 5821 contrarios
3302 5770 3436 5818 cva-

1848 5865 2009 5924 sisset
2033 5870 2266 5929 errores,
2291 5860 2357 5916 de
2398 5875 2507 5930 quo
2534 5858 2798 5929 scriptum
2826 5864 2908 5914 est
2940 5876 2952 5911 :
2979 5854 3227 5911 Gladium
3259 5852 3436 5924 erogi-
