3912 6424
513 322 652 385 1019

1431 322 1820 382 unusneosn
1857 317 2152 378 seems
2191 315 2248 373 s.
2290 316 2537 373 MAXIM!
2576 319 2860 379 ruma.

3643 333 3661 387 l
3672 333 3760 393 ΜΟ

506 443 761 492 tacuerunt
800 444 1101 507 peccatores
1153 435 1329 511 (Psal.
1375 442 1583 510 sxxvr).
1638 438 1889 497 Tetendit
1933 438 2099 495 etiam
2127 437 2174 493 Α
2200 450 2333 505 gens
2374 434 2461 489 illa
2490 437 2765 506 quondam
2812 438 3074 496 είευίιίιιίε
3113 456 3373 511 percussa
3410 453 3492 500 εει
3523 446 3762 507 deformi-

504 545 695 586 arcum
723 529 891 597 hunc,
925 544 1021 600 per
1050 545 1214 601 quem
1259 527 1471 586 Novum
1502 530 1918 589 Testamentum
1940 545 2105 586 voca-

505 631 597 677 tur
630 630 685 678 et
708 619 897 690 Vetus,
922 623 1144 693 quando
1169 623 1223 677 in
1246 623 1363 697 lege
1387 623 1605 679 Domfni
1629 623 1996 680 meditabatur
2016 622 2104 679 die

503 730 570 770 ac
614 722 776 771 nocte
812 714 1118 786 inquietus,
1172 732 1240 772 ne
1290 716 1496 772 intidus
1550 726 1930 789 percuteretur
1966 732 2102 772 arcu

506 808 657 864 illius
699 808 948 880 maligni,
976 809 1044 866 de
1074 825 1186 881 quo
1225 811 1490 881 scriptum
1520 819 1605 867 est
1636 829 1649 866 :
1682 811 1879 866 Arcum
1927 819 2105 865 conte—

507 910 606 968 ret,
663 909 715 957 et
766 901 1061 973 confringet
1120 920 1293 972 arma,
1354 912 1404 959 et
1462 912 1614 958 scuta
1662 904 1929 959 comburct
1993 904 2104 975 igni

507 991 686 1067 (Psal.
742 999 887 1068 ειν).
946 995 1150 1052 Taliter
1191 996 1393 1068 quippe
1433 1006 1699 1071 martyres
1745 998 1835 1054 isti
1872 998 2106 1054 sanctis-

510 1086 638 1144 simi
680 1089 866 1145 verbis
897 1088 1145 1146 caelestis.
1163 1089 1344 1162 gladio
1393 1091 1656 1145 commoti
1709 1098 1840 1147 sunt
1889 1097 1943 1146 et
1970 1106 2106 1145 con-

509 1180 736 1250 turbati,
789 1182 1010 1253 quando
1061 1182 1116 1237 in
1167 1183 1464 1239 novitatem
1495 1183 1620 1240 vitze
1666 1200 1696 1240 a
1723 1193 1950 1256 paterna
1978 1193 2106 1241 sunt

508 1281 781 1330 vetustate
819 1275 1092 1343 translati,
1130 1291 1232 1347 pro
1266 1275 1579 1334 simulacris
1606 1276 1857 1333 videlicet
1894 1277 2105 1347 multis,

506 1374 566 1426 et
594 1367 820 1438 lapideis
857 1367 1102 1426 colentes
1134 1385 1305 1425 unum
1332 1369 1519 1437 Deum
1569 1379 1624 1451 et
1663 1369 1979 1439 Dominum,
2008 1372 2104 1440 qui

507 1472 607 1529 per
626 1456 952 1530 Prophetam
999 1478 1012 1516 :
1051 1456 1379 1529 Simulacra,
1413 1462 1613 1533 inquit,
1638 1463 1892 1535 gentium,
1918 1479 2105 1535 argen-

509 1559 624 1605 tum
645 1559 697 1606 et
720 1567 933 1620 aurum,
964 1568 1124 1625 opera
1146 1571 1399 1609 manuum
1422 1554 1695 1610 hominum
1722 1553 1900 1628 (Psal.
1924 1555 2100 1627 cxnl).

509 1640 786 1699 Commoti
823 1644 988 1700 etiam
1019 1655 1150 1702 sunt
1181 1662 1214 1702 a
1248 1647 1481 1716 malitia,
1510 1656 1704 1704 utnon
1728 1649 2106 1705 dominaretur

507 1737 590 1793 eis
618 1737 799 1793 omnis
847 1737 1138 1809 injustitia,
1166 1740 1388 1811 quando
1431 1749 1491 1796 ut
1533 1740 1774 1797 cwlestis
1824 1741 1948 1798 vita:
1991 1739 2104 1797 Deo

509 1830 673 1903 digne
696 1829 1041 1904 perciperent
1061 1813 1401 1902 alimoniam,
1428 1849 1618 1905 pacem
1671 1850 1797 1890 cum
1844 1833 2103 1891 omnibus

510 1927 687 1983 secuti
716 1936 845 1984 sunt
869 1936 925 1985 et
948 1930 1393 1987 sanctimoniam.
1422 1929 1699 1986 Commoti
1736 1940 1940 1986 suntet
1964 1946 2101 1985 con-

511 2019 717 2075 turbati
739 2022 957 2093 quoties
985 2022 1054 2078 ab
1088 2023 1169 2079 eis
1200 2025 1486 2096 pravitatis
1516 2025 1664 2082 illius
1684 2035 1769 2082 est
1793 2026 1879 2080 via
1906 2026 2104 2097 despc—

509 2122 621 2181 cta,
658 2114 725 2170 de
754 2131 863 2186 qua
897 2113 1158 2172 Salomon
1191 2136 1206 2174 :
1246 2115 1364 2186 Est,
1398 2118 1597 2192 inquit,
1623 2119 1710 2174 via
1746 2137 1864 2193 qua:
1897 2120 2107 2176 videtur

509 2200 812 2258 hominibus
851 2214 994 2260 recta
1016 2204 1201 2278 (Prov.
1247 2207 1386 2279 MV),
1423 2208 1477 2264 in
1522 2209 1769 2281 ejusdem
1802 2211 1901 2268 vim
1928 2211 2107 2284 pessi-

514 2309 661 2350 mam
695 2296 997 2354 inciderent
1017 2296 1244 2368 sortem,
1271 2298 1338 2357 de
1370 2317 1476 2373 qua
1521 2303 1873 2376 subjungitur
1921 2324 1935 2360 :
1991 2303 2107 2359 No-

474 2386 475 2389 “
512 2387 731 2443 oissima
755 2389 870 2459 ejus
894 2388 1160 2445 deducunt
1192 2391 1261 2445 ad
1298 2402 1518 2448 mortem
1550 2393 1752 2465 (ibid.).
1789 2393 2108 2452 Commovet

510 2479 679 2536 etiam
711 2490 765 2538 et
793 2482 1085 2539 conturbat
1123 2483 1369 2559 quotidie
1415 2494 1620 2541 terram
1668 2486 1924 2547 humana:
1969 2505 2105 2545 cou-

511 2572 759 2629 scientiae
781 2614 799 2642 ,
838 2574 930 2629 ubi
958 2574 1111 2632 dicit.
1181 2576 1336 2650 Agite
1389 2578 1598 2649 [ructus
1630 2579 1816 2651 dignos
1852 2583 2108 2652 paeniten-

514 2664 609 2719 tia:
655 2663 808 2736 (Luc.
874 2667 953 2739 v),
1008 2685 1077 2725 ne
1130 2670 1448 2742 prophetica
1494 2672 1586 2727 illa
1635 2674 2108 2747 transgrediamur

474 2816 483 2827 ο
509 2756 686 2814 edicta
707 2799 723 2825 ,
753 2758 955 2829 quibus
986 2760 1224 2816 dicitur:
1258 2760 1596 2818 Paenitemini
1625 2773 1675 2818 et
1720 2767 2106 2835 convertimini,

512 2856 572 2901 ut
612 2847 892 2931 deleantur
942 2859 1113 2905 vestra
1167 2851 1365 2906 delicta
1414 2852 1556 2924 (Act.
1600 2855 1676 2927 v).
1718 2855 2110 2913 Commovetur

513 2940 683 2997 etiam
723 2942 969 3014 quidem,
1002 2960 1110 2998 non
1150 2945 1203 3000 in
1232 2947 1727 3016 resurrectionem,
1783 2948 1877 3004 sed
1904 2948 1959 3004 in
1985 2951 2107 3004 rui—

518 3046 670 3100 nam,
701 3032 769 3088 de
793 3049 901 3105 qua
927 3033 1188 3091 Salomon
1232 3055 1245 3092 :
1293 3035 1552 3108 Egestas,
1581 3038 1781 3110 inquit,
1808 3048 1857 3093 et
1882 3039 2110 3112 ignomi-

513 3125 608 3179 nia
649 3126 699 3179 ei
731 3128 823 3198 qui
855 3127 1050 3183 deserit
1083 3129 1425 3201 disciplinam
1455 3129 1639 3201 (Prov.
1682 3131 1827 3205 xm).
1853 3130 2109 3188 Commo-

516 3224 714 3273 ventur
749 3218 915 3273 etiam
936 3219 1178 3291 quidbm,
1211 3238 1320 3277 non
1348 3221 1401 3275 in
1428 3222 1667 3291 ruinam,
1701 3225 1796 3280 sed
1836 3224 1890 3279 in
1916 3241 2105 3281 resur-

516 3310 817 3367 rectionem
859 3312 1221 3369 nihilominus
1246 3356 1261 3382 ,
1293 3314 1361 3370 de
1391 3314 1594 3386 quibus
1627 3315 1900 3388 Propheta
1941 3333 1959 3371 :
1995 3318 2107 3389 Ap-

512 3403 839 3479 preltendite,
882 3404 1060 3476 inquit
1082 3448 1097 3473 ,
1144 3406 1509 3478 disciplinam.
1532 3409 1580 3462 si
1605 3409 1817 3481 quando
1840 3410 2109 3465 irascatur

517 3495 778 3551 Dominus
829 3496 1007 3571 (Psal.
1047 3499 1130 3571 ιι).
1165 3497 1321 3555 Unde
1342 3501 1472 3572 quia
1506 3500 1680 3558 ﬁdelis
1708 3502 1889 3558 anima
1924 3504 2107 3559 sanari

516 3586 683 3658 digna
734 3603 843 3643 non
892 3597 1007 3655 est,
1060 3589 1170 3646 nisi
1228 3607 1351 3661 qua:
1379 3607 1476 3662 per
1506 3591 1648 3646 hanc
1685 3594 2106 3650 commotionem

516 3678 740 3749 diabolo
782 3681 1060 3754 incOguita
1107 3692 1163 3738 et
1195 3681 1305 3737 Deo
1351 3693 1480 3739 nota
1529 3692 1651 3751 est,
1715 3685 1920 3742 idcirco
1972 3686 2108 3743 Pro-

517 3772 681 3841 pheta
712 3773 1060 3831 subinl‘erens
1090 3794 1102 3831 :
1136 3775 1304 3844 Sana,
1354 3777 1552 3848 inquit,
1580 3781 1924 3835 contritiones
1968 3781 2103 3851 ejus,

510 3864 640 3934 quia
667 3875 929 3920 commota
952 3876 1030 3921 est
1069 3866 1246 3941 (Paul.
1279 3869 1415 3942 ux).
1451 3870 1669 3939 Sciebat
1697 3872 1843 3927 enim
1875 3873 1959 3927 vir
2005 3874 2108 3929 iste

515 3958 940 4027 probatissimus
960 3960 1090 4030 quia
1131 3976 1478 4032 nequaquam
1503 3973 1689 4034 posset
1714 3965 1875 4036 digne
1898 3966 2104 4034 sanari,

516 4049 627 4104 nisi
660 4050 814 4121 prius
837 4051 978 4121 apud
1002 4067 1061 4107 se
1091 4051 1240 4106 intus
1266 4040 1601 4123 pmoitentia:
1633 4064 1935 4111 mereretur
1962 4073 2107 4128 aqua

514 4139 748 4208 turbari,
773 4139 1004 4210 ideoque
1032 4143 1407 4214 propexemplo
1424 4144 1743 4217 languidum
1767 4145 1918 4200 illum
1941 4161 2108 4203 evan-

512 4232 752 4303 gelicum
806 4243 934 4288 ante
967 4235 1155 4291 oculos
1189 4235 1389 4292 mentis
1433 4236 1670 4293 fortasse
1712 4236 1978 4307 habebat,
2009 4240 2105 4311 qui

515 4331 642 4394 post
669 4323 967 4381 motionem
997 4342 1155 4398 aqua:
1176 4343 1344 4384 sanus
1368 4327 1551 4385 fiebat.
1587 4327 1714 4385 llaec
1762 4328 1932 4401 igitur
1966 4347 2103 4387 con-

515 4416 667 4473 tritio
696 4416 977 4475 fortiorem
1001 4419 1057 4475 in
1084 4420 1306 4476 Christo
1334 4431 1649 4479 sanctorum
1690 4432 1992 4495 martyrum
2020 4423 2102 4480 fe-

2140 1806 2180 1865 Β

2134 3163 2179 3226 C

2202 535 2333 594 tate,
2374 543 2471 600 pro
2498 546 2605 599 qua
2644 528 2858 587 Eliseus
2888 530 2956 587 ad
2998 530 3289 589 Dominum
3330 555 3344 590 :
3394 535 3646 608 Pcrcute,
3682 544 3762 598 ob-

2201 638 2367 690 secro,
2426 620 2635 693 inquit,
2682 622 2929 692 Domine,
2987 635 3191 697 gentem
3236 626 3375 683 hanc
3406 632 3641 689 carcitate
3672 635 3717 707 (1
3731 638 3764 691 γ

2202 711 2330 785 Reg.
2383 712 2481 773 vi).
2533 713 2907 803 Coutritiones
2965 734 3160 775 eorum
3213 723 3468 791 sanavit,
3526 727 3617 796 qui
3655 745 3767 800 quas

2206 807 2409 861 vocavit
2438 806 2531 861 hos
2558 816 2606 862 et
2628 808 2955 879 justiﬁcavit
2991 810 3168 885 (Rom.
3201 815 3365 887 vni);
3398 818 3652 887 quoniam
3686 837 3767 891 per

2203 899 2383 973 ipsum
2414 910 2470 958 et
2502 901 2555 957 in
2582 901 2702 973 ipso
2729 904 2977 960 mundati
3013 913 3145 961 sunt
3175 906 3245 962 ab
3268 910 3419 963 omni
3445 909 3604 966 sorde
3629 914 3767 968 vitio-

2202 1011 2347 1063 rum,
2375 996 2466 1068 qui
2493 1005 2650 1050 sanat
2676 997 2933 1052 contritas
2957 999 3133 1067 corde,
3156 1008 3207 1054 et
3228 999 3421 1072 alligat
3452 1006 3766 1061 contritiones

2201 1102 2381 1142 eorum
2399 1084 2574 1158 (Psal.
2600 1086 2804 1159 CXLVI).
2822 1084 2978 1144 Unde
2990 1088 3120 1160 quia
3145 1089 3355 1147 sanatis
3378 1092 3767 1152 contritionibus

2203 1187 2520 1235 sanctorum
2544 1220 2559 1245 ,
2584 1194 2678 1249 per
2702 1177 2898 1232 multas
2927 1177 3300 1236 tribulationes
3331 1196 3427 1237 eos
3467 1192 3662 1252 oportet
3697 1184 3770 1238 in-

2205 1279 2347 1325 trare
2373 1271 2429 1325 in
2471 1287 2686 1343 regnum
2715 1270 2964 1327 caelorum
2992 1270 3134 1344 (Act.
3171 1271 3307 1345 xxv),
3332 1272 3541 1330 idcirco
3562 1275 3768 1345 propheo

2207 1372 2260 1419 ta
2290 1363 2578 1421 declarans
2613 1373 2816 1436 quanta
2836 1364 2984 1436 passi
3017 1363 3128 1420 sint
3156 1365 3209 1420 in
3232 1367 3524 1437 praesentis
3543 1365 3769 1424 Ecclesiae

2204 1474 2467 1530 pressura
2488 1502 2503 1527 ,
2542 1459 2807 1515 continuo
2830 1457 3180 1515 subinfcrcns
3208 1477 3223 1515 :
3257 1457 3575 1528 Ostendisti,
3598 1460 3767 1532 inquit,

2207 1551 2401 1624 populo
2453 1552 2590 1607 dura
2663 1551 2840 1625 (Psal.
2885 1552 3021 1623 us).
3069 1551 3286 1608 Sanctis
3337 1553 3543 1625 quippe
3590 1565 3771 1627 marty-

2206 1640 2361 1697 ribus
2390 1641 2528 1697 dura
2568 1641 2999 1697 ostende-bantur
3028 1658 3058 1698 a
3087 1640 3199 1697 Deo
3219 1685 3233 1710 ,
3265 1644 3489 1714 quando
3523 1644 3578 1698 in
3609 1658 3772 1714 perse-

2206 1734 2525 1791 cutionibus
2548 1777 2562 1803 ,
2594 1751 2733 1806 quas
2767 1734 2990 1807 pertulit
3020 1724 3285 1803 Ecclesia,
3318 1735 3457 1791 dura
3514 1743 3570 1790 et
3606 1736 3772 1791 imma-

2209 1827 2438 1883 nissima
2468 1837 2741 1883 tormenta
2786 1827 3135 1900 patiebantur
3164 1842 3264 1899 pro
3290 1844 3357 1884 eo
3389 1847 3403 1884 :
3449 1828 3673 1899 ideoque
3694 1845 3774 1885 eos

2207 1921 2523 1991 apostolicis
2563 1921 2696 1978 viris
2753 1938 2865 1977 non
2921 1919 3199 1977 immerito
3233 1921 3691 1993 comparabimus,
3720 1924 3774 1979 de

2208 2015 2411 2086 quibus
2440 2014 2737 2085 Apostolus
2770 2032 2783 2070 :
2814 2012 2875 2069 Si
2906 2015 3280 2085 compatimnr,
3332 2015 3544 2086 inquit,
3582 2024 3627 2069 et
3672 2032 3773 2070 con-

2210 2107 2549 2180 regnabimus
2602 2107 2776 2177 (Rom.
2822 2108 2966 2181 vni).
3019 2107 3163 2163 Dura
3222 2109 3386 2165 etiam
3442 2124 3547 2179 pro
3583 2108 3775 2166 Christo

2208 2200 2357 2271 passi
2386 2211 2515 2257 sunt
2545 2200 2709 2255 iidem
2748 2198 2807 2255 S.
2853 2199 3116 2257 Ecclesia:
3156 2199 3275 2267 lilii,
3330 2201 3555 2273 quando
3585 2210 3774 2272 aposto-

2210 2292 2389 2349 lorum
2426 2293 2658 2364 vestigia
2702 2294 2874 2349 secuti
2900 2336 2915 2361 ,
2953 2294 3101 2348 ibant
3136 2294 3424 2365 gaudentes
3451 2311 3483 2348 ιι
3526 2304 3775 2365 conspecta

2210 2382 2425 2440 concilii
2456 2382 2597 2452 (Act.
2619 2383 2696 2455 v),
2722 2383 2959 2440 scientes
2976 2383 3250 2451 videlicet,
3282 2400 3343 2439 se
3367 2400 3434 2439 eo
3462 2385 3637 2457 magis
3655 2385 3774 2441 divi-

2208 2492 2294 2532 nat
2328 2475 2630 2548 placiturus
2661 2475 2871 2547 pietati,
2901 2491 3013 2547 quo
3051 2474 3199 2547 digni
3235 2477 3343 2530 sint
3371 2476 3546 2531 habiti
3586 2493 3675 2548 pro
3699 2493 3777 2531 no-

2210 2568 2350 2622 mine
2375 2565 2504 2622 Iesu
2525 2566 2901 2649 contumeliam
2935 2567 3049 2639 pati
3080 2568 3258 2640 (ibid).
3291 2566 3386 2623 Sic
3409 2567 3579 2640 igitur
3602 2568 3775 2639 populo

2210 2676 2315 2716 suo
2345 2661 2483 2717 dura
2508 2661 2771 2728 ostendit,
2829 2662 3052 2732 quando
3112 2662 3195 2717 eis
3240 2661 3662 2733 praecedentium
3687 2660 3776 2716 Pa-

2211 2760 2358 2808 trum
2388 2754 2636 2825 excmpla
2665 2752 2973 2825 praetendit,
3002 2763 3277 2826 quatenus
3296 2755 3649 2811 erudirentur
3669 2770 3768 2810 ver»

2210 2847 2296 2903 bis
2322 2847 2637 2918 apostolica:
2654 2847 2924 2916 lectionis,
2943 2849 3071 2919 quia
3100 2865 3203 2902 non
3230 2857 3353 2903 sunt
3384 2849 3656 2920 condigna:
3674 2865 3778 2919 pos-

2210 2946 2383 3000 siones
2434 2942 2593 3015 lmjus
2649 2945 2921 3016 temporis,
2974 2943 3045 2998 ad
3088 2944 3330 3013 futuram
3366 2941 3634 3015 gloriam,
3678 2956 3777 3013 quo:

2212 3035 2532 3092 revelabitur
2552 3035 2607 3090 in
2639 3036 2788 3091 nobis
2838 3033 3012 3107 (Rom.
3049 3033 3193 3106 vm).
3248 3033 3355 3089 Sed
3399 3033 3591 3089 etalio
3637 3034 3776 3088 modo

2211 3129 2347 3184 dura
2383 3128 2623 3184 ostendit
2653 3129 2853 3200 populo
2881 3144 3004 3196 suo,
3042 3129 3133 3183 ubi
3169 3128 3466 3199 unicuique
3505 3144 3601 3199 per
3623 3126 3777 3182 Evan-

2210 3221 2410 3294 gelium
2442 3221 2677 3291 loquens
2708 3239 2721 3275 :
2748 3219 2951 3292 Diliges
2976 3263 2989 3287 ,
3036 3220 3253 3290 inquit,
3302 3218 3584 3273 Dominum
3634 3216 3774 3271 Deum

2211 3326 2364 3370 tuum
2406 3332 2471 3371 ea:
2507 3324 2619 3370 toto
2649 3315 2806 3369 corde
2830 3325 2919 3368 tuo
2967 3312 3188 3387 (Matth.
3241 3312 3403 3383 xx").
3448 3312 3513 3368 Et
3541 3312 3773 3384 quoniam

2208 3406 2264 3461 in
2322 3406 2426 3461 hac
2487 3405 2603 3460 sola
2652 3403 2944 3460 dilectione
2970 3404 3154 3461 nullus
3186 3405 3352 3460 homo
3376 3402 3647 3475 perfectus
3668 3419 3772 3460 con-

2209 3504 2319 3553 stat
2347 3540 2361 3564 ,
2400 3498 2507 3554 nisi
2531 3506 2585 3553 et
2620 3497 2782 3552 aliam
2811 3498 2991 3553 adhuc
3016 3497 3216 3552 habeat
3246 3500 3413 3569 quam
3440 3497 3494 3551 in
3524 3496 3774 3567 sequenti-

2208 3590 2316 3646 bus
2340 3590 2703 3657 demonstrat,
2735 3590 2940 3647 idcirco
2962 3590 3253 3647 declarans
3298 3598 3505 3661 quanta
3536 3588 3774 3644 charitate

2210 3683 2431 3739 tendere
2465 3698 2525 3739 se
2553 3683 2747 3739 debeat
2774 3683 2913 3738 alter
2937 3683 3003 3739 ad
3033 3683 3290 3751 altermn,
3319 3683 3576 3738 continuo
3613 3681 3769 3737 sulzi'n-

2210 3773 2389 3830 ferens
2426 3792 2439 3829 :
2472 3772 2708 3845 Diliges,
2747 3773 2946 3845 inquit,
2982 3776 3285 3846 proximum
3338 3784 3487 3828 tuum
3538 3774 3668 3827 sicut
3716 3780 3768 3825 te-

2210 3866 2387 3941 ipsum
2415 3868 2618 3941 (ibid.).
2647 3867 2774 3925 Haec
2804 3869 2972 3941 igitur
2998 3869 3109 3925 duo
3154 3852 3426 3939 praecepta
3473 3865 3737 3923 charitatis
3756 3907 3769 3928 ,

2209 3963 2266 4016 in
2291 3962 2481 4034 quibus
2522 3971 2634 4016 tota
2663 3960 2749 4016 lex
2774 3961 2965 4034 pendet
2991 3972 3041 4016 ct
3069 3961 3338 4034 prop/aeta:
3366 3959 3545 4031 (ibist)
3567 4004 3579 4027 ,
3615 3974 3704 4014 vos
3724 3958 3768 4011 in

2206 4055 2388 4121 vobis,
2419 4053 2768 4109 dilectissimi
2826 4053 3065 4121 fratres,
3118 4052 3451 4124 quantocius
3507 4052 3770 4121 adimplere

2209 4150 2453 4217 studcte,
2506 4149 2695 4221 sicque
2732 4148 3113 4220 unusquisque
3148 4155 3392 4224 vestrum
3428 4147 3565 4218 apud
3606 4162 3659 4201 se
3705 4142 3753 4197 fa

2210 4245 2314 4302 cile
2342 4246 2631 4318 perpendit
2679 4260 2846 4316 quam
2894 4245 3032 4299 dura
3083 4253 3214 4299 sunt
3256 4257 3381 4313 quae
3427 4239 3676 4312 praecipit,
3725 4245 3767 4291 et

2208 4354 2374 4411 quam
2428 4337 2567 4393 dura
2605 4354 2730 4409 qua:
2787 4336 3045 4393 ostendit.
3101 4335 3195 4391 llle
3240 4334 3420 4402 enim,
3479 4333 3613 4388 sicut
3644 4329 3767 4385 arbi-

2208 4445 2361 4501 tror,
2451 4431 2779 4505 qumrendus
2844 4439 2927 4486 est
3008 4430 3064 4484 in
3127 4444 3360 4483 numero
3438 4424 3767 4499 angelorum,

511 4521 665 4568 ccrat
705 4521 975 4582 mentem,
1012 4522 1067 4571 et
1113 4515 1449 4571 debilitatem
1493 4517 1699 4573 mundo
1745 4516 1857 4571 Deo
1887 4533 2104 4588 semper

2207 4539 2257 4583 et
2289 4541 2397 4581 non
2439 4524 2750 4589 hominum,
2782 4521 2877 4593 qui
2927 4522 3022 4588 ita,
3057 4521 3198 4577 sicut
3227 4519 3479 4591 przecipit
3513 4517 3763 4579 Dominus,

516 4606 751 4664 reddidit
789 4608 1089 4677 valentem,
1132 4610 1200 4666 de
1229 4626 1338 4682 qua
1369 4608 1561 4680 David,
1598 4611 1759 4683 cujus
1791 4627 1973 4667 sermo
1997 4628 2106 4668 non

513 4698 729 4755 deficiet
757 4720 770 4757 :
796 4698 902 4757 Cor
927 4703 1239 4771 contritum,
1277 4702 1483 4775 inquit,
1515 4712 1564 4758 et
1592 4703 1935 4759 humiliatum
1962 4704 2106 4761 Deus

2210 4618 2386 4673 valeat
2410 4616 2634 4688 diligere
2654 4614 2970 4682 Dominum,
3003 4622 3096 4668 aut
3125 4614 3219 4684 qui
3240 4612 3333 4667 tali
3369 4612 3597 4668 lectione
3616 4611 3674 4665 ad
3698 4609 3757 4662 al-

2213 4719 2388 4766 terum
2448 4709 2634 4764 tendat
2684 4708 3069 4776 semetipsum,
3130 4714 3192 4760 ut
3238 4705 3431 4776 diligat
3491 4703 3763 4776 proximum

508 4809 619 4849 non
654 4793 909 4867 despicies
938 4795 1114 4866 (Psal.
1149 4796 1222 4867 L).
1254 4796 1399 4853 Sana
1420 4839 1438 4864 ,
1469 4796 1666 4868 inquit.
1712 4795 1839 4854 Haec
1877 4807 1964 4856 est
2013 4799 2105 4857 illa
2208 4819 2372 4858 suum
2400 4801 2544 4858 sicut
2567 4800 2832 4873 seipsum.
2862 4799 2930 4855 Et
2969 4799 3090 4855 ideo
3132 4799 3515 4870 unusquisque
3539 4797 3674 4853 testis
3694 4801 3761 4848 est

513 4887 748 4957 sanitas,
773 4887 1135 4957 dilectissimi,
1150 4905 1315 4961 quam
1337 4886 1804 4962 Psahnographus
1830 4890 1961 4946 olim
1994 4890 2102 4946 im-

512 4991 770 5054 precatus
794 4990 881 5039 est
906 4981 1009 5038 sibi
1033 5024 1052 5051 ,
1085 4983 1306 5054 quando
1335 4998 1636 5040 conversus
1667 4983 1736 5040 ad
1759 4981 2051 5040 Dominum
2085 5002 2099 5039 :

511 5072 695 5143 Sana,
747 5074 964 5147 inquit,
1013 5075 1250 5128 animum
1307 5090 1516 5143 meam,
1559 5076 1685 5147 quia
1737 5077 1950 5148 peccari
2003 5076 2102 5131 tibi

513 5165 692 5236 (Psal.
739 5172 852 5241 XL).
912 5168 1040 5227 llzcc
1080 5179 1165 5227 est
1201 5171 1292 5226 illa
1338 5171 1548 5227 sanitas
1606 5186 1704 5242 per
1752 5185 1921 5241 quam
1954 5168 2098 5224 idem

512 5255 782 5316 Dominus
833 5270 1021 5318 noster
1069 5246 1297 5318 sanavit»
1342 5263 1701 5319 contritiones
1758 5270 2098 5327 sanctorum,

513 5351 609 5420 qui
661 5368 756 5422 per
782 5351 923 5409 Osee
962 5356 1281 5426 prophetam
1317 5354 1607 5424 :Sanabo,
1652 5354 1860 5425 inquit,
1901 5354 2102 5408 contri-

513 5443 682 5498 tiones
724 5461 905 5498 eorum
948 5445 1094 5516 (Ose.
1132 5438 1268 5519 xm,
1300 5466 1370 5505 ne
1415 5448 1505 5504 illa
1550 5447 1881 5504 contritione
1908 5455 2096 5504 eonte-

515 5545 706 5592 rentur
743 5553 774 5592 a
822 5536 936 5593 Deo
970 5538 1358 5610 indesinenter,
1389 5542 1456 5596 de
1482 5558 1591 5612 qua
1628 5539 1894 5597 Jeremias
1921 5560 1934 5596 :
1963 5540 2103 5597 Con-

506 5627 646 5682 trita
681 5637 781 5697 est,
810 5627 1008 5699 inquit,
1050 5630 1193 5701 virgo
1216 5630 1334 5701 [ilia
1357 5629 1540 5702 populi
1569 5630 1669 5684 mei
1691 5629 1852 5701 plaga
1873 5630 2102 5700 pessima

511 5725 839 5782 uehementer
856 5725 990 5796 (Jer.
1017 5729 1152 5796 XIV).
1188 5726 1380 5783 Adhuc
1404 5726 1570 5783 etiam
1602 5742 1697 5796 per
1738 5726 1919 5797 ipsum
1946 5733 2001 5780 et
2029 5725 2098 5781 ab

518 5818 638 5881 ipso
685 5818 1039 5875 contritiones
1095 5836 1285 5875 eorum
1331 5828 1455 5877 sunt
1506 5828 1709 5876 satiatae
1739 5860 1753 5882 .
1800 5834 1895 5876 uer
1934 5834 2098 5883 quem

2205 4895 2309 4952 sibi
2337 4895 2484 4966 quod
2504 4894 2686 4949 nullus
2709 4902 2803 4949 aut
2827 4893 2912 4947 vix
2948 4892 3093 4948 ullus
3111 4891 3311 4963 poterit
3336 4890 3562 4961 reperiri
3581 4888 3662 4960 qui
3687 4885 3760 4941 alii

2203 4997 2317 5044 tam
2360 4989 2496 5043 bene
2540 4986 2723 5058 cupiat
2763 5002 2927 5059 quam
2970 4985 3095 5041 sibi.
3125 4983 3325 5040 Verum
3357 4999 3425 5038 ne
3448 4999 3548 5039 nos
3592 4980 3762 5037 diutius

2203 5077 2406 5151 prioris
2445 5079 2729 5135 sententiae
2755 5077 3010 5134 deserant
3027 5076 3174 5147 jura,
3206 5073 3457 5129 Ezechiae
3481 5074 3634 5129 etiam
3673 5070 3760 5139 regi

2206 5172 2474 5228 Dominus
2529 5170 2803 5243 quondam
2856 5168 3143 5224 ostendere
3193 5166 3454 5236 dignatus
3506 5174 3589 5221 est
3631 5164 3757 5223 du'a.

2204 5264 2424 5336 quando
2456 5278 2582 5319 eum
2626 5262 2679 5317 in
2715 5259 3062 5317 multitudine
3090 5257 3406 5314 divitiarum
3432 5272 3646 5314 suarum
3672 5255 3760 5325 glo-

2203 5358 2458 5425 riaretur,
2492 5364 2551 5411 ut
2576 5354 2728 5411 dives
2768 5373 2780 5409 :
2823 5352 3076 5433 Dispone,
3102 5352 3302 5423 inquit,
3343 5351 3527 5421 domui
3555 5346 3757 5419 tqunia

2207 5451 2446 5506 morieris
2475 5458 2552 5517 tu,
2575 5457 2627 5504 et
2649 5465 2752 5502 non
2774 5448 2908 5502 cives
2932 5446 3090 5519 (Isai.
3118 5446 3373 5517 xxxviii).
3399 5445 3467 5501 Et
3487 5460 3607 5500 ecce
3624 5454 3753 5513 quam

2202 5544 2405 5600 durum
2440 5542 2546 5598 sibi
2589 5550 2920 5614 praeceptum
2954 5539 3101 5595 istud
3137 5536 3437 5605 videretur,
3469 5537 3581 5608 ipse
3606 5532 3750 5593 decla-

2204 5634 2364 5700 ravit,
2396 5630 2621 5704 quando
2656 5648 2956 5689 conversus
3005 5631 3071 5686 ad
3117 5630 3405 5701 parietem,
3453 5625 3751 5684 amarissime

2202 5723 2435 5795 ploravit
2466 5722 2679 5795 (ibid.);
2717 5722 2940 5793 sicque,
2971 5721 3101 5776 dum
3135 5736 3234 5792 per
3255 5719 3519 5792 longioris
3546 5718 3652 5773 vita!
3677 5712 3750 5767 de-

2206 5815 2467 5875 siderium
2526 5815 2825 5873 subitancm
2856 5815 3051 5873 mortis
3077 5813 3283 5883 cupivit
3307 5813 3535 5873 evadere
3561 5816 3759 5879 sortem.
