3960 6316
222 356 365 427 ιοέι

1687 363 2080 423 SEllIJONES.

3374 362 3517 423 τοῖς

216 495 399 554 quam
434 478 671 535 libenter
718 476 944 542 viveret,
989 474 1298 548 exemplum
1344 475 1494 531 dedit
1529 474 1825 545 unicuique
1857 479 1896 536 Α
1929 478 2042 545 dat,
2078 496 2174 549 per
2203 479 2348 550 quod
2379 478 2721 553 signiﬁcatur
2765 479 2912 553 quod
2951 479 3095 536 sicut
3126 477 3309 534 multae
3353 493 3515 534 man-

216 576 328 649 qui
353 574 504 641 vivit,
529 581 586 629 at
608 571 815 628 videbit
855 580 1108 627 mortem.
1154 568 1272 625 Tali
1322 570 1488 625 etiam
1519 570 1683 626 modo
1724 587 1824 642 pa-

216 667 487 725 triarcha:
504 681 610 721 suo
641 664 908 720 Dominus
937 672 1127 749 uester
1154 663 1285 718 olim
1312 663 1448 718 dura
1477 665 1822 733 monstravit,

217 760 453 833 quando
482 758 760 813 Abraham
809 772 1029 813 servum
1060 771 1224 811 suum
1258 756 1541 827 probando
1574 758 1823 826 tentavit,

215 860 284 909 et
312 851 574 909 tentando
599 851 872 923 probavit,
925 850 1019 905 ubi
1062 850 1117 904 in
1158 847 1433 920 Unigeuiti
1481 848 1567 904 sui
1607 848 1821 922 ﬁgura;

216 944 385 1002 Isaac
430 944 604 1025 ﬁlium
636 944 688 999 ei
736 943 1059 1015 praecipiens
1099 941 1276 998 occidi
1315 958 1330 996 :
1367 940 1517 1011 Olfer
1548 941 1701 1010 mihi,
1739 943 1827 1001 in-

213 1037 368 1111 quit,
392 1036 547 1093 illum
572 1053 730 1109 super
769 1053 933 1092 unum
964 1036 1221 1091 montium
1261 1051 1415 1107 quem
1464 1044 1824 1092 monstrarem

215 1131 327 1188 tibi
350 1129 505 1203 (Gen.
540 1131 702 1200 xm).
736 1128 804 1186 Et
823 1145 951 1187 ecce
977 1145 1142 1201 quam
1174 1143 1431 1201 asperum
1453 1137 1508 1185 et
1534 1144 1699 1201 quam
1721 1130 1826 1186 du-

210 1240 350 1281 rum
376 1224 518 1281 foret
538 1225 682 1281 istud
707 1233 1038 1296 praeceptum
1067 1224 1220 1279 solus
1248 1223 1337 1278 ille
1359 1223 1463 1279 scit
1481 1223 1576 1294 qui
1599 1222 1824 1279 unicum

212 1319 393 1376 habet
420 1319 616 1387 lilium,
638 1327 703 1375 .et
734 1319 883 1374 hunc
915 1317 1196 1376 dilectum.
1247 1316 1352 1374 Sed
1399 1324 1454 1374 ct
1493 1317 1621 1374 ﬁliis
1655 1316 1826 1374 Zebc-

160 1396 167 1403 ’
210 1411 329 1469 dmi
362 1411 629 1467 Dominus
660 1419 848 1467 noster
897 1411 1077 1467 taliter
1104 1410 1364 1483 dignatus
1406 1417 1491 1466 est
1538 1410 1826 1466 ostendere

210 1505 386 1572 dura,
412 1504 636 1577 quando
672 1504 754 1560 eis
781 1503 930 1575 quod
967 1503 1185 1575 passuri
1205 1511 1392 1559 essent
1423 1518 1523 1574 pro
1554 1502 1674 1574 ipso
1699 1518 1827 1573 pas-

210 1595 402 1652 sionis
430 1611 544 1652 sua:
581 1595 1025 1667 praemonstravit
1052 1594 1246 1667 ﬁgura,
1289 1594 1381 1650 ubi
1424 1595 1492 1651 ad
1531 1610 1649 1662 eos,
1683 1595 1827 1652 sicut

209 1685 537 1759 ei'angelica
583 1687 817 1744 lectione
877 1688 1079 1760 szepius
1132 1687 1367 1745 audistis
1421 1695 1477 1745 et
1532 1687 1768 1745 audietis
1808 1708 1821 1745 :

212 1779 483 1848 Calicem,
537 1780 737 1853 inquit,
779 1798 954 1836 meum
1002 1780 1191 1848 bibetis
1222 1779 1441 1853 (Matth.
1475 1782 1590 1853 xx).
1625 1782 1827 1840 Taliter

1926 571 2115 627 siones
2145 572 2352 626 suntin
2376 588 2546 644 regno
2571 573 2855 640 cmlorum,
2884 573 2959 628 ita
2981 582 3035 630 et
3061 573 3114 627 in
3142 570 3396 643 praesenti
3419 568 3522 628 Ec-

1922 664 2093 720 clesia
2129 665 2318 721 multa:
2347 674 2477 722 sunt
2517 667 2895 723 tribulationes
2920 667 3218 737 iustorum.
3264 664 3368 719 Per
3410 664 3519 723 ho:

1925 772 2057 813 vero
2080 758 2228 830 quod
2260 760 2465 814 malum
2491 758 2760 815 Punicum
2779 760 3140 829 sanguineum
3169 758 3333 813 habet
3361 757 3513 813 colo-

1925 867 2063 917 rem,
2092 868 2202 906 non
2232 852 2397 908 modo
2434 861 2734 926 martyrum
2763 850 2989 917 Christi,
3014 851 3109 907 sed
3139 851 3302 906 etiam
3335 849 3513 923 ipsum

1926 943 2273 1005 Dominicum
2297 947 2513 1004 videtur
2535 948 2777 1019 typicare
2799 960 3074 1010 cruorem,
3103 944 3198 1015 qui
3223 943 3426 998 idcirco
3447 940 3517 996 ab

1924 1038 2171 1099 Ecclesia
2210 1041 2265 1096 in
2287 1040 2531 1098 Cauticis
2558 1041 2825 1098 candidus
2854 1039 3126 1095 diciturct
3154 1036 3515 1100 rubicundus,

1926 1142 1988 1188 ut
2007 1149 2075 1189 ex
2104 1133 2440 1203 innocentia,
2486 1152 2654 1207 quam
2706 1135 2869 1191 habet
2899 1132 3188 1199 candidus,
3212 1139 3270 1187 et
3295 1146 3360 1186 es
3386 1144 3516 1200 pas-

1926 1225 2103 1293 sione,
2126 1243 2292 1298 quam
2320 1228 2561 1299 pertulit,
2587 1228 2921 1302 intelligatur
2949 1224 3315 1283 rubicundus.
3335 1220 3517 1293 luqua

1927 1320 2183 1392 passione
2204 1320 2454 1379 salutifer
2483 1321 2572 1378 ille
2594 1321 2737 1383 calix
2761 1321 2970 1378 effusus
2988 1328 3072 1376 est
3094 1334 3192 1390 pro
3214 1317 3398 1383 nobis,
3420 1332 3518 1395 per

1925 1429 2090 1485 quem
2148 1414 2239 1471 isti
2294 1426 2562 1490 martyres
2611 1414 2955 1474 invictissimi
2987 1414 3158 1485 potati
3190 1420 3335 1491 (sunt
3389 1412 3517 1466 vino

1927 1510 2387 1581 compunctionis,
2414 1526 2577 1582 quem
2610 1509 2666 1564 in
2687 1508 2931 1565 Cauticis
2966 1508 3306 1564 canticorum
3332 1515 3515 1560 trans-

1928 1600 2111 1658 ferens
2152 1601 2205 1657 in
2237 1617 2297 1659 se
2330 1600 2508 1658 virtus
2535 1599 2805 1657 Altissimi
2837 1598 3076 1667 :Bibite,
3103 1597 3301 1669 inquit,
3332 1597 3515 1663 amici,

1928 1704 1978 1750 et
2021 1694 2386 1763 inebriamini,
2433 1694 2737 1751 charissimi
2777 1692 2960 1764 (Cant.
2990 1692 3066 1763 v).
3102 1691 3181 1747 Ex
3211 1691 3315 1747 hoc
3352 1689 3518 1761 igitur

1929 1792 2126 1864 poculo
2145 1792 2430 1849 charitatis
2445 1808 2557 1850 non
2580 1792 2800 1863 indigne
2819 1790 2955 1846 bibit
2981 1787 3234 1861 quisquis
3255 1804 3363 1842 non
3388 1785 3515 1854 sibi,

212 1872 396 1945 igitur
419 1874 565 1931 Deus
591 1885 646 1931 et
678 1874 946 1933 Dominus
975 1883 1185 1945 noster,
1211 1875 1305 1949 qui
1336 1892 1437 1948 pro
1466 1877 1626 1934 nobis
1651 1880 1822 1935 cmlos
1855 1868 1897 1928 Β
1925 1884 2020 1939 sed
2046 1884 2158 1942 Deo
2187 1885 2341 1953 vivit,
2368 1886 2640 1957 particeps
2664 1884 2915 1940 videlicet
2940 1882 3117 1939 factus
3157 1881 3304 1937 illius
3329 1878 3519 1935 saluti-

209 1964 507 2023 inclinavit
531 1977 586 2024 et
605 1968 910 2036 descendit,
947 1969 1153 2025 sanctis
1182 1970 1516 2042 martyribus
1546 1971 1664 2028 suis
1686 1971 1823 2029 dura

206 2057 484 2126 ostendit,
516 2059 741 2129 quando
769 2059 853 2115 eis
885 2059 1190 2131 praedicens
1216 2060 1349 2131 quid
1390 2062 1606 2132 passuri
1641 2076 1826 2121 essent

207 2157 449 2219 propter
488 2165 615 2207 eum
645 2170 659 2206 :
693 2149 884 2220 Eritis,
912 2152 1111 2223 inquit,
1157 2152 1281 2207 odio
1320 2154 1566 2209 euntibus
1612 2164 1826 2226 propter

208 2258 413 2298 nomen
433 2260 607 2299 meum
636 2244 855 2316 (Matth.
882 2245 962 2317 χ).
997 2244 1153 2302 Unde
1184 2246 1316 2317 quia
1345 2255 1470 2318 post
1500 2248 1704 2303 multas
1734 2249 1826 2304 tri-

208 2335 551 2405 bulationes,
574 2338 780 2409 quibus
797 2338 967 2395 homo
986 2339 1391 2410 persecutionis
1413 2340 1671 2409 humanae
1695 2340 1826 2396 mal-

203 2428 308 2485 leo
340 2428 606 2497 tunditur,
634 2446 778 2503 saepe
815 2447 1071 2488 reversus
1093 2431 1161 2487 ad
1187 2448 1269 2499 se,
1298 2432 1528 2489 internae
1553 2449 1824 2505 compun-

201 2520 425 2582 ctionis
463 2524 636 2595 gratia
677 2523 1048 2596 perfunditur,
1104 2524 1315 2581 ideirco
1353 2524 1823 2599 Psalmographus

203 2618 503 2689 praemissa
522 2619 638 2690 jam
660 2620 979 2677 ostensione
994 2620 1389 2689 tribulationis,
1410 2620 1674 2677 continuo
1693 2623 1825 2679 sub-

204 2707 461 2768 inferens
515 2730 529 2768 :
575 2711 791 2767 Potasti
847 2729 965 2781 nos,
1014 2713 1214 2784 inquit,
1280 2714 1400 2768 riuo
1457 2714 1822 2785 eompunctio-

204 2802 302 2858 κίε
334 2801 509 2873 (Psal.
560 2805 695 2877 ux).
747 2805 861 2862 Hoc
904 2815 991 2863 est
1034 2808 1295 2879 poculum
1339 2807 1470 2862 illud
1510 2808 1821 2878 charitatis,

202 2896 365 2967 quod
392 2897 740 2956 beatissimos
761 2909 1031 2973 martyres
1057 2900 1195 2957 istos
1224 2900 1478 2972 perduxit
1493 2900 1563 2955 ad
1588 2916 1821 2958 consor-

206 2988 360 3045 tium
382 2989 621 3058 deitatis,
645 2999 940 3063 postquam
970 3007 1165 3049 omnes
1188 2993 1448 3049 vitiorum
1488 2992 1742 3050 ﬂammas
1763 2994 1819 3050 in

204 3096 411 3139 eorum
450 3084 617 3141 corde
663 3095 909 3157 repertas
935 3083 1096 3159 [non]
1136 3085 1251 3141 viui
1296 3086 1491 3157 copia,
1536 3086 1632 3143 sed
1669 3103 1823 3144 com-

205 3176 536 3249 punctionis
559 3178 821 3235 exstinxit
845 3180 1088 3236 ubertas.
1122 3178 1228 3236 Sed
1253 3189 1308 3235 et
1334 3179 1649 3249 Psalmista,
1679 3196 1820 3253 prae-

205 3267 413 3326 videns
435 3269 564 3341 quia
589 3278 752 3342 potus
787 3271 892 3329 iste
920 3287 1032 3327 non
1062 3272 1198 3340 oris,
1224 3273 1321 3329 sed
1346 3274 1567 3339 mentis,
1595 3282 1652 3330 et
1685 3275 1819 3330 ﬁde-

205 3361 365 3420 tibus
386 3364 594 3432 suavis,
638 3375 692 3421 et
732 3366 984 3437 reprobis
1021 3382 1246 3424 amarus
1280 3375 1386 3435 est,
1410 3367 1576 3436 calix,
1615 3367 1814 3440 inquit,

207 3470 365 3510 metu
401 3454 692 3524 inebrians,
721 3473 882 3529 quam
904 3458 1200 3529 prrcclarus
1226 3468 1304 3514 est
1332 3458 1509 3532 (Psal.
1541 3460 1701 3531 χχιι).
1738 3459 1817 3516 Ex

205 3547 326 3604 hoc
362 3547 528 3620 igitur
562 3550 733 3606 calice
767 3552 902 3607 illud
948 3552 1150 3608 divium
1182 3553 1471 3609 charitatis
1516 3553 1818 3609 eﬁ‘unditur

207 3641 500 3713 poculum,
522 3658 650 3698 cum
676 3659 789 3714 quo
828 3644 1085 3701 Christus
1127 3645 1184 3700 in
1227 3646 1495 3718 sanguine
1530 3662 1635 3702 suo
1657 3646 1819 3703 Chri-

207 3732 458 3790 stianum
487 3734 591 3791 sibi
632 3737 974 3807 comparavit
1004 3737 1266 3809 populum
1295 3738 1443 3809 quod
1474 3737 1719 3796 Ecclesia
1760 3740 1818 3797 in

203 3825 462 3883 Cornicis
492 3827 694 3884 dilecto
726 3844 831 3885 suo
856 3845 1158 3901 prepmans
1179 3831 1234 3886 in
1259 3832 1430 3905 ﬁgura
1454 3841 1772 3889 sanctorum
1802 3851 1815 3890 :

204 3918 371 3974 Dabo
395 3919 512 3989 tibi,
531 3921 728 3993 inquit,
756 3922 1008 3993 poculum
1029 3940 1094 3979 ea:
1112 3925 1232 3979 vino
1253 3926 1488 3991 condito,
1513 3935 1562 3980 et
1588 3937 1819 3982 mustum

174 4011 481 4069 nullorum
527 4024 876 4085 granatorum
922 4031 1159 4071 meorum
1208 4017 1391 4090 (Cant.
1418 4021 1561 4093 vm).
1622 4020 1818 4077 Vinum

206 4105 420 4177 quippe
440 4106 559 4163 sine
579 4108 806 4165 alterius
828 4108 906 4165 rei
929 4110 1336 4179 commistione,
1354 4113 1575 4168 dilectio
1595 4122 1680 4169 est
1701 4113 1821 4168 sine

206 4200 596 4269 siumlatiouc;
622 4203 811 4258 viuum
839 4218 972 4260 vero
1006 4205 1311 4273 conditum,
1333 4205 1554 4262 dilectio
1580 4216 1664 4264 est
1692 4223 1819 4263 cum

203 4293 552 4363 operatione.
574 4292 774 4351 Vinum
798 4312 929 4368 ergo
954 4312 1060 4351 nou
1087 4297 1337 4370 simplex,
1360 4299 1459 4355 sed
1492 4300 1653 4356 bonis
1683 4314 1818 4372 ope-

204 4386 374 4441 ribus
403 4394 457 4442 et
479 4388 686 4444 sanctis
724 4390 1005 4445 conditum
1056 4391 1352 4448 virtutibus
1377 4434 1393 4457 ,
1431 4392 1632 4449 divinis
1675 4408 1817 4463 pra?-

202 4479 377 4549 cipue
400 4479 616 4552 placere
638 4482 855 4537 videtur
889 4483 1193 4540 obtutibus.
1232 4483 1391 4552 Quod
1423 4484 1477 4540 in
1528 4484 1823 4558 Evangelio

1922 1976 2054 2035 fera:
2101 1978 2400 2049 potationis
2449 1978 2517 2034 de
2558 1993 2667 2049 qua
2714 1977 2916 2033 dicitur
2947 1995 2960 2033 :
2989 1975 3201 2031 Potasti
3249 1990 3343 2028 nos
3398 1971 3518 2026 riuo

1925 2072 2347 2139 compunctionis
2374 2070 2551 2139 (Psal.
2583 2069 2719 2126 thl.
2744 2068 2814 2125 Et
2841 2071 2979 2126 bene
3002 2067 3222 2141 quidem
3252 2080 3519 2137 compun-

1925 2163 2125 2222 ctionis
2152 2164 2380 2221 internae
2419 2164 2550 2220 vino
2592 2173 2814 2235 potatur
2854 2162 2949 2234 qui
2990 2176 3091 2233 pro
3129 2158 3369 2232 peccatis
3404 2157 3521 2214 suis

1925 2257 2067 2328 apud
2093 2272 2154 2314 se
2176 2258 2325 2314 intus
2348 2257 2403 2312 in
2427 2267 2607 2314 mente
2629 2256 2964 2323 stimulatur,
2992 2253 3253 2326 quoniam
3284 2250 3522 2323 perfecte

1925 2348 2166 2404 abluitur
2189 2347 2537 2405 immunditia
2572 2347 2774 2415 sordis,
2797 2362 2962 2419 quam
2993 2343 3194 2416 saepius
3222 2342 3417 2398 laverit
3441 2340 3523 2395 la-

1922 2459 2111 2516 cryma
2140 2443 2345 2500 cordis.
2379 2441 2498 2499 Non
2520 2442 2670 2499 enim
2698 2440 2950 2514 sequitur
2978 2438 3282 2512 perémptio
3308 2436 3519 2503 furens,

1926 2536 2019 2592 ubi
2046 2536 2162 2593 lucc
2191 2536 2463 2593 medicina
2490 2536 2832 2608 praecesserit
2869 2549 3056 2591 urens.
3098 2530 3226 2587 llmc
3246 2537 3331 2587 est
3360 2544 3521 2585 nam-

1923 2644 2032 2700 que
2058 2628 2407 2699 eompunctio
2437 2629 2526 2683 illa
2542 2626 2975 2693 reconciliatria,
3006 2641 3105 2697 per
3128 2639 3294 2696 quam
3325 2637 3522 2679 recon-

1922 2719 2104 2776 ciliata
2126 2728 2211 2775 est
2226 2719 2339 2775 Deo
2356 2718 2525 2775 Maria
2552 2718 2848 2790 peccatrix,
2871 2716 3117 2788 quando,
3140 2731 3238 2786 per
3251 2712 3522 2779 judicium

1923 2810 2227 2868 divinitatis
2254 2810 2554 2878 occultum,
2589 2809 2820 2865 deonissa
2847 2818 2971 2864 sunt
3004 2809 3054 2863 ei
3078 2814 3297 2880 peccata
3324 2813 3518 2873 multa,

1922 2905 2178 2976 quoniam
2205 2904 2397 2959 dilexit
2424 2904 2650 2959 multant
2686 2902 2841 2975 (Lac.
2861 2904 2983 2975 vn).
3018 2900 3124 2958 Sed
3149 2909 3205 2956 et
3231 2899 3399 2956 David
3429 2914 3527 2970 pa-

1925 2995 2187 3061 triarcha,
2217 2996 2463 3051 sentiens
2516 3012 2577 3051 se
2617 2993 2749 3050 olim
2794 2995 3039 3051 divinam
3083 2992 3380 3050 oﬂendiswe
3413 2992 3524 3048 cle-

1923 3087 2207 3153 mentiam,
2246 3087 2372 3143 vino
2417 3086 2859 3159 compunctionis
2898 3088 3059 3144 istius
3108 3099 3409 3144 convert-.3
3438 3092 3526 3141 est

1922 3180 1992 3237 ad
2021 3180 2395 3252 pmoitentiam
2428 3200 2442 3236 :
2469 3181 2692 3252 quando
2713 3196 2811 3252 per
2832 3181 3104 3239 internam
3133 3180 3525 3252 aspirationem

1920 3287 2323 3344 recognoscens
2346 3272 2693 3344 iniquitatem
2721 3288 2911 3329 suam:
2934 3271 3185 3328 Miserere
3207 3272 3329 3339 mei,
3358 3270 3522 3338 Deus,

1920 3363 2120 3450 inquit,
2137 3363 2428 3418 secundum
2451 3380 2697 3435 magnam
2718 3363 3141 3418 misericordiam
3165 3372 3312 3418 tuam
3341 3361 3521 3431 (Psal.

1918 3455 1994 3527 ι).
2037 3453 2157 3510 Tali
2191 3455 2355 3511 etiam
2385 3456 2809 3526 compunctione
2833 3456 3031 3512 beatus
3052 3454 3251 3511 Petrus
3278 3453 3523 3525 scipsum

1920 3546 2124 3602 meruit
2138 3547 2455 3618 plenitendo
2467 3548 2708 3614 turbare,
2727 3547 2948 3618 quando
2964 3563 3063 3619 pro
3077 3547 3220 3602 trina
3237 3547 3526 3617 negatione

1920 3639 2161 3708 Domini,
2193 3657 2450 3697 reversus
2478 3642 2544 3697 ad
2583 3658 2663 3707 se,
2695 3640 2838 3696 flevit
2873 3656 3080 3706 auiare,
3127 3641 3221 3712 qui
3252 3639 3406 3711 prius
3435 3640 3525 3694 iu-

1920 3745 2150 3792 eusalus
2179 3736 2250 3790 ah
2279 3735 2474 3792 ancilla
2523 3735 2670 3807 quod
2720 3751 2866 3791 unus
2894 3752 2961 3791 ex
3004 3734 3098 3790 Dei
3132 3744 3277 3791 esset
3309 3735 3523 3803 amicis,

1922 3829 2199 3903 respondit
2231 3828 2280 3884 ei
2308 3828 2499 3885 dicens
2527 3847 2539 3884 :
2566 3827 2762 3883 Nescio
2784 3828 2909 3899 quid
2931 3828 3068 3883 dicis
3091 3826 3311 3898 (Matth.
3346 3830 3522 3897 xxvi).

1924 3921 2016 3980 Sic
2046 3931 2101 3977 et
2129 3922 2218 3979 isti
2245 3930 2517 3994 martyres
2543 3921 2775 3988 Christi,
2813 3921 3012 3976 divina:
3060 3937 3157 3992 per
3204 3920 3388 3975 omnia
3422 3935 3524 3975 cu-

1920 4017 2134 4088 pientes
2163 4016 2377 4088 placere
2414 4016 2623 4088 pietati,
2671 4031 2766 4086 per
2815 4014 3088 4070 interuam
3132 4011 3525 4085 aspirationem

1922 4109 2163 4176 Domini,
2201 4110 2333 4167 vino
2388 4109 2834 4181 compunctionis
2860 4108 3023 4165 istius
3048 4116 3176 4164 sunt
3221 4105 3525 4177 saepissime

1921 4202 2119 4274 potati,
2139 4204 2365 4274 quando
2399 4219 2510 4260 non
2540 4203 2722 4261 solum
2766 4219 2908 4274 pane
2948 4202 3313 4275 lacrymarum
3337 4214 3435 4256 eo;
3467 4199 3524 4253 in

1922 4295 2208 4366 praesentis
2229 4296 2355 4352 vitae
2371 4296 2576 4352 cibavit
2598 4312 2879 4368 pressura,
2904 4296 3000 4352 sed
3028 4296 3192 4352 etiam
3219 4292 3530 4366 potum.de-

1921 4389 2005 4446 dit
2027 4388 2110 4445 eis
2140 4388 2194 4444 in
2226 4388 2486 4461 lacrymis
2509 4388 2563 4444 in
2591 4405 2873 4445 mensura.
2898 4387 3049 4445 Unde
3081 4397 3141 4445 ut
3167 4396 3223 4444 et
3243 4403 3363 4451 nos,
3385 4386 3527 4441 dile-

1922 4480 2154 4538 ctissimi
2179 4478 2399 4548 fratres,
2423 4494 2551 4537 cum
2574 4479 2780 4553 eisdem
2804 4478 3138 4550 martyribus
3162 4476 3390 4543 Christi,
3416 4475 3531 4533 Deo

203 4569 431 4629 Veritas
459 4572 719 4640 ostendit,
736 4590 862 4630 cum
893 4574 972 4630 ait
999 4618 1013 4631 .
1047 4575 1107 4631 Si
1128 4576 1247 4648 quis
1276 4576 1456 4647 diligit
1489 4594 1593 4645 me,
1612 4593 1815 4632 sermo-
1846 4585 1892 4644 ο
1920 4572 2153 4647 gloriam
2175 4572 2391 4640 demus,
2424 4569 2859 4648 misericordiam
2882 4570 3002 4639 ejus
3029 4567 3309 4629 humiliter
3328 4568 3528 4639 implo-

199 4681 335 4721 nem
358 4681 526 4721 meum
548 4667 778 4722 servabit
814 4666 997 4737 (Joan.
1027 4668 1162 4739 xlv).
1191 4669 1257 4725 Et
1293 4670 1430 4727 bene
1458 4671 1681 4742 quidem
1709 4670 1815 4729 Ec-

193 4755 380 4812 clesia
401 4771 499 4827 pro
523 4757 708 4814 nimiae
734 4757 1042 4816 dilectionis
1071 4760 1268 4817 aﬁ‘ectu
1299 4776 1408 4817 non
1438 4761 1586 4818 aliud
1633 4763 1814 4834 quod-

192 4850 345 4906 libet
366 4850 646 4919 poculum,
670 4852 767 4908 sed
789 4860 1034 4909 mustum
1065 4869 1167 4911 suo
1198 4855 1401 4926 praebet
1433 4856 1654 4925 dilecto,
1684 4857 1814 4928 quia

192 4947 480 5007 niustum,
510 4956 638 4997 cum
667 4941 1135 5001 ferventissimam
1179 4954 1287 5014 est,
1319 4962 1603 5019 nunquam
1645 4963 1677 5003 a
1708 4962 1814 5004 suo

192 5031 397 5089 calore
431 5033 697 5103 probatur
725 5035 981 5104 deﬁcere,
1018 5037 1343 5109 priusquam
1392 5039 1565 5095 nimio
1600 5038 1815 5095 fervore

194 5137 315 5181 suo
336 5136 556 5180 omnem
586 5125 993 5184 immunditiam
1023 5143 1053 5184 a
1078 5142 1137 5183 se
1163 5128 1382 5184 videtur
1405 5130 1625 5201 ejicere.
1660 5129 1815 5186 Unde

192 5229 309 5289 per
332 5214 436 5271 hoc
457 5226 702 5273 mustum
722 5219 991 5274 malorum
1009 5204 1364 5291 granatorum
1386 5236 1495 5276 non
1516 5222 1817 5293 incongrue

194 5307 463 5377 signatur
490 5307 649 5365 fortis
677 5309 896 5365 dilectio
934 5323 1273 5377 sanctorum,
1322 5312 1441 5383 qui,
1466 5312 1521 5367 in
1555 5313 1813 5383 passione

197 5412 314 5455 sua
340 5398 410 5455 ab
437 5391 592 5456 omni
613 5401 874 5458 vitiorum
905 5402 1067 5459 sorde
1090 5402 1366 5470 mundati,
1396 5412 1508 5459 tam
1533 5403 1816 5461 ferventis-

196 5490 354 5547 sima
402 5491 696 5551 dilectione
743 5494 916 5550 Deum
951 5495 1273 5552 videbantur
1302 5512 1511 5565 amare,
1535 5507 1597 5553 ut
1639 5514 1818 5570 neque

202 5599 387 5651 mors,
420 5603 599 5660 neque
647 5590 934 5647 tribulatio
978 5590 1164 5663 aliqua
1206 5602 1391 5663 posset
1423 5608 1520 5649 eos
1549 5594 1813 5651 aChristi

201 5677 480 5736 cbaritate
510 5697 786 5753 separare.
810 5683 1013 5739 Malum
1050 5694 1233 5740 autem
1263 5684 1557 5755 Punicum,
1587 5688 1734 5759 quod
1761 5688 1818 5743 in

201 5765 399 5824 Africa
433 5772 731 5843 plurimum
762 5775 1023 5843 abundat,
1053 5775 1261 5833 idcirco
1284 5778 1489 5833 malum
1520 5787 1822 5853 granatum

124 5871 145 5881 '
205 5855 438 5933 dicitur,
466 5864 598 5936 quia
619 5866 788 5923 multa
814 5875 1165 5938 granatorum
1190 5868 1586 5927 numerositate
1617 5871 1823 5928 redun-

1926 4681 2139 4733 remus,
2183 4673 2265 4733 ut,
2311 4663 2443 4736 quia
2481 4679 2594 4719 una
2643 4677 2770 4719 cum
2813 4661 2976 4717 Patre
3005 4670 3061 4717 et
3087 4660 3295 4733 Spiritu
3326 4661 3532 4717 Sancto

1924 4772 2071 4814 unus
2097 4756 2351 4827 idemque
2376 4771 2595 4827 semper
2614 4754 2818 4810 mansit
2837 4762 2892 4810 et
2918 4743 3530 4822 manet,'contritionesn

1926 4858 2175 4908 nostram
2197 4850 2272 4906 ita
2295 4848 2731 4907 clementissima
2760 4848 3115 4919 miseratione
3138 4847 3253 4920 jam
3281 4854 3438 4905 sanet
3470 4854 3534 4901 ut

1922 4944 2021 5016 qui
2051 4942 2262 5001 sanctis
2277 4942 2395 5016 suis
2422 4942 2479 4998 in
2495 4940 2754 5013 praesenti
2780 4941 2981 4997 saeculo
3002 4958 3097 5012 per
3120 4940 3321 4996 multas
3352 4938 3532 4994 tribu-

1924 5013 2161 5093 lationes
2195 5013 2436 5092 ostendit
2467 5034 2629 5099 dura,
2675 5033 2888 5091 meritis
2916 5050 3106 5090 eorum
3144 5032 3533 5088 intercedenti-

1924 5127 2050 5193 bus,
2087 5136 2143 5183 ct
2187 5128 2369 5193 nobis,
2410 5126 2576 5182 etiam
2615 5140 2743 5183 eum
2775 5127 2860 5183 eis
2904 5135 3093 5197 potum
3121 5126 3328 5180 tribuat
3358 5124 3413 5180 in
3453 5125 3534 5179 la—

1924 5220 2126 5292 crymis
2178 5219 2235 5275 in
2289 5234 2576 5286 mensura,
2611 5227 2887 5290 quatenus
2929 5217 3117 5274 divina
3170 5216 3535 5287 inspiratione

1923 5310 2263 5380 compuncti,
2291 5308 2455 5381 digne
2476 5324 2603 5365 cum
2626 5309 2708 5365 eis
2736 5317 2962 5365 cantare
2978 5308 3266 5379 possimus
3290 5306 3532 5378 elogium

1924 5401 2057 5456 illud
2089 5401 2419 5472 prophetica:
2442 5398 2799 5471 jubilationis
2828 5419 2840 5456 :
2874 5399 3092 5455 Potasti
3114 5416 3207 5454 nos
3236 5399 3356 5454 riuo
3385 5414 3534 5453 con»

1919 5494 2246 5563 punctionis.
2301 5492 2460 5562 Quod
2499 5495 2616 5568 ipse
2662 5502 2925 5565 praestare
2958 5492 3234 5564 dignetur,
3263 5490 3360 5562 qui
3406 5503 3535 5545 cum

1920 5582 2086 5641 Patre
2107 5594 2162 5641 et
2198 5584 2411 5658 Spiritu
2440 5585 2644 5645 Sancto
2668 5586 2803 5642 vivit
2826 5594 2884 5645 et
2909 5593 3105 5658 regnat
3125 5584 3181 5640 iu
3205 5583 3405 5643 saecula
3432 5596 3537 5640 sa-

1925 5676 2198 5734 culorum.
2226 5678 2399 5735 Amen
