3960 6316
229 339 263 393 1
284 338 422 397 023

1735 321 2124 381 ΒΞΒΜΟΝΕΒ.

3424 326 3567 389 θυῖε

222 459 414 516 calis
443 457 602 514 cilicii
632 456 742 512 Deo
771 455 933 528 digne
970 449 1354 525 prosequendo
1403 453 1704 519 negotium,
1736 439 1875 513 patri
1905 442 1951 500 Α
1985 439 2085 495 ties
2122 454 2219 510 per
2248 437 2594 498 dilectionem
2625 442 2885 514 proximi,
2917 441 3182 500 virtutum
3209 443 3414 502 scalam
3438 462 3565 504 cum

225 565 371 605 suo
399 547 611 604 scilicet
653 545 897 611 Christo,
936 543 1060 615 jure
1081 539 1350 599 successit
1374 539 1429 594 in
1458 533 1822 594 sacerdotium
1854 549 1869 599 ;

228 641 501 713 quando
528 653 684 695 mens
716 637 837 708 ejus
886 636 942 691 in
969 649 1157 690 amore
1183 631 1385 689 summi
1410 626 1694 685 Pontiﬁcis
1725 624 1873 680 illius

226 742 389 789 erat
425 733 654 799 intenta,
687 730 783 803 qui
812 746 907 803 per
956 727 1232 800 proprium
1278 723 1589 794 sanguinem
1634 715 1872 773 introivit

227 824 434 880 semel
456 824 731 891 instincta,
748 830 948 878 acterna
962 817 1314 889 redemptione
1337 812 1546 870 invento
1565 810 1751 884 (Hebr.
1769 809 1867 881 Ix).

225 914 424 972 Patri
444 931 546 972 suo
565 916 692 987 jure
715 912 1052 969 successisse
1075 910 1357 982 probatur,
1388 906 1483 978 qui
1530 903 1676 976 quod
1706 902 1870 957 corde

226 1010 525 1077 credidit,
556 1022 720 1079 opere
747 1006 1051 1065 testabatur
1079 1023 1094 1073 ;
1124 1002 1346 1076 quando
1371 1017 1471 1073 pro
1506 1013 1694 1054 amore
1720 996 1868 1052 illius

225 1100 326 1154 de
356 1099 566 1154 virtute
589 1098 688 1152 ivit
716 1096 773 1151 in
800 1097 1080 1162 virtutem,
1116 1109 1214 1165 per
1250 1107 1415 1165 quem
1443 1089 1599 1144 corde
1631 1087 1869 1142 creditur

226 1191 329 1244 ad
379 1190 683 1260 justitiam,
729 1205 820 1244 ore
872 1197 1050 1243 autem
1097 1188 1160 1258 ﬁt
1208 1185 1470 1257 confessio
1522 1182 1592 1237 ad
1639 1181 1867 1236 salutem

231 1284 447 1354 (Rom.
474 1282 553 1352 x).
592 1281 746 1338 Patri
802 1298 905 1339 suo
928 1282 1053 1353 jure
1081 1280 1368 1347 successit,
1405 1277 1499 1349 qui
1528 1276 1582 1331 in
1608 1275 1867 1330 interiore

229 1378 492 1434 homine
537 1395 640 1435 suo
701 1376 936 1433 formam
981 1375 1389 1448 quodammodo
1427 1369 1731 1428 divinitatis
1778 1384 1868 1424 cx-

226 1473 509 1545 pressit;
540 1473 760 1544 quando
791 1471 984 1527 adhoc
1014 1470 1435 1544 cogitationibus
1458 1466 1618 1522 malis
1651 1472 1704 1520 et
1737 1480 1865 1534 ope-

229 1562 424 1619 ribus
449 1563 780 1619 renuntiavit
810 1561 1058 1630 incestis,
1092 1569 1153 1616 ut
1180 1560 1275 1632 qui
1310 1561 1547 1631 portavit
1569 1561 1862 1633 imaginem

230 1655 491 1721 terreni,
534 1663 776 1726 portaret
828 1663 883 1710 et
928 1654 1223 1725 imaginem
1266 1653 1525 1709 cwlestis.
1566 1653 1714 1709 Patri
1761 1671 1863 1710 suo

224 1745 382 1817 jure
409 1746 693 1813 successit,
718 1746 812 1817 qui
838 1745 895 1800 in
923 1746 1089 1801 corde
1117 1746 1262 1801 bono
1287 1754 1342 1801 ct
1364 1746 1594 1815 optimo,
1623 1762 1723 1801 nec
1747 1746 1859 1800 vir-

236 1837 476 1893 tutibus
511 1853 753 1909 unquam
778 1838 1010 1905 obstitit,
1057 1854 1159 1894 nec
1202 1838 1353 1893 vitiis
1400 1838 1608 1906 cessit;
1637 1840 1858 1909 quando

234 1930 534 1985 nobilitati
562 1931 782 1998 mentis,
807 1947 916 2002 qua
946 1931 1002 1986 in
1023 1931 1247 1987 Christo
1274 1931 1428 1987 visus
1453 1940 1537 1987 est
1559 1933 1856 2001 nobilitari,

235 2035 493 2092 operum
517 2037 744 2077 suorum
791 2022 1128 2095 ignobilitate
1170 2023 1483 2080 nulfatenus
1504 2025 1719 2080 volebat
1746 2024 1859 2081 dis-

234 2113 540 2169 cordando
567 2113 846 2170 reluctari.
885 2112 975 2170 Sic
1009 2122 1065 2170 et
1100 2129 1223 2182 nos,
1266 2114 1609 2171 dilectissimi
1634 2114 1852 2183 fratres,

234 2204 308 2258 in
357 2204 673 2276 exemplum
720 2205 825 2260 viri
871 2205 1034 2263 istius
1085 2196 1466 2274 sacratissimi,
1501 2207 1606 2263 hoc
1644 2223 1858 2279 semper

232 2296 608 2355 elaboremus
634 2299 934 2366 insomnes,
988 2309 1048 2354 ut
1091 2299 1187 2353 ﬁlii
1225 2300 1563 2355 nominemm
1599 2308 1648 2355 ct
1680 2302 1855 2357 simus

232 2388 424 2456 illius,
462 2393 560 2460 qui
608 2391 719 2446 ait:
779 2389 891 2463 Ego
916 2391 1033 2445 dixi
1058 2406 1077 2445 :
1117 2390 1210 2445 Dii
1265 2391 1392 2445 estis
1423 2401 1474 2444 et
1501 2391 1604 2461 ﬁiii
1640 2390 1854 2446 ἕλ’τείδὶ

235 2496 435 2534 attines
482 2479 658 2551 (Pscl.
692 2485 922 2552 LXXXI);
969 2496 1037 2537 ne
1057 2482 1211 2552 regni
1254 2482 1494 2537 caelestis
1542 2481 1853 2538 exlnercdes

232 2571 307 2626 in
339 2562 637 2642 Conspectu
669 2575 869 2629 summi
895 2573 1099 2646 judicis
1143 2574 1473 2644 Quandoque
1509 2572 1853 2629 inveniamur

234 2665 355 2732 rei,
405 2666 499 2736 qui
533 2667 680 2722 hunc
726 2666 1138 2723 sanctissimum
1170 2666 1352 2722 virum
1394 2667 1671 2721 transtulit
1705 2666 1758 2720 in
1786 2665 1853 2721 li-

288 2768 520 2814 ertatem
555 2760 740 2833 gloria:
762 2761 999 2817 ﬁliorum
1030 2760 1146 2816 Dei.
1174 2759 1232 2815 Si
1258 2761 1425 2827 enim,
1450 2760 1572 2830 ejus
1598 2761 1848 2831 exempla

251 2862 582 2923 sequentes,
607 2844 769 2924 quod
797 2853 1004 2911 bonum
1031 2861 1115 2909 est
1157 2853 1386 2909 invicem
1418 2853 1672 2908 volumus
1714 2854 1850 2909 bene

240 2946 533 3015 operando
579 2947 797 3014 sectari,
846 2947 1025 3002 simila
1076 2946 1168 3001 illa
1210 2946 1346 3018 lcgis
1394 2945 1448 2999 in
1477 2945 1635 3000 altari
1666 2946 1848 3003 cordis

240 3044 367 3091 tota
394 3037 669 3092 videretur
693 3038 952 3106 cremari,
976 3039 1043 3093 de
1066 3054 1173 3109 qua
1189 3037 1377 3093 eadem
1405 3037 1492 3092 lex
1520 3037 1845 3108 praecipien-

1975 531 2182 602 angclis
2197 532 2661 591 descendentibus
2674 536 2984 622 descendit;
3007 537 3393 594 holocaustum
3410 555 3563 608 vero,

1976 625 2197 694 quando
2224 639 2321 696 per
2365 626 2711 683 dilectionem
2753 627 2849 684 Dei
2888 630 3137 686 eamdem
3182 630 3387 686 scalam
3431 642 3560 690 cum

1970 717 2181 788 angelis
2209 720 2630 777 ascendentibus
2646 723 2909 778 ascendit.
2932 720 3272 781 Sacriﬁcium
3297 724 3402 781 fuit
3424 740 3566 797 quo-

1971 808 2074 864 ties
2110 809 2408 867 Dominicze
2435 811 2835 871 incarnationis
2882 817 3048 887 pedes
3075 832 3199 872 cum
3233 817 3404 875 Maria
3429 832 3562 890 pee-

1971 903 2174 959 catrice
2229 904 2487 978 lacrymis
2548 908 2884 978 paenitentia:
2945 910 3115 979 lavit;
3177 912 3560 993 holocaustum

1972 1010 2105 1052 vero
2144 998 2363 1068 quoties
2411 999 2540 1067 boni
2590 1002 2772 1073 operis
2826 1016 3105 1075 unguento
3149 1013 3315 1075 caput
3358 1007 3562 1063 mentis

1969 1092 2146 1164 ipsius
2196 1094 2498 1152 divinitatis
2543 1113 2759 1153 summa
2787 1098 3005 1153 levavit.
3058 1098 3399 1155 Sacriﬁcium
3433 1100 3560 1170 fuit,

1968 1188 2191 1257 quando
2217 1188 2269 1242 in
2311 1190 2596 1260 praesentis
2634 1191 2761 1247 vitat
2794 1207 2961 1247 cursu
2988 1208 3017 1247 a
3048 1193 3430 1263 temporalium
3470 1208 3559 1250 ret-

1966 1294 2089 1335 rum
2126 1294 2333 1348 amore,
2380 1282 2537 1352 quasi
2578 1300 2703 1338 cum
2734 1282 2904 1340 Iacob
2946 1285 2999 1339 in
3040 1285 3233 1341 itinere
3258 1286 3557 1355 dormivit;

1967 1368 2351 1425 holocaustum
2379 1388 2527 1440 vero,
2559 1374 2800 1445 quando,
2836 1375 3099 1431 virtutum
3144 1377 3306 1433 scalae
3339 1393 3464 1433 cum
3491 1394 3559 1434 eo

1963 1461 2198 1532 desuper
2240 1463 2482 1532 innixus,
2533 1481 2631 1537 per
2683 1468 3161 1539 contemplationis
3201 1472 3439 1541 speciem
3489 1473 3558 1527 ad

1964 1555 2070 1610 alta
2107 1557 2378 1612 transivit.
2414 1558 2754 1615 Sacriﬁcium
2805 1560 2926 1625 fuit,
2956 1562 3179 1632 quando
3225 1565 3428 1635 popqu
3460 1564 3556 1621 Dei

1964 1658 2230 1719 praecepta
2276 1651 2410 1722 legis
2456 1651 2814 1708 historialiter
2842 1656 3194 1725 annuntians,
3240 1660 3401 1729 quasi
3426 1672 3553 1715 cum

1964 1739 2146 1813 Moyse
2166 1743 2232 1797 de
2248 1752 2431 1799 monte
2449 1745 2732 1801 descendit
2756 1764 2771 1813 ;
2800 1747 3180 1805 holocaustum
3196 1765 3348 1806 vero.
3373 1767 3554 1821 quan-

1961 1832 2033 1888 do
2059 1849 2121 1888 ea
2164 1834 2487 1906 spiritaliter
2527 1838 2838 1907 excutiens,
2897 1841 3056 1911 quasi
3106 1858 3231 1897 cum
3288 1843 3472 1916 Moyse
3496 1845 3552 1901 in

1960 1936 2201 1983 montem
2253 1930 2517 1985 ascendit.
2565 1930 2905 1987 Sacriﬁcium
2957 1933 3079 2002 fuit,
3110 1936 3334 2006 quando
3369 1937 3553 1992 humi—

1958 2020 2095 2075 liora
2132 2020 2225 2075 Dei
2248 2023 2502 2078 mandata
2522 2024 2695 2080 turba:
2715 2024 2944 2081 daturus
2969 2027 3223 2096 pedestri,
3253 2024 3552 2099 quasi‘cum

1957 2111 2086 2169 Jesu
2117 2114 2455 2171 descendens
2484 2117 2552 2172 de
2578 2126 2787 2185 monte,
2812 2118 2961 2174 stetit
2986 2119 3041 2173 in
3071 2120 3195 2175 loco
3223 2123 3550 2192 campestri;

1957 2205 2339 2263 holocaustum
2375 2223 2508 2263 vero
2532 2210 2755 2280 quando
2783 2210 3157 2281 subiectorum
3179 2213 3457 2281 cantibus,
3482 2228 3547 2271 ex

1956 2314 2020 2354 eo
2057 2301 2203 2370 quod
2247 2300 2489 2371 pontifex
2532 2311 2683 2370 erat,
2721 2304 2788 2359 ad
2815 2320 3092 2359 summum
3122 2307 3434 2377 pontiﬁcem
3464 2306 3517 2365 fa

1956 2392 2108 2449 ciens
2136 2402 2374 2465 pontem,
2406 2395 2565 2466 quasi
2595 2411 2720 2451 cum
2738 2394 2891 2464 Jesu,
2921 2398 3113 2454 videns
3143 2400 3333 2455 turbas
3355 2415 3519 2456 ascen

1954 2486 2034 2541 dit
2073 2487 2127 2541 in
2190 2496 2454 2542 montem.
2508 2486 2850 2545 Sacrilicium
2915 2489 3057 2559 fuit,
3113 2492 3549 2564 quandoquid-

1953 2576 2085 2647 quid
2129 2577 2183 2631 in
2215 2586 2400 2633 mente
2443 2594 2541 2635 sua
2570 2580 2828 2636 vitiosum
2881 2599 3003 2639 esse
3042 2584 3418 2654 deprehendit,
3456 2594 3547 2641 sa:-

1953 2670 2264 2727 cerdotibus
2285 2670 2512 2739 Christi,
2534 2674 2690 2743 juxta
2712 2684 3042 2745 prmeeptum
3066 2678 3334 2743 veritatis,
3366 2686 3546 2735 ostent-

1949 2759 2059 2828 dit;
2092 2761 2471 2819 holocaustum
2504 2780 2652 2833 vero,
2685 2768 2909 2837 quando
2936 2785 3048 2838 pra!
3077 2771 3361 2827 nobilitate
3385 2787 3545 2827 mena-

1948 2852 2042 2919 tis,
2087 2869 2252 2924 quam
2304 2870 2370 2912 ex
2421 2859 2734 2929 cognitione
2777 2860 3084 2917 divinitatis
3127 2865 3291 2919 traxit
3320 2866 3553 2935 eximia,

1947 2944 2211 3000 virtutum
2242 2948 2345 3003 alis
2393 2949 2460 3004 de
2510 2951 2635 3007 imis
2675 2966 2890 3024 semper
2919 2955 3122 3012 volavit
3167 2958 3234 3012 ad
3261 2958 3540 3017 sublimia‘.

1948 3035 2291 3094 Sacriﬁcium
2350 3039 2474 3108 iuit,
2509 3044 2729 3112 quando
2781 3047 3106 3104 renuntians
3164 3050 3393 3118 szeculo,
3444 3051 3542 3108 sed

260 3130 336 3185 do
360 3128 705 3186 subinferens
738 3148 751 3185 :
806 3129 877 3184 Et
906 3139 1037 3198 tota,
1088 3130 1285 3201 inquit,
1333 3130 1657 3183 cremabimr
1689 3131 1744 3183 in
1769 3129 1844 3183 αι-
1871 3146 1917 3208 (ι
1944 3127 2191 3183 nondum
2232 3129 2467 3200 perfecte
2501 3132 2779 3189 adhaerens
2805 3135 3059 3203 Domino,
3092 3141 3251 3210 quasi
3287 3156 3412 3196 cum
3444 3140 3540 3196 Jac

245 3223 362 3276 tari
387 3220 577 3294 (Leuit.
601 3224 699 3294 γι).
725 3223 830 3278 Per
854 3224 959 3278 hoc
990 3223 1163 3279 altare
1200 3221 1336 3277 nihil
1359 3221 1528 3287 aliud,
1563 3222 1667 3277 nisi
1691 3222 1843 3292 puri-

244 3324 336 3369 tas
367 3315 565 3371 mentis
601 3315 828 3388 intelligi
855 3316 1092 3382 videtur,
1123 3330 1247 3386 qua:
1278 3331 1385 3371 non
1420 3314 1598 3370 solum
1631 3314 1843 3369 sacriﬁ‘

246 3407 418 3475 cium,
444 3409 537 3463 sed
562 3408 728 3463 etiam
773 3409 1160 3463 holocaustum
1200 3404 1311 3461 Deo
1340 3421 1460 3462 esse
1483 3404 1837 3476 perhibetur;

247 3498 296 3554 si
328 3507 507 3553 tamen
556 3515 657 3570 pro
702 3501 1010 3555 animarum
1038 3499 1214 3556 salute
1263 3499 1337 3555 ita
1374 3498 1429 3553 in
1459 3514 1523 3553 ea
1550 3484 1710 3554 i‘ortis
1738 3498 1840 3553 zeli

246 3571 453 3647 frixura
483 3592 773 3661 fervescat,
799 3602 860 3649 ut
910 3591 1303 3650 misericordia:
1344 3593 1518 3648 virtus
1548 3593 1600 3647 in
1632 3609 1694 3648 ca
1729 3608 1839 3648 non

245 3683 432 3739 minus
454 3685 640 3739 ardeat
669 3691 724 3739 et
745 3685 1031 3740 clarescat.
1056 3684 1231 3739 Aliter
1258 3683 1402 3740 enim
1431 3684 1837 3752 holrcaustum,

246 3775 391 3846 quoi
420 3774 584 3831 latine
607 3784 783 3831 totum
810 3776 1093 3832 incensum
1124 3775 1344 3843 dicitur,
1368 3791 1399 3830 a
1426 3776 1576 3831 nullo
1595 3775 1837 3832 ﬁdelium

245 3867 301 3922 in
340 3868 560 3925 veritate
588 3869 886 3940 perﬁcitur,
928 3869 1035 3925 nisi
1062 3884 1161 3941 per
1193 3869 1402 3926 amoris
1430 3869 1634 3943 ignem,
1671 3885 1835 3941 quem

248 3960 434 4032 l:galis
476 3963 564 4018 ille
608 3961 753 4035 ignis
802 3963 1123 4042 spiritaliter
1165 3963 1384 4041 ﬁgurat,
1427 3978 1592 4020 omne
1618 3963 1833 4033 Vitium:

244 4054 390 4132 quod
412 4071 463 4115 tn
492 4063 780 4119 corde‘suo
809 4066 951 4118 male
992 4071 1203 4134 strepit,
1227 4069 1441 4117 exurat.
1477 4054 1654 4129 Unde,
1681 4057 1833 4133 quia,

245 4153 300 4207 in
320 4163 611 4225 conspectu
631 4154 1096 4228 Dei,‘sicut.sacra:
1114 4153 1411 4225 Scriptura:
1436 4160 1669 4209 testatur
1685 4153 1835 4224 judia

246 4244 411 4312 cium,
458 4246 840 4303 holocaustum
895 4249 1074 4319 majus
1118 4255 1205 4302 est
1245 4261 1413 4318 quam
1461 4244 1829 4314 sacriﬁcium;

246 4336 364 4392 ideo
394 4354 614 4396 necesse
639 4349 723 4396 cst
753 4348 813 4396 ut
835 4341 1217 4412 unusquisque
1261 4339 1503 4395 ﬁdelium
1537 4354 1634 4410 per
1655 4338 1831 4393 sacri~

246 4429 422 4485 ﬁcium
452 4431 631 4488 laudis
666 4433 798 4504 quid
819 4433 1015 4488 debeat
1059 4432 1170 4488 Deo
1199 4440 1255 4487 ct
1298 4432 1428 4503 quid
1464 4430 1714 4502 proximo
1755 4430 1827 4485 ita

1947 3218 2052 3272 cob
2095 3219 2230 3288 pede
2275 3220 2455 3276 adhuc
2499 3222 2904 3281 claudicaverat
2962 3243 3101 3297 uno;
3155 3229 3534 3286 holocaustum

1946 3325 2095 3377 vero,
2149 3314 2371 3383 quando
2398 3314 2541 3372 alius
2589 3318 2639 3372 ei
2676 3334 2770 3388 pes
2804 3335 2870 3375 ex
2915 3335 2982 3375 eo
3024 3338 3194 3378 sanus
3236 3326 3534 3393 remansit;

1943 3402 2089 3472 quod
2123 3402 2179 3457 in
2228 3404 2417 3460 animo
2438 3406 2560 3477 ejus
2599 3409 2839 3464 transire
2873 3410 3160 3466 videbatur
3197 3427 3358 3468 omne
3388 3416 3535 3485 quod

1945 3496 2161 3553 transit.
2219 3496 2564 3554 Sacriﬁcium
2630 3500 2768 3570 fuit,
2828 3505 3053 3574 quando
3097 3506 3341 3563 militans
3398 3508 3532 3577 Deo,

1941 3589 2176 3660 negotiis
2203 3592 2561 3648 saecularibus
2614 3609 2963 3666 nequaquam
3009 3613 3069 3654 se
3118 3598 3443 3669 implicavit,
3474 3609 3535 3658 ut

1935 3682 1991 3738 ei
2041 3683 2312 3754 placeret,
2345 3687 2433 3741 cui
2482 3702 2544 3742 se
2596 3689 2875 3758 probavit;
2927 3690 3310 3747 holocaustum
3362 3708 3527 3763 vero,

1939 3774 2164 3846 quando
2226 3771 2425 3834 divina:
2465 3780 2913 3851 eotttemplationi
2964 3797 3185 3849 vacans,
3218 3783 3269 3838 ei
3316 3783 3531 3854 placere

1937 3868 2268 3925 desideravit
2322 3870 2714 3939 nihilominus,
2752 3872 2826 3927 de
2864 3887 2975 3942 quo
3021 3871 3526 3946 Psahnographns:

1948 3961 2165 4027 Vacate,
2195 3962 2396 4034 inquit,
2419 3972 2470 4018 et
2499 3965 2698 4030 uidete,
2728 3966 2979 4034 quoniam
3005 3983 3098 4037 ego
3125 3982 3243 4020 sum
3269 3967 3529 4024 Dominus

1937 4053 2114 4130 (Psal.
2161 4056 2310 4125 xu).
2345 4047 2688 4112 Sacriﬁcium
2728 4055 2869 4121 fuit,
2901 4060 3144 4128 quando,
3170 4075 3281 4129 pne
3330 4060 3528 4118 timore

1935 4147 2195 4224 supplicii
2218 4149 2442 4216 deﬂens,
2472 4151 2633 4220 quasi
2662 4167 2789 4207 cum
2819 4151 2936 4206 Axa
2986 4152 3097 4208 ﬁlia
3143 4152 3366 4224 Caleph,
3398 4154 3526 4210 irri-

1932 4260 2101 4316 guum
2133 4243 2343 4316 accepit
2370 4241 2636 4310 inici-ius;
2685 4243 3068 4300 holocaustum
3098 4260 3260 4313 vero,
3297 4248 3521 4318 quando

1933 4351 2033 4408 pro
2080 4337 2235 4409 regni
2282 4338 2522 4393 ccelestis
2572 4349 2764 4393 amore
2796 4335 3111 4405 deplorans,
3152 4352 3279 4392 eum
3333 4338 3524 4393 eadem

1934 4432 2049 4484 Ara
2098 4430 2366 4499 irriguum
2409 4428 2655 4499 possedit
2679 4425 2954 4499 superius.
2988 4424 3189 4484 Verum
3216 4428 3346 4498 quia
3372 4429 3528 4484 suﬁi~

247 4522 521 4594 diligenter
563 4526 826 4593 attendat,
876 4535 938 4582 ut
961 4542 1058 4598 per
1105 4525 1390 4581 charitat‘s
1434 4524 1611 4595 ignem
1660 4530 1826 4579 totam
1857 4519 1906 4578 D
1933 4522 2273 4593 cienterjam
2295 4521 2503 4578 dictum
2528 4529 2615 4576 est
2634 4535 2731 4591 per
2765 4535 2938 4575 sacrm
2965 4513 3226 4577 lectionis
3253 4519 3524 4592 judicium

248 4626 473 4671 mentem
504 4634 659 4672 suam
690 4617 743 4672 in
766 4634 953 4674 amore
980 4619 1295 4674 Conditoris
1336 4616 1609 4672 incendat.
1644 4614 1830 4671 Sacri-

247 4706 417 4761 ﬁcium
450 4724 688 4780 namque
709 4711 884 4777 otl'ert,
913 4711 1005 4781 qui
1041 4710 1357 4781 temporalia
1406 4709 1548 4764 bona
1574 4723 1699 4764 cum
1729 4706 1825 4763 Lia

246 4808 297 4852 et
325 4796 528 4855 Martha
559 4801 696 4857 bene
719 4802 1083 4858 ministrando
1112 4802 1523 4891 Deum‘pmcat;
1562 4801 1825 4857 holocau-

248 4908 383 4949 stum
415 4912 578 4967 Vt‘l‘o,
609 4900 703 4971 qui
741 4916 866 4957 cum
890 4899 1136 4956 Rachele
1159 4910 1212 4957 et
1255 4901 1426 4956 Maria
1464 4901 1662 4956 divinae
1690 4918 1824 4957 con-

248 4988 572 5058 templationi
623 4995 884 5049 attentius
935 5004 1108 5049 vacat.
1145 4992 1487 5049 Sacriﬁcium
1517 4993 1694 5062 oﬁ‘ert,
1727 4994 1823 5065 qui

247 5081 590 5141 historialitcr
626 5087 934 5164 legit‘quod
973 5088 1125 5160 virga
1168 5086 1325 5142 arida
1375 5086 1649 5158 quondam
1691 5103 1822 5158 pros

245 5174 360 5229 tulit
376 5176 563 5233 ﬂorem
590 5197 604 5246 ;
637 5178 1019 5236 holocaustum
1050 5196 1199 5247 vero,
1240 5180 1336 5251 qui
1366 5178 1681 5251 spiritaliter
1701 5194 1820 5235 cre-

246 5267 321 5321 dit
354 5269 494 5338 quod
526 5270 731 5327 innuba
760 5273 915 5345 virgo
949 5273 1159 5345 peperit
1202 5272 1562 5328 Salvatorem.
1593 5271 1816 5329 Sacriﬁ-

247 5358 375 5412 cium
402 5360 579 5430 oﬁ'ert,
604 5363 699 5432 qui
723 5364 1001 5420 saecularis
1025 5364 1484 5437 concupiscentia:
1511 5364 1662 5419 lucra
1692 5363 1821 5418 reli-'

247 5450 485 5521 quitcum
515 5453 804 5524 Matthaso;
830 5457 1211 5515 holocaustum
1244 5472 1393 5523 vero,
1427 5456 1521 5526 qui
1549 5455 1812 5511 virtutum

247 5544 438 5600 meritis
467 5548 719 5604 arborem
766 5551 948 5607 crucis
989 5551 1234 5607 ascendit
1278 5565 1403 5606 cum
1431 5547 1680 5605 Zachaeo.
1713 5545 1814 5603 Sa-

247 5636 493 5695 criﬁcium
512 5641 679 5714 igitur
692 5652 745 5699 et
771 5644 873 5701 iste
902 5646 984 5700 vir
1013 5645 1398 5702 sanctissimus
1424 5642 1546 5711 fuit,
1569 5642 1808 5714 quando,

246 5727 409 5784 divina
450 5736 909 5807 contemplatiOne
968 5751 1302 5808 suspensus,
1351 5744 1521 5791 totam
1572 5743 1810 5789 mentem

248 5819 356 5894 igne
374 5821 540 5881 divini
570 5830 776 5885 amoris
819 5828 1092 5897 incendit;
1141 5827 1469 5884 sacriﬁcium
1509 5824 1631 5895 fuit,
1669 5843 1809 5899 quo-

1929 4616 2162 4688 qualiter
2190 4615 2275 4670 vir
2305 4616 2408 4670 iste
2432 4614 2737 4685 piissimus,
2762 4621 2818 4669 et
2850 4612 3232 4670 holocaustum
3263 4613 3430 4671 ﬁebat
3467 4623 3525 4672 et

1927 4709 2257 4767 sacriﬁcium
2279 4751 2293 4776 ,
2318 4715 2489 4763 restat
2511 4716 2571 4762 ut
2609 4706 2871 4777 quoniam
2914 4707 3067 4762 locus
3099 4716 3154 4763 et
3174 4717 3392 4779 tempus
3431 4710 3525 4764 hic

1927 4816 1988 4858 se
2038 4801 2239 4873 ingerit
2301 4808 2637 4872 opportune,
2700 4798 2936 4854 breviter
2983 4798 3235 4854 dicamus
3283 4798 3524 4869 qualiter

1926 4902 2221 4965 utrumque
2242 4892 2354 4948 Deo
2384 4908 2444 4948 se
2465 4890 2797 4947 oﬁ‘erebatin
2821 4905 3116 4946 commune
3142 4909 3158 4946 :
3184 4891 3519 4946 sacriﬁcium

1927 5000 2166 5057 namque
2197 4993 2255 5040 et
2291 4985 2675 5039 holocaustum
2711 4984 2910 5039 obtulit
2940 4983 3072 5051 Deo,
3107 4984 3330 5055 quando
3358 5000 3517 5041 reco-

1924 5080 2045 5135 lens
2074 5077 2204 5150 guid
2234 5078 2457 5134 deberet
2484 5075 2596 5132 Deo
2625 5084 2680 5133 et
2713 5077 2845 5148 quid
2881 5076 3155 5147 proximo,
3189 5077 3366 5131 reddit
3398 5094 3517 5147 qum

1923 5181 2046 5227 sunt
2063 5172 2292 5227 Cwsaris
2307 5169 2852 5241 Cwsari,etqurcsunt
2876 5168 2975 5223 Dei
2990 5168 3099 5222 Deo
3116 5167 3334 5239 (Matth.
3349 5173 3511 5233 xm).

1925 5264 2264 5321 Sacriﬁcium
2291 5272 2347 5319 et
2373 5263 2755 5318 holocaustum
2774 5259 2886 5315 Deo
2907 5275 3028 5316 esse
3052 5260 3276 5330 cupivit,
3291 5262 3517 5330 quando

1922 5357 1979 5412 in
2008 5355 2424 5412 tabernaculum
2463 5352 2703 5419 Domini,
2734 5351 2895 5422 quasi
2941 5366 3068 5406 eum
3097 5350 3282 5422 Moyse
3302 5351 3514 5406 crebro

1921 5449 2145 5507 intravit
2164 5457 2214 5508 et
2246 5449 2435 5506 exivit.
2481 5446 2826 5503 Sacriﬁcium
2859 5443 3102 5515 quidem,
3129 5443 3373 5515 quando,
3409 5459 3514 5513 pro

1916 5541 2237 5597 inﬁrmitate
2285 5540 2686 5611 proximorum,
2733 5536 2788 5589 in
2832 5535 2920 5590 his
2968 5550 3092 5605 quae
3137 5534 3324 5591 seculi
3377 5544 3510 5591 sunt

1914 5631 2262 5689 laudabiliter
2270 5631 2468 5695 exivit;
2489 5628 2876 5683 holocaustum
2891 5639 3043 5693 vero,
3061 5625 3306 5696 quando,
3321 5624 3513 5683 divina,

1915 5726 2374 5798 contemplatione
2425 5735 2791 5792 suspensus,.
2818 5720 2874 5774 in
2928 5719 3016 5775 his
3054 5735 3181 5790 quae
3235 5718 3330 5773 Dei
3375 5726 3511 5776 sum

1916 5820 2198 5875 humiliter
2252 5814 2495 5871 intravit.
2543 5809 2886 5868 Sacriﬁcium
2938 5810 3320 5869 holocaustum
3368 5808 3505 5877 fuit.

1839 5932 1884 5947 ,ἡ
1916 5920 1927 5935 ό

2004 5976 2032 5996 ’.
2069 5974 2145 5997 ιζ.-
