3960 6316
546 350 683 413 εὐὶῖ

1464 346 1848 405 BEllENGOSl
1885 343 2180 413 ASBATIS
2225 343 2282 399 S.
2327 341 2579 398 llAXlBll
2616 341 2897 398 TllE’t’lll.

3640 353 3742 409 1028

540 472 764 546 quando
810 481 866 527 ct
912 470 1130 527 lumbos
1178 468 1377 524 mentis
1415 483 1531 523 suae
1570 463 1842 521 castitatis
1898 461 2135 522 habebat
2169 462 2210 518 Α
2240 459 2359 530 ipso
2385 475 2482 530 per
2509 459 2858 515 dilectionem
2891 459 3128 529 proximi
3177 460 3306 515 huic
3335 460 3481 532 legali
3506 465 3746 526 sintiltrsic

537 569 740 623 virtute
762 566 1116 638 praecinctos;
1142 574 1198 620 ct
1230 573 1414 619 tamen
1442 562 1557 633 ipse
1591 561 1861 615 honorum
1890 572 2123 628 operum

537 659 790 730 lampade
830 672 939 713 non
987 657 1171 712 minus
1201 670 1387 711 coram
1414 653 1525 709 Deo
1545 651 1785 723 fulgebat
1815 651 1996 718 intus;
2036 663 2125 705 se-

536 764 714 821 quens
751 748 1006 806 videlicet
1030 748 1087 804 in
1133 747 1236 802 hoc
1261 746 1492 819 gratiam
1525 744 1851 800 viviﬁcantis
1875 743 2124 814 spiritus,

536 852 594 898 et
644 858 755 897 non
793 842 1098 899 occidentis
1141 840 1354 906 litterae,
1398 838 1530 894 dum
1554 847 1610 893 et
1648 836 1781 893 illud
1833 836 2007 891 voluit
2045 833 2128 891 fa-

532 950 681 1001 cere,
718 943 773 989 et
807 934 953 990 istud
994 949 1105 989 non
1129 932 1400 988 omittere.
1432 930 1559 988 liae
1597 930 1782 1003 igitur,
1811 929 2010 985 fratres
2043 929 2129 984 di-

534 1008 839 1092 lectissimi,
861 1042 986 1098 quae
1006 1027 1074 1082 de
1102 1026 1206 1082 hoc
1233 1024 1586 1082 sanctissimo
1616 1023 1735 1079 viro
1754 1023 1871 1095 jam
1884 1022 2127 1079 diximus

535 1119 845 1190 specialiter
889 1119 959 1175 ad
988 1118 1355 1189 nosmetipsos
1385 1116 1591 1173 referre
1639 1130 1938 1187 possumus
1958 1129 2126 1186 gene-

533 1212 751 1278 raliter;
783 1211 1045 1282 quoniam
1079 1211 1128 1267 si
1170 1210 1471 1283 praemium
1493 1218 1712 1265 aeterna:
1751 1207 2127 1264 retributionis

530 1317 662 1358 cum
686 1318 753 1357 eo
776 1302 1029 1373 cupimus
1046 1301 1395 1372 participare,
1414 1300 1698 1367 debemus,
1716 1300 1860 1356 sicut
1880 1299 1997 1371 ipse
2010 1314 2127 1353 am-

533 1396 770 1463 bulavit,
806 1398 862 1452 et
888 1411 992 1452 nos
1021 1395 1328 1452 ambulare.
1360 1392 1516 1450 Unde
1546 1401 1608 1449 ut
1641 1395 1845 1465 priora,
1883 1408 2007 1464 quae
2039 1392 2125 1448 di-
2218 1443 2225 1448 .

539 1490 817 1556 misimus,
855 1490 1038 1545 denuo
1092 1497 1428 1560 repetamus,
1463 1488 1702 1543 similam
1742 1487 2047 1553 offerimus,
2077 1486 2125 1543 si

531 1582 858 1638 munditiam
882 1581 1082 1637 mentis
1103 1581 1157 1636 in
1187 1581 1352 1638 corde
1385 1595 1701 1647 servamus;
1728 1579 1948 1635 illorum
1976 1579 2126 1634 vide-

529 1675 656 1730 licet
675 1674 924 1744 exemplo
945 1674 1016 1731 ab
1042 1673 1195 1729 omni
1222 1672 1481 1728 vitiorum
1515 1671 1797 1728 emendati
1831 1670 2012 1737 sorde,
2057 1670 2126 1727 de

530 1765 732 1835 quibus
756 1765 1025 1836 scriptum
1042 1772 1159 1823 est:
1189 1764 1347 1819 Beati
1392 1763 1588 1819 mundo
1614 1763 1776 1817 'corde
1795 1761 2016 1834 (Matth.
2043 1761 2119 1833 v).

529 1853 670 1913 Huic
718 1867 899 1912 autem
948 1856 1144 1913 similae
1190 1857 1329 1912 bene
1373 1857 1555 1912 oleum
1611 1856 1941 1920 miscemus,
1991 1869 2117 1910 cum

529 1948 797 2020 proximis
846 1949 1053 2005 nostris
1102 1948 1390 2004 charitatis
1445 1955 1501 2003 et
1538 1947 1930 2004 misericordia:
1954 1962 2119 2018 opera

528 2040 1180 2114 enhibemus;quoniam
1226 2040 1587 2112 omnipotenti
1636 2039 1749 2095 Deo
1789 2038 2121 2095 sacriﬁcium

530 2144 784 2192 nostrum
829 2135 910 2192 sic
951 2135 1289 2206 permaxime
1320 2135 1516 2206 placet,
1564 2134 1612 2190 si
1637 2148 1766 2190 cum
1802 2132 2120 2200 severitate,

528 2243 696 2298 quam
714 2228 1017 2299 spiritualis
1032 2229 1182 2285 zelus
1201 2229 1442 2295 exhibet,
1460 2244 1658 2283 manus
1685 2242 1717 2283 a
1744 2226 2121 2283 misericordia

539 2335 649 2376 non
686 2329 859 2378 vacet.
890 2320 1094 2377 Deinde
1139 2337 1273 2377 vero
1294 2321 1539 2377 eamdem
1580 2319 1841 2386 similam,
1897 2321 2039 2376 sicut
2066 2320 2120 2375 in

531 2413 648 2485 lege
662 2414 892 2484 jubehat
911 2414 1198 2479 Dominus,
1222 2415 1344 2471 oleo
1370 2414 1570 2471 laetitiae
1603 2429 1959 2484 conspersam
1985 2413 2122 2469 bene

531 2506 587 2560 in
619 2506 898 2579 sartagine
925 2507 1205 2578 ponimus,
1241 2507 1287 2564 si
1326 2522 1423 2563 cor
1454 2515 1705 2563 nostrum
1738 2522 1836 2578 per
1859 2506 2123 2577 spiritalis

532 2600 632 2655 zeli
648 2601 1098 2667 destructionem,
1116 2616 1241 2671 quae
1261 2600 1317 2655 in
1339 2616 1472 2656 cura
1488 2600 1800 2655 animarum
1825 2597 2124 2670 perfectius

530 2703 891 2761 monstratur,
919 2710 1027 2749 non
1057 2695 1233 2751 solum
1266 2694 1619 2761 sacriﬁcium,
1650 2692 1745 2749 sed
1764 2693 1932 2749 ctiam
1964 2692 2120 2751 holo-

528 2797 783 2844 caustum
834 2787 944 2843 Deo
972 2803 1095 2845 esse
1143 2788 1423 2859 probatur.
1475 2787 1653 2855 Quam
1684 2787 1852 2844 etiam
1883 2788 2121 2845 calidam

529 2879 645 2936 Deo
666 2881 969 2944 olli-timus,
1000 2884 1052 2936 iu
1101 2881 1324 2936 o-loretu
1355 2880 1673 2948 suavitatis,
1698 2895 1825 2937 cum
1854 2881 2007 2939 zelus
2028 2896 2121 2938 re-

526 2958 816 3017 ctitudinis
844 2976 1089 3017 amorem
1139 2961 1304 3018 habet
1344 2962 1650 3019 charitatis.
1685 2961 1957 3031 Quoniam
1995 2979 2125 3022 nos-

525 3053 631 3124 ipsi
655 3069 737 3121 ea,
762 3054 830 3111 de
852 3044 961 3125 qua
980 3055 1171 3112 eadem
1192 3056 1374 3112 simila
1397 3056 1643 3124 oﬂ‘crtur,
1665 3066 1884 3130 sartago
1907 3070 2122 3129 sumus,

2231 549 2412 604 oleum
2447 548 2844 605 misericordiae
2870 549 3201 605 misceamus
3247 559 3310 604 ut
3351 567 3442 621 per
3466 553 3747 614 diletioneu.

2229 639 2584 697 Deieamdem
2597 641 2837 697 similam
2858 639 3092 697 calidam
3111 641 3164 695 in
3182 641 3405 696 odorem
3427 644 3747 703 suavissimum

2230 730 2463 789 Domino
2490 732 2696 805 jugiter
2725 732 2922 789 offerre
2953 733 3255 802 valeamus,
3282 750 3371 801 ne,
3410 733 3595 809 frigore
3621 741 3748 798 totius

2228 821 2532 894 iniquitatis
2552 833 2609 880 et
2630 824 2851 880 malitia:
2871 824 3069 896 pressi,
3095 824 3150 880 in
3167 841 3454 881 numerum
3470 836 3751 888 transeam:

2229 914 2471 983 illorum,
2505 916 2573 972 de
2587 917 2801 988 quibus
2833 916 3042 973 dictum
3072 927 3155 975 est
3181 937 3195 974 :
3239 917 3749 991 Refrigeseetcheritu

2186 1056 2189 1057 ,
2228 1008 2521 1064 multorum
2564 1009 2788 1083 (Matth.
2840 1010 3016 1083 sxw).
3054 1009 3214 1079 Quod
3273 1013 3392 1084 ipse
3431 1023 3658 1085 praestare
3688 1018 3751 1074 dio

2228 1111 2445 1173 gnetur,
2494 1102 2589 1175 qui
2628 1119 2757 1159 eum
2812 1102 2976 1161 Patre
3019 1115 3075 1161 et
3129 1103 3338 1178 Spiritu
3388 1116 3567 1163 sancto
3588 1108 3753 1168 vivitct

2227 1205 2421 1270 regnat
2450 1197 2505 1255 in
2543 1198 2746 1254 saecula
2782 1199 3134 1256 saeculorum.
3608 1220 3617 1229 ο

2840 1312 3076 1372 SERMO
3110 1313 3199 1370 IV.

2458 1421 2525 1461 υε
2565 1423 2670 1464 UNO
2702 1423 3036 1466 CONFESSORE
3072 1425 3249 1475 Ατρυε
3284 1424 3577 1467 ισοιετιηοε.

2229 1496 2306 1555 De
2330 1513 2398 1553 eo
2440 1499 2589 1569 quod
2638 1500 2724 1555 lex
2774 1500 3062 1571 praecipit:
3099 1499 3249 1573 Ignis
3304 1502 3361 1556 in
3396 1501 3555 1556 altari
3598 1504 3752 1560 ardebit

2298 1586 2521 1655 semper,
2577 1573 2987 1655 ᾳᾳεηιηωςζίει
3033 1573 3305 1655 sarerdos,
3350 1573 3755 1655 subiiciensmae

2297 1639 2444 1711 ligna
2470 1658 2563 1715 per
2589 1639 2826 1715 singulos
2850 1643 3001 1706 dies;
3027 1652 3077 1698 et
3109 1645 3360 1714 imposito
3376 1639 3755 1715 _Itolocansto,de-

2298 1728 2457 1783 super
2474 1712 2708 1767 adolevit
2732 1712 2918 1783 adipes
2960 1712 3331 1785 pari/iceram.
3363 1713 3511 1785 Ignis
3546 1716 3631 1771 iste
3664 1734 3752 1785 pa-

2156 1821 2197 1881 “
2293 1794 2481 1881 ρειιξιέξ
2533 1794 2635 1881 fit,
2685 1785 2776 1838 ani
2820 1801 3093 1856 nunquam
3122 1785 3335 1844 deﬁciet
3371 1785 3437 1841 de
3476 1786 3623 1841 altari
3646 1785 3751 1842 Ila.

2293 1854 2371 1921 Vl,
2403 1854 2490 1924 12,
2532 1855 2642 1926 15).

2294 1946 2435 2015 Quia
2468 1945 2737 2005 Dominus
2759 1946 2955 2006 Noster
2979 1947 3143 2007 Jesus
3169 1948 3449 2019 Christus,
3471 1950 3645 2009 fratres
3664 1946 3756 2008 cha-

2223 2039 2453 2106 rissimi,
2491 2056 2591 2112 per
2612 2042 3005 2112 praedicatores
3032 2041 3296 2101 Ecclesiae
3331 2059 3525 2100 nomen
3552 2060 3685 2100 suum
3713 2042 3753 2101 is

2223 2132 2482 2203 gentibus
2515 2148 2582 2190 eo
2633 2142 2880 2206 tempore
2913 2136 3094 2192 voluit
3134 2135 3345 2208 ubique
3390 2137 3638 2203 distendi,
3675 2149 3755 2208 quo

2222 2239 2324 2294 pro
2384 2224 2724 2282 illustrandis
2779 2226 3381 2296 ﬁdelium‘cordibus,
3418 2229 3585 2301 ignem
3633 2241 3752 2285 suun

2222 2315 2378 2373 misit
2423 2317 2478 2372 in
2537 2326 2770 2386 terram,
2817 2327 2872 2375 et
2931 2320 3109 2376 voluit
3154 2322 3507 2378 vehementer
3548 2320 3752 2387 accendi;

2220 2410 2447 2483 dignum
2490 2412 2753 2469 duximus
2794 2421 2857 2468 ut
2900 2413 2955 2469 in
2991 2413 3292 2472 festivitate
3319 2413 3604 2471 sacerdotis
3637 2413 3757 2469 istius

2221 2503 2583 2560 sacratissimi
2668 2503 2759 2573 N.,
2790 2506 2950 2579 cujus
3004 2507 3169 2564 hodie
3222 2508 3491 2565 solemnia
3545 2508 3753 2574 colimus,

2220 2593 2413 2667 legalis
2462 2596 2614 2652 illius
2680 2598 2827 2669 ignis
2881 2601 3467 2657 commemorationem
3517 2599 3753 2667 faciamus,

2222 2702 2421 2759 quem,
2475 2688 2619 2745 idem
2655 2688 2861 2747 Christi
2919 2692 3246 2763 praedicator
3292 2693 3540 2766 egregius
3589 2692 3756 2749 assidue

2220 2784 2500 2855 quondam
2522 2785 2578 2841 in
2592 2785 2968 2857 subiectorum
2993 2802 3221 2843 suorum
3237 2788 3483 2844 incendit
3502 2786 3751 2843 animabus.

2220 2874 2333 2933 Lex
2381 2876 2529 2934 enim
2566 2880 2806 2951 antiqua
2851 2881 3031 2954 typice
3067 2882 3229 2939 nobis
3256 2882 3397 2938 olim
3418 2881 3751 2955 praenuntius.

2220 2968 2456 3039 qualiter
2491 2973 2871 3044 unusquisque
2919 2972 3162 3029 ﬁdelium
3208 2973 3388 3029 divini
3434 2974 3621 3031 amoris
3664 2972 3755 3043 igne

2216 3059 2424 3135 iugiter
2465 3063 2659 3120 ardere
2708 3065 2970 3135 studchit,
3004 3066 3060 3121 in
3099 3066 3350 3138 quodam
3396 3067 3516 3123 loco
3542 3065 3648 3122 inde
3681 3076 3755 3119 nos

525 3147 596 3214 si,
624 3163 736 3219 prae
753 3148 937 3204 calore
955 3148 1245 3216 virtutum,
1267 3150 1451 3207 omnis
1479 3149 1737 3206 vitiorum
1766 3166 1798 3207 a
1820 3152 1979 3209 nobis
1997 3140 2127 3210 eva-
2143 3192 2191 3257 ο
2221 3156 2503 3213 instruens
2533 3175 2546 3213 :
2588 3156 2760 3230 Ignis,
2782 3148 2793 3157 ’
2812 3159 3012 3232 inquit,
3055 3160 3113 3215 in
3157 3159 3330 3214 altari
3359 3175 3556 3230 semper
3576 3155 3752 3211 ardebit.

526 3242 708 3297 nuerit
726 3241 931 3298 fumus.
956 3241 1296 3300 Sacriﬁcium
1319 3253 1500 3301 autem
1524 3244 1829 3314 offerimus,
1868 3246 1916 3304 si
1941 3247 2126 3305 carnis
2146 3241 2191 3257 ’⁸
2222 3250 2530 3324 Statimque
2566 3253 2909 3326 praesignens
2959 3253 3196 3325 qualiter
3215 3268 3323 3326 pro
3342 3253 3528 3310 eodem
3560 3252 3664 3324 igne
3680 3265 3753 3303 uno

526 3353 717 3394 curam
766 3339 822 3395 in
855 3341 1319 3411 concupiscentiis
1348 3357 1457 3397 non
1495 3340 1817 3411 fecerimus;
1859 3344 2125 3402 holocau-

526 3440 672 3486 stum
699 3447 851 3497 vero,
895 3432 940 3487 si
976 3441 1144 3489 totam
1172 3434 1528 3490 intentionem
1567 3444 1815 3492 nostram
1851 3436 1907 3491 in
1939 3451 2129 3495 amore

527 3522 837 3581 Divinitatis
884 3525 1306 3583 incenderimus.
1348 3526 1689 3584 Sacriﬁcium
1734 3529 1900 3585 etiam
1944 3530 2129 3586 oderi-

525 3630 653 3672 mus
679 3617 748 3683 si,
776 3618 959 3675 ahlato
982 3635 1012 3674 a
1048 3620 1207 3676 nobis
1228 3620 1497 3676 fermento
1526 3622 1746 3678 malitiae
1764 3632 1830 3678 et
1850 3624 2125 3694 nequitiae,

528 3706 583 3761 in
628 3724 722 3764 ara
770 3710 955 3767 cordis
1002 3712 1177 3768 nostri
1215 3714 1594 3771 sacriﬁcamus
1636 3714 1749 3772 Deo
1795 3716 2127 3774 sacriﬁcium

522 3801 785 3874 iustitiae;
820 3806 1203 3864 holocaustum
1243 3824 1394 3873 vero,
1439 3825 1590 3877 cum,
1635 3826 1733 3881 per
1780 3811 1909 3866 boni
1948 3812 2130 3883 operis

526 3899 1081 3965 consummationem,
1108 3900 1183 3955 illi
1206 3900 1590 3958 desideramus
1610 3902 1663 3957 in
1685 3914 1944 3973 perpetua
1966 3913 2128 3961 aeter-

526 3988 697 4045 nitate
748 3994 1045 4060 conscribi,
1085 3994 1153 4049 ad
1200 4011 1365 4065 quem
1411 3994 1920 4067 Psalmograpbus:
1956 3998 2128 4054 Ποιο-

526 4090 737 4149 cauata,
784 4083 984 4155 inquit,
1024 4086 1318 4141 medullam
1360 4088 1584 4158 o/feram
1622 4089 1720 4144 tibi
1758 4089 1934 4161 (Psal.
1978 4097 2125 4161 tu).

530 4171 875 4232 Sacriﬁcium
907 4193 1038 4233 vero
1057 4188 1112 4234 et
1142 4179 1523 4237 holocaustum
1557 4182 1837 4241 offerimus
1862 4186 2131 4243 immacu-

525 4244 720 4335 latnm,
768 4269 814 4326 si
861 4285 959 4326 cor
999 4282 1249 4329 nostrum
1294 4276 1365 4331 ab
1409 4277 1668 4335 omnibus
1709 4279 1853 4337 vitiis
1900 4291 2127 4338 exutum

528 4367 706 4415 totum
733 4361 932 4419 divinae
953 4365 1241 4424 charitatis
1275 4367 1444 4425 fuerit
1469 4369 1594 4442 igne
1617 4382 1960 4441 crematum;
1986 4390 2129 4446 qua-

529 4461 692 4511 tenus
729 4471 828 4527 per
869 4458 1030 4516 bonae
1075 4463 1411 4533 operationis
1455 4465 1744 4523 incensum
1795 4468 1955 4541 legali
1998 4470 2129 4526 huic

2219 3344 2433 3402 trielido
2480 3345 2752 3401 sacerdoti
2801 3345 3003 3417 cuique
3051 3344 3368 3417 quotidiani
3397 3343 3625 3402 exercitii
3644 3340 3753 3394 nulla

2217 3438 2564 3494 concedenda
2575 3446 2662 3495 est.
2680 3438 2839 3510 quies
2856 3456 2868 3493 :
2885 3436 3061 3505 Quam
3074 3440 3296 3506 nutriet,
3326 3439 3521 3511 inquit,
3540 3432 3750 3497 sacerdos,

2216 3529 2502 3600 subjiciens
2533 3546 2688 3585 mane
2730 3530 2880 3602 ligna
2899 3547 2994 3602 per
3012 3532 3252 3603 singulos
3281 3532 3421 3588 dies.
3455 3530 3635 3586 Deinde
3650 3539 3748 3582 vero

2217 3622 2512 3680 insinuans
2559 3625 2725 3695 quale
2769 3625 3155 3682 holocaustum
3191 3624 3304 3682 Deo
3332 3625 3574 3681 redolere
3604 3620 3751 3678 debeat

2216 3715 2272 3773 in
2307 3716 2567 3773 cordibus
2590 3714 2889 3773 electorum
2922 3735 2935 3772 :
2963 3715 3245 3789 Imposito,
3277 3717 3479 3790 inquit,
3504 3714 3751 3770 holocausta

2214 3808 2441 3876 desuper
2498 3809 2733 3865 adolebit
2775 3810 2959 3882 adipes
3008 3811 3386 3882 pariﬁcorum.
3436 3809 3502 3865 Et
3546 3805 3748 3880 quoniam

2216 3899 2361 3957 idem
2413 3902 2558 3974 ignis
2586 3902 2645 3957 in
2675 3903 2837 3959 altari
2863 3903 3050 3960 cordis
3081 3903 3261 3959 nostri
3311 3917 3527 3975 semper
3549 3898 3684 3956 debet
3710 3902 3749 3950 et

2215 3990 2336 4048 sine
2386 3994 2698 4050 cessatione
2752 3992 3021 4061 cremari,
3072 3994 3343 4050 continuo
3400 3990 3746 4049 subinfcrens:

2216 4085 2368 4158 Ignis
2389 4088 2511 4156 iste,
2541 4089 2636 4155 ait,
2665 4096 2949 4159 perpetuus
2971 4097 3071 4154 est,
3099 4089 3191 4160 qui
3221 4104 3491 4160 nunquam
3513 4079 3749 4156 deﬁrietde

2213 4178 2400 4234 altari.
2446 4177 2619 4251 Igitur
2648 4188 2712 4235 ut
2752 4194 2815 4235 ea
2858 4194 2983 4250 quae
3023 4194 3174 4235 nunc
3197 4178 3549 4235 historialiter
3574 4172 3747 4230 recitata

2215 4278 2366 4337 sunt,
2405 4270 2792 4338 discutiamus,
2828 4278 3045 4341 tempus
3073 4279 3160 4327 est
3188 4279 3249 4325 ut
3274 4286 3376 4341 per
3403 4272 3514 4326 haec
3543 4273 3745 4338 quatuor.

2214 4377 2338 4434 quae
2383 4362 2811 4433 proposuimus,
2842 4362 3107 4419 solvendo
3162 4364 3475 4420 redeamus.
3516 4355 3745 4432 lgnis,ie-

2214 4456 2354 4527 quit,
2386 4456 2443 4510 in
2493 4455 2659 4510 altari
2704 4473 2909 4528 semper
2928 4457 3157 4512 ardebit.
3185 4456 3299 4513 Cor
3328 4458 3526 4529 quippe
3550 4462 3743 4509 nostrum

528 4546 726 4605 similae
749 4550 913 4623 digne
948 4556 1122 4624 possit
1152 4556 1491 4628 comparari,
1524 4560 1594 4616 de
1634 4576 1743 4632 qua
1785 4563 1987 4620 dicitur
2014 4581 2029 4620 ε
2055 4561 2120 4619 Et

2216 4548 2387 4604 altare
2418 4556 2505 4604 est
2530 4547 2648 4617 Dei,
2673 4549 2722 4605 si
2750 4557 2935 4605 tamen
2967 4549 3177 4622 nosipsi
3217 4549 3315 4605 ﬁlii
3350 4551 3486 4606 lucis
3514 4546 3744 4607 sumus,cl

517 4648 630 4692 tota
666 4640 990 4695 erentabitnr
1031 4641 1089 4696 in
1132 4640 1320 4698 altari.
1353 4639 1514 4698 Tunc
1565 4642 1767 4713 quippe
1820 4642 2003 4699 simila
2052 4643 2109 4698 in

513 4730 676 4785 altari
703 4740 817 4788 tota
849 4741 1148 4802 crematur,
1182 4734 1230 4789 si
1267 4732 1412 4790 Deus
1440 4749 1472 4789 a
1503 4734 1663 4790 nobis
1692 4743 1805 4789 tota
1848 4742 2028 4790 mente
2057 4742 2112 4789 et

514 4833 627 4880 tota
665 4825 865 4882 virtute
911 4826 1204 4899 diligatur;
1231 4827 1305 4883 ita
1352 4836 1560 4894 tamen,
1597 4835 1659 4883 ut
1697 4842 1795 4898 per
1832 4826 2110 4882 internum

514 4919 616 4972 zeli
646 4919 948 4990 spiritualis
981 4920 1254 5001 ardorem,
1302 4920 1356 4976 in
1390 4920 1671 4992 sartagine
1701 4919 1884 4977 cordis
1911 4919 2108 4988 nostri,

512 5009 770 5068 fraternae
810 5013 978 5069 etiam
1025 5014 1387 5070 correctionis
1431 5013 1791 5070 incendamus
1839 5027 2107 5068 amorem.

512 5103 619 5171 Qui
646 5107 794 5162 enim
821 5116 1072 5163 errantes
1103 5104 1388 5178 proximos
1418 5122 1550 5164 suos
1607 5107 1912 5179 corrigunt,
1945 5114 2001 5161 et
2029 5115 2111 5161 ta-

514 5214 641 5254 men
688 5199 744 5255 in
778 5200 894 5271 ipsa
930 5201 1273 5256 correctione
1300 5200 1645 5272 spiritualem
1681 5201 1858 5256 zelum
1897 5207 2107 5269 tempe-

512 5306 641 5347 rare
667 5292 881 5359 sciunt;
915 5293 970 5348 hi
1017 5293 1278 5349 nimirum
1327 5291 1689 5365 omnipotenti
1713 5291 1824 5349 Deo
1847 5300 1903 5348 et
1934 5290 2108 5348 sacri-

512 5383 698 5438 ﬁcium
721 5392 776 5439 et
792 5368 1186 5441 holocaustum
1225 5384 1384 5440 ﬁunt.
1416 5383 1574 5440 Unde
1602 5384 1978 5442 necessarium
2018 5392 2107 5439 est

514 5476 695 5543 nobis,
721 5476 919 5533 lratres
942 5478 1279 5545 charissimi,
1306 5486 1368 5533 ut
1389 5478 1445 5533 in
1472 5478 1577 5533 hoc
1599 5478 1840 5549 maligno
1862 5485 2108 5547 tempore

514 5568 836 5642 suffragium
862 5586 1178 5641 quaeramus
1199 5572 1504 5628 sacerdotis
1524 5571 1685 5628 istius
1712 5569 2107 5637 sacratissimi;

513 5671 788 5732 quatenus
818 5664 1031 5720 meritis
1086 5666 1262 5735 ips'us
1292 5681 1360 5721 ac
1409 5664 1664 5736 precibus
1709 5664 1804 5720 illo
1834 5661 2111 5733 spirituali

514 5754 635 5808 zelo
659 5755 868 5825 repleat
911 5772 1014 5812 nos
1050 5756 1197 5812 Deus
1226 5758 1294 5813 de
1322 5774 1434 5828 quo
1462 5758 1730 5828 scriptum
1787 5764 1876 5813 est
1901 5774 1913 5810 :
1944 5754 2112 5810 Tabe-

514 5861 659 5902 κει-ε
680 5864 758 5902 me
784 5850 906 5916 fecit
934 5849 1074 5903 zelus
1101 5867 1243 5903 mens
1264 5849 1439 5920 (Ρδιλ.
1461 5852 1672 5917 cxvtu),
1701 5858 1758 5905 ut
1786 5859 1839 5905 ct
1865 5864 1966 5904 nos
1986 5863 2111 5905 cum

2215 4643 2312 4700 ﬁlii
2348 4642 2498 4710 dici;
2547 4642 2622 4698 ita
2650 4651 2712 4698 ut
2734 4643 2900 4713 quasi
2943 4643 3077 4699 secti
3127 4658 3196 4699 ex
3234 4642 3506 4713 lapidibus
3536 4637 3675 4700 vivis,
3705 4638 3743 4683 et

2213 4736 2416 4795 virtute
2437 4734 2744 4806 quadratis,
2766 4733 2898 4801 Deo,
2925 4734 3088 4806 digne
3116 4735 3171 4790 in
3211 4735 3372 4791 nobis
3392 4732 3560 4789 σπειτί
3581 4727 3742 4784 valeJI-l

2214 4825 2360 4883 dona
2409 4836 2464 4881 et
2508 4825 2777 4882 sacriﬁcia
2828 4840 2930 4897 pro
2967 4826 3228 4897 peccatis.
3268 4824 3422 4882 Unde
3441 4833 3493 4879 et
3522 4819 3643 4893 ignis
3678 4813 3742 4868 ille

2214 4917 2406 4989 legalis
2436 4932 2545 4972 non
2571 4917 2849 4972 immerito
2870 4932 3086 4988 semper
3109 4918 3324 4974 ardebit
3352 4918 3403 4971 in
3433 4914 3596 4980 altari,
3621 4907 3661 4963 id
3681 4912 3740 4959 cs!

2218 5009 2272 5064 in
2299 5025 2397 5064 ara
2430 5008 2614 5065 cordis
2661 5009 2869 5075 nostri,
2913 5009 3114 5065 divina:
3141 5009 3426 5064 charitatis
3453 5005 3601 5062 ardor
3623 4998 3740 5055 δάμω

2217 5102 2337 5159 sine
2370 5100 2779 5157 intermissione
2808 5102 3076 5169 cremari,
3124 5116 3193 5157 ex
3224 5101 3317 5156 illo
3354 5098 3587 5155 videlicet
3616 5099 3737 5161 qua!

2214 5195 2572 5265 praediximus
2611 5194 2737 5266 igne
2783 5194 2886 5248 vim
2930 5209 3148 5265 semper
3174 5204 3494 5266 accepturus
3536 5178 3734 5243 ardcndi.

2213 5306 2381 5361 quem
2404 5289 2672 5346 Dominus
2690 5290 2845 5346 misit
2860 5290 2914 5345 in
2947 5298 3149 5346 terram
3174 5300 3230 5347 et
3252 5290 3421 5345 voluit
3453 5284 3736 5342 vehementer

2212 5382 2439 5440 aeccndi
2469 5382 2623 5454 (Luc.
2647 5380 2773 5454 sn).
2798 5380 2899 5439 Cui
2922 5382 3176 5439 videlicet
3198 5383 3330 5454 igni,
3360 5398 3426 5438 ne
3449 5381 3501 5436 in
3525 5373 3735 5443 subice“-

2206 5491 2329 5530 rum
2355 5489 2586 5531 suorum
2618 5474 2882 5531 cordibus
2913 5476 3213 5548 aliquando
3243 5476 3508 5531 v'ideretur
3534 5466 3730 5524 deﬁcere.

2209 5567 2467 5629 Sacerdos
2497 5566 2600 5623 iste
2630 5568 3042 5624 sacratissimns
3082 5584 3243 5624 mane
3271 5583 3367 5639 per
3408 5560 3624 5635 singulos
3644 5551 3730 5608 die!

2210 5660 2381 5727 ligna.
2431 5660 2486 5715 id
2535 5669 2641 5727 est,
2674 5661 3030 5730 antiquorum
3053 5660 3278 5716 Patrum
3324 5658 3521 5715 solebat
3540 5640 3727 5713 exempli

2215 5754 2519 5823 subjicere;
2563 5762 2839 5824 quatenus
2892 5757 2946 5808 in
2997 5768 3190 5811 eorum
3242 5752 3489 5810 cordibus
3524 5740 3724 5824 vitiarunt

2216 5846 2460 5903 omnium
2509 5846 2847 5902 torsionibus
2883 5846 2953 5901 ab
2999 5847 3191 5902 eodem
3241 5839 3367 5919 igne
3407 5833 3645 5905 crematiS,
3674 5821 3723 5887 1i
