3960 6316
98 401 109 405 ο
193 370 337 432 1029

1602 424 1618 439 ,
1662 355 2053 418 sannoxss.

3344 326 3495 420 rem

185 489 443 546 divinum
464 501 710 543 amorem
733 494 787 542 et
816 483 941 553 ﬂdei
965 498 1063 540 eos
1090 482 1232 556 ignis
1272 489 1327 538 et
1351 482 1565 552 lampas
1591 495 1787 535 accen-
1821 485 1863 542 Α
1891 474 2103 532 vocavit
2128 473 2197 531 ad
2222 475 2441 545 lucem;
2472 479 2670 535 ntLoni
2702 479 2884 552 cperis
2915 478 3183 552 lampade,
3211 480 3280 536 ad
3304 480 3486 553 ipsum

184 578 346 634 deret
374 576 681 633 cbaritatis.
708 573 886 642 Unde,
914 591 983 629 ne
1010 590 1111 645 pro
1140 574 1384 630 caicitate
1402 572 1584 628 cordis
1611 570 1785 625 nostri

176 674 374 743 justus
389 671 557 742 judex
573 670 628 724 in
646 668 832 724 futuro
845 665 1555 740 quandoquejudiciojuste
1570 678 1670 719 nos
1689 663 1788 718 da-

181 774 366 832 mnet,
384 765 613 836 dignum
635 771 720 817 est
750 769 811 817 ut
832 760 1216 831 unusquisque
1238 767 1511 826 nostrum,
1541 757 1754 813 dilectis
1776 786 1784 794 -

181 858 319 913 simi
360 857 579 924 fratres,
603 857 1027 928 quibuseunque
1058 854 1202 909 valet
1239 852 1474 920 nisibus,
1516 867 1575 907 se
1606 850 1789 906 studio

182 951 482 1007 charitatis
506 950 838 1018 inﬂammet;
868 948 942 1005 ita
964 948 1217 1004 videlicet
1235 945 1525 1003 conferens
1546 945 1601 999 in
1621 944 1789 1001 corde

182 1060 297 1100 suo
319 1044 645 1115 evangelicae
661 1042 1039 1099 testimonium
1062 1040 1330 1108 veritatis,
1343 1049 1404 1096 ut
1426 1040 1478 1094 in
1496 1055 1591 1094 ara
1606 1039 1790 1095 cordis

181 1138 305 1193 sui.
331 1153 613 1208 nunquam
660 1137 876 1193 deficiat
925 1136 1142 1191 ﬂamma
1189 1133 1497 1190 charitatis.
1554 1131 1792 1198 Quibus-

182 1232 333 1287 dam
356 1231 503 1287 enim
530 1230 717 1287 minus
755 1230 937 1286 adhuc
958 1230 1011 1284 in
1052 1227 1320 1285 cbaritate
1363 1224 1623 1298 perfectis
1648 1238 1792 1294 saepe

184 1324 470 1396 contingit
518 1324 664 1396 quod
703 1323 757 1378 in
804 1323 1063 1379 cordibus
1110 1321 1550 1394 qualemcunque
1595 1317 1821 1373 divinae-

182 1418 508 1474 dilectionis
531 1418 711 1490 ignem
742 1417 912 1474 semel
950 1431 1243 1472 accensum
1289 1430 1400 1470 nox
1450 1413 1632 1483 aliqua
1664 1427 1791 1483 pra-

181 1509 386 1565 vitatis
414 1508 735 1580 exstinguit,
773 1507 964 1577 sicque
997 1505 1261 1577 paulatim
1304 1502 1585 1568 deﬁciens,
1615 1502 1670 1556 in
1693 1517 1791 1557 eo-

182 1617 320 1656 rum
339 1601 617 1656 mentibus
634 1598 898 1655 citissime
922 1597 1015 1653 ﬂet
1034 1613 1097 1652 ex
1107 1597 1359 1660 stinctus,
1383 1595 1512 1661 nisi,
1529 1592 1790 1671 adhibitis

184 1695 612 1765 Scripturarum
652 1691 939 1761 exemplis,
988 1690 1130 1760 apud
1163 1689 1312 1760 ipsos
1359 1687 1600 1759 quotidie
1630 1703 1793 1759 repa~

182 1798 350 1842 retur
380 1787 547 1842 intus.
583 1783 695 1841 lloc
724 1784 906 1841 sciens
934 1783 1017 1838 vir
1042 1783 1144 1838 iste
1172 1783 1577 1846 sanctissimas,
1608 1780 1789 1853 ignem

183 1882 348 1936 hunc
378 1895 487 1936 non
517 1879 694 1934 solum
724 1877 779 1933 in
812 1893 908 1932 ara
930 1875 1111 1932 cordis
1134 1876 1219 1931 sui
1248 1875 1469 1931 assidue
1494 1873 1789 1945 reparavit,
1825 1845 1866 1904 Β

181 1975 291 2028 sed
323 1974 489 2031 etiam
535 1973 589 2027 in
641 1971 901 2027 cordibus
944 1969 1186 2025 ﬁdelium
1231 1968 1502 2034 nutriens,
1550 1967 1793 2039 quotidie

183 2067 368 2138 ligna,
398 2066 451 2121 id
493 2075 577 2120 cst
620 2064 1029 2135 Scripturarum
1060 2063 1373 2129 testimonia
1417 2062 1498 2117 eis
1520 2061 1794 2117 suﬂicien-

180 2157 409 2214 tissime
440 2155 813 2224 ministravit;
845 2163 1120 2227 quatenus
1166 2154 1337 2225 legale
1365 2152 1497 2208 illud
1529 2154 1791 2208 holocau-

182 2260 343 2307 stum
372 2249 483 2305 Deo
507 2250 778 2305 redolcrct
811 2249 866 2304 in
895 2248 1155 2304 cordibus
1185 2246 1451 2318 ipsorum,
1481 2247 1549 2302 de
1573 2264 1683 2321 quo
1708 2247 1793 2300 lex

181 2344 425 2416 antiqua
477 2341 865 2399 subinl‘erens:
921 2339 1197 2412 Imposito,
1236 2340 1435 2411 inquit,
1486 2338 1794 2393 holocausta

179 2430 422 2500 desuper
447 2428 677 2483 adolcbit
724 2428 908 2498 adipes
955 2428 1324 2498 paci/iceram.
1356 2423 1621 2496 Quisquis
1646 2426 1795 2481 enim

180 2522 341 2577 inter
388 2537 448 2577 se
477 2509 545 2576 ct.
578 2519 748 2576 Demn
775 2522 892 2575 vult
910 2519 1088 2577 facere
1124 2535 1337 2591 pacem,
1370 2519 1628 2590 primitus
1658 2518 1713 2572 in
1737 2532 1795 2573 se

181 2614 430 2685 geminze
455 2614 764 2670 dilectionis
792 2613 1122 2670 iucensurus
1150 2622 1233 2669 est
1263 2613 1475 2679 facem;
1502 2612 1632 2683 quia
1666 2619 1796 2667 tunc

182 2706 309 2760 Deo
337 2706 500 2776 digne
524 2704 590 2761 de
619 2720 677 2759 se
709 2705 932 2761 odorem
966 2704 1357 2760 suavissimum
1388 2703 1590 2771 reddit,
1618 2704 1664 2760 si
1695 2718 1795 2774 pro

179 2795 492 2849 tiil.~ctioue
547 2792 640 2849 Dei
673 2805 726 2849 et
773 2793 1008 2865 proximi
1062 2793 1129 2849 ad
1182 2792 1408 2848 humilia
1454 2808 1686 2863 quzeque
1734 2807 1796 2847 se

181 2887 384 2943 studio
414 2887 697 2944 cbaritatis
725 2887 965 2944 inﬂectit.
1003 2883 1156 2943 Unde
1184 2895 1238 2942 et
1268 2886 1350 2941 vir
1377 2886 1479 2941 iste
1510 2884 1796 2942 sanctissi-

183 2996 323 3036 mus
349 3022 365 3048 ,
408 2979 937 3052 postquam,eodcm
986 2980 1113 3053 igne
1174 2995 1505 3046 succensus,
1550 2980 1791 3033 animam

183 3089 357 3128 suam
390 3090 498 3129 non
528 3074 737 3130 viribus
762 3082 817 3130 et
847 3081 1137 3145 potestate,
1171 3073 1268 3129 sed
1320 3073 1549 3129 consilio
1592 3080 1647 3127 et
1674 3071 1792 3142 pie-

186 3173 311 3221 tate
345 3166 585 3237 regebat,
611 3166 1004 3240 cogitationum
1042 3183 1268 3223 suarum
1302 3166 1515 3222 interna
1545 3165 1795 3221 conside-

185 3274 354 3326 rans,
382 3259 623 3331 seipsum
651 3260 706 3315 in
741 3261 922 3317 cordis
953 3260 1333 3317 holocaustum
1360 3259 1595 3330 desuper
1618 3258 1793 3328 impo-

187 3351 369 3407 nebat
391 3371 405 3420 ;
426 3353 648 3424 quando
676 3353 731 3409 in
756 3356 940 3427 seipse
965 3356 1281 3426 spiritaliter
1302 3354 1619 3421 incendens,
1644 3352 1792 3424 quod

186 3443 282 3498 lex
314 3444 611 3500 carnaliter
633 3445 819 3516 jussit,
862 3461 1027 3503 omne
1075 3446 1293 3512 vitium,
1328 3445 1474 3516 quod
1504 3447 1558 3499 in
1580 3462 1639 3500 se
1667 3461 1791 3500 car-

188 3534 401 3591 naliter
427 3536 583 3604 vixit,
609 3537 927 3609 spiritaliter
955 3539 1216 3594 excussit.
1256 3537 1327 3594 Ut
1356 3539 1502 3595 enim
1535 3555 1631 3610 per
1652 3538 1795 3594 hanc

187 3628 441 3685 hostiam
472 3631 614 3687 inter
638 3648 697 3688 se
727 3641 781 3689 et
807 3631 977 3689 Deum
1017 3649 1207 3705 pacem
1235 3631 1464 3698 faciens,
1507 3630 1574 3685 ad
1604 3646 1795 3701 perpe-

188 3731 311 3778 tua:
343 3723 493 3794 pacis
520 3720 704 3796 posset
727 3726 1008 3783 pervenire
1053 3726 1415 3794 dulcedinem,
1442 3724 1794 3796 paciﬁearum

182 3815 442 3887 adipem,
496 3817 548 3871 id
587 3826 671 3873 est
716 3819 986 3874 internam
1033 3834 1189 3874 nova:
1219 3816 1654 3874 conversationis
1684 3814 1795 3870 Deo

193 3909 416 3965 solebat
443 3911 658 3967 adolere
700 3912 1083 3984 pinguedinem
1110 3931 1127 3980 ;
1167 3912 1389 3984 quando
1418 3911 1471 3967 in
1500 3911 1664 3970 corde
1693 3933 1795 3973 suo

192 4002 446 4072 peccatis
487 4003 744 4059 ontnibus
781 4003 981 4059 divinae
1006 4003 1314 4059 dilectionis
1360 4005 1483 4075 igne
1518 4008 1795 4076 crematis,

194 4094 449 4164 seipsum
472 4096 669 4152 obtulit
700 4095 808 4153 Deo
841 4096 1170 4153 sacriﬁcium
1203 4097 1257 4151 in
1302 4098 1524 4153 odorem
1557 4101 1800 4156 suavita-

199 4188 298 4244 tis.
334 4186 397 4242 Et
420 4190 680 4260 quoniam
710 4191 955 4261 ejusdem
988 4190 1184 4247 divina:
1213 4190 1497 4247 charitatis
1529 4208 1685 4248 amor
1712 4193 1798 4249 inv

196 4281 443 4336 visibilis
491 4282 543 4336 in
571 4284 826 4340 cordibus
861 4285 1160 4340 electorum
1213 4300 1430 4356 semper
1459 4287 1799 4356 permanebit

199 4375 690 4447 iuexstinguibilis,
720 4377 926 4435 idcirco
956 4378 1040 4433 vir
1069 4378 1211 4435 idem
1246 4379 1601 4436 beatissimus
1650 4381 1798 4452 ejus-

196 4467 333 4521 dem
366 4468 501 4539 legis
542 4485 606 4524 ea
637 4486 760 4540 quin
805 4471 985 4528 adhuc
1014 4480 1244 4540 restant,
1292 4472 1501 4529 studuit
1526 4484 1795 4545 przeccpta

197 4560 407 4614 sectari
431 4600 446 4627 ,
476 4561 532 4615 in
559 4562 760 4632 quibus
789 4563 990 4619 dicitur
1015 4583 1029 4620 :
1065 4563 1213 4637 Ignis
1242 4567 1343 4620 iste
1377 4576 1455 4621 est
1494 4578 1794 4638 perpetuus,

197 4652 297 4724 qui
322 4669 590 4724 nunquam
639 4654 941 4720 deﬁcietlin
970 4657 1157 4714 altari.
1204 4657 1397 4715 Nullus
1436 4661 1581 4716 enim
1620 4660 1793 4718 Deum

197 4760 336 4800 vere
381 4747 645 4816 probatur
695 4765 903 4818 amare,
943 4752 1047 4808 nisi
1098 4768 1260 4824 quem
1292 4770 1468 4827 neque
1493 4756 1793 4825 tribulatio,

198 4853 387 4908 neque
435 4841 688 4912 angustia
736 4845 936 4912 poterit
980 4846 1050 4900 ab
1087 4846 1207 4917 ejus
1240 4847 1508 4925 charitate
1541 4866 1796 4921 separare

203 4927 387 4997 (Rom.
421 4933 581 5001 vin);
613 4934 874 5003 quoniam
912 4950 1067 4991 amor
1118 4937 1346 4993 internae
1396 4938 1703 4994 dilectionis
1739 4941 1793 4995 in

198 5037 402 5076 eorum
453 5024 728 5081 mentibus
761 5042 1042 5098 nunquam
1078 5028 1189 5082 otio
1220 5029 1470 5097 tabescit,
1508 5032 1560 5098 in
1592 5033 1795 5103 quibus

199 5116 274 5172 de
298 5116 389 5171 die
416 5116 470 5171 in
499 5117 642 5172 diem
674 5119 872 5175 divina:
923 5121 1209 5177 charltatis
1252 5120 1431 5177 fervor
1461 5138 1677 5195 semper
1701 5142 1795 5181 ac-

201 5210 427 5266 crescit.
460 5209 574 5267 lloc
594 5213 775 5269 sciens
822 5215 1076 5270 sacerdos
1111 5215 1214 5271 iste
1266 5216 1482 5282 beatus,
1526 5233 1593 5271 co
1623 5219 1797 5290 magis

199 5318 493 5374 magisque
512 5320 772 5376 prospera
796 5306 984 5362 mundi
1012 5323 1109 5377 pro
1129 5306 1354 5363 Christo
1377 5308 1583 5364 solebat
1619 5309 1799 5381 despi-

200 5412 353 5463 cere,
385 5413 497 5469 quo
536 5398 789 5454 eumdem
828 5398 1026 5456 divina:
1072 5400 1356 5458 charitatis
1394 5401 1569 5473 ignem
1619 5402 1672 5458 in
1701 5419 1796 5458 ara

201 5490 389 5546 cordis
418 5492 504 5548 sui
548 5507 831 5562 nunquam
878 5508 1072 5562 passus
1117 5503 1200 5550 est
1225 5494 1493 5561 deiicere;
1524 5503 1800 5565 quatenus

186 5587 264 5659 _in
296 5596 586 5657 perpetuas
624 5586 955 5642 :eternitates
982 5586 1059 5641 illi
1089 5603 1305 5659 semper
1331 5588 1631 5643 adhaereret
1663 5588 1796 5660 igni,

201 5678 307 5750 qui
332 5678 500 5734 nullis
538 5694 782 5750 unquam
834 5679 1143 5735 tentationil
1158 5696 1223 5735 us
1265 5680 1462 5750 poterit
1499 5680 1795 5751 exstingui.

204 5768 319 5826 Sed
347 5778 402 5826 et
422 5786 519 5841 per
539 5771 793 5827 eumdem
816 5770 1099 5827 charilatis
1122 5772 1300 5842 ignem
1327 5787 1456 5828 oves
1504 5772 1608 5827 sibi
1645 5787 1813 5826 com:

204 5862 414 5917 missas
464 5861 532 5917 ad
558 5861 663 5918 hoc
706 5862 772 5917 de
805 5868 986 5918 morte
1010 5863 1074 5918 ad
1112 5865 1301 5926 vitam,
1334 5864 1399 5918 de
1437 5864 1675 5920 tenebris
1704 5880 1790 5918 re-

1892 567 2030 623 lucis
2080 577 2361 624 auctorem
2408 571 2650 642 seipsum
2700 574 3079 643 przeviatorem
3126 582 3486 644 sequerentur

1891 675 1957 715 ac
2001 660 2236 726 ducem,
2288 663 2509 732 quando
2558 678 2655 733 per
2700 663 2825 719 ﬁdei
2881 664 3061 735 ignem
3110 672 3164 718 ct
3200 662 3490 720 charitatis

1891 752 2166 808 ﬂammam
2213 753 2293 809 sic
2342 754 2490 809 intus
2548 756 2872 827 sibimetipsi
2937 772 3154 827 semper
3200 756 3492 813 consuevit

1892 848 2104 909 ardere.
2135 857 2193 902 ut
2225 857 2404 903 tamen
2430 850 2697 920 proximis
2731 852 2848 907 suis
2876 867 2987 905 non
3018 851 3203 906 minus
3227 850 3361 907 foris
3388 867 3490 923 per

1892 940 2020 997 boni
2051 942 2235 1013 operis
2289 943 2567 998 videretur
2600 945 2848 1016 exempla
2891 945 3092 1001 lucere.
3144 942 3323 1012 Unde,
3354 945 3487 1016 quia

1893 1033 1984 1088 tali
2017 1034 2333 1107 magisterio
2364 1036 2604 1106 seipsum
2637 1036 2868 1092 formam
2899 1039 3037 1094 bene
3062 1038 3277 1093 vivendi
3318 1038 3483 1093 Chri-

1893 1127 1961 1181 sti
1994 1143 2211 1198 semper
2238 1127 2449 1183 solebat
2475 1129 2734 1185 exhibere
2765 1132 3057 1194 m'.‘nistris,
3085 1131 3291 1188 idcirco
3320 1132 3373 1186 in
3401 1132 3488 1186 fu-

1894 1228 2040 1288 turo,
2060 1229 2117 1275 ut
2139 1220 2437 1289 credimus,
2460 1221 2597 1276 nihil
2625 1238 2917 1279 commime
2947 1225 3234 1280 habiturus
3257 1234 3340 1280 est
3359 1240 3488 1281 cum

1893 1314 2174 1381 sinistris;
2212 1315 2307 1370 sed
2357 1314 2500 1371 inter
2529 1316 2654 1372 illos
2681 1317 2865 1388 potius
2914 1319 3320 1388 praedicationis
3349 1335 3488 1391 apo-

1895 1404 2104 1459 stolicae
2151 1402 2303 1459 viros
2347 1415 2557 1476 partem
2589 1407 2919 1478 quandoque
2958 1408 3117 1463 debet
3139 1409 3263 1463 habt
3280 1426 3338 1466 re
3364 1427 3491 1467 cum

1894 1493 2155 1560 dexteris,
2201 1493 2404 1564 quibus
2454 1497 2766 1568 evangelica
2816 1498 2947 1552 olim
2975 1499 3174 1555 veritas
3201 1518 3219 1555 ι
3247 1498 3387 1569 Sint,
3414 1501 3495 1557 in-

1894 1587 2033 1657 quit,
2059 1587 2227 1640 lumbi
2274 1588 2431 1641 vestri
2470 1590 2772 1659 precincti,
2811 1600 2860 1644 et
2905 1590 3135 1647 lucerna:
3159 1576 3398 1648 ardentes
3434 1595 3492 1649 in

1896 1679 2140 1732 manibus
2172 1680 2355 1733 vestris
2379 1678 2533 1752 (Luc.
2576 1680 2793 1752 xn).-Et
2812 1678 2941 1737 ideo
2973 1699 3197 1739 necesse
3245 1694 3330 1739 est
3359 1696 3419 1739 ut
3438 1695 3496 1742 ct

1897 1779 1974 1838 tu,
2006 1787 2040 1824 o
2085 1771 2417 1839 Christiane,
2466 1774 2759 1846 diligenter
2807 1775 2951 1845 apud
3005 1784 3054 1830 te
3100 1776 3188 1831 die
3216 1786 3493 1849 noctuque

1896 1866 2206 1936 perpendas
2254 1866 2491 1936 qualiter
2536 1869 2785 1939 exemplo
2836 1868 2940 1923 viri
2989 1870 3152 1925 istius
3197 1870 3249 1924 in
3288 1880 3363 1937 te,
3394 1886 3494 1941 per

1898 1956 2307 2027 Seriplurarnm
2347 1959 2682 2029 testimonia,
2733 1962 2913 2032 ignem
2956 1961 3156 2016 divina:
3205 1961 3495 2017 charitatis

1895 2065 2110 2120 semper
2135 2051 2403 2106 accendas
2428 2070 2441 2106 :
2470 2052 2650 2108 sciens
2686 2053 2939 2110 videlicet
2965 2054 3111 2126 quod
3139 2053 3342 2109 summi
3385 2054 3491 2108 Sa-

1895 2144 2132 2198 cerdotis
2176 2144 2483 2199 membrum
2518 2145 2677 2201 aliter
2716 2158 2825 2201 non
2856 2148 2973 2216 lies,
2999 2146 3103 2202 nisi
3136 2147 3491 2218 antiquorum

1894 2234 2118 2291 Patrum
2168 2238 2414 2307 exempla
2466 2238 2728 2309 subjicias
2783 2238 2879 2294 tibi
2913 2256 3075 2296 mane
3123 2256 3218 2309 per
3248 2240 3497 2311 singulos

1895 2329 2031 2384 dies.
2079 2326 2145 2383 Et
2168 2329 2311 2397 ideo,
2350 2339 2410 2384 ut
2451 2331 2695 2401 quotidie
2727 2332 2907 2388 valeas
2935 2331 3046 2388 Deo
3071 2333 3232 2400 digne
3262 2333 3491 2401 servire,

1896 2422 1950 2477 in
1981 2440 2075 2477 ara
2113 2423 2294 2479 cordis
2325 2425 2401 2478 tui
2447 2424 2646 2479 divinae
2684 2425 2971 2481 Chal-italis
3027 2424 3300 2479 ﬂammam
3324 2427 3494 2482 debes

1896 2514 2015 2569 sine
2055 2514 2462 2571 i.;termissione
2503 2517 2736 2584 nutrire,
2771 2533 2838 2572 ne
2882 2518 3123 2573 deterius
3154 2519 3250 2573 tibi
3283 2519 3492 2591 aliquid

1896 2606 2020 2663 inde
2042 2609 2343 2680 contingat,
2374 2608 2419 2664 si
2451 2609 2503 2662 in
2526 2610 2690 2664 corde
2713 2620 2808 2665 tuo
2828 2610 3049 2681 superni
3078 2611 3284 2666 alueris
3311 2613 3493 2681 ignem

1896 2716 2002 2754 nox
2035 2701 2271 2770 alicujus
2301 2702 2560 2757 caecitatis
2591 2702 2925 2773 exstinguat.
2952 2701 3050 2758 llic
3078 2704 3320 2760 estcnim
3351 2705 3494 2776 ignis

1895 2791 2008 2859 ille,
2038 2810 2202 2865 quem
2254 2795 2478 2865 antiqua
2519 2794 2787 2851 Divinitas
2819 2813 2913 2866 per
2948 2797 3332 2875 pra-dicatoics
3360 2815 3496 2857 suos

1896 2887 2026 2941 olim
2052 2889 2217 2943 latius
2253 2888 2477 2957 sparsit,
2509 2889 2730 2958 quando
2768 2890 2833 2943 ad
2868 2889 3322 2946 illmniuatimn-m
3364 2909 3496 2961 gen-

1895 2978 2031 3031 tium
2054 2978 2199 3050 ignis
2212 2978 2267 3032 in
2284 2987 2581 3050 conspectu
2598 2979 2718 3050 ejus
2730 2981 2955 3048 exarsit,
2972 2998 3067 3053 per
3081 3000 3243 3053 quem
3260 2983 3422 3039 corda
3439 2988 3497 3038 ti-

1893 3067 2096 3122 delium
2120 3085 2243 3124 cum
2269 3070 2603 3126 carbonibus
2627 3071 2733 3126 illis
2748 3072 2813 3128 ad
2841 3072 2998 3128 [idem
3026 3074 3492 3131 incenderentura

1899 3159 2032 3229 Deo,
2071 3161 2138 3216 de
2161 3162 2363 3233 quibus
2385 3161 2666 3243 Propheta
2680 3164 3048 3236 subjuugcns:
3079 3167 3362 3232 Curbonrs,
3409 3167 3495 3223 in-

1897 3255 2037 3325 quit,
2074 3256 2312 3310 succensi
2331 3266 2451 3310 sunt
2475 3257 2539 3310 ab
2565 3274 2625 3311 eo
2653 3256 2830 3328 (Paul.
2872 3262 3027 3329 xvll).
3059 3258 3302 3330 Apostoli
3334 3277 3493 3315 nant-

1896 3363 2023 3418 que,
2038 3363 2341 3419 eorumque
2357 3357 2730 3415 succeSsorcs,
2746 3350 2877 3422 quid
2893 3350 3040 3405 aliud
3056 3362 3205 3407 erant
3219 3394 3235 3417 ,
3249 3352 3352 3408 nisi
3376 3369 3492 3407 caro

1895 3440 2088 3507 bones,
2108 3441 2239 3497 dum
2263 3457 2359 3513 per
2381 3444 2690 3514 exemplum
2710 3442 2836 3498 boni
2854 3444 3060 3515 operis,
3077 3452 3129 3500 cl
3156 3445 3337 3500 lumen
3353 3462 3494 3516 pnes

1895 3535 2210 3609 dicationis,
2225 3546 2277 3592 et
2293 3536 2651 3608 sibimetipsis
2669 3537 2933 3593 ardebant
2951 3536 3117 3605 intus,
3131 3547 3179 3593 el
3196 3538 3319 3594 aliis
3332 3538 3492 3595 foris.

1895 3629 1977 3685 Ad
2008 3632 2113 3687 hoc
2138 3632 2285 3687 enim
2318 3631 2481 3688 corda
2522 3632 2760 3688 fidelium
2796 3633 2904 3688 illis
2938 3632 3179 3689 curlcstis
3202 3634 3352 3688 verbi
3399 3651 3492 3688 sa—

1897 3724 2048 3798 gittis
2090 3726 2294 3796 potenti
2354 3726 2604 3781 solebant
2644 3725 2889 3796 jacularc
2929 3725 3132 3781 virtute
3181 3727 3248 3781 de
3289 3727 3492 3798 quibus

1897 3819 2164 3891 scriptum
2199 3828 2324 3874 est:
2361 3818 2586 3890 Sagitta:
2626 3820 2856 3890 potcntis
2912 3830 3084 3875 acuta:
3109 3819 3282 3890 (Ρδαί.
3315 3820 3489 3898 exn“,

1896 3922 1958 3967 ut
2007 3921 2063 3967 ct
2114 3911 2215 3983 ipsi
2252 3911 2484 3967 desolati
2526 3928 2558 3977 a
2591 3912 2762 3979 vitiis,
2790 3921 2843 3967 et
2871 3913 3088 3986 purgati
3141 3930 3172 3968 a
3225 3915 3489 3984 peccatis,

1897 4004 2230 4060 carbonibus
2254 4004 2361 4059 illis
2386 4004 2825 4060 assimilarenlur
2854 4005 2921 4060 de
2947 4005 3149 4076 quibus
3181 4004 3322 4060 idem
3350 4002 3457 4057 Pro
3478 4035 3490 4045 -

1897 4098 2058 4169 pheta
2111 4098 2497 4170 subjungcns-z
2527 4097 2659 4154 Cum
2688 4099 3024 4167 carbonibus,
3062 4098 3257 4170 inquit,
3282 4096 3493 4152 desola-

1899 4191 2050 4246 tom’s
2078 4191 2279 4264 (ωειλ).
2310 4191 2413 4247 Per
2450 4192 2718 4249 carbonrs
2752 4193 2953 4265 quippe
2978 4191 3337 4248 desolatorios
3361 4206 3483 4245 con-

1897 4284 2041 4338 versi
2069 4285 2302 4354 quilibct
2323 4286 2726 4356 exprimuntur,
2758 4287 2875 4357 qui,
2902 4288 3059 4359 quasi
3085 4302 3183 4358 per
3205 4294 3489 4357 peccatum

1899 4376 2053 4455 prius
2076 4377 2354 4443 exstincti,
2380 4386 2435 4433 et
2461 4394 2559 4449 per
2575 4379 2849 4450 justitiam
2877 4389 3067 4451 postea
3100 4381 3397 4436 reaccensi.
3422 4395 3492 4434 cx

1900 4470 2135 4527 mortuis
2174 4470 2434 4541 operibus
2483 4472 2549 4527 ad
2592 4471 2872 4527 Christum
2904 4480 3324 4537 convertuntur,
3356 4488 3493 4526 νυττ-

1827 4575 1875 4634 ι)
1901 4574 2062 4621 tenus
2091 4565 2145 4620 in
2176 4565 2512 4621 desolatione
2538 4565 2792 4620 vitiorum
2816 4576 2870 4621 ct
2889 4582 3007 4637 ope;
3025 4567 3198 4624 atione
3227 4564 3490 4648 virtutum

1903 4674 1966 4714 cx
1999 4659 2180 4714 verbis
2236 4658 2551 4714 caelestibus
2599 4674 2814 4729 semper
2865 4658 3494 4731 adJiscantquaIiterde

1906 4749 2145 4805 tenebris
2172 4749 2237 4804 ad
2266 4749 2468 4817 lucem,
2491 4750 2558 4805 de
2589 4762 2762 4804 morte
2788 4751 2855 4805 ad
2881 4752 3047 4805 vitam
3077 4751 3196 4807 sine
3215 4751 3493 4807 intermis-

1904 4842 2059 4898 sione
2088 4843 2437 4899 reviviscant.
2468 4842 2602 4911 Quae
2654 4843 2923 4898 sententia
2971 4845 3153 4899 virum
3211 4846 3375 4901 istum
3425 4847 3489 4901 de

1902 4951 2014 5006 quo
2040 4936 2319 5007 loquimur
2342 4952 2690 5006 nequaquam
2720 4936 2954 5005 delituit,
2984 4937 3113 4991 dum
3137 4952 3234 5007 per
3254 4936 3493 4991 cmlestis

1905 5028 2054 5084 verbi
2081 5029 2404 5101 mysterium
2436 5028 2594 5082 bouis
2611 5028 2860 5083 moribus
2880 5038 2934 5083 et
2957 5028 3145 5098 probis
3174 5026 3390 5081 actibus
3413 5028 3493 5080 vi-

1902 5131 2013 5176 tam
2038 5137 2193 5177 suam
2219 5137 2436 5192 semper
2462 5120 2717 5188 instituit,
2745 5125 3019 5191 quatenus
3041 5119 3094 5172 in
3119 5118 3284 5174 corde
3318 5118 3494 5189 ipsius

1901 5230 1967 5270 ex
2001 5213 2211 5270 incesto
2241 5223 2448 5282 castus,
2476 5223 2531 5270 et
2560 5230 2623 5270 ex
2665 5214 2880 5284 impuro
2909 5228 3107 5283 purus,
3136 5212 3285 5267 licret
3337 5212 3494 5266 locus

1904 5310 2206 5377 desolatus,
2239 5317 2301 5364 ut
2333 5307 2783 5365 inhabitaculum
2828 5304 2922 5361 Dei
2972 5304 3026 5358 in
3061 5303 3269 5374 Spi.‘itu
3298 5314 3492 5360 sancto

1906 5415 2121 5470 semper
2143 5408 2326 5472 posset
2349 5415 2470 5457 esse
2496 5408 2745 5471 paratus.
2788 5395 2943 5452 Unde
2968 5411 3075 5449 non
3113 5392 3389 5448 immerito
3422 5406 3489 5447 ex

1904 5492 2109 5547 eisdem
2143 5494 2479 5549 carbonibus
2524 5509 2667 5548 unus
2690 5498 2831 5557 erat,
2854 5478 2985 5545 dum
3030 5502 3125 5559 per
3156 5485 3284 5543 boui
3308 5483 3491 5556 operis

1903 5584 2087 5639 lumen
2111 5585 2214 5640 sibi
2261 5596 2337 5663 et.
2357 5586 2613 5643 Ecclesia:
2641 5584 2790 5639 intus
2819 5593 2873 5638 et
2896 5582 3031 5638 foris
3063 5595 3281 5652 semper
3300 5579 3493 5634 ardere

1901 5687 1956 5733 et
1991 5679 2171 5734 lucere
2204 5680 2444 5748 solebat;
2475 5679 2547 5735 ita
2575 5689 2637 5736 ut
2655 5680 2781 5747 licet
2805 5680 2860 5736 in
2886 5694 2957 5736 eo
2979 5679 3180 5735 divina:
3203 5675 3491 5732 charitatis

1903 5770 2069 5826 ardor
2100 5787 2226 5826 raro
2251 5782 2345 5826 aut
2382 5787 2663 5842 nunquam
2711 5773 2987 5827 videretur
3020 5769 3347 5833 exstinctus,
3369 5782 3491 5823 out-

1903 5866 1990 5921 nis
2036 5876 2216 5920 tamen
2270 5865 2444 5933 gloria
2473 5864 2613 5932 ejus,
2643 5867 2800 5933 quasi
2861 5868 3020 5933 glori:
3088 5864 3211 5920 lilia!
3250 5877 3439 5932 regunt
3467 5901 3485 5928 ,
