3912 6426
486 331 620 389 1031

1414 325 1803 383 BERENGOSI
1842 322 2141 378 ABBA'l'lS
2184 324 2239 377 ὃ.
2283 325 2533 379 nihil“
2576 326 2853 378 'lhb‘V‘lit.

3616 339 3738 390 ibi»!

482 459 697 519 semper
737 451 885 499 esset
922 441 992 499 ab
1036 441 1186 499 intus
1224 439 1397 513 (Psal.
1440 441 1609 510 xmv).
1639 437 1745 493 Sed
1769 446 1824 495 et
1846 436 1957 493 duo
1991 434 2073 491 di-
2104 440 2147 499 Α
2180 434 2234 489 in
2259 440 2420 489 sacro
2445 434 2669 505 eloquio
2690 435 2800 491 duo
2822 442 2949 489 sunt
2973 433 3094 502 zeli,
3122 433 3270 491 zelus
3287 436 3495 493 scilicet
3519 446 3753 500 amaritu-

481 536 679 612 scipuli
707 529 781 593 illi
807 536 1053 608 ejusdem
1072 535 1278 592 'divinm
1306 535 1592 590 eharitatis
1618 534 1743 605 igne
1766 530 1926 604 quasi
1956 547 2076 586 car-

481 634 654 689 bones
711 631 996 695 ardebant,
1024 627 1118 701 qui
1169 635 1294 700 post
1349 627 1807 684 resurrectionem
1858 622 2076 681 Domini

481 742 609 782 cum
636 741 703 781 eo
729 738 788 781 se
816 719 967 795 loqui
988 729 1044 777 et
1090 721 1170 777 ire
1204 720 1540 788 nesciebant,
1568 719 1789 792 quando
1811 733 1932 774 sera
1961 732 2077 790 pa:-

482 819 712 876 nitentia
744 818 1047 874 recolentes
1102 831 1161 871 se
1209 816 1425 872 loculos
1473 812 1645 871 fuisse
1669 829 1795 870 eum
1826 811 2023 868 Messia
2060 831 2079 893 ε⁴

482 911 693 979 Nonne,
720 909 999 981 inquiunt,
1027 925 1118 963 cor
1164 917 1400 963 nostrum
1443 906 1634 962 ardens
1666 916 1780 961 erat
1810 905 1866 961 in
1906 904 2075 972 nobis,

480 1020 598 1059 cum
630 1003 933 1075 faqueretur
958 1001 1013 1056 in
1066 1001 1199 1056 ria?
1240 999 1394 1072 (Luc.
1428 1000 1609 1068 xxrv.)
1642 996 1848 1055 Taliter
1877 996 2079 1069 quippe

480 1095 614 1150 olim
672 1092 861 1166 legifer
910 1092 999 1147 ille
1034 1090 1270 1165 Moyses,
1295 1090 1483 1145 taliter
1516 1088 1700 1145 Aaron
1751 1082 1979 1144 ard’ebat
2023 1093 2079 1141 et

480 1185 714 1242 Phinees
737 1228 752 1254 ,
783 1185 875 1241 tali
912 1184 1078 1241 etiam
1109 1183 1274 1239 modo
1292 1175 1471 1238 David
1512 1182 1739 1238 ardebat
1773 1196 1898 1236 cum
1936 1178 2074 1242 Elia,

479 1277 942 1350 quemadmoaum
978 1275 1146 1331 iidem
1178 1275 1289 1330 duo
1311 1271 1565 1345 discipuli
1587 1272 1790 1344 quibus
1812 1269 2078 1328 Dominus

480 1371 811 1443 loquebatur
840 1370 894 1425 in
927 1370 1034 1426 via.
1072 1367 1266 1423 Nonne
1296 1367 1443 1423 enim
1472 1366 1687 1439 Moyses
1724 1365 1849 1437 igne
1893 1364 2077 1420 chari-

480 1466 612 1521 tatis
639 1465 886 1532 ardebat,
911 1463 1028 1535 qui,
1060 1462 1157 1518 ira:
1192 1460 1287 1517 Dei
1316 1460 1598 1526 resistens,
1630 1465 1862 1513 mortem
1885 1457 2081 1513 caden-

478 1556 552 1613 tis
594 1555 779 1627 populi
830 1571 930 1611 sua
967 1562 1145 1609 morte
1200 1559 1544 1608 commutare
1574 1549 1826 1618 volebat;
1856 1550 2079 1621 quando

479 1649 549 1705 ad
572 1648 884 1714 Dominum,
912 1654 971 1701 ut
1004 1646 1057 1701 in
1081 1645 1220 1702 libro
1244 1643 1417 1701 Exodi
1451 1644 1653 1715 saepius
1687 1642 1867 1714 legere
1895 1643 2077 1712 rotui-

481 1741 590 1796 sti:
623 1739 868 1807 Dimitte,
899 1739 1099 1810 inquit,
1131 1739 1228 1805 eis,
1269 1729 1407 1791 hanc
1444 1752 1658 1803 iterant,
1686 1735 1925 1808 alioquin
1963 1735 2079 1791 dele

479 1850 565 1889 me»
608 1834 672 1888 de
719 1832 879 1901 libro,
912 1850 1067 1906 quem
1097 1832 1408 1903 scripsisti?
1433 1829 1632 1903 (Exod.
1658 1830 1856 1903 χχχιι.)
1883 1828 2074 1886 Nonne

477 2018 606 2090 qui,
633 2019 727 2074 inc
758 2016 851 2074 Dei
882 2033 1035 2089 mque
1084 2015 1370 2083 resistens,
1399 2015 1539 2070 inter
1575 2014 1820 2069 viventes
1842 2022 1895 2070 et
1923 2029 2074 2068 mor-

478 2120 638 2179 tuos,
695 2110 1035 2166 thuribulum
1079 2109 1331 2167 sumebat
1356 2117 1629 2180 quatenus
1674 2106 1811 2163 iram
1859 2105 2073 2163 furogis

476 2203 597 2275 ejus
629 2186 880 2259 immensi
921 2200 1074 2256 fumo
1097 2201 1337 2272 placaret
1369 2197 1829 2255 incensi?Nonne
1859 2211 1907 2255 et
1945 2197 2075 2253 Phi-

478 2288 609 2353 nees
641 2295 757 2351 zelo
778 2294 1061 2350 eharitatis
1092 2292 1304 2348 fortiter
1327 2291 1581 2359 ardebat,
1607 2290 1700 2362 qui
1736 2290 2075 2365 luxuriantes

478 2389 801 2461 alienigenis
857 2387 913 2443 in
954 2387 1076 2458 ipso
1114 2385 1263 2442 coitu
1291 2385 1568 2440 trucidare
1595 2384 1825 2451 solebat,
1850 2383 2074 2455 quando

477 2479 789 2539 Israeliticae
805 2479 980 2551 plebis
1003 2477 1227 2550 largiter
1248 2476 1581 2533 eflundendo
1623 2490 1900 2540 cruorem,
1931 2474 2073 2530 divi-

477 2591 610 2631 num
636 2576 708 2631 ita
734 2576 967 2647 placavit
1003 2575 1244 2632 furorem
1268 2578 1292 2632 ?
1318 2574 1513 2633 Nonne
1544 2574 1708 2632 etiam
1738 2573 1885 2631 Elias
1907 2575 2073 2631 homo

479 2665 675 2721 similis
707 2666 864 2722 nobis
913 2675 967 2721 ct
1010 2667 1297 2739 passibilis
1351 2668 1406 2723 in
1453 2668 1617 2722 corde
1666 2667 1750 2722 sui
1802 2664 2072 2722 fervorem

478 2757 723 2829 ejusdem
759 2759 1043 2816 eharitatis
1068 2761 1304 2817 habebat
1340 2761 1820 2832 incxstinguibilis,
1854 2760 2074 2832 quando

485 2848 656 2905 aridae
683 2849 896 2907 diutius
941 2859 1101 2908 terra:
1152 2851 1384 2907 imbrem
1428 2851 1497 2907 de
1543 2851 1856 2907 caelestibus
1883 2851 2074 2906 dolens

479 2956 604 2997 esse
648 2942 1001 3010 subductum,
1030 2944 1375 3000 orationibus
1420 2943 1540 3000 suis
1587 2952 1639 2998 et
1668 2941 1791 2999 ccc-li
1838 2941 2075 2998 obtinuit

478 3037 743 3109 pluviam,
771 3042 1010 3095 et‘terra:
1060 3037 1340 3097 fructum?
1380 3037 1575 3095 Nonne
1601 3047 1655 3094 et
1683 3035 1855 3093 David
1881 3036 2072 3093 eodem

482 3128 609 3204 igne
635 3133 920 3212 eharitatis
950 3148 1245 3189 accensum
1295 3148 1418 3189 esse
1469 3124 1848 3204 cognovimus,
1873 3127 1989 3202 qui,
2013 3136 2077 3184 ut

479 3224 713 3297 inlibris
738 3224 945 3298 Regum
992 3225 1246 3297 legimus,
1280 3224 1494 3281 obicem
1542 3240 1602 3280 se
1651 3223 1929 3294 quondam
1970 3236 2072 3292 pro

479 3316 597 3373 suis
623 3319 931 3388 opponebat
957 3318 1176 3386 ovibus,
1215 3318 1455 3390 quando,
1499 3333 1600 3389 pro
1629 3316 1717 3373 his
1764 3329 1950 3382 orans,
1978 3314 2072 3386 qui

484 3410 679 3482 angelo
728 3411 968 3468 candente
1009 3412 1292 3485 perierunt
1324 3430 1337 3465 :
1368 3409 1482 3483 Ego
1529 3426 1667 3477 sum,
1723 3407 1934 3480 inquit,
1983 3406 2075 3479 qui

478 3501 690 3574 peccaui
712 3500 798 3572 (II
822 3502 946 3574 Reg.
992 3506 1179 3576 xxrv);
1211 3502 1322 3571 isti,
1360 3503 1457 3576 qui
1479 3518 1609 3559 oves
1632 3508 1781 3569 sunt,
1809 3500 1942 3573 quid
1986 3498 2075 3556 fe-

480 3596 716 3652 cerunt?
748 3596 941 3654 Adhuc
962 3598 1125 3653 etiam
1152 3606 1206 3653 et
1233 3596 1382 3652 aliud
1411 3595 1733 3670 mysterium
1765 3595 1969 3667 grande
1993 3593 2069 3651 si-

481 3689 613 3747 mile
663 3690 750 3746 his
797 3690 1048 3747 videmus
1081 3690 1136 3746 in
1168 3689 1401 3759 Joanne,
1431 3689 1525 3761 qui
1573 3688 1835 3762 populum
1874 3686 1969 3742 Dei
2009 3687 2075 3743 ad

479 3782 600 3839 vias
622 3782 769 3839 illius
787 3784 1063 3855 quandam
1083 3783 1141 3838 in
1172 3783 1387 3840 deserto
1407 3783 1695 3848 reducens,
1719 3781 1875 3853 juxta
1929 3781 2079 3836 testi-

484 3877 734 3931 monium
777 3874 1090 3933 Divinitatis
1139 3875 1357 3931 lucerna
1413 3884 1529 3930 erat
1583 3875 1773 3931 ardens
1813 3883 1865 3928 et
1898 3872 2078 3928 furens

485 3970 669 4044 (Joan.
702 3971 780 4043 v),
808 3970 1029 4042 quando
1053 3986 1111 4026 se
1138 3970 1364 4043 dignum
1389 3968 1656 4026 exhibens
1683 3967 1751 4023 ad
1787 3982 1947 4039 quem
1979 3966 2080 4023 Vc-

483 4067 664 4123 ritatis
695 4066 849 4122 fieret
878 4080 1081 4133 sermo,
1109 4066 1327 4121 sibimet
1357 4064 1506 4120 intus
1539 4067 1676 4119 arsit
1701 4061 1995 4128 desiderio,
2028 4069 2081 4117 et

487 4158 613 4215 aliis
640 4158 882 4214 exterius
907 4156 1045 4212 luxit
1075 4158 1260 4213 verbo.
1293 4156 1429 4225 Quia
1459 4173 1589 4228 ergo
1614 4154 1941 4212 sufficienter
1965 4153 2078 4225 jam

483 4250 890 4324 prmlibavimus
941 4259 1145 4321 quanta
1196 4251 1439 4308 ebaritas
1497 4249 1661 4306 fuerit
1718 4250 1775 4305 in
1822 4247 2081 4305 cordibus

484 4345 710 4401 Patrum
741 4342 1193 4414 praecedentium,
1224 4352 1395 4400 restat
1423 4352 1482 4399 ut
1523 4341 1730 4414 aliquid
1781 4340 1966 4397 simile
1991 4356 2080 4395 re-

486 4432 729 4497 feramus
745 4456 809 4497 ex
827 4441 997 4499 Paulo
1022 4439 1244 4496 doctore
1265 4438 1509 4510 gentium
1534 4457 1546 4492 :
1580 4436 1697 4508 ipse
1720 4435 1865 4491 enim
1889 4432 2079 4490 eodem

485 4535 611 4606 igne
637 4535 947 4605 eharitatis,
971 4550 1082 4608 quo
1102 4541 1156 4589 et
1183 4533 1311 4618 ipsi,
1332 4530 1546 4589 fortiter
1587 4530 1832 4597 ardebat,
1856 4528 2079 4601 quando

483 4642 585 4698 pro
633 4626 894 4686 fratribus
938 4629 1056 4686 suis
1086 4636 1140 4683 et
1179 4627 1294 4698 ipse
1316 4626 1606 4682 anathema
1638 4623 1754 4679 fieri
1798 4623 2071 4695 cupiebat.

484 4718 591 4789 Qui
617 4731 671 4778 et
698 4722 754 4778 in
782 4722 889 4780 alio
919 4723 1100 4779 adhuc
1131 4723 1255 4777 loco
1280 4736 1433 4793 aeque
1465 4719 1852 4775 demonstrans
1885 4731 2078 4789 quate--

485 4829 593 4869 nus
624 4815 677 4869 in
708 4829 774 4870 eo
808 4814 1011 4870 divinae
1041 4814 1326 4871 eharitatis
1356 4812 1522 4868 fuerit
1549 4810 1732 4867 fervor
1764 4830 1777 4865 :
1809 4808 1940 4876 Quis
1985 4811 2074 4867 in.-

486 4906 754 4977 ﬁrmatur,
782 4907 980 4981 inquit,
1012 4916 1064 4963 et
1086 4923 1178 4979 ego
1210 4923 1313 4961 non
1339 4905 1619 4977 inﬁrmor?
1659 4903 1777 4976 quis
1800 4902 2077 4958 scandali-

488 5006 646 5053 zatur
690 5008 741 5053 et
782 5016 875 5072 ego
934 5016 1041 5055 non
1091 4998 1259 5054 uror?
1283 4994 1374 5069 (II
1399 4994 1524 5052 Cor.
1550 4993 1654 5067 xt.)
1688 4992 1859 5065 Cujus
1909 4994 2075 5051 etiam

488 5087 773 5146 eharitatis
800 5091 1111 5163 exemplum
1157 5088 1338 5145 adhuc
1366 5087 1492 5143 inde
1534 5101 1832 5158 possumus
1853 5086 2077 5142 eviden-

489 5179 600 5236 tius
620 5181 779 5251 scire,
817 5181 965 5254 quod
998 5197 1100 5255 pro
1129 5181 1307 5238 salute
1355 5177 1674 5235 Galatarum
1724 5175 1969 5247 seipsum
1990 5176 2076 5233 di-

490 5273 648 5329 cebat
667 5275 970 5346 parturire,
1001 5273 1225 5347 quando
1266 5272 1336 5329 ad
1365 5268 1775 5328 reformandam
1800 5267 1856 5322 in
1885 5268 1965 5325 eis
1995 5268 2078 5324 di-

490 5364 602 5420 vini
624 5366 880 5422 virtutem
903 5366 1109 5423 amoris
1146 5386 1159 5423 :
1191 5363 1414 5433 Filioti,
1439 5363 1638 5437 inquit,
1674 5368 1797 5434 mei,
1821 5383 1949 5440 quos
1984 5364 2082 5420 ite-

492 5476 610 5515 rum
655 5460 899 5532 parturio
928 5502 942 5528 ,
989 5460 1151 5515 donec
1196 5458 1440 5516 Christus
1491 5458 1753 5530 formetur
1811 5461 1869 5515 in
1930 5459 2075 5515 vobis

494 5551 699 5625 (Galat.
735 5554 833 5626 tv).
860 5550 1017 5607 Unde
1045 5552 1173 5623 quia
1214 5551 1404 5608 Patres
1435 5552 1601 5608 iidem
1631 5553 1939 5610 beatissimi
1968 5566 2080 5609 non

493 5647 611 5703 zelo
633 5645 1039 5714 amaritudinis,
1071 5644 1168 5702 sed
1210 5645 1325 5701 zelo
1357 5645 1579 5717 pietatis
1629 5646 1759 5701 talia
1812 5643 2079 5715 fecerunt,

493 5740 714 5813 quando
775 5740 831 5794 in
881 5738 1139 5795 cordibus
1194 5738 1573 5810 proximorum
1642 5737 1841 5794 divina:
1898 5736 2082 5793 chari—

497 5832 625 5887 tatis
655 5832 833 5902 ignem
882 5831 1272 5902 incenderunt,
1309 5830 1593 5887 sciendum
1626 5839 1709 5887 est
1740 5829 1906 5902 quod,
1941 5829 2084 5886 sicut

2180 525 2346 593 diuis,
2371 535 2424 583 et
2449 527 2598 584 zelus
2626 527 2964 595 dilectionis;
2998 526 3073 583 ita
3110 527 3273 583 etiam
3303 528 3412 585 duo
3450 541 3575 587 sunt
3598 535 3748 607 ignes,

2180 620 2325 694 ignis
2354 620 2606 678 videlicet
2632 620 2855 688 furoris,
2887 630 2943 677 et
2970 621 3113 694 ignis
3135 622 3361 677 amoris.
3395 622 3583 680 Zelum
3611 631 3752 700 quip-

2179 727 2246 784 pe
2274 713 2659 769 amaritudinis
2694 713 2893 769 mulier
2919 713 3008 769 illa
3036 713 3317 786 quondam
3340 715 3597 775 habuisse
3621 722 3752 777 vide-

2180 806 2361 876 batur,
2397 822 2521 879 qum
2576 807 2690 863 filio
2746 808 2993 864 mulieris
3042 808 3269 865 alterius
3317 809 3566 867 invidens
3609 831 3620 868 :
3659 815 3753 871 Νιε

2181 898 2333 967 mihi,
2367 899 2565 971 inquit,
2592 916 2684 954 nec
2709 898 2806 954 tibi
2833 901 2925 967 sit,
2948 899 3039 954 sed
3060 899 3336 954 dividatur
3363 900 3489 972 (III
3519 902 3639 977 Reg.
3662 908 3750 978 tu).

2183 990 2370 1049 Zelum
2403 1001 2587 1050 autem
2625 993 2935 1050 dilectionis
2982 993 3451 1067 Psalmographus
3488 997 3667 1054 habuit
3709 1002 3755 1057 in

2182 1085 2510 1158 se,quando
2564 1102 2665 1159 pro
2725 1087 3015 1158 iniquitate
3072 1085 3390 1145 Judmorum
3444 1091 3753 1161 suSpirans.:

2183 1177 2361 1247 Zelus,
2397 1180 2601 1251 inquit,
2628 1181 2815 1235 domus
2846 1197 2974 1237 mea!
3006 1182 3232 1237 comedit
3257 1199 3337 1237 me
3368 1182 3543 1253 (Psal.
3568 1190 3753 1260 vain).

2181 1267 2322 1337 Quia
2351 1285 2482 1343 ergo
2521 1271 2617 1343 qui
2672 1272 2783 1328 duo
2834 1273 2933 1327 zeli
2966 1267 3096 1329 sunt
3136 1274 3563 1344 perstrinximus
3604 1278 3755 1333 bisto-

2182 1362 2424 1431 rialiter,
2476 1365 2551 1420 ita
2597 1374 2651 1421 et
2694 1366 2788 1436 qui
2833 1365 2945 1421 duo
2998 1374 3127 1422 sunt
3179 1366 3334 1438 ignes
3378 1366 3757 1440 distinguamus

2181 1457 2482 1527 aequaliter.
2507 1456 2613 1525 Qui
2637 1459 2779 1514 enim
2805 1458 2975 1514 divini
3021 1457 3228 1515 furoris
3271 1458 3342 1514 sit
3381 1459 3547 1532 ignis,
3573 1462 3758 1532 plenius

2181 1548 2399 1605 edoceri
2428 1550 2660 1622 potestis
2691 1552 2761 1606 ab
2793 1568 2860 1607 eo
2905 1554 2999 1624 qui
3024 1568 3124 1625 per
3160 1553 3754 1628 Moyscnpmphetam:

2185 1640 2358 1715 Ignis,
2393 1643 2590 1715 inquit,
2622 1662 2905 1699 succensus
2956 1655 3032 1700 est
3082 1648 3138 1700 in
3186 1648 3367 1719 furore
3413 1665 3528 1702 meo
3565 1647 3756 1718 (let-rm.

2185 1735 2300 1803 xv).
2338 1733 2473 1803 Quis
2501 1752 2631 1793 vero
2660 1737 2801 1809 ignis
2824 1738 3031 1794 amoris
3059 1739 3151 1806 sit,
3185 1756 3282 1811 per
3311 1740 3488 1811 legem
3516 1740 3648 1796 scire
3681 1758 3759 1796 va-

2107 1811 2148 1872 Β
2178 1830 2321 1899 lctis,
2371 1831 2464 1887 ubi
2527 1831 2595 1888 de
2648 1831 2925 1902 paschalis
2973 1833 3100 1904 agni
3152 1835 3498 1890 comestione
3555 1848 3649 1889 nos
3691 1835 3761 1888 in-

476 1936 533 1982 et
555 1925 737 1981 Aaron
768 1926 1039 1997 ejusdem
1072 1923 1358 1979 eharitatis
1407 1921 1530 1994 igne
1592 1937 1889 1977 succenus
1933 1929 2072 1988 erat,
2101 1961 2112 1973 .

2177 1933 2397 1981 struens
2432 1943 2448 1982 :
2490 1922 2551 1980 Si
2587 1924 2734 1996 quid,
2773 1925 2972 1996 inquit,
3013 1927 3213 1981 residui
3238 1924 3427 1998 fuerit,
3483 1928 3600 1999 igne
3641 1944 3761 1981 com-

2176 2015 2373 2073 buri-tis
2406 2016 2605 2089 (Exod.
2660 2017 2780 2089 xu).
2821 2016 2978 2074 Unde
3020 2028 3082 2075 ut
3139 2020 3196 2074 in
3243 2020 3511 2077 cordibus
3562 2021 3759 2089 nostris,

2174 2108 2520 2166 dilectissimi
2569 2108 2789 2178 fratres,
2841 2119 2897 2166 et
2933 2127 3106 2168 unum
3129 2112 3308 2184 ignem
3332 2113 3695 2185 exstinguere,
3716 2123 3760 2170 et

2175 2204 2409 2258 alterum
2465 2203 2759 2259 incendere
2814 2203 3113 2272 valeamus,
3157 2204 3384 2276 dignum
3415 2214 3508 2262 est
3542 2214 3599 2260 ut
3625 2221 3758 2276 opem

2176 2294 2478 2351 sacerdotis
2529 2295 2689 2351 istius
2726 2294 3094 2352 sacratissimi
3140 2304 3254 2353 tota
3304 2305 3517 2365 mente,
3552 2307 3656 2353 tota
3680 2299 3757 2354 de-

2175 2389 2398 2445 votione
2433 2405 2781 2461 quaeramus;
2819 2398 3092 2462 quatenus
3128 2390 3339 2447 meritis
3362 2391 3544 2462 ipsius
3574 2407 3634 2446 ac
3659 2406 3761 2462 pre-

2175 2481 2333 2538 cibus
2379 2482 2453 2537 ita
2500 2482 2554 2536 in
2585 2482 2745 2539 nobis
2787 2482 2930 2555 ignis
2971 2482 3144 2541 divini
3181 2484 3562 2556 restinguatur
3610 2482 3757 2552 furor,

2175 2582 2237 2630 ut
2287 2574 2453 2632 corda
2504 2584 2688 2631 nostra
2748 2591 2965 2647 semper
2998 2574 3292 2653 illustrare
3343 2575 3603 2648 dignetur
3640 2576 3760 2645 ignis

2176 2665 2406 2723 amoris.
2448 2666 2514 2723 Et
2539 2667 2801 2740 quoniam
2828 2684 2939 2739 pra:
2968 2667 3092 2740 igne
3124 2666 3329 2725 furoris
3355 2667 3576 2723 Domini
3604 2684 3699 2722 om:
3721 2668 3759 2723 is

2182 2776 2320 2819 caro
2345 2761 2675 2834 quandoque
2707 2762 2972 2829 tabescet,
3001 2760 3243 2833 quando,
3266 2760 3334 2816 ad
3360 2761 3759 2816 discernendum

2175 2855 2354 2913 bonos
2386 2866 2441 2912 et
2475 2855 2672 2923 malos,
2717 2855 2858 2927 ignis
2913 2856 2968 2909 in
3009 2864 3287 2927 conspectu
3317 2854 3433 2925 ejus
3482 2853 3757 2909 exardezcrt

2179 2946 2353 3021 (Psat.
2383 2947 2555 3020 ηυξ),
2586 2947 2855 3003 orandum
2889 2955 2976 3003 cst
3007 2946 3188 3016 nobis,
3214 2962 3283 3003 ne
3311 2954 3445 3002 tunc
3478 2946 3548 3001 ab
3579 2954 3758 3001 aeterno

2178 3040 2303 3114 igne
2322 3055 2448 3097 cum
2473 3040 2723 3112 reprobis
2765 3039 3097 3096 devoremur
3140 3046 3196 3095 et
3243 3039 3527 3112 malignis,
3566 3037 3759 3109 quando

2180 3134 2236 3188 in
2286 3134 2369 3189 ira
2412 3150 2512 3189 sua
2555 3132 2892 3188 conturbabit
2945 3149 3056 3201 eos,
3111 3141 3161 3187 et
3209 3131 3594 3186 derorabitcos
3642 3131 3758 3202 ignis

2180 3225 2357 3302 (Psal.
2388 3224 2515 3299 xx);
2570 3224 2665 3284 sed
2714 3241 2813 3298 per
2853 3225 3009 3281 illum
3055 3224 3238 3296 potius
3266 3223 3470 3279 divina:
3503 3221 3759 3278 eharitatis

2177 3318 2359 3391 ignem
2391 3317 2615 3374 liberari
2644 3333 2955 3373 mereamur
2980 3316 3125 3383 inde,
3154 3316 3248 3388 qui
3286 3315 3419 3371 olim
3464 3331 3629 3387 super
3656 3312 3759 3368 uni-

2176 3412 2423 3485 genitum
2456 3411 2552 3467 Dei
2577 3409 2776 3466 Filium
2808 3409 2862 3465 in
2892 3409 3168 3476 columba,
3200 3417 3253 3465 et
3286 3414 3457 3480 Super
3485 3405 3757 3489 discipulos

2178 3506 2327 3562 venit
2355 3504 2409 3560 in
2431 3505 2574 3578 igne.
2597 3502 2753 3572 Quod
2778 3503 2896 3575 ipse
2926 3502 3085 3558 nobis
3106 3509 3369 3573 praestare
3384 3500 3651 3572 dignetur,
3679 3491 3758 3567 qui

2179 3615 2305 3656 cum
2330 3596 2493 3654 Patre
2520 3596 2575 3652 in
2603 3598 2810 3652 unitate
2837 3595 3083 3668 ejusdem
3116 3594 3354 3667 Spiritus
3380 3594 3556 3651 sancti
3579 3593 3696 3649 vivit
3714 3598 3759 3647 et

2179 3701 2375 3766 regnat
2400 3691 2455 3747 in
2481 3692 2681 3748 saecula
2712 3691 3059 3747 smculorum.
3088 3690 3282 3744 Amen.

2808 3800 3043 3858 SERMO
3092 3799 3150 3856 ν.

2291 3913 2343 3953 IN
2380 3911 2741 3952 DEDICATIONE
2781 3910 3049 3950 εεειεδῑιε
3088 3909 3260 3957 υιῑριέ
3301 3908 3659 3957 ηειιρειλιιῑιι

2783 3981 3175 4021 ὟΕΝΕΒΔΤΙΟΝΕ.

2253 4065 2501 4135 Gaudeo,
2541 4073 2596 4122 et
2650 4064 3021 4127 exsultatione
3057 4063 3349 4136 multiplici
3411 4077 3508 4118 cor
3535 4070 3754 4116 nostrum

2184 4158 2732 4230 hilarescit,quotics
2788 4156 2982 4214 festive
3042 4164 3360 4213 sanctorum
3411 4154 3542 4209 colit
3580 4164 3757 4206 memo-

2185 4254 2348 4321 riam,
2376 4253 2580 4326 quibus
2612 4251 2896 4307 annuatim
2924 4249 3157 4305 ecclesia
3194 4258 3385 4304 nostra
3427 4246 3647 4303 celebris
3679 4243 3755 4297 flo-

2184 4330 2367 4403 rescit.
2403 4345 2648 4402 Ecclesia
2685 4360 2921 4415 namque
2951 4352 3160 4408 nostra,
3191 4340 3608 4413 quamplurimis
3646 4352 3754 4392 san-

2186 4449 2400 4496 ctorum
2422 4438 2713 4494 solemniis
2743 4436 3053 4492 laetabunda
3091 4435 3359 4501 redditur,
3401 4432 3651 4502 varioque
3680 4428 3753 4482 de

2185 4546 2313 4587 core
2356 4530 2602 4601 speciosa
2659 4528 2928 4595 efficitur,
2979 4536 3035 4583 et
3056 4527 3205 4581 velut
3248 4525 3532 4581 vernando
3588 4519 3751 4577 florida

2183 4625 2365 4697 specie
2392 4623 2720 4695 resplendet,
2750 4622 3076 4692 cunctisque
3105 4618 3459 4676 cernentibus
3496 4618 3609 4673 laeta
3635 4611 3751 4667 arri-

2181 4717 2292 4774 det.
2323 4715 2434 4772 Nec
2460 4715 2756 4781 immerito,
2795 4713 2946 4786 quia,
2967 4706 3189 4785 (quoties
3230 4711 3444 4767 festivis
3465 4718 3748 4766 sanctorum

2183 4807 2450 4865 natalitiis
2496 4806 2680 4863 debito
2721 4807 2929 4862 honore
2960 4804 3270 4871 celebratis,
3296 4804 3353 4858 in
3400 4802 3623 4859 Domino
3652 4798 3750 4871 glo-

2185 4904 2414 4968 riamur,
2466 4901 2627 4957 toties
2658 4899 2904 4971 ipsorum
2950 4898 3206 4970 precibus
3241 4908 3297 4953 et
3330 4896 3543 4953 meritis
3582 4892 3746 4963 adjuti,

2182 4997 2333 5067 larga
2379 4992 2776 5051 benedictionis
2826 4992 3001 5063 gratia
3048 4990 3326 5047 Creatoris
3357 4990 3531 5046 nostri
3560 4984 3750 5059 perfun-

2184 5091 2386 5147 dimur.
2425 5087 2703 5160 Quidquid
2739 5087 2885 5143 enim
2930 5085 3108 5141 laudis
3144 5097 3199 5140 et
3244 5085 3475 5139 honoris
3519 5078 3748 5137 militibus

2184 5182 2329 5252 regis
2368 5179 2724 5252 impenditur,
2780 5188 2979 5235 totum.
3009 5177 3077 5233 ad
3125 5177 3356 5249 gloriam
3406 5174 3565 5246 regis,
3614 5170 3747 5239 cujus

2184 5283 2399 5344 sceptro
2424 5272 2626 5328 milites
2654 5272 2899 5344 insigniti
2930 5278 3077 5338 sunt,
3103 5269 3370 5325 titulatur.
3396 5265 3506 5322 Nec
3531 5262 3744 5326 dubiam,

2184 5367 2319 5440 quin
2348 5382 2446 5422 eos
2478 5381 2694 5436 semper
2736 5365 3039 5420 habeamus
3067 5362 3478 5434 patrocinantes
3509 5359 3560 5413 in
3595 5353 3743 5419 coel's,

2185 5477 2423 5533 quorum
2459 5459 2804 5517 celebritates
2834 5458 2939 5528 pia:
2980 5456 3287 5512 devotionis
3320 5454 3504 5511 studio
3540 5449 3745 5522 gerimus

2186 5554 2244 5609 in
2276 5554 2458 5609 terris.
2506 5550 2564 5608 Si
2622 5550 2767 5606 enim
2812 5558 3001 5605 noster
3051 5548 3296 5619 spiritus,
3328 5547 3555 5603 necdum
3591 5537 3745 5598 carnis

2188 5644 2418 5700 materia
2457 5650 2677 5711 exutus,
2728 5650 2782 5696 et
2820 5648 3003 5696 tamen
3049 5637 3359 5693 dilectionis
3408 5635 3622 5708 geminee
3658 5627 3746 5685 fcr-

2189 5754 2321 5794 vore
2344 5737 2616 5793 interdum
2659 5734 2727 5791 ad
2757 5716 2907 5790 astra
2932 5732 3182 5799 libratus,
3213 5747 3404 5803 preces
3429 5728 3640 5785 Domino
3658 5735 3741 5792 pro

2191 5829 2308 5884 suis
2337 5827 2692 5885 dilectoribus
2736 5827 2930 5882 nititur
2962 5824 3259 5890 effundere,
3306 5824 3493 5891 utique
3527 5823 3745 5887 pncstan-
