3960 6316
193 276 225 334 1
234 275 351 333 O35

1663 261 2051 320 SERMONES.

3357 269 3378 323 l
3391 269 3498 328 054

177 394 308 451 tius
327 392 660 449 credendum
703 397 789 447 est
819 397 1135 446 sanctorum
1183 386 1416 454 animas,
1451 399 1682 441 summae
1716 383 1796 439 di-
1823 382 1871 439 Α
1895 383 1987 453 pio
2035 397 2224 440 amore
2275 383 2660 455 amplectimur
2706 383 2921 440 cineres
2967 392 3020 440 et
3055 399 3203 453 ossa,
3234 393 3289 442 et
3316 391 3498 461 angeli

175 487 447 544 lectionis
497 483 837 556 plenitudine
890 480 1148 548 fervidas,
1192 479 1310 535 suis
1340 478 1396 533 in
1441 476 1798 535 solemnitati-
1896 461 2232 533 exsultantes
2254 478 2310 532 in
2341 477 2481 534 ccelo
2506 477 2806 533 concinunt
2828 493 2992 549 super
3012 479 3324 535 animarum
3355 496 3494 538 con-

174 579 319 649 bus,
348 578 419 635 ad
463 578 548 635 sui
588 576 836 648 corporis
871 575 1098 646 pignora
1141 571 1386 628 foventes
1437 569 1790 636 descendere,

176 687 532 744 suorumque
570 686 670 742 pro
722 669 898 726 salute
924 667 1168 723 fidelium
1215 665 1571 732 intercedere,
1599 677 1664 718 ac
1692 662 1792 718 de-

174 764 321 822 bitas
345 763 720 822 retributionis
749 748 1068 819 donativum
1113 760 1199 816 sui
1229 757 1646 815 veneratoribus
1682 757 1790 814 im-

174 855 448 932 pendere.
484 854 756 913 Habentes
783 855 950 926 igitur
973 852 1175 909 eximia
1196 852 1363 923 hujus
1391 851 1507 922 spei
1536 851 1787 923 pignora,

176 952 407 1008 scilicet
427 951 673 1022 ipsorum
698 949 987 1005 beatorum
1013 946 1304 1018 spirituum
1331 945 1578 1014 exuvias,
1610 944 1790 1015 dignis

175 1045 497 1102 honoribus
521 1045 838 1101 sanctorum
863 1029 1135 1114 praeconia
1153 1031 1524 1108 celebremus;
1554 1039 1790 1111 amplius

173 1145 375 1191 autem
399 1129 592 1192 festiva
621 1151 813 1190 eorum
845 1133 1044 1204 gaudia
1089 1133 1288 1188 debitis
1329 1132 1586 1188 laudibus
1623 1125 1814 1188 extol-A

172 1225 390 1294 lamus,
422 1242 657 1297 quorum
690 1225 904 1281 cineres
929 1233 983 1279 et
1022 1239 1150 1279 ossa
1189 1239 1290 1279 suo
1331 1224 1388 1279 in
1425 1224 1551 1280 sinu
1581 1222 1790 1296 largius

171 1316 398 1373 refovet
434 1317 551 1372 haac
582 1324 770 1372 nostra
804 1315 1057 1386 specialis
1085 1314 1335 1370 ecclesia.
1364 1312 1550 1369 Nostis
1581 1322 1785 1380 autem,
1825 1360 1828 1370 ε

169 1409 387 1467 fratres
420 1409 752 1478 cbarissimi,
785 1409 902 1464 haec
929 1408 1079 1462 unici
1107 1408 1262 1464 nobis
1293 1407 1509 1474 delicta,
1536 1406 1787 1477 specialis

169 1503 378 1575 utique
399 1503 666 1559 ecclesia?
687 1490 850 1572 cujus
879 1500 1029 1574 gravi
1080 1500 1188 1556 laeti
1218 1501 1554 1572 quiescimus
1579 1500 1636 1555 in
1665 1515 1789 1572 gre-

169 1596 322 1662 mio,
346 1611 473 1652 ecce
504 1611 669 1667 quam
713 1595 834 1650 laeta
866 1593 1034 1660 fovet,
1072 1593 1220 1649 unde
1261 1592 1371 1649 feta
1397 1593 1586 1661 lloret-;
1619 1609 1785 1664 quam

167 1689 451 1761 praedives
483 1704 579 1759 per
636 1696 954 1744 sanctorum
1003 1687 1239 1754 cineres,
1271 1687 1655 1758 virgineosque
1685 1685 1786 1742 flo-

1897 569 2110 626 sortio:
2154 569 2342 626 Gloria
2391 572 2449 624 in
2492 569 2714 625 excelsis
2746 569 2856 625 Deo
2894 569 3047 643 (Luc.
3084 573 3170 643 ιι).
3209 572 3498 635 Credimus

1895 678 2092 734 nempe
2124 675 2178 720 et
2212 664 2342 720 huic
2401 672 2722 720 sanctorum
2780 664 3138 734 solemnitati,
3195 667 3496 740 angelicam

1896 773 2022 812 cum
2069 758 2187 814 suis
2218 773 2508 815 occurrere
2563 759 2910 830 praesentiam
2947 778 2960 814 :
2992 760 3038 817 si
3084 768 3268 817 tamen
3317 762 3497 834 dignis

1894 848 2196 907 honoribus
2238 850 2381 906 hanc
2411 850 2514 907 rite
2559 850 3016 907 celebraverimus
3046 867 3144 921 per
3183 853 3494 909 sanctiﬁca-

1892 941 2096 999 tionem
2118 943 2244 1000 vitae
2269 959 2374 1000 vox
2400 957 2588 1000 n05tra
2605 944 2728 1000 voci
2755 945 3043 1000 amborum
3075 954 3321 1001 meretur
3341 962 3494 1001 com-

1891 1034 2564 1118 miscerictelieolarum.
2612 1036 2872 1107 Alioquin
2927 1052 3129 1108 magna
3179 1036 3346 1108 hujus
3389 1037 3493 1094 diei

1892 1129 2126 1185 celebria
2161 1130 2341 1202 dignis
2381 1131 2638 1188 laudibus
2668 1146 3019 1208 nequaquam
3054 1130 3309 1186 decenter
3337 1145 3486 1186 reco-

1891 1221 2078 1290 limus,
2134 1223 2241 1280 nisi
2296 1238 2394 1294 per
2449 1221 2939 1280 sanctificationem
2988 1223 3114 1279 vitae
3169 1221 3494 1294 nosmetipsi

1889 1311 2012 1369 laus
2056 1312 2151 1368 Dei
2201 1313 2492 1372 fuerimus.
2534 1312 2811 1386 Scriptum
2839 1330 3079 1385 namque
3109 1324 3194 1371 est
3222 1331 3234 1367 :
3265 1314 3388 1369 Non
3418 1323 3495 1368 est

1889 1407 2130 1476 speciosa
2171 1407 2291 1462 laus
2321 1409 2377 1462 in
2423 1425 2512 1463 ore
2560 1410 2854 1479 peccatoris
2883 1407 3080 1479 (Eccli.
3111 1409 3226 1480 xv).
3272 1407 3494 1463 Renun-

1890 1497 2088 1555 tiantes
2117 1516 2249 1573 ergo
2276 1509 2631 1573 peccatorum
2671 1502 2820 1558 vitiis
2857 1501 3319 1558 circumcidamus
3357 1517 3494 1572 prae-

1888 1593 2102 1663 putium
2135 1594 2317 1650 cordis
2349 1594 2545 1662 nostri,
2575 1603 2638 1650 ut
2656 1594 2910 1651 videlicet
2931 1579 3056 1667 igne
3084 1596 3252 1650 divini
3289 1595 3494 1652 amoris

1890 1687 2099 1753 attacti,
2127 1687 2439 1743 emendatis
2474 1687 2659 1756 labiis,
2693 1684 2974 1760 gratanter
3002 1688 3348 1762 hymnidicas
3376 1690 3492 1745 lau-

167 1796 290 1847 res,
320 1781 470 1852 quod
513 1787 695 1836 servet
744 1780 953 1852 integra
997 1795 1124 1834 vere
1177 1778 1417 1834 felicium
1450 1786 1781 1849 tegumenta,
1816 1746 1863 1805 Β
1889 1778 1986 1834 des
2008 1778 2241 1836 Domino
2267 1779 2508 1836 Sabaoth
2537 1781 2898 1839 concinamus
2929 1797 3056 1840 cum
3088 1781 3294 1838 sanctis
3316 1791 3372 1837 et
3395 1799 3493 1838 an-
3523 1851 3526 1854 g

170 1873 444 1946 quodque
487 1873 765 1944 possideat
793 1879 937 1928 ossa
988 1872 1277 1943 utriusque
1319 1886 1486 1927 sexus
1516 1871 1624 1926 late
1672 1872 1785 1927 col-

166 1966 319 2023 lecta
357 1985 370 2020 :
408 1964 685 2021 Ltetemini
713 1965 881 2037 igitur
906 1973 955 2018 et
981 1964 1244 2020 exsultate
1275 1965 1330 2018 in
1351 1980 1434 2031 ea,
1468 1979 1645 2018 omnes
1693 1971 1783 2035 qui

166 2060 410 2133 diligitis
436 2080 551 2122 eam
573 2061 748 2135 (Psal.
783 2061 970 2133 xxxx);
1020 2061 1252 2134 gaudete
1285 2076 1411 2116 cum
1463 2059 1666 2130 ingenti
1697 2059 1785 2115 ιλιι·

168 2156 298 2212 titia
325 2167 380 2211 et
409 2157 687 2212 hodiernae
730 2155 1044 2212 festivitatis
1089 2155 1323 2210 celebria
1368 2154 1476 2210 lani
1517 2153 1782 2223 suscipite

165 2248 398 2320 gaudia.
431 2247 499 2304 Et
524 2257 586 2305 ut
607 2249 662 2303 in
686 2248 790 2304 hac
812 2246 1160 2304 solemnitate
1189 2242 1457 2301 Celebrius
1483 2245 1782 2317 gloriemur

163 2339 227 2395 in
256 2340 515 2410 Domino,
554 2341 793 2412 idipsum
819 2341 979 2396 nobis
1006 2341 1291 2411 scriptura:
1314 2340 1612 2395 auctoritas
1635 2353 1782 2395 com-

163 2435 422 2502 mendat,
471 2450 596 2491 cum
643 2435 758 2490 haec
792 2435 958 2490 verba
1000 2442 1434 2488 commemorat:
1472 2432 1775 2500 Lwtamini,

162 2525 378 2598 inquit,
412 2527 470 2581 in
507 2526 754 2595 Domino,
785 2535 836 2581 et
883 2526 1148 2582 exsultate
1170 2527 1331 2597 justi,
1373 2536 1421 2580 et
1469 2526 1777 2597 gloriamini

161 2635 355 2673 omnes
385 2620 514 2673 recti
539 2619 693 2673 corde
739 2617 914 2691 (Psal.
957 2617 1163 2689 xcxvr).
1203 2615 1314 2673 Nos
1355 2633 1505 2683 vero,
1543 2617 1590 2673 si
1635 2617 1778 2675 inter

160 2713 359 2784 justos
390 2722 446 2768 et
465 2723 646 2768 rectos
693 2713 926 2766 necdum
968 2727 1342 2778 recensemur,
1387 2710 1661 2766 desiderio
1688 2718 1775 2765 ta-

162 2821 300 2863 men
334 2814 389 2861 et
425 2806 643 2877 optione
665 2821 788 2860 cum
808 2804 1085 2875 justorum
1118 2805 1422 2876 patrocinio
1456 2814 1775 2859 sanctorum

163 2899 336 2955 nobis
367 2899 696 2955 studendum
721 2907 806 2953 est
841 2914 910 2953 ne
936 2899 1129 2953 saltem
1171 2897 1397 2952 omnino
1417 2896 1647 2966 justitiae
1687 2910 1776 2951 ex-

163 3004 357 3065 pertes
398 2995 759 3050 inveniamur.
812 2993 989 3065 Hujus
1019 3009 1148 3065 ergo
1191 2993 1299 3049 diei
1337 2991 1620 3049 salutifera
1651 3007 1776 3063 gra-

1889 1871 2044 1942 gelis,
2073 1881 2352 1944 quatenus
2383 1873 2629 1946 ipsorum
2655 1875 2886 1947 collegio
2923 1875 3143 1931 tandem
3180 1890 3493 1932 mereamur

1888 1966 2152 2022 associari
2188 1966 2245 2022 in
2276 1967 2436 2025 coelo.
2471 1966 2937 2042 Tergamus‘ergo
2978 1969 3201 2025 oculum
3229 1969 3431 2026 mentis
3459 1985 3491 2026 a

1884 2059 2084 2116 vitioso
2129 2060 2352 2130 pulvere
2378 2062 2734 2132 peccaminis,
2783 2070 2839 2118 et
2879 2062 3194 2118 intueamur
3216 2077 3312 2119 eos
3348 2079 3492 2134 quo-

1886 2169 2010 2208 rum
2040 2154 2296 2210 laudibus
2317 2153 2534 2210 dicatur
2559 2155 2679 2211 dies
2722 2155 2828 2211 ista
2870 2155 3122 2223 celebris,
3164 2171 3490 2226 sequamur-

1884 2261 1991 2316 que
2033 2261 2226 2302 eorum
2274 2249 2527 2320 vestigia.
2581 2247 2830 2316 Quorum
2871 2249 3020 2305 enim
3068 2248 3239 2304 vitam
3291 2248 3491 2304 imitati

1882 2335 2172 2404 fuerimus,
2225 2338 2468 2409 ipsorum
2513 2339 2714 2410 quippe
2766 2347 2820 2394 et
2865 2340 3160 2410 adepturos
3213 2354 3316 2395 nos
3367 2340 3489 2411 glo-

1881 2429 2019 2484 riam
2052 2430 2348 2486 credimus.
2387 2431 2454 2487 Et
2480 2448 2715 2503 quorum
2746 2433 3042 2504 exemplari
3066 2432 3258 2489 formae
3293 2433 3489 2504 impri-

1881 2522 1958 2578 mi
1988 2523 2298 2592 renitimur,
2327 2524 2398 2579 ab
2430 2524 2676 2595 ipsorum
2707 2525 2872 2581 etiam
2904 2526 3325 2596 participatione
3359 2541 3489 2597 pro-

1881 2617 1972 2672 cul
1995 2616 2163 2673 dubio
2188 2633 2559 2674 secernemur.
2586 2617 2849 2686 Quasnam
2867 2635 2996 2690 pars
3029 2604 3175 2674 ﬁdeli
3207 2636 3330 2675 cum
3362 2607 3509 2675 inti--

1880 2707 2022 2763 deli?
2047 2709 2158 2765 Aut
2185 2714 2326 2782 :quae
2371 2711 2640 2767 sobrietas
2689 2712 2801 2768 luci
2848 2729 2974 2768 cum
3019 2699 3294 2770 tenebris?
3343 2713 3486 2781 Quid

1881 2801 2083 2872 templo
2107 2801 2204 2858 Dei
2227 2819 2353 2860 cum
2384 2803 2579 2860 idolis?
2609 2803 2798 2876 Diligit
2817 2820 3056 2876 namque
3089 2807 3272 2862 omnis
3301 2807 3484 2864 anima

1880 2894 2116 2952 similem
2154 2897 2259 2952 sibi
2293 2914 2304 2948 :
2336 2895 2492 2954 Unde
2528 2913 2626 2968 per
2669 2899 2965 2969 quemdam
3009 2899 3312 2970 sapientem
3354 2900 3486 2956 dici-

1879 2997 1969 3043 tur
2005 3009 2016 3044 :
2053 2989 2221 3046 Omne
2251 2991 2456 3045 animal
2475 2991 2654 3063 diligit
2685 2992 2788 3047 sibi
2813 2993 2987 3046 simile
3011 2994 3089 3046 sic
3113 2979 3164 3047 et
3189 2977 3360 3048 omnis
3388 2994 3486 3048 lto-

164 3087 459 3144 tulabundi
482 3082 704 3142 recolite
729 3086 1015 3154 solemnia,
1044 3084 1254 3140 scilicet
1278 3100 1376 3154 pro
1399 3081 1587 3138 electis
1608 3090 1773 3152 atque
1796 3096 1846 3161 α
1879 3097 1962 3134 mo
2002 3081 2302 3151 proximum
2333 3080 2436 3135 sibi
2470 3079 2664 3153 (Eccli.
2712 3083 2856 3152 xm).
2891 3081 3084 3138 Omnis
3125 3099 3255 3139 caro
3300 3084 3367 3140 ad
3409 3085 3485 3140 si-

164 3180 454 3252 przeclaris
477 3180 642 3251 hujus
673 3180 920 3236 ecclesia:
951 3178 1285 3250 margaritis,
1311 3191 1520 3247 proque
1549 3190 1778 3230 vernan-

163 3273 323 3329 tibus
387 3281 552 3344 atque
612 3271 1036 3328 coruscantibus
1089 3270 1274 3325 electze
1323 3268 1530 3323 altricis
1575 3274 1779 3323 nostrae

165 3365 422 3421 ﬂoribus.
451 3364 530 3420 Eo
577 3373 762 3422 autem
813 3363 1045 3419 rationis
1075 3373 1264 3418 tenore
1305 3361 1466 3416 nobis
1503 3360 1781 3416 exsultan-

161 3460 306 3515 dum
346 3459 507 3515 hodie
545 3459 956 3514 denuntiamus.
1003 3456 1190 3511 Primo
1231 3455 1475 3527 quidem,
1523 3455 1652 3526 quia
1693 3470 1779 3510 ec.

160 3555 340 3611 clesia
393 3561 578 3609 nostra
628 3552 920 3607 lloriditate
966 3551 1281 3622 apostolica:
1334 3549 1632 3605 viriditatis
1677 3564 1774 3606 seu

160 3646 541 3718 smaragdinis
588 3645 870 3711 redimita,
921 3629 1151 3700 lucescit
1191 3642 1442 3716 gemmis.
1497 3641 1771 3709 Secundo,

160 3740 302 3811 quia
343 3740 660 3813 sanguineis
706 3747 1012 3812 martyrum
1055 3753 1285 3794 corusca
1337 3736 1526 3792 rutilat
1580 3735 1770 3791 rosis:

160 3843 298 3904 post
342 3833 478 3901 haec,
529 3833 659 3904 quia
699 3831 1025 3888 clarissimis
1066 3829 1444 3887 confessorum
1490 3829 1772 3900 phalerata

161 3926 310 3982 nitet
364 3925 695 3998 margaritis.
746 3925 951 3981 Deinde
1021 3924 1149 3996 quia
1205 3924 1466 3996 virgineis
1519 3923 1771 3978 tloridula

161 4018 402 4075 albescit
432 4018 581 4074 liliis.
612 4018 900 4075 Postremo
941 4018 1130 4086 etiam,
1173 4017 1302 4089 quia
1345 4017 1621 4088 opulentia
1650 4017 1770 4087 plu-

159 4112 440 4170 rimorum
488 4111 777 4184 utriusque
831 4127 999 4168 sexus
1043 4119 1383 4176 sanctorum,
1431 4110 1591 4180 quasi
1656 4110 1770 4166 fra-

161 4206 387 4278 grantia
433 4206 728 4262 multarum
775 4205 1082 4277 specierum
1125 4204 1296 4260 ditata
1324 4204 1647 4261 suavissime
1676 4219 1766 4260 re-

159 4300 338 4368 dolet,
385 4299 562 4368 ﬂoret,
610 4299 755 4371 viget
784 4307 947 4369 atque
992 4298 1177 4372 pollet.
1231 4297 1478 4366 Quorum
1512 4284 1766 4354 omnium

158 4394 298 4449 fidei
329 4395 637 4450 constantia
668 4408 771 4449 nos
800 4393 1046 4460 roborat,
1089 4400 1144 4447 et
1178 4392 1294 4462 spei
1335 4391 1566 4447 altitudo
1591 4392 1767 4448 elevat

1881 3174 2008 3229 mile
2037 3174 2142 3230 sibi
2168 3175 2554 3246 conjungetur,
2578 3183 2631 3231 et
2653 3175 2834 3232 omnis
2870 3176 3038 3232 homo
3067 3176 3133 3232 ad
3171 3176 3349 3233 simile
3377 3177 3484 3234 sibi

1881 3267 2200 3325 soeiabitur.
2243 3265 2396 3324 Sicut
2418 3269 2851 3324 communicabit
2883 3270 3047 3340 lupus
3071 3285 3236 3342 agno,
3279 3271 3358 3327 sic
3381 3271 3483 3326 ali—

1879 3362 2100 3432 quando
2125 3370 2408 3432 peccatum
2442 3362 2615 3432 justo.
2642 3361 2777 3430 Quae
2810 3363 3240 3419 communicatio
3271 3365 3482 3422 homini

1879 3465 2071 3513 sancto
2098 3458 2164 3512 ad
2193 3458 2419 3512 canem?
2449 3456 2626 3524 Quam
2667 3457 2832 3529 igitur
2861 3473 2996 3530 rogo
3021 3467 3232 3530 partem
3275 3460 3357 3515 vel
3389 3475 3482 3516 so-

1877 3549 2127 3606 cietatem
2180 3550 2498 3605 habiturum
2545 3550 2770 3606 creditis
2821 3550 3090 3608 incestum
3137 3567 3266 3606 cum
3294 3553 3483 3609 casto?

1876 3643 2155 3698 ebriosum
2185 3659 2311 3698 cum
2358 3644 2580 3699 sobrio?
2620 3652 2895 3714 raptorem
2943 3645 3027 3700 vel
3065 3645 3316 3717 iniquum
3351 3663 3480 3704 cum

1870 3735 2022 3806 justo
2047 3735 2130 3790 vel
2161 3735 2389 3791 saneto?
2424 3734 2815 3808 Blasphemum
2841 3737 2926 3793 vel
2958 3739 3321 3795 detractorem
3351 3756 3480 3797 cum

1858 3829 2208 3900 ’boniloquo?
2256 3815 2576 3886 mendacem
2631 3847 2756 3886 cum
2805 3831 3084 3887 veridico?
3139 3833 3475 3890 obstinatum

1873 3924 1958 3978 vel
1989 3939 2218 3980 avarum
2255 3938 2381 3979 cum
2422 3924 2614 3996 largo?
2636 3923 2972 3996 ﬂagitiosum
3017 3942 3143 3981 cum
3173 3926 3479 3998 religioso?

1874 4014 1986 4072 Vos
2015 4032 2164 4089 ergo,
2192 4016 2390 4075 fratres
2419 4017 2755 4086 cbarissimi,
2793 4018 2889 4089 qui
2919 4018 3350 4076 Christianitatis
3375 4035 3478 4076 no-

1872 4109 2019 4164 mine
2050 4110 2400 4180 appellamini
2438 4110 2644 4179 ﬁdeles,
2677 4119 2929 4169 recusate
2968 4111 3319 4183 paganisticis
3355 4128 3477 4168 mo»

1871 4202 2028 4258 ribus
2084 4203 2329 4259 infideles
2379 4205 2612 4260 censeri.
2665 4203 2773 4272 Qui
2807 4220 2939 4260 vero
2983 4204 3078 4260 lux
3120 4205 3177 4260 in
3217 4205 3472 4276 Domino,

1872 4294 2190 4351 charactere
2227 4297 2530 4366 apostolico
2559 4297 2875 4366 titulamini,
2905 4299 3074 4355 nolite
3105 4299 3364 4356 vitiorum
3388 4310 3473 4358 te-

1872 4389 2110 4444 nebrosa
2133 4388 2366 4461 caligine
2390 4389 2624 4461 principi
2657 4392 3006 4446 tenebrarum
3035 4393 3307 4464 assignari
3332 4410 3346 4447 :
3376 4395 3475 4466 qui

158 4496 222 4544 et
263 4486 552 4542 charitatis
590 4486 872 4558 plenitudo
916 4485 1206 4541 exhilarat.
1246 4483 1430 4542 Laetus
1473 4501 1602 4557 ergo
1652 4485 1769 4542 dies
1801 4479 1848 4537 D
1874 4482 2040 4538 etiam
2071 4482 2126 4537 in
2157 4481 2302 4539 sacri
2325 4482 2532 4553 eloquii
2557 4482 2758 4555 pagina
2782 4483 3046 4553 templum
3089 4483 3185 4539 Dei
3223 4485 3474 4557 depingi-

157 4581 316 4654 apud
343 4598 444 4638 nos
473 4583 576 4638 ista
610 4589 874 4648 transeat,
910 4596 1074 4653 quem
1115 4580 1297 4648 nobis,
1331 4579 1528 4636 fratres
1549 4580 1766 4636 charis-

158 4676 319 4742 simi,
372 4684 450 4731 tot
505 4684 561 4732 et
618 4684 897 4731 tantorum
953 4682 1273 4731 sanctorum
1316 4674 1764 4730 commemoratio

157 4769 536 4825 commendat.
565 4767 738 4824 Totus
763 4782 965 4824 canora
985 4765 1308 4838 jubilatione
1332 4764 1579 4835 prodeat,
1602 4780 1763 4834 quem

155 4871 218 4920 et
263 4864 586 4935 angelorum
634 4877 790 4934 aeque
842 4869 898 4917 et
938 4867 1253 4916 sanctorum
1297 4857 1456 4928 parili
1496 4866 1766 4916 concentu

158 4966 326 5030 grata
369 4956 604 5014 societas
646 4955 1009 5014 concelebrat.
1050 4951 1129 5008 De
1169 4952 1276 5008 hoc
1320 4951 1520 5023 quippe
1569 4951 1766 5008 festivo

158 5064 386 5121 magna:
439 5048 635 5105 salutis
700 5047 898 5120 gaudio
959 5062 1025 5101 ex
1082 5041 1367 5114 Scriptura
1413 5043 1666 5099 canimus
1709 5042 1766 5098 in

157 5141 382 5214 psalmo
409 5159 422 5196 :
458 5140 572 5197 Vox
603 5139 976 5196 cxsultationis
1001 5147 1051 5194 et
1080 5136 1274 5193 salutis
1315 5137 1372 5190 in
1412 5135 1766 5191 tabernaculis

151 5238 435 5310 justorum
483 5234 553 5290 ad
600 5232 924 5288 audiendum
977 5231 1168 5286 audita
1208 5238 1285 5285 est
1350 5227 1525 5300 (Psal.
1564 5229 1764 5300 mm).

159 5329 468 5402 Aptissimc
505 5327 752 5400 profecto
783 5343 889 5381 vox
933 5323 1325 5383 exsultationis
1375 5331 1428 5378 et
1477 5322 1668 5380 salutis
1709 5324 1765 5380 in

160 5423 280 5480 isto
308 5421 484 5477 audiri
509 5420 594 5477 fas
613 5428 698 5476 est
728 5420 892 5492 hodie
911 5419 1206 5486 domicilio,
1233 5417 1363 5489 quia
1379 5416 1641 5471 nimirum
1665 5416 1765 5472 hoc

161 5517 376 5575 dicrnae
418 5515 526 5571 diei
574 5515 631 5570 in
663 5513 996 5582 celebritate,
1029 5514 1159 5568 dum
1190 5509 1516 5584 generaliter
1551 5524 1764 5566 memo-

157 5612 252 5668 ria
285 5610 345 5665 (it
373 5611 641 5674 omnium,
673 5623 908 5680 quorum
934 5608 989 5662 in
1012 5607 1119 5664 ista
1141 5604 1384 5676 reliquiae
1413 5601 1766 5658 continentur

156 5704 404 5763 ecclesia
426 5713 767 5771 sanctorum,
798 5703 1076 5760 credimus
1098 5717 1253 5773 atque
1273 5709 1328 5756 et
1351 5699 1406 5754 in
1451 5698 1590 5755 coelo
1625 5705 1678 5752 et
1708 5696 1763 5752 in

158 5791 313 5870 terra
343 5799 529 5856 laudes
551 5813 812 5855 resonare
841 5799 1118 5869 ipsorum;
1146 5796 1279 5854 dum
1297 5801 1357 5873 et
1399 5807 1502 5858 nos
1530 5792 1586 5852 in
1617 5800 1763 5852 terra

445 5896 724 5960 ΡΑτιιοι.
759 5895 917 5959 CLX

1875 4575 2031 4642 mini,
2065 4583 2306 4632 statuere
2352 4575 2408 4631 in
2457 4575 2716 4634 cordibus
2761 4576 2958 4632 vestris
3005 4577 3303 4634 simulacra
3340 4579 3474 4636 deo-

1873 4687 1997 4728 rum
2039 4670 2249 4726 viribus
2298 4670 2429 4726 totis
2477 4669 2796 4725 renitimini.
2852 4668 3115 4743 Quisquis
3165 4672 3314 4728 enim
3365 4669 3472 4729 ai-

1873 4765 2004 4837 quid
2036 4765 2160 4837 plus
2206 4762 2372 4836 quam
2417 4763 2587 4820 Deum
2635 4764 2832 4838 diligit,
2881 4773 3119 4834 constat,
3163 4766 3294 4838 quia
3343 4764 3472 4823 favo

1873 4859 1960 4916 sui
1985 4859 2168 4916 cordis
2189 4859 2303 4930 jam
2334 4858 2539 4916 idolum
2586 4858 2796 4927 statuit,
2843 4859 2932 4916 cui
2983 4860 3142 4916 toties
3181 4859 3472 4917 serviendo

1873 4953 2127 5024 procidit,
2152 4952 2368 5024 quoties
2402 4953 2536 5009 illud
2564 4968 2687 5009 cum
2710 4950 3147 5024 frequentatione
3169 4951 3389 5018 excolit,
3413 4957 3472 5010 et

1873 5047 1996 5116 ejus
2029 5045 2225 5102 ditioni
2264 5061 2324 5102 se
2369 5047 2571 5103 subdit.
2623 5045 2899 5120 Scriptum
2934 5046 3083 5103 enim
3125 5052 3228 5113 est,
3259 5044 3469 5119 Diliges

1876 5136 2164 5192 Dominum
2192 5136 2363 5192 Deum
2396 5145 2546 5192 tuum
2577 5153 2643 5193 ea:
2675 5147 2784 5192 toto
2833 5136 2993 5192 corde
3020 5145 3130 5201 tuo,
3159 5142 3211 5190 et
3245 5151 3312 5191 ex
3355 5145 3470 5192 tota

1877 5232 2058 5286 anima
2084 5239 2198 5299 tua,
2231 5238 2282 5286 et
2311 5247 2376 5286 ea:
2408 5232 2533 5286 totis
2581 5231 2781 5286 viribus
2805 5231 2909 5284 tuis
2933 5228 3154 5300 (Matth.
3187 5228 3346 5300 xm).
3387 5227 3468 5288 Ita

1875 5335 1929 5382 et
1957 5326 2048 5383 ille
2071 5326 2224 5382 solus
2248 5341 2463 5382 summe
2485 5325 2811 5397 diligendus,
2837 5323 2931 5394 qui
2961 5321 3313 5395 singulariter
3333 5323 3468 5379 ado-

1870 5422 2099 5489 randus,
2132 5437 2198 5478 ac
2237 5421 2638 5477 studiosissime
2668 5418 3002 5476 excolendus
3047 5427 3150 5474 est.
3185 5417 3466 5490 Quidquid

1872 5514 2039 5586 igitur
2060 5522 2252 5570 contra
2289 5514 2454 5584 hujus
2478 5512 2682 5567 amoris
2711 5512 2794 5565 vel
2834 5510 3078 5568 exercitii
3109 5510 3315 5567 cultum
3355 5517 3462 5577 est,

1870 5608 2117 5679 profecto
2159 5609 2475 5664 medullitus
2531 5605 2924 5662 eliminandum
2981 5614 3083 5662 est.
3145 5603 3463 5676 Apostolico

1870 5712 2053 5760 autem
2083 5703 2337 5776 dogmate
2381 5700 2728 5768 instruimur,
2767 5699 3029 5771 quoniam
3075 5697 3341 5753 habitatio
3364 5695 3462 5752 Dei

1871 5806 2147 5862 structura
2184 5797 2435 5869 corporis
2459 5794 2634 5855 nostri
2659 5794 2898 5871 eligitur.
2929 5794 3008 5848 Au
3035 5793 3225 5858 nescis,
3257 5791 3456 5866 inquit,

3059 5886 3137 5952 33
