3960 6316
525 306 547 357 1
557 296 663 356 055

1670 287 1718 347 J.
1738 286 2118 347 MARSICANI
2139 286 2439 347 TUSCULZ
2474 288 2695 350 EPISC.

3642 309 3749 373 ιω

522 410 775 488 quoniam
794 423 1021 479 corpora
1042 413 1216 462 vestra
1239 404 1493 477 templum
1514 410 1638 459 sunt
1665 401 1902 475 Spiritus
1925 405 2200 486 sancti}!
2229 403 2363 460 dum
2414 404 2473 458 in
2521 404 2674 461 nullo
2696 403 2901 465 feritati
2922 407 3044 479 eius
3065 409 3285 480 cedunt,
3324 413 3419 471 sed
3444 431 3608 489 usque
3622 423 3679 479 ad
3698 426 3748 483 li-

522 519 571 561 ει
603 504 836 575 Spiritus
868 500 965 557 Dei
992 501 1203 556 habitat
1232 501 1288 555 in
1312 500 1497 555 vobis?
1529 497 1584 571 (Ι
1614 497 1739 554 Cor.
1769 496 1870 568 γι.)
1898 496 1966 552 Ει
1994 512 2123 552 rur-

522 613 644 654 sum
680 615 693 651 :
735 594 1009 666 Templum
1064 592 1160 648 Dei
1223 604 1466 647 sanctum
1509 599 1608 659 est,
1651 590 1790 663 quod
1829 591 1956 645 estis
2006 606 2116 645 vos.

522 687 583 744 Si
615 687 733 760 quis
757 694 934 740 autem
962 684 1215 756 templum
1235 683 1335 738 Dei
1352 682 1648 749 violaverit,
1676 680 1941 752 disperdat
1962 679 2121 743 illum

521 782 663 836 Deus
706 776 764 852 (1
793 777 919 836 Cor.
965 778 1073 852 ιιι).
1107 777 1498 846 Quamobrem,
1542 775 1740 831 fratres
1784 773 2118 840 charissimi,

520 875 897 932 necessarium
945 873 1130 929 ducite
1181 873 1251 928 ab
1305 871 1455 925 omni
1486 869 1820 941 peccaminis
1876 867 2123 924 fteditate

520 969 780 1042 templum
804 966 900 1023 Dei
913 982 1236 1038 expurgare,
1258 971 1454 1021 cuncta
1471 978 1655 1019 rerum
1673 962 2119 1018 transitoriarum

519 1063 663 1119 idola
693 1061 942 1117 funditus
964 1059 1271 1128 eliminare,
1294 1058 1479 1114 vitiosi
1509 1056 1692 1129 operis
1727 1056 2120 1127 impedimenta

521 1155 793 1235 expellere
813 1198 828 1223 ,
880 1155 1190 1210 orationum
1246 1161 1520 1208 texturam
1572 1150 1739 1206 latius
1785 1150 2118 1220 expandere,

518 1248 832 1307 charitativi
860 1247 1076 1303 ardoris
1097 1245 1481 1317 splendoribus
1506 1243 1837 1309 illuminare,
1868 1241 2119 1296 omnium

517 1342 783 1397 virtutum
828 1339 1188 1395 redolentiam
1237 1351 1603 1407 conspergere
1643 1342 1706 1388 ut
1751 1330 2118 1388 habitatorem

519 1436 686 1507 hujus
723 1434 911 1504 templi
939 1433 1098 1487 vobis
1120 1430 1442 1502 placabilem
1469 1437 1523 1483 et
1548 1427 1736 1500 gratiae
1774 1426 2114 1497 largitorem,

517 1516 742 1583 valeatis
777 1525 1083 1597 acquirere.
1102 1520 1175 1578 Ut
1205 1531 1390 1577 autem
1413 1520 1661 1577 ellicaces
1682 1520 1849 1588 hujus
1876 1518 2118 1587 rei‘pos-

515 1621 690 1675 simus
720 1617 840 1673 ﬁeri
878 1604 1122 1687 opifices,
1149 1624 1205 1669 et
1228 1614 1446 1669 obnixis
1468 1613 1725 1684 precibus
1752 1608 2116 1681 conquirendi

514 1719 644 1766 sunt
691 1709 871 1765 idonei
918 1706 1186 1774 fautores,
1213 1721 1354 1777 quos
1392 1704 1555 1760 hodie
1601 1719 1921 1759 veneremur
1947 1701 2115 1772 hujus

2227 513 2355 554 nem
2389 498 2608 576 fortiter
2652 500 2966 558 dimicando
2991 503 3276 567 resistunt.
3319 505 3485 580 Cujus
3519 517 3752 585 tyrannide

2223 593 2452 650 victrice
2512 594 2695 664 manu}
2739 594 2953 650 devicta
2976 637 2991 663 ,
3058 596 3415 669 triumphales
3470 602 3567 658 sibi
3605 606 3752 669 titulos

2226 685 2429 749 summi
2455 686 2625 757 regis,
2647 686 2704 743 in
2725 686 2851 743 aula
2875 688 3083 758 proprii
3100 691 3320 749 cruoris
3344 691 3495 765 signo
3517 694 3755 777 inscripse-

2222 786 2375 846 runt,
2403 794 2502 850 per
2527 793 2626 835 eos
2650 793 2793 849 quos
2814 795 3008 837 eorum
3044 783 3363 845 memoriale
3382 783 3583 845 tlorebit
3610 790 3656 844 in
3677 808 3753 850 sa-

2206 868 2350 929 cula
2379 890 2393 927 :
2421 888 2550 929 cum
2571 881 2831 945 vergente
2883 874 3016 941 anni,
3080 874 3290 931 circulo
3329 891 3536 949 semper
3559 880 3751 943 redivivo

2224 964 2409 1021 fructu
2435 965 2616 1023 laudis
2644 975 2897 1034 vernant,
2928 974 2985 1025 et
3013 982 3117 1023 nos
3168 967 3224 1024 in
3259 959 3597 1041 augmentum
3615 976 3753 1033 meriti

2224 1058 2333 1127 sui,
2365 1059 2632 1121 lucrando
2678 1059 3009 1131 geminant.
3053 1058 3210 1117 Unde
3264 1061 3529 1133 scriptum
3574 1065 3753 1123 esu]:

2223 1152 2480 1207 memoria
2503 1160 2704 1209 wterna
2724 1162 2879 1209 erunt
2895 1154 3038 1224 justi
3069 1153 3245 1226 (Psal.
3284 1154 3392 1225 ιιι).
3416 1154 3541 1213 Item
3567 1157 3659 1214 alio
3673 1175 3758 1218 mo-

2221 1245 2297 1303 do
2311 1246 2513 1305 dicitur
2536 1247 2595 1303 in
2626 1247 2738 1304 alio
2778 1248 2901 1305 loco
2936 1265 2949 1302 :
2980 1246 3015 1303 Ι
3020 1258 3170 1303 ustus
3194 1255 3254 1303 ut
3276 1247 3461 1320 palma
3482 1250 3680 1320 ﬂorebit,
3698 1253 3756 1308 si-

2222 1349 2311 1394 cut
2332 1340 2520 1395 cedrus
2541 1339 2738 1396 Libani
2775 1339 3248 1412 multiplicabitur.
3285 1340 3536 1399 Plautate
3559 1344 3607 1399 in
3639 1344 3755 1401 dm

2221 1434 2480 1502 Domini,
2536 1435 2594 1493 in
2669 1434 2828 1489 atriis
2896 1434 3085 1489 domus
3142 1433 3243 1489 Dei
3313 1436 3482 1491 nostri
3554 1435 3756 1506 ﬂorebat

2221 1524 2398 1598 (Psal.
2427 1525 2562 1595 xei).
2587 1526 2783 1582 Adhuc
2816 1525 3338 1607 multiplicabuntur
3358 1527 3418 1583 in
3445 1536 3641 1587 senecta
3665 1545 3756 1600 pro-

2219 1618 2542 1683 vectiori,et
2562 1619 2702 1674 bene
2735 1618 3005 1689 patientes
3036 1626 3221 1687 erunt,
3242 1634 3532 1693 usquequo
3557 1621 3755 1692 posteris.

2221 1712 2367 1781 quod
2393 1712 2734 1783 agnoverint,
2755 1711 3104 1781 annuutient,
3125 1712 3334 1777 scilicet
3359 1712 3754 1787 quoniamDomi-
3860 1711 3873 1787 ἡ

514 1803 698 1879 operis
743 1786 1215 1875 praedecessoresf
1244 1797 1435 1869 Itaque
1470 1798 1712 1869 primum
1745 1796 2119 1853 venerationis
2152 1797 2197 1854 B
2224 1822 2331 1863 nus
2353 1805 2500 1862 Deus
2526 1813 2717 1861 noster
2729 1806 2919 1877 justus
2947 1815 2999 1865 et
3024 1815 3211 1868 rectus
3239 1814 3348 1874 est,
3380 1786 3442 1863 et
3466 1807 3521 1863 in
3545 1807 3626 1862 illo
3649 1806 3754 1865 nulla

517 1898 702 1953 studio
747 1895 1010 1952 reddendi
1060 1901 1190 1949 sunt
1233 1892 1523 1959 benevoli,
1574 1898 1766 1962 postea
1802 1889 2112 1947 ﬁducialius

514 1989 870 2062 praedicandi.
897 1987 1006 2044 Sed
1035 1996 1170 2043 tunc
1196 1986 1402 2043 certius
1421 1999 1614 2041 eorum
1644 1999 1810 2039 aures
1837 1983 1996 2039 nobis
2020 1998 2113 2040 ac-

516 2086 686 2142 clives
733 2083 1038 2152 reddimus,
1095 2083 1143 2136 si
1181 2081 1363 2152 operis
1418 2079 1798 2146 attestatione,
1828 2078 2109 2149 ipsorum,

513 2181 646 2237 boni
668 2180 1019 2236 atmulatores
1047 2176 1334 2232 fuerimus.
1373 2172 1633 2245 Ecceipsi
1660 2172 1845 2228 carnis
1878 2172 2110 2227 materia

516 2271 716 2341 induti,
744 2272 890 2327 sicut
915 2268 1260 2326 evidentibus
1299 2266 1470 2338 signis
1494 2265 1692 2332 elucet,
1722 2265 1893 2320 totius
1920 2263 2110 2320 crimi—

511 2365 637 2422 nosi
689 2364 876 2437 operis
915 2363 1190 2418 immunes
1214 2369 1267 2416 et
1290 2368 1540 2430 expertes
1565 2359 1735 2414 vitam
1762 2374 1949 2415 coram
1994 2357 2108 2414 Deo

512 2465 568 2512 et
597 2455 917 2512 hominibus
938 2456 1229 2510 honestam
1252 2453 1549 2519 duxerunt,
1576 2459 1631 2507 et
1657 2452 1727 2506 ab
1747 2452 2108 2523 hujusmundi

510 2540 931 2625 inquinamento
984 2546 1449 2605 incontaminatas
1474 2560 1671 2602 manus
1697 2546 2105 2601 continuerunt.

512 2641 731 2701 Florem
782 2642 974 2699 mundi
1024 2641 1284 2697 omnibus
1309 2655 1435 2696 cum
1484 2639 1599 2694 suis
1648 2638 2108 2695 oblectationibus

513 2749 790 2806 sprevere,
831 2741 886 2789 et
915 2733 1161 2789 cmlestia
1194 2732 1345 2787 omni
1367 2730 1550 2787 cordis
1572 2730 1873 2787 intentione
1895 2732 2108 2787 instan-

512 2824 622 2883 tius
651 2827 964 2899 exquisiere
993 2845 1009 2895 ;
1057 2825 1284 2897 jejuniis
1315 2832 1371 2880 et
1395 2824 1738 2880 orationibus
1766 2825 2105 2894 insistentes,

512 2918 700 2976 carnis
745 2918 877 2989 jura
924 2918 1245 2987 domabant,
1276 2916 1533 2989 spiritum
1562 2916 1917 2973 roborabant.
1966 2914 2107 2972 Cum

514 3012 712 3071 salutis
743 3012 971 3070 inimico
1020 3012 1279 3085 belligera
1310 3028 1478 3069 manu
1507 3013 1767 3087 congredi
1790 3027 1904 3069 non
1942 3012 2108 3069 dubi-

2221 1907 2308 1955 est
2336 1899 2620 1969 iniquitas.
2654 1896 2859 1957 Verum
2897 1906 3003 1967 est,
3056 1897 3284 1968 fratres,
3307 1898 3564 1973 quoniam
3603 1898 3755 1955 multos

2219 2001 2345 2050 ante
2366 2007 2541 2051 annos
2563 1991 2828 2060 defuncti,
2849 1992 3032 2050 adhuc
3050 1992 3320 2054 vivaciter
3342 1993 3642 2065 loquuntur,
3660 1990 3754 2049 dum

2217 2084 2461 2155 quotidie
2514 2099 2612 2155 per
2661 2099 2855 2141 eorum
2896 2083 3153 2159 dogmata
3193 2070 3390 2142 ﬁdeles
3422 2083 3491 2143 ad
3522 2080 3754 2143 Dominum

2216 2184 2635 2245 convertuntur,
2662 2184 2723 2233 et
2742 2177 2811 2235 ad
2835 2192 2976 2248 opus
2996 2177 3205 2235 bonum
3231 2192 3336 2250 per
3355 2191 3545 2234 eorum
3565 2171 3754 2248 exempla

2217 2270 2573 2327 roborantur.
2630 2266 2887 2336 Quandiu
2931 2269 3117 2340 itaque
3164 2267 3345 2341 hujus
3399 2266 3581 2327 mundi
3624 2263 3754 2323 orbita

2217 2361 2477 2429 volvitur,
2508 2362 2756 2432 ipsorum
2784 2359 3101 2421 venerabile
3126 2359 3396 2423 meritum
3426 2374 3624 2432 semper
3645 2356 3751 2414 acci-

2216 2452 2299 2525 pit
2353 2452 2779 2511 incrementum.
2834 2450 3081 2523 Agamus
3129 2465 3262 2523 ergo
3289 2492 3307 2520 ,
3344 2449 3657 2519 charissimi,
3681 2446 3753 2505 im-

2216 2562 2440 2604 mensas
2461 2547 2517 2602 in
2542 2547 2788 2617 ipsorum
2818 2546 3166 2607 solemnitate
3196 2544 3454 2619 Creatori
3478 2552 3648 2621 nostro
3668 2542 3752 2598 lau-

2216 2640 2313 2697 des
2369 2648 2424 2695 et
2477 2639 2703 2711 gratias,
2735 2639 2833 2710 qui
2886 2649 2940 2696 et
2982 2639 3092 2695 illis
3152 2653 3416 2711 regnum,
3453 2646 3572 2707 ante
3605 2634 3751 2699 mh

2218 2732 2673 2806 pmordinatum,
2703 2732 2763 2788 in
2795 2731 3116 2793 coelestibus
3165 2731 3288 2803 jam
3318 2730 3567 2799 contulit,
3596 2738 3643 2791 et
3680 2742 3752 2786 nos

2215 2826 2463 2899 ejusdem
2510 2826 2666 2898 regni
2695 2826 2989 2899 participes
3031 2825 3151 2885 fore
3177 2826 3518 2899 reintegrata
3555 2838 3643 2899 per
3665 2819 3752 2895 ejus

2218 2922 2542 2994 sanguinem
2566 2920 2743 2979 salute
2765 2920 3105 2992 repromisit.
3130 2919 3242 2993 ipsi
3265 2935 3403 2994 ergo
3429 2917 3652 2977 omnium
3669 2912 3750 2987 red

2218 3017 2572 3082 saeculorum,
2585 3030 2688 3086 pro
2707 3014 2791 3075 bis
2811 3014 3071 3073 omnibus
3082 3014 3204 3073 laus
3218 3022 3278 3070 et
3298 3013 3473 3087 gloria
3494 3007 3749 3086 perinﬁniu

3863 1488 3873 1825 φ

513 3100 718 3181 tavere,
742 3123 907 3184 quem
926 3116 982 3166 et
1005 3109 1178 3166 armis
1192 3108 1473 3182 praecincti
1488 3108 1692 3166 divinis
1716 3117 2068 3182 prostravere
2093 3127 2110 3167 :
2142 3107 2192 3174 α
2221 3112 2449 3179 saecula;
2470 3109 2631 3167 nobis
2647 3116 2834 3169 autem
2861 3108 3244 3172 misericordia
3264 3104 3749 3181 smpiternam

3316 3328 3744 3371 ψει

1885 3588 2028 3633 anno
2060 3585 2252 3632 nom:
2287 3585 2443 3631 Ιαιιι

1063 3817 1931 3988 JOANNES
2015 3813 3231 4013 MABSICANUS

1686 4113 2157 4178 TUSGULANUS
2188 4112 2578 4183 EPISCOPUS

1837 4320 2436 4357 ῃ

968 4548 1568 4649 NOTITIA
1633 4546 2401 4645 HISTORICA
2471 4546 2616 4657 IN
2685 4546 3330 4673 JOANNEM

1672 4764 1959 4843 (Usum,
1987 4764 2165 4827 Italia
2192 4763 2387 4838 Sacra,
2408 4764 2453 4838 1,
2479 4764 2636 4842 250.)

568 5169 1199 5257 Iguunegnlfgriieanus
1213 5170 1547 5257 appellatus,
1572 5171 1643 5257 αξξ
1668 5171 1887 5257 Urbano
1912 5170 1979 5227 11
1995 5172 2182 5257 ,άὶειιιδ
2205 5181 2284 5228 est
2313 5172 2587 5256 cpiscopus
2602 5172 3305 5257 _pardina_lis_T_usculanus.
3329 5174 3520 5257 ﬂigi:

495 5242 637 5303 lensi
662 5236 888 5319 concilio
914 5236 1735 5319 “06_grav_issimc_sententiam
1762 5244 1910 5313 tulit,
1936 5244 2170 5319 adeoque
2183 5236 2378 5319 magni
2403 5236 2737 5319 promptique
2768 5247 2940 5315 animi
2977 5248 3102 5319 fuit,
3136 5257 3217 5318 ut,
3252 5265 3374 5308 cum
3403 5236 3640 5307 Henricus
3662 5236 3725 5319 Υ

494 5319 696 5389 impius
718 5317 1010 5389 imperator
1039 5314 1359 5372 Paschalem
1389 5314 1453 5389 II
1489 5318 1793 5388 pontiﬁcem
1829 5314 2139 5389 conjecisset
2174 5317 2232 5370 in
2279 5314 2566 5386 carcerem,
2604 5314 2715 5389 ipse
2744 5314 2850 5377 una
2891 5314 3012 5373 cum
3047 5314 3223 5375 Leone
3244 5314 3721 5389 cardinaliemmt'lﬂ

495 5383 724 5447 vestium
748 5383 903 5444 cultu
920 5387 1147 5444 Romam
1169 5383 1808 5461 profugerit,'p0puloque
1838 5383 2079 5461 Romano
2094 5389 2161 5461 in
2181 5389 2485 5461 concionem
2506 5383 2713 5461 vocato,
2737 5389 2905 5445 eidem
2925 5392 3250 5461 persuaserit
3274 5401 3333 5447 ut
3366 5383 3719 5461 sumptum

495 5407 903 5471 vestiumcuuu
920 5407 1147 5444 nomam
1169 5407 1485 5471 prolugertt,
1512 5407 1808 5514 poputoyue
1838 5407 2079 5444 nomano
2102 5407 2161 5443 in
2181 5407 2485 5444 concwnem
2506 5407 2713 5457 vocato,
2737 5407 2905 5445 etaem
2925 5407 3250 5461 persuaserit
3274 5407 3333 5447 ut
3366 5407 3719 5461 sumptum

495 5471 696 5535 contra
719 5468 1093 5535 imperatorem
1118 5460 1638 5535 pontiﬁcrsinjurias
1669 5470 1981 5535 augeatur.
2004 5458 2113 5535 Sub
2140 5459 2321 5535 eodem
2343 5459 2599 5535 Paschali
2626 5462 2735 5535 vita
2782 5462 2997 5532 functus
3035 5472 3134 5519 est.
3161 5462 3442 5535 [Interfuit
3466 5466 3608 5535 etim}
3623 5471 3720 5511 ωι-

496 5533 626 5607 cilio
654 5530 896 5607 Romano
922 5548 1012 5586 an.
1040 5530 1503 5607 illlul’icarium
1533 5533 1760 5607 papain
1786 5531 1925 5607 Urbe
1943 5534 2110 5607 egisse
2140 5531 2415 5603 colligitur
2439 5548 2508 5607 ea:
2541 5532 2700 5589 titulo
2718 5530 2972 5607 apposito
2993 5530 3232 5607 epistolae
3256 5530 3489 5607 recitatae
3511 5551 3541 5591 α

494 5602 696 5678 auuol.
728 5612 766 5657 t.
794 5600 904 5678 Χ,
933 5619 1093 5678 quam
1116 5600 1911 5678 scribit‘Richardo’Albanensi
1933 5600 2357 5678 episcopo,eum
2380 5603 2666 5678 admonens
2692 5600 3033 5678 dejequiter'
3052 5609 3188 5663 actis
3213 5609 3277 5663 ab
3310 5604 3554 5673 Henrico,

501 5673 659 5753 Urbis
678 5684 743 5753 _e_t
764 5669 1080 5753 universalis
1106 5673 1367 5753 Ecclesia:
1392 5684 1539 5753 διέπτη
1562 5676 1880 5753 miserrimo.
1919 5669 2057 5753 gum
2086 5669 2332 5753 plurimis
2356 5676 2719 5753 cardinalibus
2747 5669 3076 5753 Prisc/ralem
3094 5678 3388 5753 objurgavit
3419 5669 3714 5753 concessioth

499 5748 647 5819 facta
669 5745 1384 5824 Henricoinrestilurarum.
1425 5745 1529 5802 Sed
1562 5756 1619 5824 et
1639 5765 1670 5801 α
1697 5745 1952 5824 Paschali
1979 5739 2109 5824 scite
2129 5747 2482 5824 redarguitur
2501 5749 2611 5824 ipse
2633 5749 2773 5822 quod
2803 5751 2969 5824 nimio
2996 5739 3497 5824 selojumvcarpat;
3521 5762 3611 5803 non
3636 5739 3713 5797 σι’

496 5818 726 5875 uerterat
748 5818 888 5875 enim
909 5818 965 5873 id
992 5833 1187 5882 papam
1207 5818 1394 5883 fecisse
1417 5834 1481 5876 ne
1507 5819 1793 5878 schismate
1813 5830 1865 5897 et
1889 5818 2357 5899 deterioridamtto
2385 5818 2825 5893 Urbs-ﬂagraret.
2858 5820 3132 5893 Locrum
