3960 6316
278 339 422 400 ΗΠ
517 360 522 368 ·

1140 330 1483 394 EPISTOLA
1513 331 1607 392 AD
1634 329 2045 392 BICHABDUM
2081 331 2299 394 EPISC.
2337 333 2582 397 ALBAN.

3433 340 3572 412 1938

1813 497 3574 534 mm

948 697 1447 826 ,ΜΔΝ
1455 697 1765 811 N18
1845 696 2899 818 MABSICANI

1570 911 1972 971 TUSCULANI
2004 910 2316 970 EPISCOPI

907 1084 1351 1182 CONCIO
1437 1084 1591 1177 AD
1691 1087 2269 1182 POPULUM
2347 1087 2941 1184 ROMANUM

355 1289 435 1350 Ut
462 1284 768 1369 injuriam
796 1284 1040 1351 summi
1057 1284 1416 1369 pontiﬁcis,
1446 1304 1594 1353 cum
1626 1288 1769 1353 suis
1791 1290 1872 1352 ab
1899 1288 2184 1352 Henrico
2210 1286 2603 1368 imperatore
2633 1287 2797 1358 tanti
2833 1296 2898 1357 et
2935 1286 3250 1358 conviciis
3279 1285 3493 1358 affecti

363 1387 400 1417 '
1715 1391 2111 1455 ulciscantur

1294 1555 1546 1628 (Basore,
1579 1557 1805 1625 Annat.,
1843 1556 1912 1613 ad
1942 1571 2032 1643 an.
2068 1555 2227 1622 1111,
2253 1569 2310 1608 n.
2339 1552 2572 1624 11,15.)

1779 1717 2111 1753 -ιτ-ν-ιυ--ι-

335 1893 512 1963 Licet,
537 1893 851 1951 charissimi
881 1893 999 1964 ﬁlii,
1032 1895 1298 1952 alacritati
1338 1897 1638 1968 virtutique
1660 1906 1863 1954 vestrae
1894 1899 1948 1961 Α
1973 1895 2080 1951 bus
2104 1901 2325 1950 tenetur
2368 1893 2427 1949 in
2474 1890 2753 1961 vinculis;
2799 1893 2983 1950 omnis
3020 1893 3378 1952 sacerdotalis
3410 1894 3569 1966 ordo,

260 1986 483 2042 stimuli
535 1985 980 2054 adhortationum
1029 1987 1356 2056 admovendi
1403 2005 1516 2046 non
1564 1991 1696 2060 sint,
1737 2007 1864 2056 cum

261 2077 453 2135 verbis
480 2095 657 2150 neque
689 2095 758 2135 ex
786 2080 1058 2137 imbecillo
1094 2089 1374 2151 strenuus,
1405 2100 1584 2155 neque
1606 2087 1868 2144 robustus

264 2171 549 2242 quispiam
573 2172 836 2228 reddatur
865 2189 933 2228 ex
955 2173 1168 2241 timido,
1199 2175 1381 2232 omnis
1409 2177 1558 2232 enim
1593 2179 1753 2235 vobis
1780 2191 1866 2236 est

261 2280 372 2335 pro
395 2265 506 2340 vita
542 2274 595 2320 et
618 2281 718 2336 pro
742 2266 1012 2333 libertate,
1044 2283 1144 2338 pro
1185 2268 1376 2339 gloria,
1406 2285 1508 2339 pro
1545 2270 1866 2330 defensione

260 2357 585 2427 apostolicae
623 2357 770 2413 sedis
799 2373 983 2430 pugna
1004 2373 1275 2430 omneque
1301 2369 1578 2424 certamen
1600 2370 1714 2431 est;
1746 2365 1866 2421 haac

259 2451 458 2506 omnia
487 2450 544 2504 in
579 2451 834 2507 manibus
859 2452 1059 2507 vestris
1090 2461 1220 2508 sunt
1241 2454 1562 2510 constituta.
1603 2455 1743 2512 Nam
1766 2458 1863 2529 qui

257 2556 462 2613 pacem
491 2541 787 2608 desiderat,
810 2553 1078 2613 praeparet
1104 2543 1327 2600 bellum.
1362 2542 1486 2600 Filii
1517 2546 1688 2602 vestri
1731 2563 1865 2604 con-

257 2639 353 2686 tra
374 2631 466 2702 jus
489 2647 672 2700 omne,
701 2642 892 2689 contra
929 2633 1012 2691 fas
1041 2643 1294 2690 tenentur
1316 2635 1374 2690 in
1402 2637 1640 2694 vinculis
1673 2658 1684 2693 :
1715 2639 1862 2696 Petri

273 2725 503 2795 ipostoli
543 2726 790 2794 basilica,
834 2734 952 2782 toto
999 2727 1133 2784 orbe
1187 2737 1458 2785 terrarum
1511 2734 1862 2812 venerabilis,

277 2818 458 2884 mnis,
489 2818 864 2886 cadaveribus,
903 2819 1056 2876 sanie
1083 2829 1139 2877 et
1162 2837 1361 2880 cruore
1389 2825 1550 2896 plena
1573 2834 1676 2883 est.
1715 2825 1857 2894 Quid

255 2918 450 2980 autem
473 2926 539 2976 ex
566 2911 670 2976 hoc
699 2929 974 2982 summam
1005 2915 1254 2986 omnium
1279 2919 1552 2982 malorum
1585 2921 1856 2992 conjicere

252 3005 607 3076 possumus?
636 3003 768 3073 Quae
789 3021 1033 3079 unquam
1065 3009 1252 3066 audita
1297 3019 1382 3067 est
1433 3012 1728 3072 immanior
1769 3029 1856 3084 pe-

257 3094 410 3152 stis?
437 3095 689 3154 Pontifex
716 3099 1034 3172 apostolicae
1057 3101 1205 3158 sedis
1233 3118 1266 3158 a
1316 3103 1568 3161 barbaris
1610 3105 1852 3162 homini-

1976 1996 2090 2048 tota
2113 1986 2486 2056 ecclesiastica
2516 1987 2755 2068 dignitas
2785 1987 2994 2058 carceri
3025 2003 3091 2043 ac
3132 1989 3372 2045 tenebris
3413 1990 3570 2045 addi—

1973 2094 2059 2140 cta
2088 2095 2170 2141 est
2202 2103 2214 2138 :
2248 2085 2436 2155 lugent
2475 2083 2720 2138 ministri
2760 2082 2998 2152 Domini,
3033 2084 3230 2140 altaria
3272 2093 3460 2140 sancta
3491 2085 3568 2148 la-

1971 2178 2176 2250 crymis
2197 2178 2449 2244 madent;
2486 2176 2604 2246 ipsa
2635 2190 2863 2245 prorsus
2897 2184 3072 2230 mater
3111 2175 3356 2233 Ecclesia
3383 2177 3569 2232 attrita

1972 2271 2158 2344 gemit,
2193 2271 2558 2341 impleratque
2593 2284 2753 2339 opem
2790 2278 3029 2325 vestram
3059 2289 3072 2324 :
3107 2271 3251 2325 ﬁlios
3274 2278 3334 2325 ut
3361 2286 3419 2326 se
3454 2279 3568 2325 tan-

1971 2365 2041 2420 tis
2065 2363 2314 2428 cladibus
2340 2371 2558 2429 eruant,
2590 2376 2834 2417 maerens
2867 2370 2989 2417 orat
3032 2370 3087 2417 et
3115 2363 3384 2418 obsecrat.
3413 2360 3565 2429 Quo-

1969 2458 2118 2513 circa
2167 2471 2428 2528 rogamus
2475 2455 2674 2512 ail'ectu
2713 2471 2826 2526 quo
2863 2471 3182 2526 possumus,
3234 2454 3565 2526 periclitanti

1968 2548 2326 2615 succurratis,
2361 2557 2416 2603 et
2437 2549 2507 2603 ad
2531 2548 2907 2603 ulciscendam
2936 2547 3129 2601 matris
3157 2547 3418 2616 injuriam
3441 2553 3557 2600 toto

1969 2649 2174 2714 animo,
2213 2648 2343 2704 totis
2373 2649 2585 2705 viribus
2611 2650 2965 2706 incumbatis.
2996 2647 3132 2703 Nam
3165 2648 3210 2704 si
3258 2647 3441 2702 adsint
3466 2647 3562 2718 qui

1971 2741 2263 2808 obsistant,
2292 2741 2480 2812 fugere
2502 2743 2709 2811 hostes,
2747 2759 2912 2814 quam
2944 2742 3268 2808 consistere,
3314 2740 3558 2811 paratio—

1963 2849 2053 2889 res
2081 2845 2261 2890 erunt.
2307 2834 2497 2906 Itaque
2543 2835 2844 2892 alacriores
2883 2836 3182 2907 insurgatis
3234 2835 3303 2889 ad
3345 2842 3559 2910 tantum

1963 2926 2341 2984 ulciscendum
2379 2933 2579 2998 scelus,
2609 2931 2676 2984 de
2702 2928 2921 2996 Domini
2967 2928 3145 2984 nostri
3171 2936 3226 2984 et
3271 2929 3557 2994 beatorum

1959 3021 2340 3088 apostolorum
2369 3019 2519 3076 Petri
2537 3030 2590 3076 et
2609 3008 2767 3078 Pauli
2793 3022 3173 3090 misericordia
3195 3021 3555 3090 conﬁdentes,

1959 3109 2032 3164 ab
2058 3111 2317 3166 omnibus
2345 3126 2444 3168 vos
2473 3116 2714 3184 peccatis
2743 3115 3105 3172 absolvimus.

295 3293 3548 3344 mw

1209 3509 1808 3634 JOANNIS
1907 3515 2604 3642 EPISTOLA

627 3749 775 3842 AD
849 3753 1562 3855 RICHARDUM
1633 3755 2426 3855 ALBANENSEM
2497 3765 3179 3864 EPISCOPUM

1187 3949 1272 4012 Dc
1302 3951 1587 4031 nequiter
1615 3951 1773 4015 actis
1806 3950 1881 4015 ab
1910 3953 2186 4016 Henrico
2217 3951 2596 4036 imperatore

1596 4115 1846 4188 (Essem,
1875 4117 1966 4186 ubi
1991 4119 2198 4192 supra.)

1667 4275 2058 4297 —-——-

323 4435 579 4507 Joarmcs,
617 4437 714 4495 Dei
737 4440 933 4513 gratia,
964 4439 1313 4502 Tusculanus
1337 4447 1650 4519 episcopus,
1679 4465 1846 4523 agens
1879 4457 1923 4514 B
1949 4452 2136 4524 quieta
2167 4456 2394 4514 omnino
2435 4457 2734 4530 dimittere,
2775 4463 2996 4522 obsides
3044 4467 3208 4526 etiam
3265 4471 3397 4531 dare
3439 4491 3542 4548 pro

241 4530 401 4588 vices
428 4532 637 4587 domini
671 4532 958 4592 Paschalis
1004 4553 1158 4614 papa:
1207 4539 1375 4596 vincti
1427 4540 1557 4598 Jesu
1615 4541 1842 4614 Christi,

241 4625 553 4681 venerabili
591 4624 747 4682 fratri
777 4627 1057 4695 RICHABDO
1102 4631 1314 4696 Albano
1346 4635 1602 4707 episcopo
1644 4637 1700 4692 in
1737 4638 1844 4695 Do-

240 4720 403 4775 mino
425 4721 678 4776 salutem.
1389 4715 1391 4717 ’

320 4810 614 4881 Quoniam,
669 4816 816 4872 sicut
857 4820 1256 4890 aitApostoius
1283 4822 1457 4894 (Rom.
1499 4824 1625 4895 xu),
1671 4841 1842 4880 unum

240 4921 452 4976 corpus
481 4922 676 4965 sumus
703 4909 760 4964 in
786 4909 1030 4980 Christo,
1063 4920 1118 4968 et
1141 4915 1188 4969 si
1211 4916 1419 4985 patitur
1440 4933 1615 4972 unum
1666 4933 1842 4973 mem-

238 4999 432 5066 brum,
465 5013 659 5057 caetera
689 5004 935 5059 membra
964 5008 1394 5077 compatiuntur,
1427 5025 1550 5082 qua:
1578 5011 1644 5074 de
1664 5013 1842 5083 capite

239 5100 460 5160 nostro,
491 5101 546 5148 et
567 5093 636 5150 de
658 5103 773 5151 tota
802 5096 914 5152 fere
948 5097 1192 5170 Ecclesia
1219 5109 1376 5171 gesta
1400 5085 1550 5171 sunt,
1578 5102 1839 5162 fraterni-

238 5185 345 5241 tati
365 5194 475 5242 tum
501 5187 898 5260 significamus.
943 5190 1082 5246 Cum
1113 5193 1280 5264 igitur
1311 5192 1611 5265 Henricus,
1637 5197 1838 5254 Teuto-

236 5277 496 5334 nicorum
522 5296 637 5349 rex,
664 5279 912 5337 Sutrium
936 5285 1294 5354 pervenisset,
1322 5285 1530 5358 legatos
1568 5290 1838 5359 quosdam

237 5367 478 5427 Romam
506 5374 727 5443 direxit,
749 5376 844 5446 qui
861 5376 1225 5447 jurejurando
1246 5378 1623 5450 ﬁrmaverunt,
1648 5383 1837 5438 domni

236 5475 400 5532 papa:
436 5461 719 5523 Paschalis
768 5467 975 5540 legatos
1038 5485 1231 5526 secure
1285 5470 1514 5540 ducere,
1548 5481 1602 5528 et
1653 5491 1834 5546 regem

236 5550 428 5622 ipsum
463 5565 810 5626 sacramento
837 5557 1081 5640 firmare,
1103 5576 1324 5619 omnem
1358 5563 1715 5624 ecclesiarum
1745 5568 1833 5628 in-

236 5645 566 5705 vestituram
589 5654 808 5722 penitus
839 5655 1116 5726 abdicare,
1149 5658 1369 5716 obsides
1395 5658 1559 5716 etiam
1582 5660 1733 5729 dare,
1768 5679 1834 5718 ne

236 5738 314 5794 ad
347 5739 451 5797 hoc
487 5742 754 5818 flagitium
787 5750 985 5810 iterum
1015 5751 1238 5820 rediret,
1284 5761 1338 5808 ct
1373 5768 1462 5820 res
1496 5754 1831 5810 ecclesiasti—

238 5847 363 5902 ωε,
388 5842 442 5892 et
461 5840 683 5912 regalia,
714 5858 779 5906 ac
800 5845 944 5919 beati
985 5845 1135 5926 Petri
1185 5846 1517 5929 patrimonia
1561 5848 1734 5915 libera
1778 5859 1832 5907 et

1951 4543 2274 4617 securitate,
2303 4565 2429 4605 cum
2455 4552 2521 4607 ad
2544 4557 2922 4620 coronandum
2959 4576 3084 4618 eum
3115 4564 3184 4619 ad
3225 4565 3368 4628 beati
3392 4543 3542 4629 Petri

1948 4640 2232 4698 basilicam
2257 4643 2449 4700 exiret.
2485 4644 2684 4704 Postea
2719 4665 2785 4706 ex
2827 4661 2980 4722 parte
3011 4653 3268 4716 Ecclesia:
3305 4677 3337 4716 a
3383 4663 3541 4722 laicis

1950 4734 2083 4790 viris
2113 4736 2392 4790 ﬁrmatum
2426 4747 2529 4806 est,
2569 4741 2614 4794 si
2643 4741 2746 4796 ista
2775 4760 2896 4813 quae
2920 4750 3191 4817 promissa
3236 4765 3384 4823 sunt,
3421 4758 3538 4827 jam

1947 4827 2128 4884 dictus
2174 4845 2271 4884 rex
2311 4831 2648 4902 observaret,
2691 4839 2840 4906 quod
2881 4840 3140 4902 dominus
3184 4858 3372 4904 noster
3408 4867 3533 4908 eum

1945 4923 2178 4995 benigne
2209 4925 2532 4996 susciperet,
2557 4937 2612 4983 et
2642 4931 2692 4984 ei
2721 4932 2970 4990 diadema
3015 4941 3168 5010 regni
3210 4941 3534 5014 imponeret,

1946 5023 2000 5070 et
2023 5027 2338 5087 coronatus,
2373 5020 2417 5074 si
2443 5021 2624 5091 vellet,
2651 5021 2855 5082 Urbem
2889 5030 3135 5088 intraret.
3167 5031 3274 5088 Pro
3300 5038 3534 5092 transitu

1944 5110 2107 5168 etiam
2125 5113 2308 5184 pontis
2323 5115 2541 5182 obsides
2553 5121 2784 5191 accepit,
2801 5138 2901 5193 pro
2911 5126 3112 5196 quibus
3127 5138 3533 5186 sacramentum

1943 5205 2369 5277 exhibuit,quod
2393 5208 2447 5263 in
2474 5210 2592 5280 ipso
2615 5212 2703 5269 die
2733 5215 3020 5274 Dominico
3041 5220 3085 5274 si
3107 5229 3324 5289 pontem
3347 5230 3532 5280 trans-

1943 5297 2063 5367 iret,
2077 5315 2174 5356 eos
2196 5300 2251 5355 in
2275 5301 2502 5358 liberam
2521 5315 2833 5364 nostrorum
2860 5313 3167 5368 restitueret
3187 5326 3529 5385 potestatem.

1941 5391 2038 5448 llis
2068 5394 2232 5465 igitur
2283 5397 2541 5471 omnibus
2581 5403 2943 5458 sacramentis
2991 5419 3058 5459 ex
3096 5414 3328 5478 utraque
3378 5417 3532 5479 parte

1939 5489 2178 5556 peractis
2226 5498 2279 5544 et
2320 5491 2603 5550 obsidibus
2638 5493 2778 5549 datis
2806 5536 2821 5562 ,
2877 5511 3003 5552 cum
3038 5499 3108 5554 ad
3151 5503 3532 5559 coronandum

1939 5595 2065 5644 eum
2107 5582 2176 5637 ad
2203 5584 2491 5642 ecclesiam
2521 5585 2582 5642 B.
2613 5586 2761 5649 Petri
2803 5604 2946 5660 papa
2977 5593 3169 5661 exiret,
3212 5595 3534 5671 postpOSitis

1938 5678 2300 5732 sacramentis
2330 5687 2383 5733 et
2406 5679 2622 5737 dimisis
2643 5681 2949 5751 obsidibus,
2976 5701 3100 5743 eum
3129 5688 3182 5744 in
3214 5690 3331 5760 ipsa
3353 5691 3530 5752 cccle-

1938 5767 2016 5822 sia
2047 5787 2172 5825 cum
2204 5771 2478 5842 episcopis
2500 5779 2554 5828 et
2582 5775 2973 5849 cardinalibus,
3004 5788 3058 5836 et
3107 5783 3293 5848 multis
3322 5783 3527 5858 Roma-

1938 5861 2024 5918 nis
2048 5863 2312 5922 violenter
2331 5865 2494 5937 cepit,
2521 5874 2576 5923 et
2601 5867 2660 5926 in
2687 5872 2940 5947 captione
2964 5875 3272 5946 arctissima
3295 5878 3523 5944 detinet.
