3960 6316
181 285 184 294 ’
227 296 366 352 1041

1475 284 1758 350 ΝΟΤΙΤΙΑ
1790 283 2176 347 HISTORICA.

3371 273 3506 333 10ιῖ

230 410 457 483 publice
481 409 692 467 litteras
723 402 779 465 in
800 405 936 466 urbe
967 406 1214 466 Tulleusi
1234 451 1250 478 ,
1283 406 1411 465 dein
1450 406 1694 477 Tornaci.
1727 422 1826 478 per
1853 406 1904 466 Δ
1933 414 2042 462 tota
2076 406 2328 462 turbatur
2353 399 2542 460 schola
2567 439 2582 469 ,
2609 385 2677 456 'et
2699 397 3093 456 canonicorum
3130 400 3306 452 coetus
3334 389 3519 448 admi-'

229 503 674 574 Quinquennium
703 518 903 576 magna
952 518 1078 559 cum
1128 500 1274 558 fama
1327 509 1380 556 et
1423 501 1822 571 discipulorum

227 593 542 666 frequentia
591 596 793 652 docuit.
844 594 1020 666 Hujus
1067 595 1173 650 viri
1217 593 1665 651 commemoratio
1711 606 1822 645 non

239 685 480 740 strictim
511 684 763 742 facienda
787 695 871 743 est
891 728 906 755 ,
929 687 1130 759 quippe
1146 686 1240 758 qui
1266 684 1612 741 Tornacense
1637 681 1823 738 Sancti

226 776 455 832 Martini
520 780 962 848 monasterium,
1017 781 1320 836 monachus
1380 787 1436 835 et
1491 778 1661 833 abbas
1714 775 1824 831 illic

227 866 414 926 factus
438 912 454 938 ,
503 870 852 932 instauravit.
883 872 1014 928 Erat
1059 873 1106 929 is
1155 872 1388 928 clericus
1413 913 1428 940 ,
1458 869 1726 928 oriundus
1756 884 1823 924 ex

225 959 370 1014 urbe
395 1000 412 1028 ,
440 967 504 1016 ut
537 962 703 1018 modo
737 961 987 1018 dicebam
1011 1004 1027 1030 ,
1054 962 1435 1018 Aurelianensi
1460 1003 1475 1030 ,
1523 970 1677 1032 patre
1721 958 1825 1014 Ge-

226 1050 398 1106 rardo
422 1092 438 1119 ,
466 1063 750 1124 matreque
772 1055 988 1110 Caecilia
1007 1055 1324 1126 progenitus
1348 1097 1364 1122 ,
1393 1053 1680 1116 Odoardns
1699 1052 1824 1107 vul-

231 1157 306 1214 go
330 1153 576 1211 vocatus,
601 1161 633 1201 a
664 1148 880 1217 puerita
904 1148 978 1202 ita
1011 1147 1312 1203 instructus
1341 1147 1567 1214 litteris,
1601 1155 1661 1201 ut
1690 1145 1826 1201 nulli

231 1236 515 1292 secundus
541 1237 683 1296 inter
711 1239 1052 1298 Francorum
1093 1241 1179 1296 sui
1226 1241 1490 1311 temporis
1533 1241 1826 1311 magistros

229 1325 554 1404 haipretur.
593 1329 694 1386 Hic
733 1333 915 1402 primo
962 1331 1448 1388 Tulli—Leucorum
1488 1333 1705 1389 scholas
1741 1340 1826 1387 te»

230 1421 378 1488 nuit,
409 1422 535 1478 inde
563 1439 594 1478 a
620 1424 904 1479 canonicis
925 1423 1170 1480 ecclesia
1199 1423 1566 1480 Tornacensis
1586 1424 1822 1491 ascitus,

232 1513 484 1586 quinque
519 1516 681 1572 annis
709 1525 857 1572 tanta
885 1532 1010 1572 cum
1035 1517 1442 1573 existimatione
1476 1517 1686 1571 litteras
1729 1516 1826 1571 do-

232 1607 356 1662 cuit
380 1648 396 1675 ,
427 1616 484 1663 ut
505 1624 615 1663 non
643 1609 808 1664 modo
834 1625 865 1664 e
886 1608 1144 1664 Flandria
1169 1593 1192 1678 ,1
1226 1609 1599 1680 proximisque
1649 1609 1825 1680 regio-

238 1698 442 1768 nibus,
471 1701 567 1755 sed
593 1700 760 1756 etiam
792 1717 860 1756 ex
891 1687 1278 1758 remotissimis
1305 1703 1602 1774 provinciis
1627 1744 1643 1770 ,
1682 1701 1822 1756 Bur-

1927 498 2140 553 ratione
2172 495 2504 568 percellitur.
2541 491 2804 562 Deinceps
2833 489 2968 546 ’Odo
2997 487 3258 562 paulatim
3308 484 3514 541 schola

1927 605 1985 646 se
2009 590 2279 646 subtraxit
2307 631 2321 656 ,
2346 587 2633 644 ecclesiam
2661 585 2824 642 solito
2846 582 3082 654 amplius
3110 575 3477 651 frequentavit
3493 615 3512 644 ,

1927 697 2185 740 nummos
2214 690 2575 754 congregatos
2607 679 2660 734 in
2688 664 2908 750 egentes
2935 719 2949 743 ,
2977 674 3216 731 maxime
3238 670 3472 728 clericos
3494 709 3512 736 ,

1927 778 2210 849 erogavit,
2255 775 2480 847 jejuniis
2509 772 2746 843 denique
2790 770 2866 825 ita
2897 783 3118 824 carnem
3164 763 3408 831 attrivit,
3453 767 3519 816 ut

1926 871 2079 927 brevi
2113 887 2224 942 pra
2261 870 2438 925 macie
2476 883 2507 924 a
2549 865 2741 922 multis
2793 864 2884 920 vix
2907 854 2912 859 ’
2935 867 3341 934 agnosceretur.
3392 853 3517 910 Non

1928 967 2100 1021 multo
2127 973 2252 1036 post
2276 973 2512 1036 quatuor
2543 945 2733 1040 clerici.
2755 959 2803 1014 ei
2835 973 2894 1013 se
2937 951 3242 1027 adjungnnt
3262 949 3520 1020 ,scilicet

1928 1061 2044 1117 Odo
2071 1061 2260 1127 abbas,
2295 1059 2610 1122 Gerbertus,
2637 1051 2908 1110 Rodulfus
2936 1059 2992 1107 et
3017 1046 3350 1112 Willelmus,
3373 1057 3518 1114 pra-

1927 1163 2010 1209 ter
2039 1152 2360 1208 Lanfridum
2383 1194 2397 1218 ,
2439 1150 2534 1221 qui
2569 1149 2696 1220 fuga
2736 1146 2926 1216 lapsus
2961 1141 3161 1198 misere
3196 1136 3378 1209 periit.
3412 1131 3526 1212 νοτ

1928 1261 2051 1300 rum
2084 1245 2234 1300 dubii
2272 1243 2553 1299 harcbant
2589 1255 2752 1311 quem
2800 1244 3004 1293 statum
3040 1225 3520 1304 amplecterentur,

1929 1339 2318 1394 canonicorum
2355 1352 2423 1390 an
2451 1335 2871 1390 monachorum.
2905 1327 3279 1395 Utrorumque
3307 1365 3322 1389 ,
3355 1317 3521 1376 variis

1927 1429 2064 1484 locis
2095 1427 2392 1499 exploratis
2414 1468 2428 1492 ,
2467 1425 2688 1479 interim
2714 1423 2771 1476 in
2799 1419 3115 1476 suburbana
3149 1413 3337 1470 Sancti
3359 1410 3521 1465 :Mar—

1927 1522 2029 1576 tini
2053 1521 2335 1577 ecclesiola
2369 1563 2383 1586 ,
2416 1519 2510 1573 ubi
2543 1514 2817 1588 quondam
2851 1502 3068 1567 abba'tia
3121 1505 3523 1564 monachorum

1911 1596 2121 1668 Vfucrat
2147 1655 2160 1678 ,
2196 1612 2289 1666 sed
2316 1627 2346 1665 a
2374 1609 2604 1680 paganis
2639 1609 2918 1662 destructa
2944 1646 2958 1670 ,
2998 1611 3053 1657 et
3074 1600 3186 1655 fere
3218 1599 3274 1652 in
3324 1595 3522 1652 solitu-

1929 1709 2112 1765 dinem
2174 1707 2396 1762 redacta
2429 1747 2443 1772 ,
2507 1702 2673 1759 simul
2734 1699 2980 1755 habitare
3040 1699 3343 1765 caperunt.
3402 1686 3523 1742 Tali

232 1793 438 1864 gundia
463 1835 478 1861 ,
500 1792 656 1850 Italia
685 1803 740 1851 et
767 1794 1008 1851 Saxonia
1040 1772 1580 1868 discipulifeertatim
1609 1797 1678 1853 ad
1698 1812 1826 1852 eum
1859 1772 1904 1830 Β
1929 1799 2180 1870 exemplo
2219 1796 2452 1853 recreati
2483 1795 2631 1851 cives
2671 1791 3049 1846 Tornacenses
3085 1785 3373 1841 Babodum
3402 1779 3523 1853 cpio

233 1884 606 1942 conﬂuxerint
635 1929 650 1955 ,
681 1887 748 1943 ad
774 1903 1068 1944 numerum
1094 1905 1271 1960 usque
1309 1889 1670 1946 ducentorum
1713 1891 1824 1947 cle—

231 1979 502 2035 ricorum.
537 1979 676 2036 Cum
717 1997 848 2038 vero
879 1982 1135 2039 liberales
1165 1991 1312 2038 artes
1352 1999 1544 2040 omnes
1590 1985 1828 2041 maxime

239 2071 502 2141 calleret,
530 2073 804 2145 pracipue
833 2084 1015 2131 tamen
1063 2075 1120 2129 in
1167 2075 1453 2131 dialectica
1487 2077 1826 2145 excellebat,

231 2165 408 2221 veteri
446 2175 608 2223 secta
631 2183 823 2224 eorum
850 2169 944 2239 qui
971 2168 1166 2224 Reales
1207 2177 1497 2237 vocantur,
1542 2171 1829 2226 adharens

232 2272 352 2328 prae
375 2273 516 2335 nova
545 2269 693 2317 secta
720 2261 1106 2329 nominalium,
1131 2277 1298 2334 quam
1330 2261 1679 2319 Raimbertus
1707 2264 1830 2334 qui-

231 2350 364 2406 dam
390 2394 407 2420 ,
432 2351 682 2411 famosus
721 2355 1004 2426 magister,
1037 2364 1170 2412 tunc
1215 2356 1271 2410 in
1313 2355 1513 2427 oppido
1555 2355 1829 2413 Insulcnsi

231 2442 524 2516 discipulis
553 2447 1036 2519 suis'pralegebat.
1069 2448 1209 2504 Cum
1236 2449 1370 2506 rixa
1409 2451 1511 2506 hac
1541 2451 1608 2506 de
1641 2467 1701 2505 rc
1735 2451 1830 2507 ﬁe—

233 2547 405 2608 rent,
442 2555 588 2596 unus
617 2555 648 2595 e
692 2539 1064 2598 Tornacensis
1093 2542 1339 2599 ecclesia
1365 2543 1680 2610 canonicis,
1732 2558 1832 2599 no-

230 2627 388 2682 mine
416 2627 744 2687 Gualbertus
769 2673 784 2699 ,
821 2631 917 2702 qui
960 2641 1146 2703 postea
1192 2631 1428 2689 Tornaei
1478 2634 1786 2708 monachus
1812 2676 1828 2702 ,

231 2734 307 2775 ac
333 2720 552 2777 demum
581 2722 637 2777 in
663 2722 1056 2780 Catalaunensi
1101 2723 1290 2780 Sancti
1317 2723 1464 2780 Petri
1494 2726 1831 2782 monasterio

232 2813 413 2870 abbas
435 2815 649 2872 exstitit
677 2858 691 2884 ,
724 2819 1017 2888 quemdam
1053 2818 1410 2890 pythonicum
1439 2859 1454 2886 ,
1503 2804 1732 2874 surdum
1778 2827 1833 2874 et

231 2915 453 2962 mutum
478 2950 494 2976 ,
523 2909 754 2966 nutibus
790 2893 956 2980 super
987 2901 1176 2964 hacre
1206 2910 1521 2978 consuluit,
1569 2918 1733 2982 atque
1763 2925 1830 2965 ex

230 3013 306 3054 eo
334 2998 738 3070 praeferendum
773 2999 1016 3057 Odonem
1046 3001 1329 3057 intellexit.

312 3112 452 3168 Cum
473 3111 823 3209 Cdo-scholae
851 3113 1190 3209 'l‘ornacensi
1214 3114 1329 3209 lere
1367 3131 1488 3209 per;
1511 3116 1824 3209 quinquen-
1852 3144 1902 3209 α

232 3203 396 3260 nium
426 3203 776 3276 prafuisset,
826 3205 1043 3264 oblatus
1071 3216 1158 3263 est
1180 3207 1231 3262 ei
1273 3223 1305 3262 a
1338 3203 1578 3279 quodam
1625 3208 1827 3265 clerico

231 3297 380 3354 liber
400 3298 570 3355 sancti
599 3299 892 3372 Augustini
932 3299 1010 3354 De
1031 3299 1195 3356 libero
1225 3300 1451 3358 arbitrio
1474 3345 1489 3371 ,
1523 3319 1684 3374 quem
1710 3319 1829 3358 ma-

234 3393 416 3466 gister
453 3395 792 3466 comparavit
813 3394 1034 3466 quidem
1057 3394 1113 3450 in
1164 3411 1279 3452 sua
1318 3397 1660 3453 bibliothecae
1706 3412 1829 3470 sup-

234 3485 609 3556 plementum,
639 3485 735 3541 sed
761 3485 814 3539 in
848 3484 1113 3540 scrinium
1141 3499 1267 3540 cum
1291 3485 1503 3542 caeteris
1526 3487 1680 3543 libris
1707 3503 1830 3558 pro-

191 3617 196 3622 -
231 3575 374 3646 jecit
402 3617 416 3644 ,
463 3574 664 3649 quippe
711 3576 808 3647 qui
854 3575 1100 3647 profana
1135 3576 1456 3634 litteraturae
1493 3587 1639 3634 totus
1670 3579 1828 3635 addi-

238 3677 368 3725 ctus
393 3711 408 3737 ,
457 3670 635 3742 magis
677 3668 1052 3724 delectabatur
1093 3669 1326 3726 lectione
1374 3669 1641 3743 Platonis}
1661 3689 1827 3743 quam

237 3753 561 3833 Augustini.
596 3762 759 3818 Forte
791 3761 992 3818 accidit
1029 3771 1090 3818 ut
1118 3772 1242 3834 post
1282 3763 1423 3820 duos
1465 3763 1578 3820 fere
1613 3781 1830 3823 menses

238 3852 422 3910 Boetii
446 3854 616 3912 libros
650 3855 728 3910 De
773 3854 1137 3911 consolatione
1162 3855 1508 3928 philosOphiw
1549 3857 1833 3929 discipulis

236 3947 603 4021 pralegeret;
656 3949 752 4004 ubi
795 3964 926 4005 vero
956 3949 1023 4004 ad
1063 3957 1320 4019 quartum
1349 3951 1551 4006 librum
1575 3993 1591 4018 ,
1623 3951 1679 4005 in
1719 3968 1831 4022 quo

239 4041 316 4096 de
345 4040 518 4097 libero
568 4042 795 4097 arbitrio
843 4043 1042 4114 agitur,
1088 4041 1465 4112 pervenisset,
1513 4043 1834 4101 recordatus

238 4137 416 4208 empti
447 4137 614 4206 libri,
645 4153 771 4193 eum
818 4137 923 4192 sibi
960 4135 1144 4191 aﬂ‘erri
1170 4135 1376 4206 jussit,
1421 4136 1468 4191 si
1515 4136 1646 4207 quid
1693 4135 1834 4193 forte

239 4229 304 4284 in
327 4244 394 4286 eo
414 4230 520 4287 hac
544 4231 610 4286 de
633 4246 693 4286 re
721 4230 1103 4286 observatione
1124 4230 1350 4302 dignum
1367 4230 1648 4302 reperiret.
1668 4230 1831 4299 Tum,

239 4324 405 4380 lectis
432 4324 646 4381 duabus
669 4324 919 4380 tribusve
953 4324 1076 4394 ejus
1100 4323 1327 4397 pagellis
1346 4367 1362 4391 ,
1391 4324 1470 4380 sic
1511 4340 1574 4379 ea
1601 4325 1837 4380 lectione

240 4415 476 4473 allectus
505 4425 589 4474 est
613 4459 628 4485 ,
664 4425 726 4472 ut
753 4416 1008 4488 protinus
1035 4416 1354 4476 convocatis
1384 4415 1668 4486 discipulis
1693 4458 1708 4482 ,
1753 4415 1837 4469 in-

1932 1909 2158 1963 scopum
2193 1899 2425 1962 rogant,
2458 1898 2517 1944 ut
2546 1885 2616 1942 ne
2640 1884 2884 1941 Odonem
2910 1883 3139 1954 ejusque
3183 1877 3370 1934 socios
3415 1874 3524 1929 alio

1932 1986 2170 2057 migrare
2191 1983 2492 2054 permittat.
2523 1979 2600 2035 Ea
2627 1995 2719 2035 res
2760 1984 2914 2049 grata
2942 1973 3202 2045 episcopo
3223 2012 3239 2038 ,
3290 1968 3421 2040 quia
3457 1979 3524 2020 ea

1932 2079 1999 2135 de
2028 2094 2087 2133 re
2115 2075 2360 2133 Odonem
2392 2072 2699 2145 interpellat
2727 2089 2741 2138 ;
2781 2069 2896 2136 sed,
2925 2082 3050 2123 cum
3078 2065 3168 2119 ille
3192 2061 3345 2117 nullo
3373 2065 3526 2115 certo

1932 2186 2198 2242 responso
2231 2169 2445 2225 reddito
2500 2169 2569 2222 ab
2612 2161 2909 2236 episcopali
2963 2159 3125 2215 domo
3161 2152 3524 2220 recessisset,

1933 2267 2248 2337 religiosum
2280 2257 2658 2335 preSbyterum
2688 2303 2702 2326 ,
2735 2256 2957 2313 nomine
2980 2251 3343 2310 Gislebertum
3371 2290 3386 2315 ,
3430 2245 3528 2317 qui

1935 2359 1991 2412 in
2019 2359 2127 2414 illis
2155 2357 2402 2429 partibus
2434 2363 2562 2409 tunc
2596 2350 2859 2422 temporis
2877 2348 3028 2404 velut
3059 2344 3326 2417 propheta
3353 2340 3526 2395 habe-

1936 2451 2122 2518 batur,
2155 2451 2208 2504 in
2238 2446 2536 2504 Elnonensi
2566 2444 2752 2500 Sancti
2774 2441 2923 2497 Petri
2953 2439 3182 2496 ecclesia
3213 2444 3400 2508 postea
3421 2432 3530 2488 hu-

1935 2550 2120 2598 matus
2145 2583 2159 2608 ,
2193 2539 2414 2595 adhibet
2443 2536 2728 2607 piissimus
2765 2532 2967 2605 prasul
2992 2573 3007 2599 ,
3038 2539 3099 2585 ut
3131 2527 3201 2584 ad
3235 2542 3399 2583 suum
3444 2523 3528 2580 ci-

1933 2635 2195 2705 viumque
2223 2645 2511 2690 assensum
2541 2627 2787 2684 Odonem
2830 2625 3030 2681 ﬂectat.
3067 2620 3356 2681 Gisleberti
3407 2631 3529 2675 ser»

1936 2743 2100 2784 mone
2130 2726 2308 2782 victus
2335 2722 2453 2779 Odo
2480 2738 2540 2778 se
2567 2722 2678 2776 illic
2703 2732 3093 2776 remansurum
3121 2714 3430 2788 pollicetur,
3480 2706 3533 2766 si

1936 2821 2101 2877 modo
2130 2820 2366 2874 liberum
2397 2816 2500 2872 sibi
2517 2815 2711 2870 locum
2739 2819 3026 2884 praestaret
3053 2808 3362 2880 episcopus.
3389 2803 3534 2859 Hinc

1935 2912 2026 2967 ille
2056 2923 2386 2980 magnopere
2413 2904 2750 2961 exhilaratus
2773 2945 2789 2971 ,
2817 2903 3214 2959 canonicorum
3237 2910 3530 2954 assensum

1936 3003 2142 3074 expetit
2169 3020 2182 3068 ;
2214 3000 2291 3054 illi
2319 2998 2477 3070 quasi
2507 2997 2820 3052 futurorum
2851 2995 3207 3066 conjectores,
3234 2997 3438 3064 negant
3465 3001 3535 3045 ac

1935 3103 2257 3167 pernegant.
2291 3091 2430 3146 Tum
2462 3103 2592 3145 vero
2618 3088 2914 3159 episcopus
2943 3101 3008 3142 ea
3033 3101 3144 3158 qua
3165 3083 3405 3156 pollebat
3432 3097 3534 3138 au-

1934 3187 2189 3244 ctoritate
2241 3183 2558 3257 pradictam
2615 3179 2804 3236 Sancti
2861 3178 3084 3235 Martini
3141 3175 3488 3234 ecclesiolam
3513 3214 3530 3241 ,

1930 3297 2055 3354 qua
2088 3279 2174 3337 sui
2207 3277 2352 3350 juris
2379 3284 2536 3343 erat,
2563 3271 2742 3329 Odoni
2785 3271 3016 3343 ejusque
3063 3268 3231 3327 sociis
3279 3266 3534 3322 absolute

1930 3376 2099 3432 tradit
2125 3416 2140 3442 ,
2170 3387 2376 3442 eosque
2401 3367 2635 3426 solemni
2659 3364 3014 3438 processione
3042 3363 3100 3418 in
3136 3376 3260 3418 eam
3311 3357 3535 3416 deducit

1930 3486 1986 3524 γι
2014 3467 2202 3523 Nonas
2233 3463 2358 3519 Maii
2383 3506 2398 3530 ,
2425 3477 2547 3534 qua
2575 3459 2695 3516 dies
2723 3455 3011 3527 Dominica
3039 3463 3197 3523 erat,
3230 3467 3376 3510 anno
3417 3449 3532 3506 Do-

1931 3562 2151 3618 minicae
2179 3554 2577 3614 incarnationis
2600 3552 2746 3634 1092
2766 3593 2781 3620 ,
2811 3564 3018 3624 eosque
3057 3547 3261 3605 ibidem
3296 3544 3400 3602 sub
3447 3557 3536 3600 re-

1935 3657 2061 3728 gula
2087 3654 2262 3711 sancti
2297 3647 2588 3723 Augustini
2618 3647 2675 3703 in
2703 3645 2892 3702 habitu
2923 3640 3166 3700 clericali
3196 3639 3308 3697 Deo
3352 3636 3530 3696 servi-

1937 3759 2093 3806 turos
2122 3747 2350 3804 dimisit.
2386 3743 2512 3801 Hac
2541 3741 2727 3798 omnia
2755 3739 2881 3796 fuse
2929 3741 3328 3794 commemorat
3371 3729 3533 3785 Heri-

1936 3857 2174 3900 mannus
2214 3840 2384 3895 abbas
2430 3837 2485 3908 in
2541 3836 2682 3891 libro
2721 3833 2799 3890 De
2849 3829 3253 3888 restauratione
3301 3821 3538 3880 abbatia

1939 3937 2127 3993 Sancti
2155 3932 2375 3990 Martini
2409 3927 2779 3987 Tornacensis
2817 3925 2836 3997 (
2855 3923 3043 3996 Spicil.
3088 3932 3128 3978 t.
3161 3918 3288 3987 Χιιξ,
3322 3933 3378 3990 p.
3426 3913 3533 3972 598

1937 4041 1986 4086 et
2015 4029 2201 4102 seqq.).
2234 4025 2388 4082 Tunc
2415 4022 2677 4095 temporis
2707 4032 2867 4076 sacro
2913 4016 3039 4088 igne
3079 4021 3193 4070 tota
3235 4009 3349 4066 fere
3397 4021 3536 4102 pro:

1937 4099 2124 4179 vincia
2143 4099 2394 4177 contacta
2416 4126 2499 4174 est
2524 4160 2538 4185 ,
2575 4117 2632 4171 in
2653 4113 2849 4186 primis
2869 4110 3002 4166 urbs
3026 4103 3416 4168 Tornacensis,
3441 4099 3540 4156 ubi

1940 4231 2050 4270 non
2085 4216 2263 4270 solum
2293 4229 2359 4269 ex
2381 4212 2517 4266 urbe
2541 4252 2555 4277 ,
2589 4208 2684 4265 sed
2711 4207 2876 4262 etiam
2898 4217 2929 4259 e
2954 4198 3179 4270 remotis
3210 4191 3535 4267 regionibus

1941 4306 2162 4378 plurimi
2189 4307 2311 4376 igne
2341 4305 2433 4358 illo
2455 4301 2668 4368 adusti,
2694 4299 2760 4355 ad
2787 4294 3078 4354 ecclesiam
3107 4290 3169 4346 Β.
3199 4287 3384 4378 Maria
3405 4299 3533 4378 gre-

1943 4375 2111 4468 gatim
2138 4393 2540 4450 deferebantur.
2575 4390 2731 4446 Tunc
2757 4388 3052 4459 episcopus
3078 4397 3144 4437 ex
3169 4380 3261 4435 illa
3288 4375 3536 4468 principe

237 4509 397 4566 venti
425 4466 674 4566 thesadri
705 4466 894 4565 vorlens
914 4466 1012 4564 eos
1863 4505 1917 4566 D
1943 4466 2174 4545 έοο¹θ⁵ί³
2208 4487 2275 4542 ad
2307 4485 2492 4540 sane“
2519 4482 2738 4538 Martini
2765 4477 3110 4578 “0195913?
3244 4471 3332 4526 die
3375 4466 3540 4573 E‘fn'

169 4633 172 4636 ~
239 4604 468 4675 inquit,
497 4603 766 4660 haetenus
804 4601 1052 4673 ignoravi
1078 4609 1297 4678 quanta
1340 4599 1610 4656 facundia
1645 4608 1699 4656 et
1728 4600 1830 4656 do-

237 4701 440 4756 ctrina
462 4707 611 4754 esset
633 4698 1000 4771 Augustinus,
1040 4715 1058 4750 )
1099 4713 1340 4769 moxque
1365 4697 1566 4752 librum
1599 4697 1780 4768 ipsum
1807 4713 1840 4753 a

237 4791 425 4862 capite
452 4806 684 4849 exorsus
702 4833 718 4859 ,
750 4791 872 4862 ipso
904 4807 970 4847 ac
995 4790 1245 4862 sequenti
1268 4783 1356 4845 die
1378 4789 1664 4861 discipulis
1686 4790 1838 4862 legit,

239 4893 302 4940 et
326 4885 657 4955 explanavit.
683 4883 822 4940 Cum
844 4900 974 4941 vero
999 4883 1067 4938 ad
1093 4883 1294 4938 librum
1318 4883 1538 4938 tertium
1564 4884 1846 4954 pervertis-

243 4985 374 5044 set,
401 4977 456 5032 in
479 4993 588 5048 quo
621 4987 844 5035 sanctus
873 4977 1064 5033 doctor
1097 4975 1355 5031 miseram
1386 4975 1610 5044 exponit
1641 4989 1836 5045 pecca-

239 5080 432 5125 torum
461 5070 830 5125 conditionem
856 5113 871 5137 ,
919 5069 1016 5140 qui
1066 5057 1332 5124 mundum
1356 5106 1372 5134 ,
1421 5063 1601 5122 fetida
1639 5067 1840 5123 cloaca

239 5163 486 5220 similem
515 5205 529 5230 ,
562 5164 773 5220 calesti
813 5163 999 5234 gloria
1053 5169 1396 5232 anteponunt
1420 5204 1435 5230 ,
1480 5176 1595 5232 pra
1642 5160 1837 5216 intimo

236 5259 437 5316 dolore
459 5257 565 5314 alta
589 5257 826 5328 suspiria
855 5273 922 5312 ex
945 5256 1057 5312 imo
1080 5255 1316 5328 pectoris
1344 5255 1600 5311 trahens:
1635 5273 1652 5308 ‹
1683 5253 1832 5310 Heu!

240 5352 470 5424 inquit,
496 5366 663 5424 quam
694 5351 882 5406 stricte
911 5349 1014 5405 ista
1037 5364 1138 5406 nos
1168 5348 1342 5422 tangit
1366 5349 1672 5420 premitque
1715 5363 1840 5404 sen-

241 5445 461 5502 tentia!
499 5445 594 5517 qui
621 5443 807 5501 omnia
853 5443 1034 5500 studia
1087 5442 1363 5500 nostrain
1395 5458 1551 5498 vanae
1599 5441 1842 5499 scientia

241 5538 674 5611 acquisitionem
728 5536 1108 5606 conferimus,
1160 5536 1330 5593 divini
1383 5537 1563 5594 cultus
1611 5537 1840 5594 omnino

243 5633 604 5690 immemores
624 5640 680 5688 et
701 5631 940 5688 caelestis
965 5631 1150 5703 gloria
1175 5674 1189 5698 ,
1221 5647 1284 5687 ea
1310 5639 1436 5704 post
1479 5641 1712 5687 mortem
1755 5630 1840 5686 in-

246 5725 404 5798 digni
436 5723 882 5793 futurilQuibus
912 5724 1073 5779 dictis
1119 5711 1396 5791 surrexit,
1451 5733 1706 5796 totusque
1752 5723 1837 5778 1a-

245 5819 460 5891 crymis
486 5819 743 5891 perfusus
793 5817 1082 5896 ecclesiam
1128 5817 1412 5890 ingressus
1461 5828 1564 5878 est.
1597 5821 1679 5876 Ad
1722 5819 1842 5877 hac

1689 5978 1756 5994 ro"

1943 4581 2172 4638 tationis
2203 4587 2408 4636 sancta
2436 4577 2616 4632 crucis
2648 4575 2950 4631 solemnem
2980 4565 3180 4624 indixit
3225 4560 3542 4636 processio-

1947 4690 2113 4740 nem,
2159 4687 2282 4743 quae
2326 4669 2488 4725 nudis
2538 4667 2768 4738 pedibus
2817 4663 2960 4719 facta
3011 4668 3136 4727 est,
3184 4657 3444 4727 deinceps
3471 4651 3542 4708 ad

1944 4754 2195 4822 nostrum
2227 4777 2402 4832 usque
2435 4769 2654 4829 tempus
2675 4799 2689 4826 ,
2733 4755 2912 4826 inquit
2959 4751 3332 4808 ilerimannus
3354 4787 3368 4813 ,
3418 4744 3538 4814 ipsa

1943 4865 2033 4920 die
2064 4861 2401 4918 continuata.
2429 4856 2698 4910 Caeterum
2728 4858 2925 4922 praeter
2956 4863 3022 4903 ea
3052 4861 3174 4918 qua
3211 4843 3300 4898 ille
3345 4845 3540 4893 auctor

1887 4954 1890 4958 ’
1950 4959 2016 5014 de
2041 4955 2228 5013 Odone
2253 4953 2416 5009 habet
2443 4991 2457 5019 ,
2482 4945 2743 5004 nonnulla
2775 4943 2939 5000 etiam
2964 4941 3228 4997 discimus
3255 4950 3323 4989 ex
3355 4929 3540 4987 Code-

1946 5053 2072 5110 fridi
2122 5048 2408 5108 Remensis
2451 5043 2740 5118 magistri,
2791 5039 2912 5110 ejus
2956 5033 3119 5092 amici
3145 5026 3536 5118 ,versibusrin

1948 5147 2148 5219 quibus
2173 5141 2380 5200 Odonis
2400 5117 2667 5196 natalium
2698 5133 2955 5190 nobilitas
2975 5135 3030 5184 et
3052 5120 3372 5181 excellentia
3417 5117 3540 5187 ejus

1950 5247 2156 5322 ingenii
2183 5261 2247 5302 ac
2281 5242 2543 5300 doctrina
2571 5247 2923 5306 summopere
2953 5225 3344 5322 praedicantur,
3391 5218 3542 5322 inter

1949 5312 2054 5401 alia
2075 5357 2204 5399 vero
2233 5339 2353 5411 ejus
2378 5334 2641 5408 opuscula
2663 5325 2850 5387 laudat
2873 5322 3116 5380 libellum
3143 5318 3217 5374 De
3241 5315 3386 5374 bello
3401 5312 3542 5411 Tro-

1943 5442 2078 5512 jano
2105 5481 2118 5508 ,
2147 5409 2308 5509 quem
2335 5435 2405 5489 ab
2439 5449 2505 5487 co
2533 5430 2739 5486 editum
2767 5436 2888 5479 esse
2941 5417 3149 5512 scrib-it.
3195 5415 3311 5470 Hoc
3340 5409 3538 5512 -Gode-

1948 5502 2077 5589 lridi
2106 5502 2256 5602 opus
2281 5573 2295 5597 ,
2325 5525 2600 5582 Somnium
2625 5521 2689 5574 de
2718 5517 2900 5573 Odone
2920 5509 3315 5602 .ι1απ·ιειὶιηιεηδὶΔ
3340 5502 3541 5562 inseri-

1948 5636 2102 5700 ptum
2129 5599 2437 5693 {hactenus
2466 5661 2480 5684 ,
2519 5623 2579 5671 ut
2607 5627 2750 5675 reor,
2786 5607 3086 5672 ineditum,
3139 5599 3450 5658 invenimus
3479 5599 3538 5654 in

1949 5693 2136 5775 codice
2163 5712 2375 5783 collegii
2398 5704 2676 5766 societatis
2701 5699 2830 5757 Jesn
2855 5693 3191 5754 Parisiensis
3214 5701 3339 5747 ante
3361 5703 3537 5746 annos

1949 5815 2280 5888 quingentos
2307 5804 2531 5876 scripto.
2559 5797 2636 5854 Ex
2667 5811 2808 5871 quo,
2838 5808 2966 5852 cum
2991 5789 3231 5849 libellum
3260 5787 3534 5858 integrum
