3960 6316
55 335 230 393 ιοῦἳ

1144 308 1642 404 EiiPosmotN
1675 325 2023 386 CANONEM.
2065 327 2320 388 MISSE.‘

3238 327 3378 395 1058

50 449 302 516 versali,
343 446 586 520 procedit
615 434 685 502 ad
728 445 1072 519 particulare.
1103 446 1312 502 Omnes
1339 459 1470 502 vero
1501 446 1682 500 circu-
1707 447 1759 508 Α
1783 455 1955 516 parte.
2005 444 2113 503 Pro
2171 447 2375 504 nostris
2415 446 2672 504 omnibus
2729 445 2950 518 quando
3004 461 3228 505 oramus
3270 464 3375 522 pro

49 551 411 610 nastuntes,
438 539 839 614 particulariter
863 548 1188 612 sequuntur.
1218 535 1289 594 Et
1311 553 1380 594 ne
1403 538 1685 611 praesenti-
1786 539 1977 595 amicis
2035 540 2240 596 nostris
2289 547 2344 594 et
2399 540 2581 595 rebus.
2639 538 3023 611 Supplicamus
3075 541 3220 596 enim
3272 555 3374 613 pro

49 639 186 696 bus
226 636 486 693 intersint
526 635 694 708 aliqui
738 634 862 706 ﬁdei
899 633 1342 706 praevaricatores
1383 640 1438 689 et
1474 632 1685 688 vitiosa:

49 737 210 792 vitae
223 777 238 802 ,
270 732 648 804 subjungitur.

143 828 403 894 Quorum
435 824 531 880 tibi
560 823 928 895 ﬁdescognita
958 830 1057 878 est.
1092 820 1154 878 Id
1179 828 1284 888 est,
1320 819 1416 892 qui
1440 818 1684 891 probata:

49 919 210 976 ﬁdei
266 927 436 987 sunt,
486 926 540 974 et
591 915 950 988 depositionis
1004 914 1148 986 apud
1207 921 1280 969 te;
1339 912 1684 984 Cognoscere

49 1015 291 1070 etenim
361 1012 495 1080 Dei,
571 1010 876 1082 approbare
942 1017 1046 1064 est.
1110 1007 1314 1062 Aliter:
1383 1005 1679 1073 Memento,

49 1104 344 1173 Domine,
372 1101 696 1174 famulorum
723 1099 1153 1173 famularumque
1181 1109 1414 1154 tuarum.
1458 1098 1524 1154 Et
1552 1099 1681 1170 quia

49 1213 433 1270 consequens
516 1197 572 1252 in
645 1195 976 1268 quibusdam
1060 1195 1340 1251 codicibus
1408 1193 1682 1248 invenitur

49 1292 111 1346 Ν
183 1293 408 1360 littera,
448 1291 783 1363 aliquorum
814 1289 934 1346 ﬁeri
981 1289 1305 1346 memoriam
1353 1284 1681 1342 nominatim

50 1383 453 1455 signiﬁcatur.
502 1382 656 1439 Unde
698 1381 920 1454 quidam
965 1397 1071 1438 usu
1098 1389 1286 1437 tenent
1317 1379 1422 1436 hoc
1467 1378 1522 1432 in
1558 1379 1681 1434 loco

50 1475 466 1543 memorandi,
502 1490 642 1548 quos
687 1474 966 1530 chariores
1004 1473 1234 1538 habent,
1281 1478 1682 1542 consequenter

55 1567 519 1639 subjungentes:
577 1564 644 1620 Et
685 1565 933 1620 omnium
985 1563 1529 1631 circumastantium,
1586 1571 1677 1630 ut,

52 1657 234 1714 facta
274 1657 540 1716 memoria
570 1657 864 1715 cbarorum
909 1655 1248 1722 absentium,
1302 1654 1363 1712 ﬁt
1403 1662 1458 1711 et
1495 1662 1683 1717 astans

56 1750 249 1810 tium.

147 1845 231 1900 Et
261 1846 498 1900 omnium
518 1844 994 1900 circumstantium.
1027 1840 1167 1898 Cum
1209 1840 1466 1912 primitus
1495 1838 1679 1894 missa:

61 1943 209 2001 sine
233 1942 461 1998 collecta
484 1956 597 1996 non
621 1939 848 2006 ﬁerent,
880 1946 1068 2010 postea
1093 1951 1215 1990 mos
1245 1935 1470 1990 inolevit
1495 1932 1652 2009 Eccle
1669 1959 1683 1972 -

60 2038 216 2103 size,
247 2033 528 2091 solitarias
555 2043 610 2089 et
635 2031 872 2087 maxime
896 2031 952 2085 in
989 2027 1253 2086 coenobiis
1275 2026 1392 2082 ﬁeri
1422 2025 1642 2080 missas.

153 2128 385 2184 Etcum
429 2140 539 2180 non
590 2124 827 2180 habeant
874 2136 1041 2193 quam
1081 2119 1364 2191 pluraliter
1395 2117 1682 2173 collectam

62 2223 350 2288 salutent,
384 2235 483 2276 nec
511 2218 752 2289 plurales
786 2224 1001 2274 mutare
1036 2221 1267 2286 possunt
1292 2211 1680 2276 salutationes,

65 2321 422 2373 convertunt
449 2327 508 2369 se
533 2310 602 2366 ad
636 2307 936 2366 Ecclesiam
956 2349 970 2375 ,
998 2307 1239 2363 dicentes
1282 2321 1340 2361 se
1381 2305 1683 2363 Ecclesiam

68 2410 138 2464 in
172 2406 424 2464 Ecclesia
473 2403 740 2470 salutare,
795 2409 850 2457 et
875 2401 930 2456 in
988 2415 1216 2471 corpore
1263 2407 1440 2454 totum
1483 2414 1684 2470 corpus

69 2499 330 2572 alloqui,
367 2505 421 2554 et
444 2496 646 2552 virtute
676 2494 846 2550 totius
886 2491 1296 2548 communionis
1338 2491 1393 2545 in
1439 2489 1684 2547 Ecclesia

70 2593 290 2652 conﬁci
331 2598 522 2647 sancta
557 2586 816 2661 mysteria
854 2600 951 2656 per
979 2583 1211 2658 gratiam
1249 2582 1378 2651 Dei,
1422 2598 1524 2639 nec
1564 2597 1686 2640 esse

72 2697 426 2758 quemquam
451 2679 652 2736 alicubi
697 2677 998 2734 inﬁdelium
1018 2717 1034 2743 ,
1063 2676 1160 2748 qui
1203 2675 1545 2731 viviﬁcorum
1574 2691 1685 2730 non

72 2779 184 2834 ﬁat
213 2775 484 2847 particeps
511 2780 567 2828 et
591 2769 1006 2841 cooperatorius
1027 2775 1528 2835 sacrosanctorum,
1553 2767 1685 2822 dum

76 2870 138 2924 in
205 2880 434 2936 corpore
493 2862 752 2919 Ecclesiae
811 2860 1053 2917 adhaeret
1098 2858 1292 2930 capiti,
1346 2859 1495 2913 velut
1555 2857 1686 2913 utile

76 2960 423 3019 membrum.
458 2956 770 3014 Secundum
801 2970 965 3026 quem
1009 2968 1266 3021 sensum,
1313 2952 1368 3006 in
1415 2951 1522 3006 hoc
1565 2951 1687 3007 loco

77 3057 548 3110 circumastantes
597 3048 940 3119 accipiuntur
983 3059 1176 3102 omnes
1214 3044 1418 3115 ubique
1460 3043 1684 3112 ﬁdeles,

78 3148 268 3221 quiin
324 3147 536 3202 unitate
590 3143 763 3199 totius
811 3141 1093 3211 corporis,
1143 3147 1197 3195 et
1244 3137 1348 3194 sibi
1407 3137 1687 3193 adhaerent

78 3242 350 3309 invicem,
383 3247 438 3296 et
469 3253 688 3294 summo
734 3235 930 3307 capiti,
974 3243 1036 3290 ut
1062 3233 1326 3305 quidquid
1350 3232 1481 3288 boni
1512 3233 1607 3287 ﬁat
1627 3231 1684 3287 in

81 3346 211 3393 toto
233 3347 488 3406 corpore,
516 3333 583 3389 ab
617 3347 684 3388 eo
706 3331 858 3387 nullo
882 3328 1048 3386 modo
1071 3328 1143 3384 sit
1165 3327 1396 3396 alienus,
1433 3328 1687 3400 quisquis

80 3429 161 3484 ab
193 3429 312 3498 ipso
347 3440 577 3496 corpore
612 3439 722 3480 non
765 3431 851 3479 est
878 3421 1120 3490 divisus,
1163 3421 1258 3476 sed
1287 3435 1449 3476 omne
1481 3420 1687 3475 bonum

79 3520 318 3578 cuilibet
363 3519 611 3574 membro
657 3517 713 3572 in
754 3515 1030 3572 salubrem
1060 3529 1285 3570 succum
1316 3512 1686 3580 ministretur,

84 3627 150 3672 ut
178 3624 352 3671 totum
402 3629 602 3686 corpus
646 3619 929 3684 vegetetur
967 3626 1000 3664 a
1052 3607 1260 3680 Spiritu
1301 3605 1417 3663 Dei.
1473 3606 1540 3662 Et
1585 3607 1689 3662 hoc

83 3708 262 3766 modo
308 3707 570 3780 repetitur
620 3705 824 3773 oratio,
872 3719 997 3776 qua:
1052 3703 1207 3775 prius
1253 3701 1394 3756 facta
1453 3709 1539 3756 est
1590 3715 1689 3771 pro

85 3802 353 3860 omnibus
381 3799 663 3857 catholicae
689 3798 814 3854 ﬁdei
835 3796 1140 3853 cultoribus
1161 3811 1194 3852 a
1215 3794 1478 3851 solitariis
1501 3793 1689 3849 dicen-

82 3897 243 3952 tibus
297 3892 606 3964 frequenter
667 3889 946 3946 iterandas
998 3888 1306 3955 orationes,
1375 3893 1438 3941 ut
1495 3884 1687 3942 saltem

84 3983 510 4057 importunitate
538 3983 789 4038 vincatur
815 3980 980 4038 Deus.

170 4076 407 4144 Quorum
435 4074 533 4129 tibi
558 4073 689 4144 ﬁdes
716 4073 928 4145 cognita
951 4070 1124 4139 est,id
1150 4079 1235 4126 est
1250 4069 1400 4135 meo,
1431 4067 1686 4138 Domine,

87 4177 374 4227 memento
419 4167 666 4224 omnium
712 4164 1192 4222 circumstantium
1219 4205 1235 4232 ,
1279 4161 1528 4218 omnium
1576 4162 1689 4218 sci-

87 4265 228 4320 licet
273 4261 512 4316 ﬁdelium
537 4300 561 4327 ,.
601 4259 733 4332 quia
774 4273 968 4314 eorum
1014 4256 1114 4312 tibi
1160 4254 1296 4312 ﬁdes
1342 4254 1564 4328 cognita
1607 4262 1693 4310 est

87 4365 150 4412 et
197 4361 325 4409 nota
365 4350 601 4408 devotio.
652 4348 743 4406 Sic
787 4346 1019 4406 solitarii
1065 4347 1214 4402 hunc
1254 4345 1438 4403 locum
1483 4343 1688 4402 intelli-

85 4456 252 4521 gunt.

1710 1807 1756 1864 B

1783 647 1917 704 pace
1958 632 2282 700 amicorum,
2329 633 2549 704 quando
2594 641 2722 688 sunt
2763 624 2821 688 in
2860 633 3037 696 bello;
3088 649 3189 705 pro
3222 641 3375 690 tran-

1785 725 1955 796 quillo
2000 725 2212 793 reditu,
2259 725 2304 780 si
2347 725 2458 780 sint
2497 724 2554 779 in
2592 725 2817 792 itinere;
2866 742 2966 797 pro
3012 726 3279 795 sanitate,
3324 727 3373 785 si

1786 815 1841 872 in
1866 816 2180 873 inﬁrmitate
2219 817 2584 884 decumbunt;
2629 833 2729 888 pro
2771 818 3150 884 conversione,
3182 819 3226 874 si
3251 834 3376 890 per-

1783 923 1940 965 verse
1969 909 2186 976 vivunt;
2229 918 2283 965 et
2319 916 2510 965 contra
2549 909 2853 965 amicorum
2897 910 3376 969 incommoditates

1785 1011 1869 1070 ut,
1922 1002 2212 1073 adjuvante
2264 1000 2411 1071 Deo,
2473 1002 2727 1058 evadant.
2785 1001 2892 1058 Pro
2950 1002 3118 1057 rebus
3171 1003 3377 1059 nostris

1784 1096 2099 1169 frequentes
2144 1098 2199 1153 in
2245 1098 2400 1154 libris
2431 1097 2743 1155 Missalibus
2780 1098 3093 1154 invenimus
3133 1100 3376 1169 postula-

1785 1191 1980 1248 tiones.
2019 1191 2255 1248 Oramus
2293 1191 2441 1247 enim
2483 1200 2728 1264 tempore
2766 1192 3019 1248 sacriﬁcii
3062 1201 3255 1247 contra
3293 1192 3378 1245 in-

1785 1286 2009 1354 cendia,
2068 1301 2168 1358 pro
2228 1286 2364 1342 locis
2413 1286 2656 1355 nostris;
2706 1295 2901 1342 contra
2952 1286 3185 1340 nimium
3235 1285 3380 1341 aeris

1783 1379 2106 1447 siccitatem,
2141 1379 2226 1436 vel
2252 1387 2652 1451 tempestatem,
2689 1394 2789 1450 pro
2831 1377 3104 1434 fructibus
3139 1379 3376 1446 nostris;

1782 1483 1977 1530 contra
2015 1482 2224 1545 pestem
2263 1489 2364 1545 pro
2404 1471 2735 1545 animalibus
2774 1472 3006 1539 nostris;
3045 1478 3236 1527 contra
3272 1470 3380 1526 alia

1767 1568 2001 1640 damna,
2038 1582 2138 1639 pro
2183 1568 2349 1623 rebus
2391 1567 2533 1623 aliis.
2561 1551 2855 1624 Habemus
2897 1567 3044 1623 enim
3075 1567 3378 1623 secundum

1766 1661 2102 1753 IApostolum
2132 1661 2189 1716 in
2209 1660 2432 1718 Christo
2471 1660 2908 1717 consolationem
2948 1659 3232 1732 praesentis
3255 1659 3382 1715 vita:

1781 1762 1836 1811 et
1875 1753 2073 1810 futurae
2113 1753 2168 1827 (Ι
2212 1753 2350 1808 Tim.
2379 1758 2453 1826 iv)

1859 1848 1966 1903 Pro
2023 1847 2379 1920 redemptione
2433 1849 2737 1925 animarum
2777 1863 3018 1902 suarum.
3079 1845 3194 1903 Hoc
3233 1846 3378 1901 enim

1785 1943 1964 2000 solum
2005 1949 2090 1998 est
2127 1940 2462 1996 sacriﬁcium
2494 1956 2605 2014 quo
2642 1940 2838 1997 redimi
2880 1939 3180 2011 potuimus,
3222 1939 3382 2009 cujus

1783 2035 1991 2092 bonum
2037 2032 2236 2090 suﬂicit
2276 2042 2470 2092 contra
2515 2042 2768 2091 nostrum
2814 2034 3044 2100 malum,
3081 2032 3224 2104 quod
3261 2048 3380 2086 ma-

1785 2130 1867 2204 gis
1892 2137 1978 2186 est
1999 2129 2230 2198 bonum,
2257 2144 2424 2201 quam
2450 2138 2736 2202 peccatum
2767 2137 3018 2185 nostrum
3051 2127 3122 2183 sit
3149 2127 3378 2194 malum,

1783 2232 1836 2280 et
1867 2222 1989 2279 ideo
2015 2223 2214 2295 majori
2242 2223 2420 2294 pretio
2447 2222 2667 2278 redimit
2695 2237 2802 2279 nos
2827 2237 2859 2276 a
2885 2229 3078 2277 nostro
3102 2221 3267 2275 malo.

1772 2352 1780 2362 η
1857 2316 1967 2371 Pro
1998 2333 2087 2388 spe
2112 2315 2328 2384 salutis,
2363 2324 2415 2371 et
2445 2314 2834 2370 incolumitatis
2876 2331 3009 2371 suae.
3053 2311 3170 2369 Hoc
3199 2327 3386 2370 sacro-

1786 2419 2040 2469 sanctum
2070 2409 2424 2478 sacriﬁcium,
2456 2426 2566 2466 non
2597 2410 2772 2466 solum
2800 2409 2996 2464 liberat
3017 2423 3118 2464 nos
3140 2423 3172 2462 a
3199 2407 3382 2476 malis,

1787 2507 1880 2563 sed
1909 2506 2074 2562 etiam
2097 2504 2409 2562 accumulat
2437 2518 2539 2560 nos
2567 2504 2758 2571 bonis;
2787 2518 2899 2558 non
2935 2502 3113 2558 solum
3145 2516 3249 2556 nos
3278 2500 3385 2558 cri-

1787 2599 1868 2670 pit
1899 2615 1932 2654 a
1959 2598 2160 2670 poenis,
2189 2598 2286 2653 sed
2326 2597 2489 2653 etiam
2535 2605 2698 2668 auget
2736 2595 2933 2669 gaudia
2976 2595 3171 2651 salutis
3213 2602 3269 2650 et
3301 2594 3386 2650 in-

1788 2691 2142 2748 columitatis.
2195 2689 2434 2758 Salutis,
2482 2689 2738 2764 inquam,
2788 2697 3006 2744 aeternae
3052 2687 3383 2756 animarum,

1788 2784 2203 2853 incolumitatis,
2244 2782 2298 2838 id
2345 2791 2428 2838 est
2459 2780 2890 2852 incorruptionis
2935 2787 3209 2851 perpetua:
3254 2793 3382 2832 cor-

1788 2895 2006 2952 porum,
2047 2887 2101 2934 et
2141 2878 2250 2934 hoc
2298 2884 2381 2934 est
2422 2891 2523 2949 pro
2564 2890 2674 2948 quo
2715 2874 2997 2931 oﬁ‘erimus
3035 2881 3147 2928 tam
3184 2871 3387 2944 pretio-

1791 2988 1913 3027 sum
1959 2987 2184 3026 munus.
3020 3027 3030 3037 _

1864 3065 1906 3120 T
1908 3065 2080 3137 ibique
2116 3063 2341 3120 reddunt
2390 3071 2512 3118 vota
2555 3077 2673 3116 sua.
2719 3059 3006 3116 Oﬁ‘erendo
3049 3059 3382 3115 sacriﬁcium

1713 3179 1760 3244 ρ
1791 3159 1987 3226 laudis,
2024 3157 2260 3214 reddunt
2291 3155 2389 3211 tibi
2426 3163 2551 3210 vota
2596 3169 2716 3209 sua.
2764 3152 2936 3208 Aliter
2983 3152 3214 3207 forsitan
3260 3160 3386 3207 vota

1791 3271 1890 3311 sua
1925 3269 2048 3324 non,
2077 3251 2384 3317 redderent,
2432 3248 2540 3305 nisi
2585 3247 2690 3302 tale
2730 3245 3058 3303 sacriﬁcium
3101 3243 3381 3298 oﬁ‘errent.

1789 3347 1868 3403 Ad
1871 3347 1890 3418 j
1900 3353 2132 3402 uvantur
2151 3342 2408 3401 sacriﬁcii
2433 3342 2654 3407 virtute,
2681 3347 2742 3394 ut
2761 3348 2889 3395 vota
2912 3344 3117 3410 queant
3137 3336 3380 3392 reddere.

1789 3439 2014 3496 Difﬁcile
2043 3447 2128 3494 est
2164 3435 2527 3508 comprimere
2558 3433 2690 3488 vitia
2711 3477 2724 3500 ,
2769 3431 3001 3487 virtutes
3035 3430 3090 3484 in
3136 3429 3381 3484 habitum

1789 3535 2026 3591 trahere.
2061 3531 2170 3589 Sed
2198 3540 2257 3588 ut
2285 3531 2401 3587 haec
2442 3538 2569 3585 vota
2598 3537 2803 3600 queant
2846 3525 3071 3583 reddere
3113 3523 3307 3592 sancti,
3353 3539 3384 3578 a

1790 3627 1902 3684 Deo
1930 3643 2156 3684 necesse
2184 3625 2387 3682 habent
2416 3623 2683 3680 roborari.

1861 3721 2089 3777 Afterno
2120 3720 2252 3788 Deo,
2285 3719 2400 3774 vivo
2435 3726 2484 3773 et
2525 3732 2663 3772 vero.
2695 3715 2778 3770 Ad
2806 3711 3168 3780 differentiam
3211 3707 3385 3764 falso-

1788 3833 1913 3873 rum
1943 3817 2172 3872 deorum
2199 3822 2256 3869 et
2281 3811 2711 3878 insensibilium,
2735 3809 2938 3881 quibus
2967 3818 3153 3877 gentes
3178 3847 3198 3859 .
3233 3811 3387 3860 astra

1789 3908 2090 3966 solvebant.
2113 3904 2623 3970 Communieantes,
2658 3900 2755 3956 tibi
2783 3898 3021 3955 oﬁ‘erunt
3053 3895 3384 3954 sacriﬁcium

1789 4001 1988 4069 laudis,
2020 3999 2229 4071 tibique
2258 3997 2496 4054 reddunt
2523 4003 2644 4051 vota
2677 4009 2798 4050 sua.

1792 4094 2345 4166 5.,Communicantes.
2415 4089 2585 4146 Extra
2645 4099 3088 4144 communionem
3150 4097 3390 4154 namque

1792 4203 1903 4244 non
1947 4196 2032 4243 est
2066 4187 2221 4244 locus
2261 4184 2525 4249 oﬁ'erendi
2556 4181 2668 4240 Deo
2696 4180 2811 4239 veri
2853 4177 3110 4236 sacriﬁcii
3139 4176 3225 4232 vel
3260 4183 3388 4232 vota

1793 4281 2058 4339 solvendi.
2419 4300 2433 4319 ι
2472 4263 2475 4266 ’

1866 4373 1938 4428 Et
1975 4373 2288 4428 memoriam
2319 4379 2642 4427 venerantes.
2690 4367 2863 4423 Aliter
2892 4365 3004 4421 Deo
3031 4373 3247 4438 gratum
3276 4377 3386 4418 non

1793 4463 2074 4523 offerimus
2117 4461 2470 4529 sacriﬁcium,
2512 4461 2670 4516 aliter
2710 4458 2821 4514 Deo
2866 4457 3072 4512 utiliter
3107 4465 3232 4512 vota
3277 4471 3388 4510 non

169 4543 292 4599 Pro
318 4543 505 4614 quibus
550 4541 645 4596 tibi
690 4539 984 4610 onerimus,
1025 4537 1103 4592 vel
1143 4539 1234 4610 qui
1298 4536 1393 4591 tibi
1439 4537 1684 4607 offerunt.

1795 4558 2090 4626 solvimus,
2145 4555 2255 4611 nisi
2304 4553 2626 4611 memoriam
2679 4559 2996 4607 sanctorum
3040 4564 3384 4605 veneremur.

85 4641 217 4698 Non
262 4638 438 4695 solum
486 4636 800 4694 sacerdotes
839 4643 895 4691 et
931 4632 1151 4700 clerus,
1207 4632 1341 4702 (qui
1382 4631 1685 4688 secundum

86 4735 344 4792 diversos
401 4731 605 4804 gradus
647 4728 849 4785 divinis
889 4735 1232 4799 occupantur
1273 4723 1510 4797 divitiis)
1555 4724 1689 4781 οπε-

87 4836 259 4894 runt,
299 4824 392 4882 sed
433 4825 600 4881 etiam
639 4822 922 4879 audientes
947 4863 962 4889 ,
1011 4821 1108 4893 qui
1148 4820 1291 4876 votis
1332 4829 1386 4876 et
1427 4819 1689 4876 orationi-

88 4923 202 4979 bus
232 4920 500 4976 assistunt
536 4925 915 4988 cooperantes,
947 4923 1001 4972 et
1024 4915 1216 4971 osculo
1245 4913 1398 4985 pacis
1425 4923 1688 4986 tanquam

87 5011 527 5080 communicant,
559 5011 945 5068 conﬁrmantes
969 5009 1116 5081 quod
1145 5018 1329 5065 actum
1356 5016 1458 5065 est.

174 5109 244 5165 Ut
282 5107 610 5179 sacriﬁcium
638 5105 838 5173 laudis,
869 5117 999 5160 vere
1031 5101 1210 5160 laudis
1242 5111 1327 5160 est
1357 5102 1562 5159 divina:
1586 5101 1692 5158 hoc

93 5201 452 5270 sacriﬁcium,
485 5200 630 5257 sicut
658 5199 714 5255 in
747 5199 854 5256 hoc
896 5197 1072 5255 olﬁcio
1120 5196 1300 5255 testati
1343 5213 1537 5254 sumus
1564 5214 1578 5251 :
1603 5196 1690 5253 di-

94 5309 272 5368 gnum
295 5302 350 5350 et
371 5293 580 5365 justum
623 5299 726 5359 est,
768 5306 986 5364 aequum
1026 5298 1082 5346 et
1118 5289 1356 5347 salutare
1390 5289 1503 5346 Deo
1542 5288 1691 5346 Patri

96 5385 307 5461 gratias
361 5401 556 5458 agere,
610 5394 664 5441 et
713 5399 841 5440 eum
883 5385 1135 5441 laudibus
1180 5383 1441 5457 angelicis
1484 5384 1691 5456 precati

98 5495 300 5539 sumus
342 5488 562 5536 nostras
604 5493 769 5535 voces
809 5477 1040 5534 admitti.
1677 5537 1680 5541 ,

173 5571 289 5628 Pro
329 5587 383 5628 se
423 5571 635 5642 suisque
677 5567 955 5635 omnibus;
1011 5584 1113 5641 pro
1159 5570 1320 5628 nobis
1374 5570 1656 5628 oﬁerimus
1680 5614 1695 5640 ,

1794 4653 1898 4722 Qui
1932 4652 2078 4709 enim
2120 4649 2368 4706 membra
2407 4647 2613 4704 Christi
2654 4661 2764 4701 non
2792 4645 3047 4711 honorat,
3096 4659 3198 4699 nec
3224 4641 3388 4698 Chri-

1793 4757 1960 4817 stum,
2007 4745 2101 4818 qui
2153 4751 2318 4815 caput
2362 4749 2466 4811 est,
2493 4742 2768 4797 honorare
2810 4745 3008 4810 potest.
3059 4736 3128 4793 Et
3154 4737 3249 4809 qui
3276 4752 3388 4794 non

1794 4841 2032 4897 honorat
2065 4839 2284 4906 Filium,
2312 4853 2426 4894 non
2451 4835 2690 4892 honorat
2717 4833 2873 4888 illum
2902 4831 2998 4903 qui
3024 4831 3175 4887 misit
3210 4831 3384 4886 illum.

1796 4932 2141 4991 Honoremus
2165 4947 2298 5006 ergo
2325 4938 2491 5003 caput
2511 4929 2567 4984 in
2593 4927 2879 4995 membris,
2902 4924 3074 4982 Deum
3101 4926 3157 4980 in
3183 4923 3389 4980 sanctis

1796 5025 1934 5094 suis,
1984 5032 2048 5081 ut
2092 5039 2287 5081 eorum
2335 5020 2547 5078 meritis
2593 5019 2980 5091 precibusque,
3028 5016 3084 5072 in
3130 5013 3389 5072 omnibus

1797 5117 2152 5192 protectionis
2198 5115 2395 5172 divinae
2438 5115 2758 5172 muniamur
2797 5110 3023 5168 auxilio.

1795 5229 1797 5231 ί
1869 5207 1937 5264 1η
1948 5209 2136 5282 primis
2148 5207 2410 5280 gloriosw,
2421 5213 2551 5274 etc.',
2565 5221 2741 5278 usque
2753 5203 3066 5259 Muniamur
3081 5198 3287 5256 auxilio
3300 5216 3394 5270 per

1797 5301 2036 5356 eumdem
2067 5298 2338 5357 Christum
2359 5297 2647 5354 Dominum
2673 5305 2930 5352 nostrum.
2957 5292 3018 5350 In
3037 5292 3392 5350 veneratione

1797 5402 2115 5450 sanctorum
2149 5394 2266 5450 haec
2294 5391 2436 5448 ratio
2464 5388 2822 5449 custodienda
2850 5394 2957 5456 est,
2987 5394 3050 5442 ut
3073 5386 3312 5459 primum
3338 5395 3392 5442 et

1796 5505 1962 5562 super
1985 5505 2178 5547 omnes
2207 5490 2365 5546 beata
2395 5487 2494 5544 Dei
2523 5478 2769 5542 Genitrix
2798 5483 3122 5549 honoratur,
3149 5481 3391 5538 secundo

1794 5581 2058 5654 apostoli,
2111 5580 2272 5638 tertio
2315 5579 2491 5638 sancti
2537 5583 2809 5650 martyres
2832 5616 2848 5645 ,
2893 5573 3021 5632 inde
3071 5572 3162 5630 alii
3215 5573 3390 5629 sancti

101 5665 328 5738 quando
374 5665 647 5722 sacriﬁcio
690 5663 970 5736 poscimus
1011 5661 1182 5720 Deum
1224 5665 1462 5735 habere,
1505 5673 1562 5724 et
1606 5674 1697 5723 tu-
1797 5691 2009 5733 omnes,

101 5769 285 5816 torem
324 5767 516 5816 contra
555 5758 801 5831 pericula
841 5758 1089 5830 corporis
1128 5765 1184 5814 et
1221 5759 1438 5829 animae,
1484 5773 1538 5817 et
1579 5778 1704 5834 pro-

1872 5769 2028 5825 Hanc
2056 5770 2223 5842 igitur
2252 5767 2590 5825 oblationem.
2620 5766 2764 5835 Quia
2791 5765 2901 5822 hoc
2927 5762 3260 5821 sacriﬁcium
3289 5759 3387 5814 tibi

105 5853 305 5921 pitium
357 5853 428 5915 ad
487 5852 814 5916 obtinendos
863 5867 1158 5916 successus
1218 5854 1394 5916 bonos
1438 5857 1517 5930 lin
1577 5868 1701 5918 utra
1799 5865 2079 5926 oﬁ‘erimus
2119 5863 2462 5942 incorpore
2503 5859 2762 5925 Ecclesiae
2794 5855 3251 5926 communicando
3273 5895 3289 5923 .
3332 5861 3390 5916 ϐε
