3912 6426
596 360 737 418 Ιοὸθ

1664 376 1669 379 ‘
1776 358 1839 416 Β.
1876 356 2134 417 ODONIS
2168 355 2430 417 GAMER.
2469 354 2686 414 EPISG.

595 480 918 539 memoriam
953 484 1270 536 sanctorum
1294 476 1627 534 venerando.
1672 475 1843 548 Igitur
1868 478 2010 534 hanc
2040 478 2191 533 obla—
2216 482 2267 543 Α
2295 474 2602 543 subiaceat,
2636 487 2748 529 non
2775 482 2907 530 sunt
2931 481 3119 531 tamen
3148 475 3330 533 omnia
3371 477 3476 536 nisi
3499 494 3654 541 unum
3676 496 3721 545 et
3744 489 3807 548 ﬁ.

593 578 819 640 tionem,
856 588 1165 646 precamur,
1206 579 1268 628 ut
1304 572 1547 644 placatus
1578 571 1813 643 accipias
1838 586 1856 624 :
1881 578 1941 625 ut
1980 570 2187 627 scilicet

593 670 640 732 si
672 668 912 743 peccatis
932 668 1139 724 nostris
1165 665 1553 738 prapedimur,
1577 663 1963 721 communione
1991 665 2185 721 saltem

594 769 796 818 sancta
807 759 1062 817 Ecclesia
1079 766 1129 815 et
1143 775 1201 816 sa
1209 767 1457 813 nctorum
1473 765 1691 812 tuorum
1707 756 2055 812 veneratione
2067 756 2155 826 pla
2170 785 2186 797 -

594 844 733 925 ceris
757 854 823 910 ad
847 852 1223 935 accipiendum
1243 851 1385 924 quod
1410 851 1505 906 tibi
1528 849 1809 906 oﬁ’erimus
1829 849 2183 905 sacriﬁcium.

664 944 980 1013 Servitutis,
1025 945 1079 1001 id
1110 954 1193 1009 est
1232 945 1391 1011 cieri,
1437 943 1533 998 tibi
1567 941 1693 1014 (qui
1729 941 2036 998 secundum
2093 958 2187 998 ac-

592 1048 777 1119 ceptos
811 1038 1015 1112 gradus
1043 1038 1099 1093 in
1122 1040 1227 1103 hac
1252 1037 1528 1103 oblatione
1560 1035 1814 1093 sacriﬁcii
1835 1035 2122 1103 [servimus
2142 1035 2182 1107 ).

606 1126 609 1127 ⁷
663 1130 766 1187 Sed
802 1142 852 1187 et
883 1141 1087 1187 cuncta!
1115 1131 1341 1204 familia
1374 1140 1499 1198 tua,
1534 1132 1585 1186 id
1616 1139 1700 1186 est
1732 1131 1901 1186 totius
1927 1131 2188 1187 assisten-

593 1218 662 1280 tis
692 1225 950 1281 collecta.
1001 1222 1246 1279 Soiitarii
1293 1225 1373 1281 sic
1416 1225 1725 1295 intelligunt
1760 1223 2038 1281 servitutis
2086 1240 2187 1280 no-

591 1324 738 1384 stra,
780 1315 834 1371 id
865 1323 950 1371 est
986 1331 1075 1371 me
1098 1331 1226 1371 cum
1264 1332 1387 1372 meo
1427 1316 1701 1373 ministro.
1737 1315 1849 1373 Sed
1887 1326 1942 1372 et
1974 1325 2187 1373 cunctae

590 1408 811 1471 familia
843 1418 969 1477 tua,
1002 1408 1057 1465 id
1083 1417 1166 1464 est
1193 1416 1404 1465 cuncta
1432 1408 1710 1466 Ecclesia.

662 1501 1000 1571 Quaesumus,
1022 1501 1266 1569 Domine,
1285 1512 1414 1572 etc.,
1439 1519 1617 1577 usque
1644 1503 1717 1558 ibi
1742 1519 1892 1575 grege
1915 1504 2185 1558 munerari

587 1610 681 1666 per
711 1591 983 1650 Christum
1012 1594 1302 1651 Dominum
1331 1605 1593 1651 nostrum.

659 1685 885 1759 Diesque
926 1696 1133 1743 nostros
1175 1689 1232 1743 in
1274 1697 1366 1743 tua
1403 1706 1532 1761 pace
1575 1689 1845 1760 disponas.
1893 1687 2186 1760 Signanter

584 1787 680 1836 tua
715 1781 919 1852 posuit.
967 1778 1064 1838 Est
1108 1782 1256 1837 enim
1301 1798 1408 1853 pax
1458 1782 1668 1849 mundi,
1706 1790 1790 1837 est
1830 1790 1884 1837 et
1927 1798 2032 1852 pax
2063 1781 2179 1837 Dei.

584 1867 700 1926 Pax
716 1848 920 1928 .mundi
952 1872 1189 1941 inutilis,
1230 1848 1338 1951 pax
1374 1872 1471 1929 Dei
1508 1848 1767 1930 salubris.
1817 1848 2012 1929 Pacem
2044 1890 2181 1929 con-
2214 1848 2259 1907 Β

586 1965 763 2022 stituit
812 1968 1074 2036 mundus,
1126 1976 1188 2024 ut
1234 1968 1404 2025 libere
1449 1969 1610 2024 liceat
1655 1968 1734 2024 uti
1785 1970 2178 2040 voluptatibus.

583 2054 783 2114 Pacem
810 2057 903 2114 dat
926 2048 1134 2116 sanctis
1164 2060 1331 2127 Deus,
1361 2069 1423 2115 ut
1452 2058 1722 2115 mandatis
1746 2060 1941 2115 intenti
1978 2060 2182 2115 divinis

586 2158 792 2208 secrete
823 2152 1080 2210 studeant
1111 2153 1429 2209 virtutibus.

1055 2245 1189 2301 TEX
1200 2245 1339 2303 TUS
1386 2243 1707 2302 CANONIS.

1095 2356 1405 2397 DISTINCTIO
1447 2356 1670 2395 TERTIA.

654 2427 829 2497 Quam
849 2429 1170 2487 oblationem
1196 2441 1273 2499 tu,
1302 2432 1462 2500 Deus,
1487 2432 1545 2486 in
1563 2431 1825 2496 omnibus,
1855 2444 2178 2501 quaesumus,

581 2523 930 2595 benedictum,
960 2526 1274 2597 ascriptum,
1306 2534 1501 2593 ratam,
1540 2522 1915 2578 rationabilem
1946 2530 2183 2589 accepta-

582 2616 838 2690 bilemque
876 2618 1050 2688 facere
1099 2619 1336 2689 digneris
1361 2634 1378 2672 :
1400 2628 1458 2672 ut
1495 2617 1644 2671 nobis
1666 2632 1855 2687 corpus
1875 2624 1926 2670 et
1949 2616 2179 2686 sanguis

582 2707 682 2781 ﬂat
701 2707 1035 2765 dilectissimi
1056 2708 1191 2764 Filii
1222 2711 1320 2778 tui,
1356 2709 1571 2766 Domini
1601 2710 1771 2764 nostri
1800 2707 1931 2763 Iesu
1953 2706 2175 2764 Christi.

995 2807 1282 2856 nxrosrr‘to
1320 2816 1506 2856 boum
1545 2816 1756 2856 OBONIS.

651 2887 711 2944 In
728 2891 1107 2961 superioribus
1127 2890 1387 2961 periodis,
1414 2891 1591 2962 prima
1612 2891 1822 2947 scilicet
1840 2899 1895 2947 et
1916 2890 2177 2959 secunda,

576 2983 858 3041 oravimus
908 2999 1007 3054 pro
1055 2983 1329 3052 Ecclesia,
1382 2999 1483 3055 pro
1520 2984 1644 3039 ﬁdei
1693 2983 2027 3050 cultoribus,
2079 2998 2179 3053 pro

578 3084 791 3135 astante
817 3076 1064 3133 collecta.
1098 3075 1225 3134 Hae
1251 3078 1408 3133 tertia
1435 3076 1696 3149 periodus
1725 3093 1891 3150 quam
1939 3076 2179 3149 ingredi-

2294 570 2474 642 ipsum
2501 569 2767 637 verbum;
2812 577 2869 625 et
2910 570 3163 641 quamvis
3190 569 3264 627 ibi
3290 581 3373 629 est
3397 588 3520 631 vera
3549 585 3598 632 et
3624 582 3807 651 perfecta

2292 665 2496 732 unitas,
2540 663 2614 719 ibi
2654 672 2862 733 tamen,
2905 665 3210 721 secundum
3252 676 3463 725 creatas
3498 685 3581 727 res
3615 680 3807 745 quedam

2293 768 2516 830 apparet
2543 759 2868 827 diversitas;
2902 760 3046 816 sicut
3073 774 3199 816 cum
3230 760 3390 816 semel
3416 762 3609 821 locum
3625 779 3688 823 est
3704 769 3807 830 Dm

2292 852 2348 908 in
2379 854 2591 925 psalmo
2622 853 2801 925 (Psal.
2831 855 2968 924 ιιι),
2994 852 3269 926 Propheta
3284 856 3392 912 duo
3413 857 3641 931 intelligit
3665 863 3709 918 in
3729 882 3809 924 uno

2290 948 2477 1003 verbo.
2518 946 2675 1004 Unde
2699 948 2966 1020 scriptum
2999 956 3121 1004 est:
3149 947 3304 1015 Quod
3333 950 3529 1021 factum
3554 962 3641 1023 est,
3661 957 3809 1029 teipse

2290 1041 2401 1095 vita
2426 1050 2541 1095 erat
2569 1040 2750 1114 (Joan.
2782 1041 2845 1111 ι).
2875 1040 3103 1097 Factum
3128 1050 3215 1099 est
3240 1042 3307 1099 de
3337 1044 3526 1111 nihilo,
3545 1056 3651 1103 erat
3673 1060 3810 1110 tamen

2291 1135 2348 1190 in
2386 1134 2555 1191 verbo
2595 1153 2608 1190 :
2642 1134 2871 1192 Factum
2919 1143 3006 1190 est
3050 1136 3322 1205 crealiter,
3371 1146 3489 1193 erat
3529 1143 3807 1203 aternaiiter.

2290 1226 2423 1284 Erat
2451 1230 2504 1284 in
2537 1244 2753 1285 summa
2790 1237 2928 1297 arte,
2956 1228 3161 1286 factum
3201 1239 3285 1287 est
3324 1230 3381 1285 in
3425 1247 3502 1288 re.
3547 1230 3737 1293 Vivebat
3766 1240 3808 1296 in

2288 1326 2503 1381 ratione
2538 1325 2764 1381 artiﬁcis
2793 1324 3099 1381 formaiiter
3122 1368 3138 1393 ,
3182 1324 3391 1381 factum
3426 1334 3511 1382 est
3540 1327 3592 1383 in
3624 1331 3809 1390 realitate

2291 1419 2626 1475 subsistendi
2654 1418 3108 1475 substantialiter.
3130 1416 3208 1474 De
3225 1418 3402 1474 nihilo
3425 1419 3629 1490 prodiit,
3651 1432 3699 1479 ut
3717 1426 3809 1481 sub-

2291 1511 2617 1567 stantialiter
2644 1518 2789 1567 esset
2817 1511 2963 1582 quod
2989 1509 3197 1567 factum
3222 1519 3330 1566 est.
3362 1508 3422 1565 In
3438 1509 3608 1567 ~verbo
3627 1512 3807 1583 vivebat,

2289 1613 2351 1659 ut
2384 1604 2686 1660 formaiitcr
2726 1612 2873 1661 esset
2909 1613 3204 1675 antequam
3244 1603 3658 1662 substantialiter
3686 1619 3806 1664 esset.

2289 1696 2517 1752 Factum
2532 1705 2617 1753 est
2638 1696 2943 1768 multiplex,
2967 1695 3210 1753 Verbum
3236 1704 3322 1754 est
3348 1697 3588 1768 simplex.
3616 1697 3668 1753 in
3684 1700 3806 1757 verbo

2290 1790 2519 1861 simplex
2546 1798 2684 1856 erat,
2706 1788 2854 1861 quod
2891 1789 3265 1860 multipliciter
3294 1788 3500 1845 factum
3525 1799 3617 1846 est.
3645 1790 3809 1849 Mirabi-

2288 1882 2412 1937 liter
2438 1881 2656 1936 videtur
2684 1882 2741 1936 in
2776 1896 2885 1936 uno
2916 1881 3224 1952 pluralitas,
3257 1881 3313 1935 in
3349 1880 3578 1952 simplici
3609 1884 3803 1955 multipli-

2288 1973 2456 2039 citas;
2491 1970 2705 2027 videtur
2732 1980 2786 2027 et
2808 1986 2917 2027 non
2944 1970 3453 2041 comprehenditur.
3478 1970 3647 2027 Potest
3664 1974 3805 2042 videri,

2287 2066 2475 2137 nequit
2500 2065 2783 2137 explicari,
2809 2064 3085 2137 quomodo
3106 2080 3276 2119 unum
3305 2064 3530 2119 verbum
3554 2065 3805 2138 inscriptum

2288 2160 2357 2215 sit
2388 2160 2645 2215 omnibus
2669 2158 2865 2215 formis
2895 2159 3144 2213 omnium
3175 2174 3390 2226 rerum,
3421 2157 3560 2214 sicut
3582 2160 3689 2214 alibi
3714 2163 3807 2217 scri-

2288 2259 2439 2320 ptum
2467 2258 2549 2305 est
2571 2266 2589 2303 :
2612 2249 2867 2305 Calamus
2903 2248 3094 2303 scriba:
3123 2248 3373 2304 velociter
3396 2249 3654 2304 scribentis
3676 2248 3805 2317 (Pal.

2286 2345 2456 2413 XLIV).
2490 2342 2651 2399 Pater
2690 2353 2776 2399 est
2816 2343 2998 2399 scriba
3037 2343 3132 2416 qui
3162 2343 3334 2399 verbo
3373 2358 3475 2399 suo
3502 2343 3723 2399 velociter
3748 2346 3808 2399 iu-

2286 2434 2475 2487 scribit
2507 2434 2712 2488 omnia.
2755 2432 3027 2490 Veiociter
3073 2433 3283 2499 scribit,
3334 2435 3464 2505 quia
3504 2436 3704 2492 alterum
3729 2451 3806 2491 nos

2284 2534 2531 2580 moratur
2586 2541 2687 2596 pro
2741 2527 2933 2581 altero.
2992 2524 3269 2582 Velociter
3329 2526 3537 2595 scribit,
3578 2528 3698 2599 quia
3725 2528 3807 2584 sint

2283 2632 2437 2671 mora
2472 2615 2681 2683 scribit,
2717 2616 2923 2671 omnia.
2963 2615 3063 2672 Est
3103 2628 3236 2690 ergo
3274 2616 3455 2673 Filius
3489 2616 3598 2685 Dei,
3637 2618 3805 2674 verbum

2284 2706 2569 2777 scriptum.
2608 2704 2713 2760 Sed
2749 2714 2804 2761 et
2844 2720 3047 2777 corpus
3092 2715 3464 2778 assumptum,
3501 2715 3633 2763 recte
3662 2708 3807 2765 dicitur

2283 2797 2571 2868 scriptum.
2620 2795 2775 2853 Sicut
2818 2798 2964 2853 enim
3006 2814 3108 2853 vox
3144 2788 3469 2855 transitoria
3509 2801 3743 2865 scribitur,
3765 2810 3809 2856 ut

2282 2906 2406 2961 qua
2429 2906 2527 2961 per
2558 2907 2617 2947 se
2650 2889 2809 2962 fugit,
2843 2890 3050 2962 scripto
3088 2902 3443 2963 permaneat;
3489 2893 3565 2950 sic
3598 2894 3807 2964 corrupti-

2278 2980 2389 3039 biie
2419 2983 2626 3054 aliquid
2668 2983 2950 3051 scribitur,
2999 3000 3128 3040 cum
3155 2986 3212 3040 in
3244 2986 3615 3057 incorruptam
3645 2986 3804 3051 transit,
3884 2996 3885 3047 1

2279 3076 2503 3148 utquod
2524 3078 2878 3148 corruptione
2898 3078 3284 3134 transitorium
3308 3088 3451 3148 erat,
3481 3082 3664 3151 scripto
3678 3081 3806 3136 incor-

576 3184 704 3228 mur
748 3169 989 3225 maxime
1029 3179 1330 3242 occupatur
1380 3171 1529 3228 circa
1578 3170 1931 3238 sacriﬁcium,
1978 3180 2039 3226 ut
2084 3172 2181 3226 ﬁat
2206 3209 2249 3268 ρ
2283 3167 2555 3237 ruptionis
2584 3178 2923 3239 permaneat.
2959 3167 3053 3225 Sic
3074 3184 3209 3242 ergo
3233 3186 3444 3242 corpus
3469 3170 3655 3228 Christi
3677 3171 3802 3242 quod

574 3261 898 3335 perlectum,
933 3273 986 3321 et
1012 3263 1068 3319 in
1098 3265 1261 3320 aliam
1290 3274 1534 3321 mutetur
1565 3265 1930 3323 substantiam
1957 3265 2179 3320 immor-
2214 3261 2249 3268 '
2282 3261 2408 3316 dam
2445 3262 2711 3332 scriptum
2741 3271 2844 3329 est,
2881 3264 3032 3334 quod
3064 3263 3136 3319 de
3163 3265 3420 3335 passibili
3462 3279 3617 3321 carne
3653 3265 3802 3336 impos

575 3357 741 3413 talem
786 3366 839 3412 et
888 3358 1283 3430 incorruptam.
1319 3357 1496 3425 Quam
1524 3357 1847 3413 oblationem
1874 3366 1931 3413 et
1958 3366 2174 3427 calera,

574 3465 752 3523 usque
778 3468 793 3505 :
818 3449 1313 3525 Acceptabilemque
1347 3452 1521 3523 facere
1554 3452 1811 3524 digneris.
1835 3449 1897 3506 In
1918 3450 2177 3507 omnibus

573 3539 920 3598 benedictam
954 3543 1151 3615 gloria,
1183 3551 1246 3599 ut
1273 3543 1512 3615 gloriosa
1536 3543 1659 3611 ﬁat;
1706 3543 2050 3599 benedictam
2079 3544 2178 3598 im-

573 3634 927 3703 mortalitate,
961 3641 1022 3690 ut
1057 3634 1154 3691 ﬁat
1194 3634 1556 3703 immortalis;
1606 3634 1950 3692 benedictam
1988 3635 2174 3691 incor-

572 3711 845 3799 ruptione,
876 3736 938 3785 ut
978 3727 1297 3798 incorrupta
1326 3726 1449 3795 ﬁat;
1496 3727 1842 3783 benedictam
1867 3726 2171 3796 divinitate,

572 3827 635 3875 at
664 3819 804 3877 Deus
835 3820 948 3875 ﬁat.
997 3819 1221 3876 Transit
1257 3819 1326 3875 ad
1368 3828 1552 3891 partes
1595 3835 1628 3874 a
1664 3826 1815 3886 toto,
1852 3829 1916 3875 ut
1946 3819 2173 3875 univer-

573 3915 705 3970 salis
745 3914 1147 3972 benedictionis
1188 3921 1374 3985 partes
1415 3914 1748 3985 imprecetur
1797 3914 1992 3969 hostia
2018 3955 2031 3980 ,
2081 3912 2172 3969 cui

575 4009 888 4087 universam
911 4008 1348 4065 benedictionem
1379 4006 1558 4062 fuerat
1582 4008 1934 4077 imprecatus,
1965 4014 2023 4063 ut
2042 4023 2170 4063 cum

571 4100 728 4172 prius
757 4101 1003 4173 posuerit
1034 4102 1089 4155 in
1117 4101 1376 4156 omnibus
1398 4098 1741 4155 benedictam
1764 4099 2169 4169 particulariter

571 4193 893 4267 subiungat,
924 4193 1241 4264 ascriptam,
1276 4202 1330 4248 et
1363 4200 1558 4259 ratam,
1596 4200 1649 4247 et
1678 4192 2083 4259 rationabilem,
2114 4200 2170 4249 et

573 4286 984 4358 acceptabilem,
1023 4300 1146 4358 qua
1189 4292 1318 4341 sunt
1363 4292 1546 4355 partes
1581 4284 1911 4339 omnimoda
1940 4282 2166 4339 benedi-

572 4380 789 4436 ctionis.

642 4474 966 4544 Ascriptam.
1014 4471 1232 4528 Scimus
1276 4472 1406 4544 quia
1449 4472 1505 4527 in
1544 4470 1813 4526 Triuitate
1856 4485 1980 4540 qua
2020 4468 2168 4526 Deus

2281 3354 2438 3409 sibile
2468 3353 2674 3410 factum
2707 3364 2792 3410 est
2829 3355 2887 3409 in
2919 3356 3356 3426 resurrectione,
3394 3364 3452 3412 et
3491 3357 3556 3413 de
3583 3370 3701 3427 pane
3720 3364 3799 3411 tero

2277 3461 2414 3503 reno
2440 3447 2683 3519 quotidie
2716 3449 2775 3503 ﬁt
2805 3448 3063 3517 calcatis,
3103 3462 3270 3520 super
3294 3450 3491 3506 altare.
3522 3448 3607 3506 Sic
3630 3464 3734 3521 ergo
3761 3448 3799 3504 in

2276 3537 2519 3604 Christo,
2546 3552 2595 3597 et
2623 3539 2850 3594 verbum
2875 3539 3079 3596 dicitur
3102 3542 3397 3613 scriptum,
3424 3551 3479 3597 et
3494 3540 3798 3613 eorpnsetim

2278 3632 2639 3689 nihilominus
2668 3634 2870 3689 dicitur
2899 3634 3187 3705 scriptum.
3221 3635 3372 3703 Quid
3392 3644 3567 3695 autem
3590 3634 3801 3692 sstascri-

2274 3733 2452 3796 ptum,
2498 3727 2606 3782 nisi
2651 3728 2856 3798 scripto
2905 3728 3218 3799 appositum
3262 3730 3564 3802 scriptum?
3602 3738 3674 3786 est
3707 3742 3796 3799 ergo

2275 3806 2477 3892 corpus
2498 3816 2706 3876 Christi
2733 3835 2845 3875 non
2868 3821 3048 3876 solum
3075 3822 3372 3893 scriptum,
3397 3823 3490 3880 sed
3513 3823 3658 3879 etiam
3674 3820 3796 3878 asoriv

2273 3921 2451 3984 ptum,
2496 3913 2552 3968 id
2600 3924 2682 3970 est
2732 3914 2939 3987 scripto
2989 3915 3303 3987 appositum
3346 3918 3617 3989 scriptum,
3663 3916 3706 3971 id
3738 3922 3796 3969 est

2272 4005 2440 4061 verbo
2472 4020 2672 4076 corpus
2698 4005 3039 4078 adjunctum.
3071 4006 3305 4074 Quando
3330 4008 3501 4081 igitur
3527 4022 3713 4062 oramus
3731 4005 3797 4060 lio-

2272 4099 2437 4155 stiam
2476 4097 2595 4154 ﬁeri
2630 4100 2948 4171 ascriptam,
2993 4100 3126 4171 quid
3171 4101 3323 4156 aliud
3364 4086 3607 4173 optamus
3635 4099 3720 4157 nisi
3752 4106 3794 4152 ut

2273 4204 2394 4261 qua
2429 4190 2610 4245 adhuc
2648 4199 2733 4247 est
2778 4191 2937 4261 panis
2971 4192 3374 4263 corruptibilis,
3416 4194 3510 4249 ﬁat
3555 4191 3793 4250 substantia

2271 4281 2626 4355 incorrupta?
2650 4283 2704 4339 id
2728 4293 2814 4340 est
2849 4284 2919 4340 de
2947 4300 3080 4341 voce
3104 4285 3198 4340 ﬁat
3232 4286 3499 4358 scriptum
3533 4285 3718 4356 scripto,
3755 4280 3792 4335 id

2210 4374 2213 4377 ⁷
2270 4384 2355 4431 est
2386 4375 2573 4454 verbo,
2612 4374 2954 4446 adjunctum.
2996 4375 3107 4433 Fac
3145 4392 3296 4449 ergo,
3337 4376 3579 4445 Domine,
3606 4383 3790 4431 nostram

2271 4468 2605 4524 oblationem
2634 4470 2953 4539 ascriptam,
2993 4469 3049 4525 id
3094 4478 3179 4526 est
3222 4470 3488 4542 scriptum
3530 4471 3701 4541 scripto
3724 4466 3791 4521 ad-

570 4576 676 4633 est,
710 4565 888 4621 Filius
916 4568 985 4621 sit
1013 4566 1262 4637 splendor
1288 4574 1523 4637 paterna
1552 4564 1757 4635 gloriae,
1777 4572 1828 4618 et
1854 4563 2028 4635 ﬁgura
2049 4564 2169 4618 sub-
2198 4582 2244 4638 D
2265 4562 2537 4634 junctum,
2567 4569 2627 4615 ut
2649 4561 2954 4632 pretiosum
2972 4560 3181 4619 Christi
3210 4564 3546 4635 corpus-ﬁat,
3568 4559 3788 4623 verbonei

570 4660 951 4731 stantiw’ejus.
991 4659 1094 4727 Qui
1125 4673 1258 4730 ergo
1302 4660 1475 4730 ﬁgura
1513 4667 1567 4712 et
1610 4657 1793 4727 imago
1838 4663 1923 4713 est
1969 4657 2160 4726 patris,

566 4760 781 4825 patrem
805 4753 1137 4825 imaginatur
1158 4762 1211 4809 et
1228 4751 1498 4823 eiiignrat,
1523 4748 1685 4820 quasi
1708 4748 1988 4818 sculptura
2014 4763 2165 4818 qua-

566 4844 697 4904 dam
725 4847 866 4918 ejus,
912 4847 997 4901 vel
1040 4847 1311 4917 scriptura
1354 4844 1412 4899 in
1453 4858 1564 4913 qua
1592 4848 1750 4912 pater
1776 4840 2060 4911 splendet;
2106 4840 2162 4898 id

564 4947 654 4999 est
694 4940 833 4997 bene
875 4947 1101 5012 apparot
1147 4947 1208 4994 ut
1250 4945 1397 4995 recte
1445 4935 1592 4991 illius
1641 4935 1856 4993 dicatur
1902 4933 2163 5004 splendor

566 5034 706 5106 ejus.
731 5033 827 5089 Est
847 5049 977 5106 ergo
1001 5041 1155 5104 pater
1180 5031 1489 5101 insculptas
1513 5036 1677 5099 atque
1706 5027 2005 5099 inscriptus
2025 5028 2159 5095 ﬁlio,

565 5128 723 5196 cujus
762 5126 934 5197 ﬁgura
980 5126 1125 5181 ﬁlius
1160 5132 1245 5180 est
1282 5132 1336 5179 et
1379 5123 1581 5195 imago,
1626 5129 1688 5177 ut
1736 5120 1884 5176 ﬁlius
1926 5120 1999 5177 sit
2040 5120 2162 5191 ejus

564 5216 853 5286 scriptum,
884 5231 1053 5287 quem
1081 5214 1185 5270 sibi
1215 5215 1379 5272 habet
1408 5214 1756 5285 inscriptum.
1802 5211 1972 5267 Aliter
2013 5210 2161 5268 ﬁlius

558 5306 762 5364 dic.tur
785 5310 1073 5380 scriptum,
1104 5308 1233 5381 quia
1274 5309 1435 5365 habet
1463 5309 1519 5363 in
1555 5322 1614 5363 se
1644 5306 1879 5363 formam
1907 5305 2156 5361 omnium

556 5416 764 5459 rerum.
812 5401 907 5459 Sic
928 5403 1078 5458 enim
1110 5404 1295 5460 omnia
1324 5406 1506 5460 creata
1534 5410 1688 5469 sunt,
1717 5410 1782 5457 ut
1807 5401 1977 5457 divini
2000 5401 2155 5457 verbi

556 5488 753 5552 foima
777 5495 1151 5568 digesserunt;
1188 5511 1292 5552 nec
1321 5496 1477 5552 aliter
1506 5495 1565 5550 in
1590 5493 1887 5550 essentiam
1928 5493 2151 5564 prodieq

557 5595 710 5656 runt,
756 5603 923 5660 quam
960 5589 1020 5644 in
1057 5590 1223 5645 verbo
1270 5603 1490 5644 summo
1541 5587 1737 5643 forma
1781 5587 2147 5645 dictaverunt.

558 5679 678 5739 Non
706 5689 838 5741 sunt
864 5682 939 5739 ibi
965 5683 1114 5739 aliud
1142 5681 1353 5750 forma,
1385 5681 1534 5737 aliud
1562 5680 1745 5751 ipsum
1772 5681 2024 5749 verbum,
2056 5681 2149 5737 ubi

559 5776 696 5831 nihil
730 5784 817 5832 est
842 5777 992 5834 aliud
1034 5785 1090 5833 et
1134 5777 1303 5844 aliud,
1336 5776 1431 5832 sed
1461 5775 1648 5831 omnia
1691 5783 1823 5832 sunt
1859 5776 2097 5847 idipsum
2130 5795 2144 5832 :

2270 4657 2527 4724 adunata,
2565 4663 2621 4711 et
2650 4656 2705 4711 in
2736 4656 2947 4712 unitate
2973 4671 3222 4727 persona
3248 4659 3558 4731 conjuncta.

2340 4749 2553 4804 Ratam.
2596 4747 2797 4805 Ratum
2844 4750 3106 4819 dicimus,
3134 4752 3297 4823 quod
3334 4760 3543 4811 certum
3584 4759 3632 4807 et
3663 4749 3787 4804 dm

2268 4843 2555 4900 habemus.
2594 4841 2714 4898 Fiat
2749 4858 2883 4914 ergo
2916 4852 3069 4909 rata,
3116 4843 3171 4899 id
3200 4853 3285 4901 est
3319 4861 3432 4902 non
3467 4840 3788 4901 mmaaeatiso

2266 4936 2479 4992 stabilis
2508 4946 2562 4992 et
2594 4936 2933 4993 mutabunda
2981 4939 3355 5009 corruptione,
3400 4940 3496 4996 sed
3528 4947 3786 5010 permanat
3876 4976 3877 5010 ξ

2266 5039 2318 5085 et
2348 5030 2455 5084 ﬁxa
2485 5029 2578 5085 iiat
2605 5030 3037 5100 incorruptione,
3072 5038 3131 5086 et
3159 5031 3282 5087 ideo
3308 5042 3477 5088 certa.

2336 5121 2749 5177 Rationabilcm.
2808 5121 3045 5194 Sanguis
3095 5131 3380 5180 taurorum
3430 5133 3521 5181 aut
3550 5122 3780 5179 uitulorum

2262 5226 2376 5267 non
2424 5212 2623 5269 sumcit
2662 5226 2970 5284 expurgare
3014 5228 3120 5270 nos
3156 5230 3189 5270 a
3231 5215 3471 5286 peccatis
3505 5216 3525 5286 (
3540 5212 3682 5269 Hebr.
3718 5206 3779 5276 ι).

2261 5304 2439 5361 Minor
2465 5316 2550 5363 est
2575 5307 2722 5361 enim
2751 5306 2820 5362 ad
2859 5306 3160 5371 hominem.
3199 5307 3308 5364 Pro
3346 5309 3559 5366 homine
3583 5319 3692 5377 ergo
3717 5314 3781 5357 no

2258 5402 2469 5469 tionaii,
2502 5401 2789 5458 rationalis
2823 5402 3002 5457 hostia
3044 5402 3245 5460 subicit
3272 5403 3405 5460 sola.
3443 5403 3558 5459 Fiat
3580 5412 3688 5472 ergo
3707 5408 3779 5450 n0-

2261 5504 2373 5553 stra
2402 5496 2580 5551 hostia
2609 5495 2896 5551 rationalis
2924 5514 2937 5550 :
2969 5495 3240 5568 siquidem
3280 5497 3443 5554 homo
3475 5500 3777 5563 assumptus:

2261 5589 2446 5656 verbo,
2496 5604 2562 5644 ex
2593 5587 2779 5642 anima
2820 5589 3080 5645 rationali
3106 5598 3163 5644 et
3191 5590 3428 5651 humana
3473 5602 3622 5644 carne
3642 5577 3776 5640 subsi-

2258 5683 2371 5737 stit.
2407 5682 2528 5738 Fiat
2551 5682 2733 5738 hostia
2761 5692 2952 5740 nostra
2978 5684 3289 5753 rationalis,
3328 5692 3386 5741 ut
3433 5681 3679 5739 hominem
3706 5685 3773 5774 γε·
3872 5724 3873 5769 1

2255 5790 2378 5833 rum
2414 5790 2517 5846 pro
2551 5775 2869 5832 hominibus
2905 5775 3231 5844 oﬂeramus,
3282 5784 3337 5833 et
3365 5776 3422 5837 in
3456 5771 3616 5830 hostia
3646 5771 3773 5853 κους
3872 5784 3873 5855 i

560 5875 622 5927 ut
647 5869 903 5930 quamvis
940 5868 1247 5930 formarum
1286 5868 1581 5930 diversitas
1618 5868 2034 5937 intelligibiﬁter
2050 5869 2146 5941 ,ω
2255 5869 2369 5926 nali
2401 5868 2549 5929 Deus
2574 5869 2900 5942 propitiatur
2934 5870 3272 5931 hominibus.
3314 5870 3434 5931 Fiat
3471 5857 3767 5929 rationm

3866 6244 3871 6335 i
