3960 6316
86 312 229 375 1061

1132 281 1533 362 mimum
1569 302 1639 362 nt
1668 301 2027 364 morsu.
2062 303 2317 365 mssa.

3241 311 3391 381 Μ

83 434 151 485 ut
176 404 481 489 eieramus
519 396 935 481 rationabiliter.
976 418 1112 479 Nam
1141 417 1241 493 qui
1283 415 1446 477 oﬁ‘ert
1488 388 1676 480 emen-

1855 421 1933 479 Ac
1955 422 2133 493 fregit.
2159 420 2205 478 Ο
2232 421 2583 491 miraculum.
2613 386 2973 495 {musellam
2990 422 3134 491 inter
3155 426 3382 513 digitos,

84 520 213 577 dari
248 534 359 574 non
395 517 648 584 studens,
688 515 844 571 oﬁ‘ert
878 514 1343 570 irrationabiliter.
1386 514 1492 582 Qui
1527 515 1687 573 oﬁ'ert

84 613 303 673 habens
328 626 422 675 eor
450 609 820 682 imptenitens,
846 608 1292 665 irrationabiliter
1321 607 1510 675 ol'l'ert;
1543 608 1687 665 sicut

80 704 226 767 Cain
257 714 405 765 recte
433 704 654 778 quidem
686 702 941 770 oﬁ‘erens,
974 702 1070 759 sed
1096 717 1208 761 non
1236 710 1383 759 recte
1410 700 1679 759 dividens.

79 794 259 859 Recte
288 796 510 869 quidem
538 796 735 855 obtulit
761 794 894 863 Deo,
921 796 1017 853 sed
1043 812 1155 855 non
1176 802 1323 852 recte
1349 795 1555 863 divisit,
1587 797 1683 867 qui

77 888 375 945 emendari
404 905 514 945 non
543 889 772 945 studuit.
803 885 959 944 Unde
988 889 1257 959 scriptum
1282 897 1367 945 est
1392 908 1405 943 :
1430 887 1513 942 Ad
1544 886 1683 947 Cain

74 991 129 1038 et
153 982 230 1039 ad
247 999 467 1039 munera
486 982 601 1053 ejus
632 999 736 1039 non
775 983 1004 1054 respexit
1034 981 1186 1053 (Gen.
1223 983 1319 1052 tv).
1350 980 1488 1038 Nam
1516 998 1678 1054 quem

74 1075 234 1133 Deus
264 1093 377 1134 non
423 1078 596 1144 novit,
637 1092 739 1134 nec
783 1076 1113 1135 oblationem
1159 1076 1279 1146 ejus
1326 1076 1520 1145 recipit
1554 1091 1681 1146 pes.-

72 1170 216 1231 simi
250 1185 491 1240 namque
517 1169 720 1237 hostia,
764 1168 1160 1227 irrationabilis
1204 1175 1309 1235 est,
1358 1168 1501 1225 sicut
1544 1168 1684 1225 scri—

66 1269 242 1332 ptum
292 1268 414 1317 est:
443 1260 547 1327 Qui
575 1277 679 1314 non
717 1260 923 1314 audivit
969 1259 1152 1331 legem,
1204 1261 1379 1315 oratio
1420 1259 1535 1329 ejus
1577 1260 1683 1315 erit

65 1353 429 1421 exsecrabilis
473 1352 655 1428 (Prov.
713 1356 937 1425 xxvm).
988 1352 1111 1411 Fiat
1160 1368 1292 1426 ergo
1338 1354 1682 1412 rationabilis

64 1445 293 1515 hostia,
325 1455 385 1509 ut
417 1445 816 1507 rationabiliter
859 1461 984 1505 eam
1025 1461 1149 1503 eum
1182 1446 1381 1507 timore
1409 1455 1465 1503 et
1502 1446 1683 1517 paeni-

64 1538 255 1607 tentia
286 1535 602 1601 oﬁ‘eramus.
630 1533 727 1595 Vel
757 1535 854 1599 ﬁat
889 1535 1233 1597 rationabilis
1262 1535 1460 1603 hostia,
1509 1535 1566 1592 id
1597 1544 1684 1601 est

62 1645 182 1701 pro
215 1629 533 1693 rationabili
562 1636 618 1687 et
650 1637 799 1689 recta
827 1629 911 1686 vel
951 1630 1181 1686 honesta
1218 1643 1405 1685 causa.
1456 1626 1513 1685 Si
1555 1629 1681 1700 quis

58 1707 231 1779 enim
262 1722 476 1790 oﬁ‘erat,
514 1730 576 1781 ut
616 1736 741 1792 quae
768 1718 918 1779 furto
956 1720 1138 1797 ablata
1179 1727 1311 1779 sunt
1348 1719 1676 1789 reinvenire,

63 1832 177 1873 seu
214 1816 431 1873 hostem
462 1815 709 1877 occidere
734 1856 748 1883 ,
785 1814 872 1875 vel
916 1796 1165 1885 rapinam
1208 1822 1545 1885 perpetrare,
1578 1828 1680 1875 seu
1710 1796 1758 1856 Β

64 1926 345 1977 nummos
377 1919 473 1967 aut
502 1909 734 1982 gratiam
766 1907 1054 1978 acquirere
1088 1907 1285 1975 valeat,
1329 1906 1676 1969 rationabilis

61 2020 193 2061 non
234 2004 439 2061 dicitur
480 2002 744 2061 oﬁ‘erendi
785 2017 975 2069 causa,
1015 2000 1140 2059 ideo
1177 2015 1282 2057 nec
1321 1997 1679 2071 acceptabilis

61 2107 161 2159 est
203 2098 333 2155 talis
358 2097 559 2175 hostia.
604 2095 793 2157 Hostia
821 2110 955 2166 ergo
983 2101 1174 2157 nostra
1211 2100 1268 2151 et
1308 2092 1507 2150 merito
1540 2092 1677 2153 oﬂ'e~

61 2192 347 2259 rentium,
373 2200 428 2255 et
454 2189 722 2259 oﬁerendi
751 2204 921 2251 causa
950 2188 1045 2253 ﬁat
1070 2186 1435 2252 rationabilis,
1465 2194 1528 2244 ut
1550 2201 1680 2251 cono

62 2293 375 2357 sequenter
398 2285 495 2341 ﬁat
525 2284 693 2343 etiam
721 2281 1095 2354 acceptabilis.

141 2376 561 2451 Acceptabilem.
607 2375 729 2434 Non
771 2384 952 2448 potest
991 2390 1104 2431 non
1139 2389 1262 2435 esse
1301 2373 1675 2446 aceeptabilis,

55 2456 207 2547 quae
240 2472 552 2543 superiores
578 2479 689 2541 tres
716 2468 1184 2543 speciesrespicit
1210 2467 1539 2531 omnimodae
1580 2467 1678 2523 be-

64 2565 432 2628 nedictionis.
461 2562 582 2623 Non
606 2571 790 2636 potest
816 2562 989 2623 Deum
1009 2562 1193 2625 odisse
1214 2560 1377 2621 Deus.
1411 2559 1520 2619 Sed
1545 2560 1675 2633 quia

65 2658 321 2713 charitas
348 2665 424 2711 est
460 2656 602 2713 Deus
638 2655 731 2729 (ΙΙ
759 2654 922 2711 Joan.
957 2656 1056 2728 tv),
1099 2655 1276 2727 diligit
1301 2654 1477 2711 Deum
1504 2653 1673 2721 Deus,

62 2761 125 2809 et
164 2751 522 2822 acceptabilis
559 2759 644 2809 est
682 2748 796 2809 Deo
832 2749 1014 2809 hostia
1051 2764 1175 2819 quae
1216 2747 1362 2805 Deus
1393 2756 1498 2804 est.
1530 2747 1676 2815 Quid

63 2858 214 2917 ergo
260 2859 487 2905 oramus
537 2842 661 2903 ﬁeri.
699 2840 1109 2913 acceptabilem,
1165 2856 1286 2911 quas
1338 2856 1450 2895 non
1496 2846 1677 2909 potest

62 2939 405 3011 displicere?
425 2935 561 2997 Nam
586 2952 712 3008 quae
736 2933 1086 3006 aceeptabilis
1107 2940 1191 2990 est
1208 2948 1305 3003 per
1321 2947 1400 2999 se,
1424 2931 1677 3001 displicet

60 3052 181 3108 pro
204 3033 483 3093 oﬁ'erente.
508 3031 616 3089 Pro
640 3029 902 3089 offerente
930 3025 1230 3098 respuitur,
1253 3040 1377 3095 qua:
1403 3032 1675 3094 quantum

61 3142 180 3189 sua
218 3123 385 3183 refert
419 3130 752 3195 aceeptatur.
796 3120 1124 3193 Acceptatur
1153 3132 1257 3189 pro
1284 3118 1512 3185 sanctis,
1561 3133 1676 3175 non

1791 514 1990 570 sedens
2024 514 2320 571 incolumis
2346 514 2489 572 inter
2525 514 2846 587 discipulos.
2891 515 3025 581 Erat
3056 518 3287 593 integer,
3324 527 3385 584 es

1788 607 2135 665 dividebatur
2164 608 2222 663 in
2247 616 2468 685 partes;
2503 609 2561 667 in
2587 610 2844 673 manibus
2867 611 3089 673 tenebat
3114 614 3382 688 seipsum.

1787 708 1844 756 et
1890 700 1957 755 de
2007 701 2262 757 manibus
2309 701 2595 774 discipulis
2634 719 2693 759 se
2729 705 3042 777 porrigebat
3082 707 3379 777 edendum.

1786 789 1903 850 Hoc
1931 792 2183 867 signabat
2211 793 2409 864 David,
2439 796 2534 869 qui
2555 798 2857 861 secundum
2884 800 3048 869 aliam
3070 802 3385 867 translatio-

1788 901 1912 942 nem
1951 904 2131 942 coram
2169 886 2331 944 Achis
2359 906 2474 963 rege
2503 891 2561 946 in
2590 892 2701 951 suis
2732 893 2976 953 manibus
3004 895 3270 963 ferebatur
3312 880 3381 969 (Ι

1784 976 1913 1053 Reg.
1946 977 2084 1051 xxx).
2124 977 2217 1036 Sic
2250 996 2353 1041 nos
2386 983 2629 1053 quotidie
2656 982 2939 1053 Christum
2968 985 3027 1042 in
3055 987 3215 1047 altari
3248 1004 3379 1045 con-

1788 1072 2080 1143 sumimus,
2114 1083 2167 1129 et
2192 1084 2509 1149 permanet;
2543 1078 2964 1149 manducamus,
2998 1087 3053 1135 et
3086 1081 3248 1149 vivit;
3294 1089 3381 1138 at-

1788 1166 2017 1222 terimus
2032 1167 2308 1236 dentibus,
2330 1176 2385 1225 et
2399 1169 2608 1251 integer
2625 1179 2728 1228 est.
2759 1170 3154 1235 Consumimus
3174 1181 3379 1249 autem,

1785 1259 2184 1317 manducamus
2223 1269 2278 1318 et
2313 1263 2601 1329 atterimus
2641 1279 2751 1321 non
2791 1274 3006 1325 tantum
3042 1266 3246 1339 specie,
3279 1265 3377 1334 sed

1784 1360 1841 1409 et
1865 1369 1954 1421 re;
1990 1370 2102 1411 non
2131 1354 2311 1413 solum
2342 1354 2542 1426 forma,
2566 1357 2670 1436 sed
2698 1366 2753 1414 et
2780 1358 3107 1417 substantia.
3147 1357 3216 1415 Et
3240 1361 3385 1441 miro

1785 1447 1951 1527 modo
1972 1448 2320 1505 consumitur
2342 1465 2691 1521 permanens,
2719 1452 2972 1508 atteritur
3003 1451 3380 1526 incorruptus,

1784 1537 2135 1596 distribuitur
2187 1540 2479 1610 indivisus,
2529 1528 2689 1599 sicut
2724 1552 2850 1615 post
2899 1544 3382 1613 resurrectionem,

1784 1631 2118 1704 palpandum
2164 1633 2397 1703 prmbuit
2436 1633 2723 1709 spirituale
2762 1650 2984 1709 corpus.
3029 1636 3169 1693 Cum
3218 1638 3387 1713 simili

1786 1724 2172 1781 contrarietate
2206 1740 2315 1781 non
2345 1726 2417 1781 sit
2463 1726 2733 1807 palpabile
2769 1728 2917 1800 quod
2956 1728 3240 1805 spirituale
3280 1740 3383 1799 est,

1785 1834 1888 1877 nec
1915 1817 1988 1874 sit
2015 1818 2300 1889 spirituale
2329 1817 2477 1889 quod
2505 1820 2578 1875 sit
2600 1820 2892 1892 palpabile.
2926 1818 2987 1876 In
3024 1822 3205 1892 specie
3232 1822 3381 1878 enim

1785 1919 1840 1967 et
1874 1926 2070 1983 sapore
2098 1911 2258 1982 panis
2286 1919 2341 1967 et
2363 1912 2479 1967 vini
2506 1913 2909 1969 manducamus
2941 1922 2995 1970 et
3024 1913 3266 1970 bibimus
3294 1915 3382 1986 ip-

1786 2021 1905 2062 sam
1936 2006 2299 2062 substantiam
2331 2006 2579 2078 corporis
2618 2014 2673 2062 et
2703 2007 3010 2085 sanguinis,
3043 2008 3147 2065 sub
3177 2008 3384 2064 eisdem

1784 2099 2142 2171 qualitatibus
2189 2108 2398 2156 mutata
2445 2101 2794 2156 substantia:
2824 2109 2904 2156 'ut
2948 2100 3052 2156 sub
3102 2099 3277 2174 ﬁgura
3329 2109 3385 2157 et

1784 2207 1983 2263 sapore
2015 2191 2338 2248 substantiae
2370 2190 2595 2269 prioris,
2635 2190 2777 2248 facta
2808 2191 2879 2247 sit
2909 2207 3036 2248 vera
3075 2191 3384 2249 substantia

1784 2280 1992 2339 Christi
2020 2283 2268 2356 corporis
2296 2292 2349 2339 et
2381 2284 2686 2361 sanguinis.

1857 2377 2016 2434 Dedit
2051 2378 2360 2453 discipulis,
2406 2389 2535 2451 etc.,
2567 2396 2741 2453 usque
2771 2397 2958 2454 corpus
2992 2398 3186 2438 meum.
3230 2379 3385 2439 Patet

1785 2473 1932 2545 quod
1969 2474 2391 2546 panis'accepta
2434 2475 2812 2533 benedictione
2851 2474 3030 2533 factus
3071 2477 3141 2534 sit
3179 2492 3381 2548 corpus

1784 2564 2012 2623 Christi.
2042 2565 2161 2623 Non
2185 2567 2333 2623 enim
2364 2575 2489 2641 post
2510 2567 2945 2626 benedictionem
2975 2569 3240 2626 dixisset:
3268 2567 3384 2627 Hoc

1784 2668 1868 2715 est
1899 2676 2100 2732 corpus
2132 2677 2338 2731 meum,
2372 2661 2480 2720 nisi
2508 2661 2565 2719 in
2598 2662 2977 2729 benedictione
3001 2665 3156 2721 ﬁeret
3178 2680 3382 2738 corpus

1786 2768 1948 2809 suum
1977 2752 2075 2826 (2).
2148 2772 2153 2776 ·

1858 2844 2040 2903 Simili
2071 2847 2224 2902 modo
2253 2855 2535 2920 postquam
2565 2857 2826 2904 comatum
2860 2857 2958 2918 est,
3012 2838 3275 2917 accipiens
3328 2858 3381 2913 et

1786 2939 1922 2993 hunc
1954 2938 2271 3013 praeclarum
2301 2937 2539 2994 calicem.
2578 2938 2635 2995 Si
2670 2939 2924 2997 Christus
2952 2940 3253 3015 accepisset
3282 2957 3379 2997 ea~

1784 3033 1949 3088 licent
1982 3048 2173 3098 omnm,
2203 3032 2405 3087 dicitur
2431 3032 2579 3089 hunc
2608 3034 2906 3104 accepisse.
2943 3031 3099 3091 Unus
3128 3050 3261 3106 ergo
3291 3050 3384 3090 ca—

1786 3124 1864 3179 lix
1888 3133 1972 3185 est
1999 3124 2087 3180 hic
2118 3132 2171 3179 et
2200 3122 2309 3180 ille.
2338 3121 2457 3179 Nisi
2487 3124 2633 3179 enim
2680 3141 2825 3181 unus
2862 3125 2953 3195 sit,
2989 3126 3097 3182 dici
3143 3141 3254 3182 non
3281 3142 3382 3198 po-

59 3224 400 3289 aeceptatur
431 3216 624 3275 eadem
676 3216 797 3287 ipsa
843 3229 948 3287 pro
996 3206 1203 3285 impiis.
1254 3209 1383 3267 Pios
1429 3210 1675 3282 adjuvat,
1705 3202 1754 3266 ο
1783 3225 1891 3273 test
1929 3217 1986 3273 in
2022 3217 2113 3272 illo
2162 3216 2313 3273 hunc
2358 3216 2655 3293 accepisse.
2710 3215 2809 3272 Est
2844 3233 2975 3290 ergo
3022 3234 3167 3273 unus
3208 3208 3375 3274 etiam

60 3312 286 3384 impios
313 3312 555 3371 damnat.
588 3309 704 3369 Piis
735 3308 956 3381 prodest
983 3307 1054 3367 ad
1082 3306 1336 3374 salutem,
1372 3312 1536 3365 nocet
1564 3305 1673 3361 im-

60 3407 187 3479 piis
218 3404 290 3463 ad
317 3403 746 3465 damnationem.

147 3498 226 3555 Ut
265 3498 414 3555 nobis
456 3514 646 3568 corpus
682 3505 733 3553 et
762 3496 979 3567 sanguis
1019 3496 1119 3566 ﬁat
1156 3492 1494 3555 dilactissimi
1537 3490 1677 3555 Filii

59 3594 153 3657 tui
210 3592 428 3648 Domini
469 3592 638 3651 nostri
678 3588 809 3657 Iesu
848 3588 1070 3646 Christi.
1120 3587 1390 3649 Posuerat
1438 3603 1570 3659 ergo
1615 3588 1676 3644 in

57 3685 341 3749 omnibus
375 3683 715 3743 benedictam
740 3723 757 3750 ,
794 3680 1078 3751 subiunxit
1128 3688 1367 3751 quatuor
1415 3679 1627 3750 species
1657 3698 1671 3734 :

55 3780 414 3850 Ascriptam,
442 3787 642 3844 ratam,
676 3775 1083 3842 rationabilem,
1116 3774 1525 3845 aceeptabilem.
1568 3771 1675 3835 Sed

54 3875 199 3929 haec
227 3870 411 3926 omnia
443 3870 629 3927 clausa
656 3877 832 3935 erant,
868 3867 1053 3921 minus
1086 3867 1546 3938 intelligehantur,
1578 3866 1677 3923 mi-

53 3983 189 4029 nus
216 3965 507 4036 patebant;
541 3963 756 4034 aperuit
784 3960 1013 4028 ostium,
1046 3960 1303 4030 patefecit
1331 3969 1528 4027 totum,
1562 3959 1673 4015 sei-

53 4060 211 4113 licet
246 4063 311 4115 ut
351 4054 509 4113 nobis
553 4052 649 4111 ﬁat
690 4067 889 4122 corpus
934 4059 990 4106 et
1038 4048 1265 4120 sanguis
1302 4046 1528 4104 Christi.
1574 4047 1679 4105 Hic

53 4157 260 4215 totum
302 4144 623 4217 completur,
646 4142 738 4201 hic
766 4148 941 4199 totum
985 4139 1289 4211 perﬁcitur,
1324 4147 1386 4194 ut
1423 4138 1519 4195 ﬁat
1551 4153 1677 4207 eota

53 4258 185 4318 pus
220 4248 278 4305 et
303 4239 526 4311 sanguis
552 4236 758 4293 Christi
789 4242 1021 4290 tantum.
1069 4230 1259 4291 Solum
1302 4230 1505 4288 Christi
1551 4247 1676 4287 cor-

53 4352 187 4410 pus
235 4342 293 4397 et
320 4331 547 4405 sanguis
591 4338 678 4387 est
723 4327 905 4393 hostia
954 4328 1012 4385 in
1062 4326 1321 4383 omnibus
1365 4325 1673 4391 benedicta.

53 4427 341 4499 ascripta,
362 4433 503 4495 rata,
527 4422 892 4490 rationabilis,
921 4419 1398 4493 acceptabilisque.
1432 4415 1499 4474 Ut
1526 4418 1674 4473 nobis

1783 3309 2006 3381 quando
2036 3308 2091 3363 in
2119 3308 2279 3363 altari
2310 3308 2567 3364 manibus
2599 3308 2866 3381 accipitur
2902 3316 2966 3366 ut
2996 3309 3376 3381 benedicatur,

1782 3407 1837 3455 et
1866 3400 2063 3455 nedum
2097 3400 2320 3474 sanguis
2348 3406 2450 3469 est,
2479 3400 2573 3456 sed
2605 3408 2689 3456 est
2716 3400 2898 3457 adhuc
2922 3400 3134 3472 vinum,
3158 3410 3381 3475 propter

1781 3491 2049 3546 unitatem
2075 3488 2222 3558 ﬁdei,
2254 3497 2309 3546 et
2334 3489 2481 3546 illius
2508 3490 2618 3559 cui,
2648 3498 2701 3547 et
2725 3492 2778 3547 in
2815 3492 2974 3565 cujus
3006 3493 3217 3550 honore
3246 3494 3380 3553 ﬁde-

1781 3584 1907 3642 liter
1941 3584 2188 3640 ollertur.
2212 3581 2295 3638 Ea
2330 3583 2476 3638 enim
2508 3582 2613 3640 ﬁde
2646 3584 2890 3659 quotidie
2918 3586 3185 3659 accipitur
3213 3587 3381 3643 bene-

1782 3668 2067 3746 dicendus,
2111 3686 2174 3733 ut
2214 3676 2379 3733 modo
2403 3677 2498 3734 ﬁat
2525 3677 2674 3750 quod
2709 3687 2841 3737 tunc
2873 3678 3095 3736 futurus
3129 3688 3265 3737 erat.
3312 3679 3382 3738 Et

1782 3772 1911 3843 quia
1937 3771 2054 3827 hzec
2081 3769 2215 3826 ﬁdes
2243 3786 2354 3825 una
2380 3779 2465 3826 est
2496 3770 2551 3828 in
2588 3778 2703 3828 tota
2732 3769 2999 3842 Ecclesia,
3030 3781 3084 3829 et
3111 3772 3202 3829 ille
3230 3790 3377 3831 unus

1783 3866 1873 3921 cui
1910 3874 2041 3920 tunc
2080 3871 2135 3918 et
2165 3864 2328 3919 modo
2372 3863 2628 3932 offertur;
2661 3864 2783 3919 ideo
2826 3872 2880 3919 et
2912 3864 3053 3921 calix
3080 3879 3205 3921 cum
3232 3865 3379 3923 acci—

1781 3956 1950 4028 pitur,
1999 3954 2165 4009 etiam
2211 3955 2279 4010 ad
2317 3954 2502 4010 divina
2532 3954 2695 4010 verba
2753 3962 2839 4010 est
2889 3971 3067 4022 unus;
3129 3956 3272 4013 sicut
3324 3965 3380 4014 et

1782 4047 2030 4103 omnium
2059 4046 2416 4101 ecclesiarum
2440 4047 2612 4103 altare
2631 4046 2832 4103 dicitur
2856 4063 3052 4117 unum,
3076 4048 3207 4120 quia
3233 4049 3289 4104 in
3310 4063 3379 4106 eo

1782 4139 2085 4195 secundum
2128 4153 2295 4193 unam
2340 4138 2533 4207 ﬁdem,
2582 4154 2754 4194 unum
2806 4137 3079 4196 Dominici
3129 4140 3377 4212 corporis

1782 4228 2010 4283 oﬁ‘ertur
2036 4228 2282 4299 quotidie
2313 4228 2667 4285 sacriﬁcium.

1852 4323 2207 4380 Praeclarum.
2248 4322 2579 4380 Prmelarum
2608 4324 2741 4381 dicit
2784 4324 3012 4382 calicem
3031 4325 3213 4382 adhuc
3239 4325 3373 4395 vini,

1780 4432 1957 4487 usque
1997 4418 2129 4473 dum
2169 4416 2355 4473 statim
2404 4416 2497 4473 ﬁet
2541 4418 2869 4488 praclarus,
2899 4418 3121 4489 quando
3149 4417 3377 4490 sanguis

55 4536 272 4592 corpus
306 4526 355 4579 et
398 4516 617 4588 sanguis
653 4516 770 4585 fiat.
816 4511 1104 4585 Signanter
1141 4511 1325 4584 posuit
1359 4509 1574 4583 (nobis),
1620 4510 1676 4565 id
1709 4576 1752 4592 ﬁ
1779 4510 1905 4577 erit,
1941 4509 2084 4566 sicut
2108 4509 2376 4581 scriptum
2401 4517 2487 4566 est
2515 4529 2528 4566 :
2557 4508 2718 4567 Calix
2746 4528 2891 4567 meus
2916 4512 3185 4567 inebrians
3213 4528 3375 4583 quam

55 4622 159 4672 est
190 4610 475 4671 catholica:
507 4606 634 4669 ﬁdei
677 4605 1004 4661 cultoribus.
1044 4602 1214 4661 Nobis
1248 4603 1480 4659 exclusit
1517 4620 1678 4679 paga-

55 4723 204 4777 nos,
226 4703 468 4777 exclusit
489 4699 730 4769 Judzeos,
748 4696 982 4757 exclusit
998 4697 1305 4757 haereticos.
1334 4695 1502 4755 Nobis
1531 4713 1675 4753 eom-

55 4798 514 4873 municantibus,
541 4793 869 4855 memoriam
900 4799 1217 4849 sanctorum
1261 4792 1669 4851 venerantibus.

1779 4603 2069 4675 ρνιεειανιιε
2104 4612 2181 4663 est
2235 4601 2410 4675 (Psal.
2440 4604 2603 4674 nu).
2660 4602 2754 4659 Vel
2796 4603 2867 4660 ad
2904 4604 3375 4676 comparationem
3420 4684 3425 4691 1

1779 4697 1899 4768 eius
1928 4713 2094 4767 quem
2123 4696 2319 4755 obtulit
2348 4695 2745 4755 Melchisedech
2767 4738 2782 4765 ,
2822 4705 2877 4753 et
2912 4703 3241 4763 cancrorum
3269 4696 3376 4755 Ve?

1777 4790 1912 4853 teris
1944 4788 2299 4856 Testamenti,
2336 4791 2421 4846 vel
2449 4800 2672 4861 propter
2718 4790 3036 4862 praclarum
3071 4790 3221 4851 illius
3251 4809 3372 4851 ma-

57 4895 199 4952 .N’on
227 4899 316 4950 est
338 4890 488 4947 enim
513 4887 672 4945 locus
699 4886 814 4943 veri
842 4883 1123 4952 sacriﬁcii,
1160 4891 1315 4959 extra
1344 4884 1673 4945 catholicam
1771 4884 2050 4956 jestatem,
2081 4883 2171 4941 cui
2203 4882 2447 4941 oll‘ertur.
2492 4881 2650 4949 Unde
2678 4892 2734 4941 et
2762 4884 2821 4940 in
2848 4885 3208 4957 sequentibus
3236 4885 3365 4942 dici-

140 5083 259 5153 Qui
289 5079 461 5154 pridie
487 5092 649 5152 quam
675 5079 966 5150 pateretur,
996 5085 1171 5143 usque
1201 5086 1389 5135 manus
1415 5086 1561 5125 suas.

137 5174 372 5246 Accepit
404 5187 618 5245 panem,
661 5167 841 5246 adhuc
882 5179 1102 5243 panem,
1148 5162 1394 5225 nondum
1425 5177 1669 5219 carnem.

139 5270 221 5327 Et
265 5267 484 5327 elevatis
516 5263 685 5343 oculis
715 5262 773 5321 in
815 5258 1005 5335 cretum
1044 5258 1115 5313 ad
1150 5265 1198 5317 te
1238 5255 1409 5333 Deum
1451 5255 1674 5313 Patrem

59 5365 488 5435 amnipotean
514 5359 614 5417 tibi
641 5357 844 5429 gratias
867 5368 1028 5426 agens
1058 5350 1342 5413 benedixit.
1368 5349 1671 5417 Benedixit,

59 5475 244 5525 mum
286 5470 487 5527 corpus
532 5452 678 5515 fecit.
727 5449 830 5518 Qui
874 5448 1029 5520 prius
1058 5455 1176 5507 erat
1217 5445 1395 5517 panis,
1443 5444 1670 5503 benedi-

61 5555 264 5613 rtione
302 5548 481 5606 factus
522 5554 607 5604 est
649 5559 799 5600 caro.
835 5540 997 5596 Modo
1024 5555 1174 5609 caro,
1200 5540 1314 5611 jam
1346 5555 1455 5595 non
1490 5538 1667 5610 panis.

149 5689 234 5761 (2)
270 5684 400 5761 Non
433 5685 581 5761 enim
616 5683 777 5761 panis
818 5680 1447 5761 transubstantiatur'in
1474 5696 1673 5751 corpus

61 5750 312 5826 3hristi,
350 5759 456 5816 nisi
480 5750 683 5815 virtu—te
713 5756 931 5813 illorum
957 5751 1250 5811 verberum
1272 5750 1423 5826 :_Hoc
1448 5762 1525 5826 est
1555 5750 1672 5826 cor-

63 5823 176 5895 rus
222 5823 424 5901 meum,
461 5846 563 5889 nec
600 5838 728 5889 ante
765 5837 851 5886 est
887 5840 1091 5899 corpus
1122 5840 1219 5901 per
1252 5824 1418 5889 ullam
1448 5823 1674 5883 benedi-

1799 4991 1888 5037 ιιι·⁹
1936 4972 2231 5035 Oﬁ‘crimus
2283 4975 2559 5047 praeclara:
2604 4975 2881 5048 maiestati
2928 4985 3061 5045 tua.
3112 4976 3367 5033 Calicem.

1775 5066 2143 5139 Μθεέιριιοῐὶθθ
2166 5068 2225 5129 id
2251 5068 2399 5140 quod
2409 5069 2763 5142 continetpro
2776 5087 2843 5131 eo
2867 5070 3016 5143 quod
3036 5068 3369 5138 continetur.

1777 5162 1835 5223 id
1857 5171 1943 5225 est
1968 5179 2068 5223 vas
2095 5179 2196 5235 pro
2223 5163 2438 5235 liquore
2460 5164 2576 5225 vini
2602 5173 2659 5223 et
2684 5181 2861 5238 aquai.

1849 5255 1919 5319 In
1936 5266 2172 5327 sanctas,
2195 5266 2325 5326 etc.,
2353 5274 2529 5330 usque
2544 5259 2835 5328 benedixit,
2859 5260 2915 5317 id
2937 5266 3023 5317 est
3040 5258 3368 5330 sanguinem

1778 5367 1941 5419 suum
1982 5350 2130 5410 fecit.
2173 5351 2335 5411 Dedit
2369 5353 2825 5426 discipulishetc”
2868 5367 3048 5425 usque
3089 5355 3369 5426 sanguinis
3400 5401 3423 5409 ς

1781 5449 1904 5518 mei,
1930 5447 2272 5511 intransitive
2299 5448 2505 5509 dictum
2543 5458 2655 5518 est;
2687 5457 2856 5509 etest
2893 5450 3197 5509 secundum
3234 5449 3372 5523 ﬁgu-

1780 5557 1898 5598 ram
1928 5559 2090 5600 casus
2117 5558 2218 5615 pro
2247 5557 2401 5599 casu.
2432 5539 2589 5598 Calix
2620 5540 2905 5614 sanguinis
2945 5542 3078 5613 mei,
3116 5558 3181 5599 ac
3210 5541 3258 5598 si
3284 5541 3369 5598 di-

1778 5680 2037 5746 ctionem,
2086 5697 2250 5751 quam
2292 5650 2644 5751 proferantur
2689 5678 2785 5751 illa
2821 5679 3011 5747 verba,
3061 5695 3186 5751 quas
3233 5694 3374 5751 sane

1778 5760 1906 5811 sunt
1934 5749 2221 5809 efﬁcaciter
2246 5749 2554 5823 operatoria
2578 5749 3201 5823 transubstautiationis.
3232 5749 3374 5821 Vide

1778 5824 1839 5886 Β.
1872 5824 2093 5895 Thom.,
2123 5841 2185 5881 ιιι
2217 5822 2357 5899 νίς.
2395 5823 2482 5893 78,
2513 5837 2565 5879 a.
2594 5822 2650 5887 4.
