3960 6316
599 249 742 309 i063

1777 236 1838 292 Β.
1879 235 2132 293 onoms
2165 235 2427 290 causa.
2467 235 2686 291 EPISC.
3657 250 3745 313 ,η

587 339 736 425 ceret
761 407 778 433 ,
830 363 974 421 calix
1023 360 1233 420 scilicet
1277 358 1502 431 sanguis
1549 371 1724 412 meus.
1779 351 2039 410 Similiter
2086 353 2178 410 hic
2206 359 2253 419 Α
2280 351 2348 407 Ει
2377 367 2448 408 ne
2485 351 2588 408 sub
2613 351 2702 407 his
2727 350 3006 424 mysteriis
3025 349 3144 410 hac
3166 354 3418 412 memoria
3440 355 3751 432 relugiatuo.

588 464 737 529 patet
772 455 919 527 quod
967 451 1345 509 benedictione
1390 447 1554 504 fuerit
1601 445 1780 502 factus
1807 446 2054 516 sanguis.
2095 443 2178 501 Ad

590 548 1026 607 benedictionem
1068 546 1215 603 enim
1258 542 1600 616 praemissam
1648 539 1928 597 subdidit:
1957 537 2054 594 llic
2097 546 2181 594 est

589 642 732 700 calix
759 641 1045 713 sanguinis
1075 639 1204 697 mei.

665 755 800 814 Novi
821 765 872 811 et
901 756 1085 811 aeterni
1120 753 1438 809 testamenti.
1489 749 1701 806 Novum
1725 749 1872 806 enim
1899 748 2180 822 Evangelii

588 857 978 906 testamentum
1003 848 1058 903 in
1080 856 1347 903 aeternum
1371 844 1720 902 conﬁrmavit
1743 844 2008 916 sanguine
2034 859 2182 898 mor-

589 943 660 999 tis
683 958 816 1000 suae.
851 940 943 997 Sic
967 940 1240 997 Abraham
1285 939 1483 996 oblatis
1525 929 1719 995 ovibus
1741 947 1796 992 et
1830 938 2026 1004 bobus,
2053 953 2179 992 cum

588 1035 927 1103 Abimelech,
959 1043 1015 1090 et
1042 1034 1231 1090 Phicol
1259 1033 1506 1105 principe
1531 1032 1741 1088 militia:
1778 1032 2050 1102 percussit
2079 1029 2181 1086 foe-

590 1129 716 1196 dus,
744 1128 796 1182 id
827 1137 910 1184 est
939 1143 1068 1182 oves
1092 1137 1143 1182 et
1165 1127 1335 1182 boves
1365 1125 1640 1197 percussit
1666 1125 1723 1180 in
1755 1122 1954 1190 foedus,
1981 1133 2040 1179 ut
2062 1139 2185 1179 san-

590 1222 754 1295 guine
779 1221 1099 1276 animalium
1117 1229 1171 1275 et
1199 1227 1377 1274 morte
1395 1217 1576 1273 foedus
1594 1213 2176 1287 conﬁrmaretur(Gen.

590 1314 730 1385 xxx).
762 1312 828 1368 Et
849 1312 1019 1368 Jacob
1062 1312 1279 1386 fugiens
1329 1313 1385 1367 in
1429 1310 1656 1377 Galaad,
1689 1309 1832 1364 facto
1868 1309 2182 1380 juramento

590 1403 718 1459 cum
767 1404 1038 1459 avunculo
1072 1419 1176 1461 suo
1222 1402 1434 1470 Laban,
1472 1401 1776 1456 immolavit
1808 1401 2082 1469 victimas,
2124 1409 2185 1456 ut

593 1495 862 1567 sanguine
889 1495 1236 1551 victimarum
1265 1493 1446 1550 foedus
1481 1493 1782 1566 jnramcnti
1830 1493 2184 1548 conﬁrmare-

590 1598 682 1646 tur
711 1587 864 1661 (Cen.
891 1587 1151 1660 xxxi)._Et
1174 1587 1409 1660 Moyses,
1431 1585 1864 1646 utconﬁrmaret
1883 1595 2181 1642 testamen-

590 1690 707 1736 tum
729 1681 876 1752 quod
901 1681 1109 1752 accepit
1130 1681 1185 1734 in
1208 1679 1363 1747 Sina,
1394 1662 1632 1736 victimae
1653 1679 1974 1750 sanguinem
2001 1695 2184 1750 asper-

590 1775 662 1832 sit
707 1775 968 1848 hyssopo,
1021 1774 1077 1828 in
1128 1783 1306 1830 totum
1340 1772 1624 1846 populum,
1663 1781 1716 1830 et
1766 1771 2179 1828 tabernaculum

592 1863 749 1939 (Heb.
781 1884 864 1935 rx;
896 1866 1070 1922 Exod.
1097 1866 1268 1936 xxrv).

665 1982 979 2054 Mysterium
1011 1982 1138 2053 ﬁdei
1169 1981 1406 2054 pertinet
1430 1981 1500 2037 ad
1521 1980 1682 2058 ﬁdem
1706 1981 2036 2038 catholicam
2057 1997 2180 2038 cre-

589 2077 717 2133 dere
744 2084 867 2147 post
895 2076 1332 2132 benedictionem
1357 2090 1479 2132 esse
1510 2090 1700 2131 verum
1728 2076 2074 2147 sanguinem,
2122 2084 2183 2131 ut

591 2168 825 2224 inﬁdelis
853 2169 923 2224 sit
951 2169 1047 2240 qui
1073 2168 1179 2225 hoc
1207 2183 1319 2224 non
1345 2167 1656 2226 crediderit.
1687 2167 1826 2251 Item
1843 2169 2045 2224 dicitur
2065 2185 2183 2241 my-

591 2259 820 2315 sterium
848 2251 995 2330 quod
1039 2259 1393 2318 sensibilibus
1441 2260 1645 2333 tegitur
1692 2261 1998 2329 occultum,
2038 2262 2186 2319 sicut

589 2352 791 2407 veritas
821 2351 1106 2424 sanguinis
1131 2352 1186 2406 in
1219 2367 1414 2424 sapore
1438 2353 1553 2408 vini
1574 2353 1707 2409 latet
1728 2362 1782 2409 et
1803 2355 2004 2425 specie.
2026 2353 2184 2410 Calix

589 2458 721 2516 ergo
746 2442 937 2500 altaris
963 2451 1048 2499 est
1078 2443 1400 2515 mysterium
1423 2443 1571 2511 ﬁdei,
1605 2445 1737 2516 quia
1787 2446 1892 2501 sub
1927 2446 2102 2518 ﬁgura
2130 2455 2187 2502 et

589 2551 787 2608 sapore
834 2536 950 2592 vini
996 2537 1247 2593 occultus
1294 2537 1537 2593 creditur
1583 2553 1749 2594 verus
1784 2539 2031 2611 sanguis.
2087 2537 2187 2596 Est

589 2629 912 2702 mysterium
947 2629 1094 2697 ﬁdei,
1151 2629 1284 2702 quia
1338 2630 1487 2700 quod
1535 2630 1778 2685 creditur
1829 2631 2186 2702 sensibilibus

590 2723 922 2794 quibusdam
967 2723 1266 2795 obtegitur.
1317 2721 1454 2778 Nam
1483 2739 1648 2780 verus
1683 2725 1911 2796 sanguis
1948 2723 2216 2782 creditur

592 2816 739 2887 quod
764 2816 954 2872 vinum
982 2816 1106 2871 visu
1139 2815 1376 2872 sentitur
1401 2824 1456 2888 et
1483 2825 1668 2888 gustu.
1706 2816 1804 2872 Est
1833 2816 1959 2873 fidei
1985 2827 2188 2891 myste-

591 2908 760 2977 rium,
790 2909 921 2981 quia
949 2909 1098 2980 quod
1120 2908 1256 2964 ﬁdes
1285 2909 1460 2966 credit
1486 2909 1636 2967 intus
1660 2918 1747 2974 est
1771 2911 2073 2968 occultum.
2099 2910 2189 2966 ln-

591 3010 682 3058 tus
710 3009 795 3057 est
830 3017 993 3058 verus
1023 3003 1248 3074 sanguis
1273 3017 1401 3058 vera
1431 3002 1557 3070 ﬁde,
1589 3004 1832 3061 exterius
1869 3013 1954 3060 est
1985 3003 2187 3061 falsum

592 3095 778 3150 vinum
806 3111 932 3151 vera
963 3097 1163 3167 specie.
1199 3096 1446 3152 Sentitur
1473 3096 1663 3153 vinum
1693 3105 1748 3154 et
1777 3113 1888 3154 non
1919 3109 2020 3155 est.
2060 3097 2182 3156 Non
2210 3106 2253 3164 C

591 3196 814 3258 apparet
858 3187 1107 3258 sanguis,
1147 3195 1324 3244 etest.
1357 3185 1568 3244 Sensus
1597 3188 1868 3260 decipitur
1897 3191 2183 3262 qualitate,

591 3289 740 3334 certa
773 3288 990 3335 tenetur
1016 3281 1151 3337 ﬁdes
1173 3280 1252 3335 rei
1282 3281 1530 3337 veritate.
1573 3280 1809 3353 Ideoque
1837 3284 2062 3355 sanguis
2102 3285 2188 3341 di-

593 3375 738 3432 citur
767 3373 890 3428 ﬁdei
935 3373 1280 3445 mysterium,
1323 3374 1454 3446 quia
1479 3374 1804 3445 sanguinem
1845 3375 1980 3433 ﬁdes
2014 3377 2190 3433 credit

594 3466 744 3522 intus
770 3467 1070 3523 occultum.
1113 3466 1378 3537 Apertum
1403 3476 1489 3523 est
1519 3467 1668 3538 quod
1705 3469 1960 3535 sentitur,
1997 3471 2186 3525 occul-

594 3567 712 3629 tum
736 3568 818 3616 est
846 3561 992 3632 quod
1020 3560 1280 3617 creditur.
1310 3558 1377 3614 Et
1405 3559 1452 3616 si
1487 3559 1621 3631 quid
1641 3555 1918 3616 occultum
1953 3569 2042 3617 est
2083 3561 2189 3619 ﬁde

595 3654 722 3711 ﬁdei
743 3663 848 3724 est,
896 3655 1058 3712 sicuti
1105 3654 1252 3726 quod
1302 3662 1448 3726 patet
1495 3661 1581 3710 est
1631 3670 1849 3711 sensus.
1913 3654 2012 3712 Est
2058 3671 2189 3730 ergo

595 3749 822 3821 sanguis
844 3749 1166 3822 mysterium
1198 3747 1344 3817 ﬁdei,
1371 3747 1642 3820 siquidem
1671 3749 1920 3806 occultus
1953 3749 2191 3820 pertinet

595 3843 666 3905 ad
689 3843 871 3900 ﬁdem.

671 3956 778 4024 Qui
797 3974 892 4030 pro
917 3957 1062 4012 vobis
1095 3965 1146 4012 et
1175 3956 1360 4012 multis
1396 3957 1698 4027 eﬂ'undetur
1728 3958 1785 4012 in
1831 3959 2190 4022 remissionem

599 4059 958 4122 peccatorum.
1014 4047 1122 4105 Pro
1174 4049 1351 4116 vobis,
1397 4049 1606 4106 scilicet
1653 4049 2042 4122 praesentibus;
2091 4069 2192 4124 pro

597 4141 807 4208 multis,
835 4155 1077 4213 paganos
1101 4148 1157 4196 et
1176 4138 1393 4197 Judaeos
1427 4139 1712 4210 discernit,
1743 4152 1798 4198 et
1827 4141 1998 4199 falsos
2024 4143 2189 4200 Chri-

599 4235 830 4290 stianos.

672 4346 804 4404 Haec
828 4347 1236 4420 quatiescunque
1261 4346 1517 4417 feceritis,
1540 4348 1596 4401 in
1632 4349 1733 4403 mei
1770 4351 2081 4404 memoriam
2108 4351 2194 4422 [a-

2280 446 2385 512 bis,
2413 445 2712 516 subiungit.

2356 537 2504 594 Unde
2531 547 2580 593 et
2605 554 2879 606 memores,
2907 538 3158 606 Domine,
3183 555 3272 594 nos
3296 544 3421 598 servi
3445 546 3531 612 tui,
3555 546 3676 607 idest
3694 560 3754 627 qui
3838 542 3839 592 l

2282 632 2587 688 secundum
2611 631 2743 687 cleri
2779 631 2983 703 gradus
3015 640 3285 702 acceptos,
3313 632 3472 689 oﬁicio
3492 636 3624 707 hujus
3639 647 3754 701 sacri.

2281 726 2390 782 ﬁcii
2415 725 2776 810 deservimus,
2801 724 2887 780 vel
2902 724 3226 796 (secundum
3250 726 3757 808 solitarios)hicinpra-

2282 820 2424 877 senti
2454 820 2862 876 ministramus.

2353 910 2458 968 Sed
2479 921 2529 968 et
2550 912 2696 984 plebs
2731 921 2825 968 tua
2845 921 3033 967 sancta
3062 927 3184 984 qua:
3205 929 3304 984 pro
3339 918 3639 976 veneratione
3653 923 3757 994 huius

2283 1006 2538 1063 sacriﬁcii
2583 1007 2675 1063 hic
2725 1015 2810 1063 est
2857 1007 2912 1062 in
2954 1005 3212 1078 praesenti
3241 1008 3426 1064 devote
3464 1012 3673 1078 collecta;
3709 1033 3763 1089 νει

2285 1099 2610 1170 (secundum
2667 1098 2968 1170 solitarios)
3019 1098 3076 1154 in
3112 1097 3319 1155 unitate
3341 1097 3570 1159 Ecclesiae
3610 1103 3762 1161 ﬁdeliter

2285 1191 2487 1262 ubique
2511 1191 2834 1247 viventium.

2358 1285 2617 1356 Ejusdem
2663 1283 2869 1341 Christi
2898 1284 3055 1351 Filii,
3103 1293 3159 1340 et
3185 1291 3397 1353 caetera,
3425 1302 3576 1359 usque
3598 1290 3708 1346 donis
3727 1309 3764 1349 ac

2285 1380 2451 1435 datis.
2487 1377 2704 1434 Donum
2733 1386 2818 1435 est
2856 1378 2924 1434 ad
2969 1377 3235 1447 dandum,
3284 1377 3488 1436 etiarnsi
3524 1397 3614 1436 non
3651 1384 3764 1452 detur,

2285 1482 2558 1544 paratum.
2584 1470 2802 1526 Donum
2831 1479 2934 1539 est,
2966 1472 3113 1544 quod
3141 1472 3259 1527 dari
3284 1482 3470 1544 potest.
3498 1473 3655 1532 Datum
3670 1493 3766 1544 vero,

2285 1565 2435 1638 quod
2477 1565 2533 1620 in
2559 1565 2788 1621 alterius
2828 1566 3239 1636 possessionem
3270 1575 3354 1622 est
3389 1567 3495 1637 jam
3519 1569 3766 1634 translatum,

2286 1656 2434 1730 quod
2461 1657 2527 1712 de
2548 1655 2912 1728 possibilitate
2931 1655 3046 1727 jam
3071 1655 3276 1727 prodiit
3302 1657 3367 1712 ad
3381 1660 3685 1730 actum,quod
3697 1661 3767 1731 jam

2285 1751 2616 1823 possidetur.
2648 1749 2866 1821 Corpus
2879 1766 3010 1821 ergo
3038 1757 3094 1805 et
3123 1750 3548 1823 sanguisChristi
3571 1755 3767 1808 suntdona

2287 1862 2317 1901 a
2347 1844 2461 1899 Deo
2509 1845 2672 1902 nobis
2719 1852 2932 1915 parata.
2981 1841 3136 1898 Dona
3165 1853 3316 1912 sunt,
3345 1860 3462 1915 quae
3504 1845 3668 1899 utiliter
3697 1845 3768 1900 dari

2284 1944 2538 2006 possunt.
2572 1933 2727 1990 Dona
2758 1942 2890 1991 sunt
2917 1949 3066 2002 vera,
3113 1935 3210 1990 sed
3252 1935 3308 1989 in
3351 1935 3484 1991 cmlo
3511 1936 3711 1992 collocata
3738 1939 3768 1989 in

2284 2027 2528 2084 Christo.
2559 2025 2692 2084 Data
2723 2043 2876 2096 vero,
2905 2028 3132 2099 quando
3160 2029 3301 2084 ﬁunt
3334 2029 3488 2084 nobis
3528 2031 3584 2084 de
3604 2040 3768 2085 creatura

2285 2123 2444 2195 panis
2473 2132 2526 2178 et
2549 2123 2695 2190 vini;
2724 2123 2853 2178 data
2877 2122 3101 2193 quando
3123 2123 3398 2179 sumimus
3429 2124 3480 2178 in
3498 2124 3646 2191 altari,
3661 2140 3770 2194 quan-

2286 2215 2357 2271 do
2387 2214 2666 2270 reﬁcimur
2698 2215 2824 2272 inde
2855 2216 3205 2272 sensualiter.
3247 2217 3420 2284 Dona,
3455 2217 3504 2270 in
3526 2217 3662 2282 ccelo;
3681 2217 3770 2282 dtu,

2287 2308 2345 2364 in
2373 2317 2540 2363 terra.
2586 2307 2762 2377 Dona,
2786 2308 2931 2380 apud
2965 2307 3139 2365 Deum
3171 2309 3230 2364 in
3257 2309 3502 2376 Christo;
3530 2310 3648 2376 data,
3671 2325 3771 2380 super

2287 2401 2460 2458 altare
2489 2403 2548 2457 in
2574 2410 2942 2457 sacramento.
2970 2399 3144 2468 Dona,
3173 2401 3232 2456 in
3258 2402 3399 2458 caelo
3421 2401 3551 2458 nuda
3573 2411 3616 2456 et
3629 2409 3771 2472 aperta;

2287 2493 2436 2560 data,
2468 2493 2524 2548 in
2569 2489 2751 2560 altari,
2779 2499 2923 2548 tecta
2966 2491 3326 2550 sensibilibus
3367 2500 3421 2549 et
3445 2492 3669 2548 occultata
3695 2499 3774 2547 :tt-

2289 2599 2414 2639 men
2437 2582 2528 2638 hic
2551 2589 2606 2638 et
2630 2580 2726 2652 ibi,
2759 2597 2825 2639 ea
2857 2597 3009 2639 vera.

2363 2676 2616 2732 Hostiam
2637 2693 2851 2748 puram.
2889 2677 3066 2733 Antea
3090 2677 3297 2735 veteris
3326 2677 3457 2752 legis
3476 2679 3639 2734 hostia:
3656 2677 3703 2733 de
3730 2675 3775 2731 ir-

2288 2770 2653 2826 rationalibus
2683 2769 3017 2827 animalibus
3049 2771 3306 2829 carnales
3345 2781 3508 2839 erant,
3530 2769 3776 2842 squaloribu

2289 2857 2568 2934 spurcitiae
2593 2863 2932 2930 carnalibus,
2981 2863 3382 2938 nidoribusque
3415 2865 3586 2937 plenae,
3625 2872 3665 2918 et
3693 2862 3778 2916 dca-

2290 2955 2790 3012 tium'contritione
2812 2957 2870 3011 in
2893 2955 3056 3014 faeces
3087 2966 3143 3013 et
3179 2966 3426 3014 stercora
3469 2958 3674 3013 redacta.
3700 2953 3778 3008 ila:

2290 3059 2475 3105 autem
2502 3050 2681 3106 hostia
2705 3067 2844 3122 pura
2865 3058 2969 3118 est,
2998 3051 3148 3122 quia,
3179 3051 3438 3123 quamvis
3467 3066 3582 3108 caro
3619 3065 3712 3105 vera
3739 3050 3780 3103 sit

2289 3153 2345 3200 et
2367 3145 2613 3217 sanguis,
2646 3153 2831 3201 tamen
2873 3145 3174 3216 spiritualis
3205 3154 3296 3202 est
3320 3155 3374 3202 et
3422 3146 3686 3214 incorrupta
3717 3141 3778 3210 (ὅ).

2289 3238 2586 3307 Dividitur,
2629 3247 2684 3295 et
2725 3240 2980 3295 consumi
3016 3255 3126 3296 non
3162 3249 3366 3312 potest.
3415 3239 3720 3299 Consumitur,
3750 3241 3782 3288 et

2291 3332 2610 3404 incorrupta
2633 3341 2836 3389 manet.
2865 3331 3105 3400 Teritur,
3153 3341 3208 3388 et
3247 3342 3335 3389 est
3357 3334 3531 3389 illaesa.
3564 3327 3780 3398 Frangitur.

2289 3434 2346 3482 et
2364 3426 2575 3498 integra
2595 3435 2698 3483 est.
2737 3425 2866 3483 Haec
2886 3427 3068 3484 hostia
3097 3443 3231 3483 caro
3261 3437 3366 3496 est,
3387 3444 3489 3483 non
3517 3419 3783 3486 carnalis,scd

2293 3519 2724 3576 incontaminata
2753 3521 2869 3589 lux,
2899 3528 2954 3577 et
2982 3521 3105 3576 ideo
3133 3536 3296 3591 pura.
3333 3520 3537 3591 Corpus
3561 3526 3644 3583 est,
3658 3527 3696 3571 et
3713 3527 3780 3568 non

2292 3611 2617 3685 corporalis,
2650 3613 2746 3670 sed
2775 3611 3062 3682 spirituale
3082 3612 3292 3680 lumen,
3326 3620 3383 3667 et
3409 3611 3522 3668 ideo
3545 3623 3671 3681 pura.
3695 3603 3783 3658 Pun

2291 3705 2586 3774 mundatis,
2611 3722 2750 3778 pura
2775 3704 3108 3777 puriﬁcans;
3139 3720 3306 3776 pura,
3330 3705 3457 3776 quia
3475 3703 3648 3768 divina,
3661 3696 3783 3769 pariat

2292 3799 2416 3857 luce
2443 3816 2732 3873 corporea.

2292 3886 2302 3894 ’
2370 3893 2621 3949 Hostiam
2666 3903 2928 3949 sanctam.
2980 3892 3182 3950 Hostiae
3218 3902 3435 3950 veteres
3464 3898 3603 3948 erant
3638 3883 3784 3959 quidm

2295 3998 2518 4056 sanctaz,
2548 3989 2642 4045 sed
2673 4005 2782 4044 non
2805 4004 2904 4058 per
2933 4004 2992 4044 se
3020 3997 3244 4056 sanctae,
3285 3987 3382 4044 sed
3409 3987 3530 4058 quia
3558 3994 3703 4060 typum
3727 3991 3784 4049 ge-

2295 4081 2490 4138 rebant
2513 4082 2680 4153 hujus
2711 4081 2906 4138 hostiae
2932 4091 3180 4138 sacratae.
3209 4081 3326 4138 ιιιω
3349 4079 3647 4152 imperfecta:
3671 4078 3784 4135 eral»

2294 4183 2349 4232 et
2376 4175 2501 4230 ideo
2539 4175 2724 4231 minus
2754 4183 2987 4243 sanctae;
3037 4175 3142 4232 ista
3191 4175 3455 4247 perfecta,
3499 4183 3548 4230 et
3573 4167 3787 4239 ideopleﬂ

2297 4279 2507 4326 sancta.
2545 4269 2656 4325 Illae
2685 4269 3038 4325 dimittebant
3066 4279 3357 4340 peccatum
3384 4270 3568 4335 unius;
3599 4265 3681 4320 ista
3700 4257 3787 4314 tum!

2297 4375 2523 4438 peccata
2549 4365 2719 4422 totius
2742 4365 2953 4421 mundi.
3003 4363 3061 4419 ln
3087 4365 3194 4422 illis
3219 4373 3432 4422 tantum
3458 4371 3568 4421 erat
3591 4355 3784 4416 remissio;

599 4443 770 4498 cietis.
793 4439 929 4497 Nam
963 4441 1083 4498 sine
1108 4441 1211 4497 hac
1233 4441 1501 4496 memoria
1519 4456 1630 4497 non
1653 4441 1980 4500 conﬁcimus
2004 4443 2192 4500 Domi-
2221 4467 2275 4528 Β
2301 4463 2357 4517 in
2380 4462 2484 4518 hac
2507 4470 2690 4516 autem
2713 4468 2800 4516 est
2818 4459 3056 4532 pretium
3081 4459 3304 4531 plenum
3331 4467 3387 4514 ει
3415 4457 3627 4530 perfecta
3648 4449 3785 4507 [deﬂ-

599 4537 709 4592 nici
735 4536 984 4608 corporis
1008 4543 1064 4590 et
1087 4534 1371 4608 sanguinis
1401 4545 1766 4592 sacramenta.
1817 4535 1966 4593 Tolle
2025 4539 2190 4595 verba

598 4628 825 4698 Christi,
855 4644 967 4685 non
988 4628 1126 4684 ﬁunt
1149 4637 1492 4685 sacramenta
1514 4625 1739 4685 Christi.
1766 4627 1862 4685 Vis
1892 4629 2009 4685 ﬁeri
2029 4628 2191 4686 Chri-

601 4723 671 4780 sti
693 4738 896 4794 corpus
921 4731 977 4778 et
1009 4722 1354 4794 sanguinem,
1387 4736 1599 4793 appone
1621 4720 1827 4778 Christi
1853 4738 2184 4782 sermonem.

599 4815 754 4873 Facit
809 4829 992 4871 sermo
1043 4812 1304 4870 Veritatis
1349 4812 1500 4886 quod
1547 4813 1679 4870 dicit
1706 4832 1720 4869 :
1750 4813 1893 4880 Quia
1916 4817 2028 4886 ipse
2051 4817 2191 4874 dixit

597 4918 648 4966 et
677 4910 825 4981 facta
879 4917 1023 4976 sunt,
1084 4908 1194 4979 ipse
1233 4906 1507 4962 mandavit
1546 4915 1597 4962 et
1619 4917 1799 4963 creata
1837 4919 1961 4964 sunt
2011 4909 2187 4982 (Psal.

599 5009 813 5080 xum).
839 5005 972 5063 Siue
996 5006 1164 5062 dubio
1181 5005 1243 5061 ﬁt
1265 5005 1322 5061 in
1348 5015 1599 5063 creatura
1620 5005 1766 5078 quod
1778 5004 1983 5062 Christi
2010 5019 2191 5062 sermo

599 5101 733 5159 dicit
761 5103 829 5158 de
854 5109 1126 5158 creatura.
1157 5099 1371 5156 Etenim
1401 5101 1751 5172 omnipotens
1804 5114 1987 5156 sermo
2036 5109 2190 5169 tuus,

600 5210 636 5252 ο
671 5195 915 5254 Genitor.
955 5193 1044 5250 Fit
1071 5209 1202 5267 ergo
1235 5209 1489 5251 sermone
1505 5193 1712 5250 Christi
1739 5208 1939 5264 corpus
1982 5201 2036 5249 et
2061 5207 2192 5250 san-

601 5291 724 5362 guis
775 5288 1002 5346 Christi.
1049 5287 1185 5357 Qum
1210 5287 1426 5360 quoties
1473 5288 1640 5345 verbo
1670 5289 1877 5359 potenti
1897 5288 2190 5362 sumimus,

601 5392 836 5442 mortem
849 5383 1088 5454 Domini,
1101 5383 1277 5440 donec
1290 5383 1494 5451 veniat,
1509 5399 1881 5440 memoramus
1893 5383 1946 5457 (1
1959 5383 2084 5441 Cor.
2103 5383 2190 5456 ιι).

675 5542 752 5616 ('5)
774 5542 940 5616 Quod
971 5542 1047 5598 ait
1074 5540 1212 5611 Odo,
1251 5543 1880 5616 hostiamieucharistize
1917 5559 2028 5599 non
2072 5559 2196 5601 esse

602 5615 880 5698 εατιιριειιι
900 5616 1387 5698 αξιιςοοιῑρρνξιεηξν
1420 5615 1920 5698 εεά.ενὲ.¹;ίιυ³¹εη¹ν
1949 5630 2061 5698 n29
2100 5631 2197 5698 re:

605 5682 876 5755 gat“‘vere
908 5693 964 5742 et
1011 5682 1248 5744 realiter‘
1283 5682 1487 5744 adesse
1529 5682 1710 5742 in'illa
1753 5701 1940 5742 veram
1989 5682 2198 5743 Christi

606 5771 854 5825 carnem,
906 5757 1002 5816 sed
1039 5757 1294 5832 intelligit
1353 5773 1466 5818 non
1515 5774 1639 5818 esse
1684 5758 2050 5840 corporalem,
2092 5758 2231 5840 hoc_

2296 4555 2430 4626 ptio.
2468 4553 2578 4611 Illa:
2600 4553 2967 4625 impetrabant
2992 4552 3210 4610 veniam
3245 4552 3415 4608 debiti
3443 4551 3552 4608 sine
3585 4542 3784 4604 solution

2297 4647 2416 4703 haec
2467 4645 2648 4703 reddit
2686 4645 2954 4712 debitum,
3000 4644 3162 4716 plena
3205 4640 3688 4714 reeompensationc.
3709 4630 3785 4686 ideo

2297 4740 2415 4796 haec
2434 4739 2591 4812 plene
2621 4747 2677 4794 et
2698 4735 2935 4809 perfecte
2957 4746 3173 4805 sancta,
3195 4736 3304 4792 illae
3330 4745 3542 4802 sanctae,
3565 4729 3644 4788 sed
3669 4726 3786 4782 nini!

2297 4840 2352 4889 et
2380 4830 2718 4902 imperfecte.

2371 4925 2623 4983 Hostiam
2643 4923 3069 4981 immaculatum.
3115 4923 3174 4980 ld
3201 4932 3287 4980 est
3319 4923 3441 4980 sine
3485 4917 3616 4978 omni
3645 4906 3783 4970 manili

2296 5021 2501 5092 culpa);
2557 5027 2746 5092 utpote
2799 5027 3062 5091 concepta
3111 5028 3166 5075 et
3211 5027 3340 5074 nata
3396 5017 3511 5073 sine
3550 5007 3783 5084 ρεεαιουα

2297 5115 2493 5171 deinde
2523 5113 2641 5169 sine
2664 5113 2824 5185 culpa
2847 5113 2987 5168 vixit
3011 5112 3069 5168 in
3094 5112 3321 5180 mundo,
3356 5111 3478 5168 ideo
3512 5099 3780 5164 intimabit

2298 5203 2436 5260 Nata
2464 5204 2684 5276 quidem
2713 5211 2796 5260 est
2825 5203 2893 5260 de
2924 5204 3168 5280 humana
3213 5219 3399 5270 carne,
3428 5201 3517 5258 sed
3544 5201 3642 5256 sine

2298 5297 2449 5354 tione
2475 5275 2882 5369 propagationis
2905 5277 3181 5366 humanae,
3215 5295 3336 5351 ideo
3371 5289 3689 5350 immaculata.
3723 5275 3780 5332 Εδι

2300 5391 2422 5450 sine
2450 5389 2570 5445 viro
2603 5389 2671 5445 de
2693 5397 2883 5446 sancta
2909 5386 3132 5460 Virgine
3153 5395 3434 5459 concepta,
3469 5385 3578 5441 ideo
3593 5382 3778 5436 imM°

2293 5554 2389 5620 est
2406 5561 2513 5600 non
2556 5546 2674 5601 solo
2716 5545 2988 5620 corporali
3011 5555 3064 5602 et
3093 5555 3316 5620 externo
3352 5533 3775 5620 ritu__itnm0hfjj‘

2295 5617 2536 5695 reliquas
2554 5611 3074 5695 carnales-hostias,
3109 5619 3203 5695 sed
3247 5618 3425 5695 inesse
3455 5614 3524 5668 illi
3543 5611 3773 5695 vita}:

2295 5682 2501 5744 tualem
2530 5700 2584 5744 et
2606 5689 2850 5744 divinam
2879 5705 2981 5746 nec
3000 5682 3299 5748 sacrificari
3323 5700 3518 5759 corpus
3540 5682 3696 5739 Christi
3713 5682 3772 5721 α·

2299 5769 2453 5822 terna
2475 5761 2656 5837 specie
2677 5760 2888 5834 carnis,-
2909 5769 3020 5830 εις.
3201 5781 3204 5784 ·
3595 5770 3600 5772 ’
