3960 6316
158 340 293 403 i065

1163 332 1554 406 EXPOSITIO
1591 343 1661 409 ΙΝ
1693 345 2025 411 CANONEM
2064 347 2318 410 MISSAE.

3269 354 3418 413 loco
3485 306 3514 441 ἰ

148 463 276 520 lata.
310 459 408 520 Est
429 471 692 536 concepta
722 463 840 521 sine
868 459 1108 523 humano
1152 477 1345 538 opere,
1376 464 1495 523 sola
1528 466 1730 525 virtute
1757 471 1805 529 A
1830 468 2092 539 respicias
2111 477 2167 524 et
2208 475 2429 539 accepta
2454 466 2683 535 habeas,
2707 464 2830 526 ideo
2871 465 3004 541 quia
3052 476 3304 527 sanetum
3329 487 3422 531 διο
3506 522 3509 523 ν

145 555 349 624 divina,
384 554 506 613 ideo
547 556 921 614 immaculata.
960 556 1080 614 Non
1110 560 1263 615 enim
1303 569 1483 630 potest
1517 560 1734 617 initium

142 648 347 708 habere
371 650 642 723 culpabile
670 667 810 724 opus
851 652 999 724 quod
1027 653 1179 709 solus
1206 652 1351 709 Deus
1368 653 1501 710 fecit
1533 663 1589 711 et
1623 670 1735 711 non

139 742 306 810 alius,
336 742 459 800 ideo
484 744 857 802 immaculata.
902 744 1152 802 Hominis
1170 745 1320 802 enim
1348 745 1589 812 initium,
1636 746 1734 817 qui

135 834 260 891 sine
278 836 520 892 humana
542 837 1039 906 administratione,
1052 838 1172 894 solo
1196 837 1309 893 Deo
1330 845 1555 895 auctore
1572 853 1733 895 crea-

136 934 231 983 tus
259 936 346 983 est
391 928 677 999 (quamvis
699 930 767 986 de
812 945 999 986 massa
1046 930 1370 1001 peccatrice)
1403 945 1515 986 non
1542 944 1736 1002 possu-

134 1033 266 1075 mus
294 1018 537 1090 culpare,
570 1020 676 1076 nisi
712 1019 825 1076 Deo
848 1028 1131 1092 peccatum
1166 1021 1398 1077 velimus
1431 1020 1729 1088 ascribere,

133 1111 263 1169 ideo
290 1111 662 1168 immaculata.
697 1111 904 1169 Tamen
939 1114 1007 1170 de
1048 1129 1185 1184 pura
1210 1113 1281 1169 ab
1320 1113 1470 1169 omni
1508 1120 1732 1184 peccato

130 1204 375 1278 virgine,
402 1205 645 1261 creditur
686 1213 987 1277 conceptus
1012 1215 1068 1262 et
1095 1213 1278 1273 natus,
1305 1204 1429 1261 ideo
1464 1204 1732 1261 immacu-

130 1298 269 1355 lata.
320 1296 399 1355 Es
453 1315 565 1371 quo
617 1300 766 1356 enim
805 1302 1050 1373 angelica
1094 1302 1425 1359 salutatione
1465 1302 1676 1358 audivit
1713 1316 1726 1357 :

128 1390 331 1445 Gratia
351 1390 507 1463 plena
544 1390 700 1464 (Luc.
727 1393 791 1464 l),
828 1394 1076 1450 creditur
1103 1394 1393 1465 purificata
1432 1393 1539 1449 ﬁde
1564 1394 1729 1450 etiam

119 1482 409 1556 reliquum
440 1484 587 1553 vitae,
614 1485 845 1542 custode
875 1485 1083 1558 Spiritu
1110 1496 1322 1555 sancto,
1381 1486 1585 1543 vixisse
1609 1487 1730 1544 sine

122 1576 290 1631 omni
316 1577 474 1648 culpa
497 1578 597 1649 (4).
621 1577 707 1634 Ah
730 1578 1082 1635 immaculata
1104 1594 1238 1652 ergo
1263 1588 1483 1651 sumpta
1503 1588 1590 1636 est
1613 1580 1731 1636 haec

121 1670 337 1738 hostia,
369 1670 492 1727 ideo
514 1679 570 1726 et
616 1671 733 1743 ipsa
760 1671 1131 1728 immaculata.
1165 1670 1233 1726 Et
1257 1671 1362 1729 hoc
1390 1672 1512 1728 loco
1539 1671 1731 1727 admo-

121 1780 332 1821 nemur
358 1764 504 1837 quod
531 1765 692 1836 panis
722 1765 1003 1837 appositus
1024 1765 1183 1821 altari
1205 1766 1365 1821 debet
1384 1780 1507 1822 esse
1534 1764 1722 1821 candi-

121 1858 420 1927 dissimus,
450 1865 507 1915 .et
536 1858 591 1913 in
621 1872 732 1929 quo
779 1858 927 1913 nulla
963 1858 1139 1929 possit
1164 1855 1362 1929 inspici
1391 1858 1628 1925 macula,
1671 1865 1732 1913 ut

122 1952 238 2008 hoc
256 1958 517 2023 appareat
534 1950 590 2005 in
603 1950 775 2022 ﬁgura
799 1949 947 2022 quod
963 1950 1292 2021 pmdicatur
1308 1947 1377 2005 de
1397 1948 1728 2017 substantia,

123 2050 194 2097 nt
218 2057 359 2114 pura
388 2048 445 2095 et
468 2039 821 2096 immaculata
850 2040 1101 2096 videatur
1134 2038 1379 2096 exterius
1407 2038 1601 2111 ﬁgura,
1632 2054 1731 2095 cu-

117 2136 221 2208 jus
276 2133 581 2191 substantia
628 2133 832 2190 dicitur
887 2134 1116 2190 interius
1171 2148 1311 2205 pura
1348 2141 1413 2189 et
1460 2132 1731 2188 immacu-

127 2228 269 2282 lata.

207 2318 412 2374 Panem
436 2320 559 2375 vita
587 2327 821 2376 (sternte.
850 2317 991 2375 Cum
1028 2333 1225 2390 panem
1261 2318 1441 2385 audis,
1476 2333 1545 2373 ne
1571 2326 1731 2388 putes

122 2426 256 2468 esse
300 2410 395 2482 qui
441 2410 623 2466 fuerat
654 2419 782 2466 ante
825 2409 1282 2477 benedictionem,
1323 2424 1391 2465 ne
1434 2408 1729 2479 decipiaris

1816 560 2109 617 ‘crilicium
2133 569 2265 617 sunt
2289 570 2343 616 et
2378 560 2728 617 immaculata
2755 561 2956 630 hostia,
2991 572 3071 631 ut,
3094 563 3190 634 qui
3210 563 3278 619 de
3306 580 3424 623 ms-

1836 653 1946 710 rito
1974 663 2166 710 nostro
2190 652 2508 721 difﬁdimus,
2540 654 2827 725 majestate
2863 654 3001 710 tanti
3033 654 3290 711 sacriﬁcii
3325 656 3425 713 ad-

1831 749 2108 822 jnvemur.
2140 752 2252 806 Cur
2293 758 2475 808 autem
2518 766 2744 807 oramus
2782 750 2999 808 Patrem
3043 753 3337 825 propitium
3365 763 3425 811 et

1835 861 2090 902 serenum
2126 860 2251 903 esse
2277 861 2444 918 super
2486 846 2748 914 hostiam,
2777 854 2835 902 et
2866 861 2989 902 eam
3011 855 3290 917 acceptam
3318 846 3424 904 ha-

1832 937 1983 1005 bere,
2009 953 2118 1010 qua
2162 938 2302 994 nihil
2332 938 2496 995 habet
2543 938 2843 1022 acceptius,
2893 946 2950 994 et
2993 952 3157 1009 quam
3207 952 3426 1009 semper

1832 1030 2105 1102 propitius
2129 1039 2183 1087 et
2212 1046 2442 1088 serenus
2475 1031 2743 1102 respicit?
2787 1030 2916 1087 Inde
2954 1030 3103 1086 enim
3152 1030 3420 1101 scriptum

1832 1128 1955 1177 est:
1984 1119 2089 1183 Hic
2111 1129 2190 1176 est
2224 1120 2406 1176 Filius
2437 1137 2583 1176 meus
2614 1120 2863 1187 dilectus,
2900 1121 2957 1174 in
2985 1136 3087 1191 quo
3121 1118 3252 1173 mihi
3296 1119 3423 1174 bene

1831 1211 2128 1282 complacui
2158 1210 2379 1284 (Matth.
2406 1212 2512 1283 ut).
2544 1212 2651 1270 Sed
2681 1213 2750 1269 ad
2774 1212 3063 1278 offerentes
3090 1220 3175 1267 est
3198 1210 3306 1267 hoc
3329 1226 3424 1266 re-

1831 1302 2142 1372 ferendum,
2181 1312 2266 1371 ut,
2302 1304 2398 1375 qui
2423 1321 2523 1376 pro
2567 1306 2806 1377 peccatis
2836 1312 3112 1360 terrentur
3148 1312 3204 1359 et
3247 1304 3314 1360 de
3360 1318 3424 1359 se

1831 1396 2103 1463 difﬁdunt,
2128 1397 2367 1453 hostiam
2399 1397 2790 1469 acceptabilem
2835 1396 2939 1453 sibi
2968 1396 3325 1468 praetendant,
3361 1403 3428 1452 ut

1831 1489 2134 1561 ejus-scuto
2164 1506 2223 1546 se
2248 1498 2613 1562 protegentes,
2648 1489 2753 1546 sub
2777 1505 2841 1545 ea
2868 1486 3167 1559 propitium
3193 1486 3299 1542 sibi
3317 1484 3425 1542 Pa-

1826 1590 1971 1638 trem
1994 1598 2368 1653 serenumque
2394 1582 2714 1654 deposcant,
2745 1589 2801 1636 et
2824 1581 2874 1636 ei
2899 1596 2961 1636 se
3001 1585 3255 1649 acceptos
3274 1575 3425 1633 desi-

1829 1674 2023 1731 derent
2045 1674 2148 1731 sub
2175 1689 2240 1731 ea
2264 1690 2431 1745 quam
2464 1688 2749 1744 nunquam
2778 1687 2888 1727 non
2918 1669 3306 1742 acceptabilcm
3326 1668 3425 1725 du-

1830 1766 2027 1834 bitant,
2058 1775 2120 1822 ut
2147 1766 2243 1838 qui
2276 1765 2425 1823 Patri
2448 1781 2545 1837 per
2583 1764 2794 1836 seipsos
2821 1780 2931 1820 non
2963 1762 3167 1818 audent
3200 1760 3422 1827 otl'erre,

1830 1874 1901 1916 ne
1952 1858 2114 1915 malis
2163 1858 2399 1925 irritent,
2446 1858 2707 1915 dilectum
2748 1855 2946 1911 Filium
2996 1861 3322 1926 proponant,
3363 1860 3426 1907 ut

1831 1951 2082 2019 subeant,
2106 1961 2162 2008 et
2193 1950 2299 2008 sub
2324 1950 2445 2023 ejus
2475 1949 2645 2006 tutela
2678 1956 2805 2007 ante
2844 1954 3197 2017 conspectum
3243 1943 3424 2000 Patris

1831 2043 2124 2100 introeant.
2163 2040 2401 2099 Oramus
2447 2057 2580 2114 ergo
2610 2049 2672 2096 ut
2722 2029 3074 2111 acceptabilis
3097 2038 3214 2095 hac
3242 2035 3426 2094 hostia

1826 2139 1924 2205 sit,
1959 2138 2279 2210 placeatque
2312 2153 2412 2209 pro
2444 2138 2623 2205 nobis,
2650 2145 2730 2204 ut,
2781 2152 2908 2193 cum
2957 2134 3240 2192 offerimus
3274 2133 3425 2204 quod

1829 2232 2029 2304 placet,
2059 2232 2306 2303 placetur
2330 2231 2491 2287 nobis
2522 2229 2687 2286 Deus.
2732 2228 2887 2286 Unde
2928 2236 2981 2285 et
3000 2227 3250 2298 exempla
3292 2241 3426 2281 san-

1828 2334 2048 2382 ctorum
2098 2326 2431 2381 adhibentur
2481 2322 2618 2381 Abel
2656 2322 2793 2393 justi
2822 2320 3147 2392 patriarchae
3170 2318 3424 2383 Abrahae,

1820 2418 2035 2475 summi
2063 2416 2368 2474 sacerdotis
2398 2414 2819 2483 Melchisedech,
2844 2422 2924 2480 ut,
2959 2412 3103 2468 sicut
3124 2425 3315 2467 eorum
3342 2423 3428 2466 sa-

123 2511 345 2559 mutata
375 2501 703 2558 substantia.
737 2499 903 2559 Prius
942 2509 1061 2557 erat
1094 2501 1273 2572 panis,
1303 2499 1468 2556 modo
1506 2514 1617 2555 non
1646 2507 1732 2555 est

1833 2511 2037 2568 criﬁcia
2057 2510 2202 2568 Deus
2225 2511 2548 2582 acceptavit,
2565 2508 2648 2565 eis
2673 2508 3042 2581 propitiando,
3057 2508 3130 2563 ita
3159 2505 3427 2578 suscipiat

123 2594 316 2667 panis,
341 2593 436 2650 sed
466 2594 583 2651 sola
609 2608 759 2650 caro.
793 2591 898 2650 Sed
931 2608 1129 2666 panem
1159 2593 1317 2661 dixit,
1343 2591 1501 2665 quasi
1525 2592 1732 2649 diceret

1833 2603 2070 2659 hostiam
2099 2603 2262 2669 hanc,
2292 2601 2468 2658 nostri
2502 2601 2845 2657 miserando.
2890 2598 3288 2655 Melchisedech
3335 2613 3427 2653 sa-

123 2683 339 2750 cibum,
390 2683 534 2739 sicut
583 2683 851 2755 scriptum
891 2692 976 2740 est
1010 2702 1023 2738 :
1056 2681 1171 2756 Ego
1216 2700 1335 2738 sum
1377 2684 1533 2754 panis
1582 2683 1729 2738 vivus

1833 2692 2027 2749 cerdos
2054 2707 2308 2749 summus
2343 2692 2567 2759 dicitur,
2606 2690 2703 2763 qui
2749 2690 2892 2746 inter
2939 2689 3251 2746 sacerdotes
3280 2688 3426 2743 illius

124 2772 356 2845 (Matth.
384 2775 484 2847 vi).
522 2773 608 2844 Et,
635 2791 825 2846 panem
855 2775 1167 2848 angelorum
1203 2775 1548 2830 manducauit
1571 2776 1728 2830 homo
1831 2785 2099 2856 temporis
2126 2784 2453 2840 habebatur.

124 2866 309 2939 (Psal.
341 2872 570 2941 Lsxvn).
597 2867 887 2937 Quomodo
908 2880 993 2926 est
1016 2870 1175 2940 panis
1199 2870 1325 2926 vita
1352 2878 1591 2937 aeternas,
1633 2869 1729 2942 qui

1905 2877 2178 2950 Supplices
2206 2887 2254 2933 te
2292 2893 2561 2950 rogamus,
2601 2886 2657 2933 et
2702 2890 2876 2947 usque
2912 2876 3106 2930 dicitur
3146 2872 3427 2943 majestati

125 2961 375 3017 sumitur
412 2977 445 3018 a
502 2962 691 3019 multis
738 2962 808 3019 ad
857 2961 1305 3020 damnationem?
1350 2960 1528 3034 Hujus
1570 2963 1731 3034 panis
1820 2983 1958 3029 ιω,
1988 2972 2058 3028 Et,
2080 2973 2169 3028 hic
2207 2973 2409 3028 mirum
2452 2982 2539 3027 es;
2569 2971 2845 3041 quomodo
2871 2985 3095 3024 oramus
3140 2982 3344 3037 corpus
3370 2975 3427 3021 et

123 3057 332 3124 virtus,
350 3058 480 3129 ﬁdes
496 3066 595 3126 est,
620 3073 740 3131 quae
758 3074 851 3129 per
866 3056 1202 3112 dilectionem
1219 3065 1471 3128 operatur
1484 3057 1501 3128 (
1515 3054 1636 3112 Cal.
1650 3056 1727 3128 v).

1821 3063 2156 3136 .sanguinem
2180 3062 2397 3117 Domini
2427 3062 2482 3116 in
2523 3068 2821 3130 conspectu
2870 3058 2967 3114 Dei
3016 3056 3264 3128 perferri,
3291 3071 3417 3111 cum

125 3147 234 3204 Est
260 3148 408 3204 enim
444 3157 500 3205 et
520 3150 681 3220 panis
726 3148 1050 3221 mysterium
1081 3147 1228 3216 ﬁdei.
1271 3149 1415 3206 sicut
1456 3148 1524 3205 de
1559 3148 1731 3205 calice
1757 3178 1801 3237 ρ
1833 3157 2097 3228 scriptum
2126 3154 2242 3211 sit:
2293 3154 2423 3224 quia
2465 3150 2709 3207 Christus
2754 3166 2955 3219 semper
3003 3148 3208 3209 assistit
3250 3146 3420 3202 vultui

120 3245 345 3301 dictum
391 3252 496 3300 est.
536 3242 800 3316 Sumptus
827 3259 959 3317 ergo
1005 3243 1125 3300 sine
1159 3243 1286 3311 ﬁde,
1326 3258 1438 3299 non
1490 3243 1726 3315 proﬁcit.

128 3337 275 3393 Nam
315 3337 359 3394 si
397 3338 487 3395 hic
510 3339 669 3409 panis
690 3345 776 3395 est
804 3338 1127 3410 mysterium
1164 3336 1310 3405 ﬁdei,
1340 3336 1394 3393 id
1429 3345 1515 3393 est
1542 3336 1731 3394 occul-

130 3442 280 3496 tum,
308 3429 453 3501 quod
481 3431 597 3485 sola
627 3431 871 3486 cernitur
893 3429 1020 3497 ﬁde,
1054 3429 1186 3502 quid
1216 3430 1442 3501 prodest
1481 3430 1601 3487 sine
1626 3430 1733 3487 ﬁde

130 3520 287 3577 sumi
308 3520 453 3592 quod
476 3520 596 3576 sine
614 3520 718 3575 ﬁde
740 3535 852 3575 non
875 3520 1157 3576 cernitur?
1178 3518 1411 3577 Oculum
1425 3518 1731 3590 perdidisti,

129 3612 273 3683 quid
303 3627 446 3668 caeco
478 3620 711 3684 prosunt
736 3613 793 3667 in
824 3627 951 3669 arca
972 3612 1207 3669 divitias?
1240 3610 1381 3680 Quid
1403 3611 1623 3682 prodest
1651 3610 1735 3667 di-

130 3705 304 3761 vitias
329 3704 583 3761 humanae
619 3703 1010 3775 redemptionis
1047 3706 1103 3761 in
1135 3714 1188 3761 te
1234 3706 1552 3772 recondere,
1594 3720 1735 3777 quas

134 3814 255 3854 non
305 3797 458 3854 vides
492 3797 653 3863 oculo
693 3797 818 3854 ﬁdei
841 3799 1087 3869 perdito?
1117 3794 1271 3856 Unde
1315 3798 1578 3870 scriptum
1607 3807 1691 3855 est
1716 3814 1761 3851 :-

133 3888 251 3956 Qui
275 3890 560 3943 manducat
590 3898 641 3944 et
671 3889 802 3944 bibit
843 3906 1032 3960 corpus
1069 3898 1120 3945 et
1163 3891 1475 3962 sanguinem
1518 3890 1735 3945 Domini

132 3982 382 4053 indigne,
414 3982 685 4053 judicium
711 3983 814 4037 sibi
838 3982 1129 4036 manducat
1154 3991 1205 4037 et
1233 3983 1365 4037 bibit
1394 3981 1447 4055 (1
1471 3981 1596 4039 Cor.
1618 3983 1731 4050 xv).

129 4073 280 4130 Nam
311 4074 401 4130 ille
433 4074 730 4130 manducat
764 4074 984 4146 indigne
1026 4073 1121 4144 qui
1162 4074 1458 4130 manducat
1483 4074 1602 4129 sine
1632 4073 1737 4129 ﬁde

110 4182 268 4238 .quae
301 4181 399 4238 per
442 4166 790 4223 dilectionem
834 4174 1111 4237 operatur.
1158 4164 1256 4222 Est
1298 4180 1430 4237 ergo
1463 4165 1553 4222 hic
1579 4166 1737 4236 panis

133 4258 273 4313 vita:
300 4267 536 4324 aeternae,
586 4273 696 4313 non
743 4258 810 4315 iis
854 4258 1075 4328 quidem
1111 4257 1206 4328 qui
1254 4265 1466 4313 tantum
1497 4272 1593 4314 ore
1638 4274 1736 4313 su-

134 4359 331 4417 munt,
384 4351 569 4408 sediis
594 4352 687 4422 qui
734 4352 902 4406 etiam
954 4359 1158 4419 mente,
1194 4366 1303 4406 non
1351 4352 1741 4423 qui,premunt

106 4444 333 4511 dente,
361 4444 457 4500 sed
499 4443 595 4515 qui
646 4451 881 4513 tangunt
919 4443 1043 4499 ﬁde.
1085 4441 1243 4499 Unde
1297 4444 1559 4514 scriptum
1607 4453 1734 4501 est:

1832 3246 2041 3315 Patris,
2070 3244 2412 3317 interpellans
2442 3241 2612 3297 Deum
2637 3257 2733 3312 pro
2756 3240 2904 3294 nobis
2929 3238 3088 3309 (ch.
3116 3237 3237 3309 vn),
3259 3244 3313 3293 et
3334 3237 3419 3291 le—

1833 3340 2014 3413 gimus
2065 3338 2194 3411 quia
2235 3336 2513 3403 Christus,
2542 3334 2845 3390 ascendens
2876 3332 2944 3388 ad
2997 3330 3220 3397 caelum,
3266 3345 3426 3399 super

1822 3433 2015 3487 omnia
2034 3429 2304 3486 exaltatus
2327 3439 2426 3496 est,
2442 3428 2626 3482 sedens
2649 3426 2719 3481 ad
2744 3426 3015 3481 dexteram
3028 3423 3210 3477 Patris
3224 3421 3419 3493 (Marc.

1833 3526 1969 3594 xvi).
2007 3522 2295 3590 Quomodo
2338 3535 2470 3593 ergo
2512 3517 2741 3590 perferri
2766 3533 2988 3573 oramus
3018 3515 3296 3571 Christum
3328 3514 3423 3570 ubi

1820 3632 2050 3687 semper
2070 3616 2186 3671 est?
2226 3613 2334 3669 Sed
2368 3613 2621 3683 superius
2659 3612 2870 3666 vultum
2897 3608 3079 3664 Patris
3119 3608 3420 3679 propitium

1836 3725 1900 3765 ac
1922 3723 2177 3764 serenum
2201 3706 2319 3762 ﬁeri
2344 3720 2509 3776 super
2539 3703 2776 3759 hostiam
2800 3702 2920 3758 Filii
2944 3701 3293 3773 rogabamus,
3311 3717 3422 3757 non

1829 3801 1983 3873 quod
2011 3799 2152 3856 Filio
2186 3815 2288 3855 suo
2323 3796 2487 3854 Pater
2529 3796 2702 3867 possit
2735 3811 2858 3852 esse
2886 3809 3131 3860 severus,
3181 3793 3276 3849 sed
3318 3793 3427 3848 sub

1822 3892 2125 3968 occasione
2158 3890 2303 3958 Filii,
2328 3889 2508 3945 Patris
2538 3888 2922 3959 propitiatione
2958 3903 3059 3943 nos
3085 3886 3425 3958 ingeramus,

1838 3994 1899 4042 ut
1923 4002 2021 4057 pro
2052 4001 2241 4041 amore
2282 3983 2404 4039 Filii
2429 3982 2751 4039 misereatur
2792 3980 2988 4046 nostri,
3029 3989 3083 4035 et
3122 3980 3283 4049 quasi
3327 3978 3424 4033 Fi-

1838 4080 1972 4135 lium
2001 4077 2378 4150 parvipendat,
2405 4076 2451 4133 si
2484 4092 2584 4148 pro
2616 4091 2683 4131 eo
2711 4091 2812 4131 nos
2846 4091 2953 4131 non
2990 4075 3234 4145 recipiat.
3267 4073 3344 4129 Ita
3370 4082 3429 4130 et

1839 4171 1949 4237 hic,
1980 4185 2240 4241 rogamus
2262 4168 2411 4223 Patri
2454 4166 2685 4238 perferri
2710 4165 2933 4232 Filium,
2961 4165 3054 4236 qui
3089 4180 3305 4236 semper
3342 4173 3429 4222 est

1839 4262 1980 4334 apud
2002 4276 2128 4317 eum
2152 4275 2252 4331 pro
2279 4260 2459 4327 nobis,
2490 4269 2550 4315 ut
2569 4269 2755 4315 votum
2776 4268 2830 4315 et
2859 4258 3075 4314 devotio
3098 4267 3306 4324 nostra,
3330 4273 3429 4328 per

1839 4353 2040 4409 Filium
2067 4352 2251 4408 veniat
2284 4353 2351 4408 ad
2375 4350 2618 4419 Patrem,
2654 4360 2710 4407 et
2750 4351 2949 4406 virtute
2991 4351 3129 4405 tanti
3172 4349 3430 4407 sacrificii

1839 4454 1967 4502 vota
1995 4453 2184 4501 nostra
2214 4442 2565 4515 proferantur
2591 4452 2718 4499 ante
2738 4452 3089 4514 conspectum
3116 4441 3233 4508 Dei,
3268 4443 3430 4513 quasi

136 4535 281 4593 Noli
308 4552 389 4591 me
432 4537 662 4608 tangere,
695 4535 926 4590 nondum
970 4534 1113 4589 enim
1156 4535 1371 4590 escendi
1413 4535 1483 4590 ad
1521 4533 1740 4589 Patrem
1772 4525 2014 4591 DFilius
2034 4534 2102 4590 ad
2129 4532 2348 4589 Patrem
2396 4548 2508 4588 non
2556 4532 2832 4599 ascendat,
2885 4532 2932 4587 si
2977 4532 3195 4587 devotio
3239 4541 3431 4588 nostra

135 4644 326 4689 neeum
351 4626 534 4699 (Joan.
572 4628 686 4698 xx).
726 4627 806 4682 Ac
850 4625 897 4681 si
925 4625 1168 4683 diceret:
1213 4624 1305 4681 Vis
1347 4640 1435 4681 me
1484 4625 1740 4682 manibus

132 4729 393 4790 tangere,
421 4717 506 4773 vis
526 4732 615 4772 me
655 4715 1014 4786 corporaliter
1034 4723 1276 4787 tangere,
1305 4731 1414 4771 non
1446 4716 1546 4782 sic,
1576 4714 1738 4771 ﬁdem

133 4820 303 4866 tuam
346 4808 493 4865 volo.
536 4807 670 4864 Fide
703 4821 793 4862 me
843 4814 1025 4878 tange,
1080 4804 1241 4862 crede
1284 4805 1352 4861 ad
1380 4803 1596 4861 Patrem
1649 4819 1742 4861 me

133 4900 489 4968 ascendisse,
519 4899 575 4955 id
598 4908 686 4955 est
708 4914 797 4955 me
824 4913 945 4954 esse
977 4897 1244 4968 aequalem
1271 4894 1440 4952 Patri.

220 4989 321 5059 Et}
341 4988 563 5045 calicem
600 4987 794 5043 salutis
838 4993 1124 5057 perpetuat.
1180 4983 1338 5053 Quod
1383 4984 1625 5043 diximus
1671 4985 1739 5042 de

134 5098 319 5158 pane,
356 5081 501 5138 idem
547 5088 726 5152 potest
753 5079 861 5135 dici
893 5080 961 5135 de
1005 5078 1194 5135 calice.
1235 5076 1304 5132 Et
1347 5077 1497 5149 quod
1535 5078 1744 5134 dictum

134 5184 238 5235 est
262 5175 393 5233 vita:
420 5184 655 5241 aeternae,
683 5182 739 5230 et
764 5172 957 5230 salutis
991 5178 1285 5243 perpetuae.

226 5271 406 5343 Supra
431 5286 570 5342 quw,
599 5277 705 5325 etc.
739 5283 915 5339 usque
936 5263 1342 5322 immaculatam
1370 5263 1619 5319 hostiam.
1656 5262 1748 5319 Fi—

140 5365 248 5424 nis
279 5362 507 5433 respicit
528 5360 597 5417 ad
620 5358 973 5432 principium.
1007 5355 1186 5429 Supra
1218 5371 1361 5427 quae,
1387 5354 1595 5412 scilicet
1621 5370 1747 5412 san-

138 5470 310 5520 ctum
336 5458 688 5525 sacriﬁcium,
733 5455 1139 5513 immaculatam
1188 5453 1428 5511 hostiam
1474 5452 1747 5524 respicere

140 5551 406 5627 digneris
425 5558 485 5608 et
499 5560 721 5622 accepta
746 5547 969 5613 habere,
992 5563 1058 5609 ac
1072 5547 1125 5608 si
1146 5548 1353 5605 diceret
1377 5564 1391 5602 :
1425 5544 1602 5617 Supra
1622 5560 1746 5618 qua:

231 5686 318 5759 (ι)
354 5685 528 5761 Caute
551 5682 1107 5761 lege,__nam_Deipara
1146 5690 1271 5761 ante
1302 5697 1458 5740 suam
1472 5681 1746 5761 nativita-

142 5753 272 5815 tem
297 5753 506 5829 adepta
535 5753 633 5812 est'
642 5758 820 5813 adhuc
849 5758 906 5812 in
930 5753 1352 5829 uteroexistens
1372 5770 1494 5810 eam
1534 5755 1744 5829 sancti:

144 5824 500 5894 ﬁcationem,
530 5837 591 5883 ut
620 5842 898 5901 nunquam
928 5824 1212 5882 actualiter
1235 5837 1501 5897 peccaret,
1530 5824 1747 5884 tametsi

471 5923 745 5986 ΡΑτιιοι.
779 5920 960 5983 CLX.

1841 4612 1974 4684 illuc
1996 4643 2107 4683 non
2136 4626 2437 4698 perveniat.
2486 4623 2602 4681 Tali
2633 4624 2844 4681 ratione
2886 4639 3166 4695 rogamus,
3191 4633 3251 4680 ut
3286 4624 3433 4681 sicut

1839 4716 2094 4774 Christus
2121 4725 2247 4772 ante
2270 4715 2570 4786 discipulos
2585 4730 2617 4769 a
2642 4722 2787 4770 terra
2808 4714 3107 4771 translatus
3127 4722 3211 4771 est
3244 4715 3298 4770 in
3322 4730 3432 4772 coe-

1841 4810 1979 4876 lum,
2002 4817 2059 4864 et
2080 4807 2259 4865 factus
2288 4806 2579 4863 invisibilis
2604 4805 2660 4861 in
2688 4815 2984 4876 conspectu
3020 4805 3216 4877 ipsius,
3240 4814 3427 4877 postea

1845 4904 2115 4959 missurus
2141 4901 2317 4959 sancti
2343 4898 2578 4970 Spiritus
2607 4898 2835 4967 donum,
2865 4899 2940 4955 ita
2973 4900 3154 4955 hostia
3194 4900 3331 4965 haec,
3359 4898 3430 4953 ab

1844 4995 2001 5051 altari
2029 5004 2266 5061 terreno,
2305 5008 2472 5063 super
2501 4992 2647 5063 quod
2674 4992 3008 5061 immolatur,
3051 4994 3108 5049 in
3136 4994 3308 5049 altare
3334 5008 3430 5048 su-

1849 5095 2017 5150 blime
2053 5102 2179 5149 ante
2229 5099 2585 5162 conspectum
2625 5090 2720 5147 Dei
2769 5091 3153 5156 transferatur,
3194 5097 3258 5146 ut
3288 5089 3433 5146 “inde

1847 5185 1999 5241 omni
2021 5184 2401 5247 benedictione
2431 5184 2642 5241 cmlesti
2677 5193 2733 5240 et
2775 5183 2949 5255 gratia
2978 5182 3309 5252 repleamur,
3346 5192 3430 5248 ut,

1824 5292 1972 5348 quae
1998 5275 2289 5332 visibiliter
2320 5283 2587 5333 tractatur
2622 5274 2679 5332 in
2716 5283 2886 5339 terra,
2917 5272 3265 5329 invisibiliter
3296 5287 3431 5343 ope-

1847 5376 1999 5423 retur
2019 5368 2075 5422 in
2097 5367 2255 5423 caelo.
2301 5364 2403 5423 Hic
2421 5352 2625 5433 oblata,
2664 5366 2738 5422 ibi
2766 5372 3006 5435 accepta,
3031 5379 3139 5421 non
3167 5363 3431 5421 mutatio-

1843 5475 1916 5518 ne
1944 5459 2072 5524 loci,
2100 5458 2185 5517 vel
2207 5458 2473 5530 temporis
2501 5473 2750 5524 accessu,
2772 5464 2835 5511 ut
2855 5464 3071 5528 emptus
3087 5456 3159 5512 ab
3176 5456 3283 5514 hoc
3307 5456 3433 5513 loco

1844 5551 2217 5610 translationis
2245 5559 2431 5609 motus
2469 5550 2540 5611 ad
2580 5550 2750 5613 alium
2779 5557 2965 5621 postea
2992 5548 3306 5622 perﬁciatur
3344 5548 3431 5604 la-

1845 5683 2222 5741 incarnatione
2242 5681 2404 5740 Verbi
2434 5690 2729 5752 consecuta
2770 5679 2937 5740 fuerit
2967 5681 3276 5752 uberiorem
3311 5692 3436 5752 gra-

1846 5752 2401 5884 t‘iaasrgdaugdanttam.
2444 5750 2582 5809 Vide
2604 5752 2662 5809 S.
2693 5752 2892 5811 Thom.
2916 5769 3003 5820 in,
3030 5768 3085 5823 p.
3116 5768 3172 5824 q.
3199 5751 3293 5817 27,
3320 5750 3433 5807 'art.

3031 5915 3118 5985 35.
