3960 6316
630 313 796 372 ’ωϐἴ

1757 312 1768 318 '
1837 290 1897 373 θ’.
1935 286 2484 374 οὺοκιεωιίειι.
2524 314 2743 374 EPlSC.
2848 312 2862 324 '

3741 320 3833 384 1068

651 411 801 491 cum.
831 431 960 501 Sed,
981 433 1090 489 "sub
1113 429 1306 490 eodeni
1352 428 1510 499 loco,
1533 427 1628 503 qui
1669 429 1828 502 panis
1854 440 1974 487 erat
1997 433 2058 488 tit
2086 431 2243 488 Verbi
2270 439 2318 497 Λ
2346 431 2530 504 pimus
2555 431 2624 488 de
2650 428 2872 486 sublimi
2904 428 3098 514 Deum:
3121 431 3260 488 Cum
3289 431 3381 489 hie
3404 447 3590 505 corpus
3611 445 3658 492 et
3674 454 3833 514 saniu-

651 533 803 581 caro.
846 522 968 586 Non
1010 524 1342 580 transfertur
1384 524 1527 590 loco,
1558 532 1620 579 ut
1664 524 1732 578 de
1760 538 1903 595 pane
1931 523 2029 578 ﬁat
2072 537 2238 590 caro;

651 612 983 682 transfertur
1011 625 1195 673 tamen
1221 617 1291 672 ab
1331 615 1487 673 altari
1529 617 1599 672 ad
1628 616 1851 684 caelum,
1883 617 2014 687 quia
2057 625 2240 671 trans-

649 711 826 766 fertur
847 710 916 766 de
943 725 1086 782 pane
1110 711 1180 765 ad
1214 709 1408 766 Deum.
1443 709 1550 766 Sed
1577 710 1706 781 quia
1737 708 1882 764 Deus
1909 716 1995 764 est
2015 708 2238 779 ubique,

651 805 763 860 non
795 806 856 859 lit
886 805 994 860 loci
1023 805 1346 872 mutatione,
1380 813 1441 860 ut
1480 803 1844 875 conjungatur
1867 801 1980 858 Deo
2002 802 2070 858 de
2102 816 2242 872 pane

647 893 793 952 facta
822 911 975 953 caro.
1005 895 1361 952 Transfertur
1385 896 1535 952 intus
1561 895 1632 950 ad
1670 894 1844 950 Deum
1872 892 2237 968 invisibiliter,

649 1002 753 1044 nec
782 995 1034 1042 movetur
1057 987 1300 1042 exterius
1335 987 1405 1043 ab
1435 986 1598 1042 altari
1626 985 1935 1052 visibiliter,
1963 983 2144 1040 oblata
2183 983 2239 1039 in

644 1080 807 1137 altari
836 1077 1126 1150 devotione
1173 1077 1415 1134 hominis
1456 1085 1679 1148 accepta
1725 1077 1780 1132 in
1807 1075 1948 1132 caelo
1976 1073 2242 1145 propitia-

646 1171 799 1227 tione
828 1169 945 1227 Dei.
970 1169 1126 1226 Tunc
1144 1169 1467 1226 enimaDeo
1489 1169 1648 1240 quasi
1665 1177 1999 1239 acceptatur,
2017 1165 2240 1238 quando

646 1261 794 1320 Deus
823 1262 984 1319 nobis
1011 1262 1364 1333 propitiatur,
1385 1270 1442 1318 et
1462 1261 1706 1318 caelestis
1729 1259 2036 1316 benedictio
2079 1258 2239 1314 nobis

627 1353 717 1410 ab
754 1369 822 1410 eo
869 1353 1125 1408 mittitur.
1179 1352 1285 1408 Sed
1315 1351 1571 1408 Christus
1605 1351 1892 1423 juvaminc
1939 1365 2053 1406 non
2091 1348 2241 1422 eguit

643 1453 988 1524 angelorum,
1015 1451 1239 1524 quando
1273 1467 1375 1507 sua
1403 1450 1604 1506 virtute
1623 1449 1869 1506 ascendit
1913 1449 1970 1503 in
2013 1448 2236 1515 coelum,

643 1550 778 1630 quid
799 1547 934 1623 ergo
951 1565 1212 1621 rogamus
1236 1549 1380 1606 hanc
1401 1549 1640 1604 hostiam
1669 1546 1900 1619 perferri
1915 1561 2019 1618 per
2039 1561 2239 1602 manus

642 1644 822 1716 angeli
849 1652 975 1699 ante
996 1651 1348 1714 conspeCtum
1380 1642 1496 1709 Dei,
1533 1657 1659 1698 cum
1701 1641 2018 1711 angelorum
2062 1637 2238 1695 officia

642 1730 956 1790 necessaria
1001 1747 1111 1788 non
1155 1731 1264 1788 sint
1316 1729 1447 1788 huic
1474 1730 1797 1802 perlationi?
1850 1729 1958 1785 Sed
2006 1730 2110 1785 hoc
2154 1737 2240 1784 est

642 1826 792 1908 quod
833 1826 1041 1881 dictum
1083 1833 1187 1893 est,
1219 1825 1351 1896 quia
1393 1825 1694 1896 perlatione
1722 1823 1972 1895 corporis
2012 1831 2068 1878 et
2115 1837 2238 1878 san-
2266 1803 2312 1863 Β
2339 1820 2667 1890 repleamur.

641 1919 826 1992 guinis
847 1917 1072 1985 Christi,
1095 1932 1357 1991 rogamus
1383 1925 1511 1973 vota
1559 1926 1746 1973 nostra
1785 1914 2034 1986 perferri.
2097 1912 2236 1969 Sunt

641 1997 1028 2066 tamen~nobis
1055 2008 1233 2081 angeli
1275 2009 1539 2078 deputati,
1571 2007 1666 2080 qui
1711 2007 1950 2062 oﬂ‘erunt
1990 2005 2235 2077 quotidie

643 2098 758 2156 Deo
785 2108 912 2156 vota
956 2108 1144 2155 nostra
1179 2119 1192 2154 :
1229 2097 1384 2154 Unde
1421 2100 1691 2170 scriptum
1733 2106 1821 2153 est
1848 2116 1862 2153 :
1893 2096 2034 2164 Quia
2057 2096 2232 2167 angeli

639 2207 821 2246 eorum
835 2207 1038 2262 semper
1060 2190 1236 2245 uident
1249 2191 1440 2262 faciem
1453 2191 1638 2245 Patris
1654 2189 1872 2261 (Matth.
1893 2188 2070 2260 xvm).
2095 2187 2233 2244 Ora-

639 2299 764 2340 mus
803 2283 986 2355 itaque
1015 2282 1121 2340 sub
1151 2285 1441 2340 occasione
1469 2282 1675 2344 Christi
1705 2281 1937 2354 perferri
1971 2289 2100 2337 vota
2127 2287 2236 2338 no-'

637 2381 753 2429 stra
773 2388 873 2444 per
907 2389 1105 2430 manus
1153 2376 1353 2446 angeli,
1377 2383 1438 2430 ut
1472 2376 1615 2431 bona
1641 2384 1767 2431 vota
1793 2373 2076 2446 proferant
2100 2373 2230 2430 boni

637 2467 837 2538 angeli,
871 2467 978 2522 sub
1001 2476 1267 2538 praetequ
1295 2468 1432 2524 tanti
1455 2467 1731 2524 sacriﬁcii.

709 2557 984 2634 supplices
1013 2569 1062 2614 te
1091 2576 1360 2632 rogamus,
1383 2561 1710 2632 omnipotens
1738 2559 1903 2615 Deus.
1943 2557 2243 2632 Supplica-I

637 2669 764 2710 mus
793 2653 914 2721 tibi,
945 2669 1243 2710 curvamur
1270 2662 1397 2710 ante
1430 2663 1503 2720 te,
1555 2653 1814 2710 obnixius
1847 2653 2227 2724 deprecamur,

637 2744 865 2800 ostende
895 2745 1370 2815 omnipotentiam,
1417 2744 1650 2800 extende
1699 2759 1924 2799 manum
1967 2745 2225 2814 validam,

637 2844 721 2904 ut,
746 2851 870 2907 quae
891 2834 1127 2906 propitio
1156 2850 1221 2891 ac
1267 2850 1463 2891 sereno
1484 2836 1637 2890 vultu
1677 2833 1930 2905 respicis,
1959 2834 2126 2890 etiam
2159 2834 2228 2891 ad

637 2915 936 2984 invisibilia
955 2936 1012 2984 et
1034 2927 1290 2985 sublimia
1313 2937 1406 2983 tua
1427 2926 1798 2998 perferantur,
1828 2933 1881 2982 et
1909 2925 2239 2998 conSpectui‘

635 3021 939 3094 majestatis
980 3021 1262 3079 admittas.
1317 3019 1417 3078 llic
1455 3021 1758 3078 necessitas
1806 3020 2224 3089 incurvationis,

2317 538 2467 578 .nem
2490 521 3020 588 Christi'sumimus,
3044 511 3136 577 'dc.
3155 522 3298 578 cmlo
3326 521 3494 578 Deum
3523 511 3782 596 accipimus,
3800 532 3834 586 in

2341 615 2453 687 quo
2487 615 2639 672 omni
2668 613 3285 671 benedictionc‘cmlesti
3325 623 3382 670 et
3425 617 3586 687 gratia
3615 621 3833 691 replcmur.

2344 706 2629 764 Sumimus
2655 708 2745 764 hic
2778 707 3069 764 visibiliter
3093 723 3292 780 corpus
3317 717 3375 763 et
3406 710 3696 780 sanguinem
3727 714 3837 769 Clui-

2343 802 2435 870 sti,
2465 802 2739 873 sumimus
2763 801 3113 858 invisibiliter
3139 802 3208 858 de
3235 803 3397 869 ctelo,
3432 819 3540 874 quo
3562 806 3731 874 perlata
3754 822 3838 865 sunt

2341 895 2774 952 benedictionem
2819 903 2876 950 et
2915 895 3148 968 gratiam
3178 894 3294 951 Dei.
3341 895 3632 962 Sumimus,
3663 898 3836 968 inquam.

2341 987 2575 1060 gratiam
2604 995 2661 1043 et
2687 986 3146 1054 benedictionem,
3175 987 3445 1060 siquidem
3467 987 3615 1060 digne
3645 973 3865 1046 sumimus.

2315 1079 2547 1136 Christi
2575 1094 2777 1151 corpus
2809 1087 2865 1136 et
2889 1080 3237 1152 sanguinem.
3283 1077 3425 1135 Nam
3451 1081 3541 1150 qui
3570 1081 3746 1153 indigne
3774 1099 3836 1137 su-

2318 1173 2460 1239 mit,
2489 1188 2588 1237 ore
2615 1171 2838 1244 quidem
2879 1172 3050 1229 sumit
3079 1181 3136 1228 et
3177 1172 3342 1228 dente
3392 1171 3517 1228 terit
3551 1174 3834 1244 corporaliter,

2341 1266 2438 1322 sed
2488 1265 2626 1320 nihil
2653 1264 2872 1336 proiicit
2914 1265 3293 1337 spiritualiter.
3352 1264 3469 1320 lmo
3510 1266 3596 1336 qui
3627 1283 3777 1336 corpus
3802 1280 3835 1322 tt

2340 1353 2666 1424 sanguinem
2716 1353 2924 1411 Christi
2984 1354 3156 1411 sumit
3210 1354 3454 1426 indigne,
3507 1353 3732 1424 judicium
3766 1350 3832 1410 sibi

2340 1446 2638 1503 manducat
2665 1455 2722 1502 et
2758 1446 2986 1519 bibit-(1
3016 1445 3143 1503 Cor.
3189 1445 3274 1517 tl).
3306 1445 3542 1517 Ideoque
3571 1461 3774 1516 rogamus
3798 1457 3834 1501 ut

2340 1547 2612 1611 quotquot
2638 1554 2706 1596 ex
2729 1539 2834 1596 hac
2855 1539 3046 1596 altaris
3070 1539 3488 1612 participatione
3517 1548 3830 1594 sacrosanctis

2337 1631 2462 1688 Filii
2489 1633 2568 1688 tui
2593 1648 2792 1704 corpus
2817 1641 2872 1689 et
2888 1633 3210 1705 sanguinem
3235 1632 3640 1704 sumpserimus,
3655 1631 3747 1687 inde
3763 1647 3833 1700 quo

2338 1725 2545 1795 perlata
2602 1733 2752 1793 sunt,
2787 1726 2938 1782 omni
2975 1725 3360 1782 benedictione
3399 1724 3598 1782 caelein
3639 1734 3683 1780 et
3716 1722 3829 1796 gratia

2807 1908 3089 1967 TEXTUS
3125 1908 3448 1967 CANONIS.

2823 2021 3148 2061 'DISTINCTIO
3181 2021 3422 2070 QUABTA.

2329 2125 2334 2129 -
2406 2095 2668 2152 Memento
2689 2096 2873 2164 etiam,
2896 2093 3826 2166 Domine,famulorumfamularlnqle

2334 2198 2568 2256 tuarum,
2614 2188 2706 2259 qui
2751 2203 2845 2242 nos
2892 2195 3270 2258 praecesserunt
3316 2203 3438 2241 cum
3482 2188 3620 2258 signa
3661 2186 3822 2254 ﬁdei,“

2321 2279 2601 2338 dormiunt
2628 2283 2683 2336 in
2704 2297 2888 2336 somno
2915 2281 3086 2352 pacis.
3127 2278 3295 2350 Ipsis,
3323 2279 3562 2346 Domine,
3598 2287 3640 2333 et
3659 2277 3820 2330 σμῆν

2330 2377 2387 2430 in
2410 2374 2622 2431 Christo
2651 2374 3059 2446 quiescentibus,
3080 2372 3256 2427 locum
3281 2373 3562 2446 refrigerii,
3587 2371 3696 2425 lucis
3715 2379 3751 2423 et
3765 2385 3821 2438 pu-

2333 2468 2430 2534 cis,
2453 2475 2513 2520 ut
2542 2465 2816 2537 indulgeas
2841 2465 3205 2535 deprecamur,
3227 2466 3338 2535 'per
3381 2464 3607 2520 eumdem
3640 2461 3822 2517 Clarium

2330 2558 2616 2614 Dominum
2647 2566 2906 2612 nostrum.
2937 2557 3133 2611 «Amen.

2720 2664 3006 2705 EXPOSITIO
3048 2663 3236 2703 DOIINI
3287 2663 3500 2728 QDONIS.

2398 2741 2513 2799 Hac
2535 2742 2694 2798 tertia
2715 2741 2962 2814 periodo,
2979 2744 3102 2812 quae
3141 2748 3198 2802 in
3229 2742 3570 2799 confectione
3590 2737 3774 2809 corporis
3788 2744 3820 2788 ct

2329 2837 2614 2910 sanguinis
2657 2836 2861 2894 Christi
2904 2838 3143 2907 sudavit,
3203 2837 3497 2907 hucusque
3536 2834 3666 2888 ﬁnita
3713 2828 3820 2885 sumit

2329 2933 2458 2988 hinc
2485 2931 2772 2988 exordium
2821 2941 3038 3003 quarta.
3095 2930 3253 2999 Quae,
3297 2929 3544 2987 confecto
3586 2939 3761 2996 corpore
3787 2930 3820 2974 et

2329 3021 2598 3098 sanguine
2625 3025 2856 3093 Christi,
2900 3027 3042 3083 redit
3064 3023 3133 3082 ad
3170 3023 3482 3097 rogandum
3526 3037 3614 3094 pro
3646 3015 3817 3076 monuit.

635 3117 727 3172 hic
751 3131 890 3188 opus
925 3114 1360 3187 supplicationis,
1404 3115 1494 3171 hic
1525 3114 1795 3192 incumbit
1821 3114 2225 3174 consummatio
2252 3159 2296 3217 Β
2326 3111 2835 3180 ﬁdentiorexaudiri
2848 3118 3156 3191 patrocinio
3168 3117 3452 3174 sacriﬁcii.
3469 3112 3816 3171 llemstoetim

637 3209 808 3266 totius
841 3209 1014 3266 nostri
1065 3208 1290 3275 laboris,
1327 3217 1388 3264 ut
1415 3208 1534 3264 haec
1580 3208 1760 3265 hostia
1813 3209 2122 3282 perferatur
2168 3207 2228 3263 in

633 3302 871 3360 sublime
892 3303 1064 3358 altare
1090 3309 1268 3368 tuum,
1300 3300 1358 3356 in
1383 3311 1678 3372 conspectu
1701 3301 1901 3358 divinae
1923 3299 2230 3374 majestatis

634 3394 761 3450 tute.
803 3391 946 3460 Quid
991 3401 1078 3449 est
1123 3393 1262 3448 hoc?
1295 3391 1439 3459 Quid
1472 3400 1558 3448 est
1601 3391 1832 3464 perferri
1889 3393 2128 3448 hostiam
2171 3391 2229 3446 in

634 3486 874 3542 sublime
898 3486 1090 3554 altare,
1123 3485 1232 3542 nisi
1258 3499 1415 3540 ovem
1445 3484 1693 3541 humeris
1715 3483 1958 3541 Pastoris
1980 3481 2230 3554 imponi?

633 3577 699 3634 Et
727 3578 860 3650 quid
902 3577 1022 3634 ovis
1074 3577 1318 3634 humeris
1345 3577 1624 3648 imposita,
1655 3575 1764 3631 nisi
1795 3576 1963 3632 homo
2006 3590 2227 3630 assum-

631 3682 761 3743 ptus
797 3687 830 3726 a
868 3669 1092 3726 Verbo?
1139 3668 1206 3726 Et
1250 3669 1382 3741 quid
1427 3676 1513 3725 est
1540 3668 1832 3725 sublimius
1875 3666 2056 3723 Verbo
2087 3665 2229 3723 Dei?

633 3765 888 3833 Quotidie
913 3763 1149 3820 assumit
1180 3764 1286 3820 sibi
1307 3763 1496 3819 fideles
1517 3761 1758 3818 Verbum
1785 3762 1899 3831 Dei,
1928 3762 2226 3834 participa-

631 3859 780 3915 tione
801 3856 964 3929 bujus
986 3856 1263 3913 sacriﬁcii.
1308 3855 1547 3912 Verbum
1589 3871 1721 3928 ergo
1751 3854 1848 3911 Dei
1874 3854 2119 3912 'sublime
2146 3855 2228 3910 al-

633 3961 749 4007 tare
768 3959 874 4018 est,
905 3949 976 4006 ad
995 3949 1143 4021 quod
1169 3964 1396 4004 oramus
1434 3945 1676 4003 hostiam
1721 3945 1952 4018 perferri
1988 3947 2045 4003 in
2092 3963 2227 4004 eon-

633 4048 825 4115 spectu
857 4041 976 4108 Dei,
1019 4049 1075 4096 et
1121 4056 1219 4112 per
1243 4056 1366 4096 eam
1413 4055 1517 4096 nos
1547 4037 1843 4094 introduci.
1887 4037 2226 4111 Conspectus

631 4135 732 4190 Dei
753 4143 838 4191 est
861 4133 1102 4189 Verbum
1128 4132 1329 4200 Patris,
1366 4132 1421 4186 in
1443 4147 1554 4203 quo
1574 4130 1841 4203 conspicit
1886 4147 2050 4188 omne
2077 4132 2226 4204 quod

631 4226 783 4286 fecit.
813 4225 950 4282 Nam
981 4242 1143 4282 omne
1165 4225 1312 4297 quod
1338 4225 1450 4297 agit
1470 4224 1654 4291 Pater,
1681 4224 1738 4279 in
1772 4221 1953 4280 Verbo
1976 4224 2099 4295 ejus
2117 4234 2221 4280 est.

631 4321 774 4378 Nam
800 4319 941 4394 quod
968 4319 1171 4390 factum
1207 4327 1306 4386 est,
1335 4319 1392 4373 in
1420 4319 1534 4389 ipso
1557 4318 1667 4372 vita
1687 4325 1802 4372 erat
1828 4316 2011 4389 (Joan.
2038 4317 2079 4388 ι)
2099 4334 2114 4385 ;
2138 4325 2222 4373 et:

616 4405 705 4470 'In
729 4411 994 4485 principio
1012 4410 1210 4464 creavit
1242 4407 1381 4464 Deus
1424 4407 1613 4462 caelum
1643 4415 1694 4462 et
1725 4416 1924 4461 terram
1961 4404 2114 4480 (Gen.
2158 4407 2220 4478 ι),

2333 3213 2577 3268 Domine.
2607 3211 2708 3269 Hic
2738 3211 2879 3268 solet
2903 3210 3020 3266 ﬁeri
3049 3209 3324 3266 memoria
3350 3209 3631 3265 amicorum
3659 3212 3701 3259 et
3718 3199 3815 3255 lani-

2330 3306 2550 3363 liarium
2575 3303 2981 3362 defunctorum.
3021 3305 3024 3310 '

2402 3394 3159 3469 Ipsis,Domine,et'omnibus
3189 3391 3479 3450 inCltristo
3515 3386 3811 3463 “immiti-
3870 3443 3871 3449 η

2329 3490 2488 3565 Ipsis,
2519 3493 2572 3548 id
2601 3501 2684 3549 est
2711 3508 2952 3564 quorum
2983 3476 3315 3548 memoriam
3359 3489 3596 3554 fecimus,
3635 3491 3811 3555 etposta

2328 3583 2560 3654 reliquis
2591 3584 2849 3640 omnibus
2884 3579 3124 3655 indulge.

2403 3675 2574 3731 Nobis
2615 3693 2817 3748 quoque
2865 3673 3230 3747 peccatoribus
3282 3674 3506 3746 farnulis
3537 3673 3642 3727 tuis.
3672 3664 3809 3724 Scilid‘

2329 3766 2425 3838 qui
2490 3766 2730 3823 cilicium
2803 3766 2969 3838 hujus
3039 3766 3297 3824 sacrificii
3375 3766 3678 3824 celebramus
3727 3769 3808 3827 ιη·

2329 3854 2515 3915 sentes
2539 3900 2554 3926 ,
2621 3858 2708 3915 vel
2773 3859 3099 3930 (secundum
3165 3859 3472 3930 solitarios)
3517 3857 3601 3929 qui
3652 3856 3693 3909 in
3731 3863 3806 3905 ecr-

2327 3964 2462 4020 pore
2517 3949 2778 4006 Ecclesiae
2832 3965 2928 4022 per
2956 3957 3136 4006 totum
3187 3951 3385 4006 orbem
3430 3959 3665 4005 terrarum
3703 3936 3806 3995 Mdi-

2328 4033 2412 4098 ter
2434 4042 2532 4099 tibi
2561 4040 2854 4100 servimus.
2921 4041 3122 4098 Totum
3174 4058 3310 4098 vero
3357 4051 3555 4098 textum
3590 4037 3665 4108 qui
3689 4029 3803 4100 seqvi-

2328 4131 2440 4202 tur,
2492 4134 2682 4191 nescio
2734 4134 2918 4190 verbis
2973 4135 3099 4190 aliis
3159 4133 3346 4192 facere
3390 4133 3657 4206 planiorem
3680 4134 3802 4191 usque.

2325 4243 2419 4297 Ρεν
2465 4243 2620 4298 quem
2663 4227 2776 4283 hec
2805 4227 3007 4294 omnia,
3035 4226 3258 4282 Domine
3279 4270 3294 4295 ,
3345 4242 3541 4297 seraper
3577 4222 3683 4277 beas
3700 4228 3800 4269 τηις.

2327 4317 2437 4374 Per
2463 4335 2640 4389 quem,
2668 4319 2874 4375 dictum
2901 4329 2988 4375 est
3017 4320 3242 4376 relative
3265 4321 3334 4376 ad
3362 4320 3466 4376 hoc
3497 4314 3622 4388 quod
3653 4309 3798 4364 ditent

2324 4427 2424 4483 per
2459 4411 2740 4469 Christum
2788 4412 3080 4468 Dominum
3127 4421 3402 4469 nostrum.
3449 4411 3544 4467 Sed
3580 4406 3726 4464 mirum
3751 4405 3798 4452 δι

632 4503 688 4561 id
713 4511 800 4560 est
826 4503 882 4558 in
907 4503 1098 4568 Verbo,
1127 4509 1182 4556 et
1209 4518 1222 4556 :
1275 4498 1440 4554 Verbo
1470 4498 1688 4554 Domini
1733 4497 1851 4552 ereti
1873 4498 2078 4568 firmati
2099 4507 2222 4552 sunt
2251 4491 2302 4566 ὐ
2329 4505 2476 4576 quod
2497 4504 2637 4561 dixit
2658 4506 2942 4577 pluraliter
2967 4503 2989 4559 τ’
3008 4504 3135 4563 Haec
3159 4506 3347 4561 omnia
3370 4506 3527 4570 bona,
3549 4515 3651 4557 cum
3673 4503 3796 4558 αιτιιις

633 4583 809 4668 (Paul.
837 4593 1043 4666 xxx");
1079 4600 1176 4649 et:
1225 4590 1422 4647 Omnia
1452 4591 1510 4645 in
1555 4589 1820 4661 sapientia
1845 4589 2018 4660 fecisti
2047 4588 2223 4659 (Psal.

630 4688 787 4769 cm).
811 4685 952 4754 Quid
979 4685 1184 4742 rectius
1211 4683 1412 4739 dicitur
1440 4679 1768 4753 conspectus
1793 4679 1890 4738 Dei
1914 4683 2082 4753 quam
2126 4680 2228 4736 Sa-

2327 4605 2384 4653 et
2424 4598 2648 4668 sanguis
2685 4589 2890 4653 Christi
2931 4613 3043 4654 non
3083 4597 3283 4654 sitnisi
3317 4612 3505 4652 unum.
3547 4590 3632 4648 Sed
3663 4588 3702 4642 in
3733 4593 3795 4677 una
3845 4581 3849 4677 I‘

2327 4685 2534 4743 Christi
2556 4703 2806 4759 corpore,
2846 4696 2977 4745 sunt
2996 4688 3181 4744 multa:
3205 4687 3426 4754 formae;
3466 4696 3640 4741 etcum
3669 4675 3794 4759 unas“
3843 4675 3847 4759 l'

634 4751 984 4854 pientia'sua,
1006 4769 1071 4831 in
1121 4791 1232 4847 qua
1261 4773 1531 4846 conspicit
1560 4751 1724 4830 omne
1745 4773 1892 4845 quod
1914 4751 2072 4847 agit?
2113 4772 2224 4830 Ho-
2319 4751 2672 4847 Substantia;
2691 4751 2876 4836 multae
2899 4789 3030 4838 sunt
3051 4782 3256 4852 figurae.
3301 4751 3444 4847 Quot
3462 4769 3593 4833 enim
3841 4751 3845 4854 I‘

631 4831 795 4929 etiam
821 4884 953 4942 ergo
999 4831 1228 4940 perferri
1254 4867 1310 4922 in
1349 4866 1586 4923 sublime
1623 4865 1814 4934 altare,
1846 4865 1903 4920 in
1926 4831 2224 4938 conspectu
2323 4881 2413 4929 tur
2435 4831 2727 4943 panes,,tot
2747 4882 2971 4930 manent
2992 4831 3198 4946 ﬁguZ-aa,
3224 4831 3625 4929 substantiam
3647 4852 3786 4932 μαι-ιιό

630 4963 750 5032 Dei,
785 4962 917 5037 quid
960 4969 1065 5028 est,
1109 4959 1218 5016 nisi
1273 4958 1610 5015 oblationem
1662 4968 1909 5015 nostram
1958 4958 2219 5031 conjungi

631 5039 834 5128 Verbo,
857 5054 1242 5122 uniri-Verbo,
1259 5053 1379 5110 ﬁeri
1417 5053 1612 5123 Deum,
1659 5061 1715 5109 et
1745 5069 1842 5126 per
1865 5069 1986 5111 eam
2019 5071 2124 5113 nos
2164 5056 2220 5112 in

631 5151 806 5225 Doum
833 5133 1063 5217 assumi,
1093 5155 1149 5204 et
1169 5153 1293 5203 vota
1324 5154 1514 5202 nostra
1535 5145 1856 5218 acceptari?

664 5308 669 5312 _
708 5245 1042 5322 Utguotquot
1062 5260 1126 5299 ex
1148 5243 1268 5310 hac,
1287 5251 1418 5310 etc.,
1432 5230 1608 5313 usque
1627 5250 1683 5298 et
1703 5230 1881 5314 gratia
1903 5241 2217 5314 repleamur.

627 5319 738 5398 Per
756 5319 997 5394 eumdem
1022 5336 1311 5390 Daminu‘m
1340 5343 1601 5389 nostrum.
1631 5327 1817 5390 Amen.
1850 5333 2024 5391 Habet
2043 5333 2224 5391 Eccle-

604 5431 714 5489 ἐξίει
741 5431 912 5506 altare
935 5428 1148 5483 'visibile
1172 5428 1227 5482 in
1256 5435 1424 5494 terra,
1455 5434 1541 5482 est
1566 5427 1828 5483 et-‘altare
1850 5427 2124 5484 invisibile
2152 5418 2218 5483 in

629 5509 774 5598 caelo
797 5507 940 5594 apud
963 5519 1158 5577 Deum.
1187 5518 1397 5586 Hostia,
1423 5533 1590 5590 quam
1607 5518 1673 5574 in
1705 5519 1812 5576 hoc
1823 5519 1981 5576 altari
2008 5512 2118 5576 Deo
2139 5519 2222 5576 of-

631 5616 884 5692 ferimus,
908 5613 1022 5669 Deo
1042 5611 1416 5692 conjungitur,
1440 5620 1496 5667 et
1523 5611 1777 5674 ﬁtDeus.
1827 5611 1884 5668 In
1915 5613 2020 5668 hoc
2049 5613 2220 5669 sacri-

633 5691 760 5762 llcio
785 5688 1191 5777 conjunguntur
1213 5688 1429 5762 terrena
1451 5707 1787 5772 caelestibus,
1811 5716 2058 5763 creatura
2084 5706 2216 5778 Deo.

623 5795 776 5882 Cum
809 5798 876 5854 de
898 5797 1004 5882 hoc
1025 5797 1182 5852 altari
1204 5797 1478 5858 sumimus
1505 5799 1671 5872 hujus
1702 5807 2040 5867 creaturam,
2072 5791 2217 5856 acci-

2318 4974 2435 5022 tate
2455 4979 2720 5022 conversa
2753 4967 2808 5021 in
2834 4981 2947 5022 uno
2971 4981 3220 5037 corpore,
3245 4973 3307 5021 ut
3345 4961 3605 5020 visibiliter
3624 4949 3786 5023 ψβτοί

2324 5059 2610 5132 plurulitas
2655 5059 2748 5115 ubi
2784 5069 2869 5115 est
2910 5059 3256 5114 invisibiliter
3292 5053 3588 5114 substantiae
3607 5039 3782 5132 enim»?

2323 5128 2494 5209 unum
2523 5154 2592 5210 sit
2615 5147 2954 5208 individuum
2980 5150 3036 5205 in
3060 5149 3365 5207 substantia
3407 5147 3493 5202 ubi
3513 5128 3780 5205 mltiplmﬂ

2323 5231 2520 5316 ﬁgura.
2544 5243 2912 5315 Apponuntur
2929 5237 3101 5313 panes
3128 5241 3300 5314 ﬁgura
3343 5239 3532 5310 plures,
3551 5241 3594 5287 ct
3615 5226 3776 5316 subslit-

2321 5312 2398 5395 tia
2421 5338 2560 5393 fiunt
2580 5312 2752 5393 unum
2775 5351 2977 5408 corpus
2996 5312 3203 5390 Christi
3224 5351 3240 5401 ;
3263 5331 3443 5388 manet
3459 5312 3775 5400 plunlitatii"

2323 5419 2534 5496 rarum,
2561 5437 2740 5485 cessat
2772 5420 3060 5499 pluralitas
3090 5424 3534 5482 substantiarum.
3576 5412 3648 5468 Est
3674 5411 3770 5458 ¹¹¹¹¹⁸

2292 5528 2302 5536 ’
2323 5522 2694 5590 individuum,
2710 5514 2972 5593 apparent
2991 5521 3168 5592 plura.
3191 5515 3422 5574 Proinde
3443 5509 3586 5600 modo

2290 5615 2488 5682 .modo
2529 5615 2672 5672 sicut
2713 5621 2957 5686 apparet,
2998 5612 3067 5668 de
3103 5624 3328 5682 corpore
3348 5602 3544 5685 Domini
3578 5595 3764 5686 loquimini

2325 5708 2480 5780 Saepe
2519 5707 2776 5774 dicimus,
2793 5685 2857 5762 in
2877 5704 3261 5762 distributione
3299 5692 3548 5758 Dominici

2322 5775 2544 5860 Hostias
2585 5799 2793 5859 multas
2841 5798 3210 5872 expendimus
3232 5838 3246 5862 ,
3291 5793 3372 5849 vel
3415 5785 3619 5861 pluribus
3648 5775 3762 5828 δοείδ
