3960 6316
162 398 327 461 1063

1242 384 1617 455 EXPOSI‘I‘IO
1650 392 1718 452 IN
1756 391 2088 453 CANONEM
2127 394 2385 455 ΜιεεΑῑ.

3312 403 3450 463 πονο
3534 478 3545 492 ,

151 515 382 573 multos
403 528 515 569 uno
540 526 767 586 corpore
802 511 1005 568 Christi
1030 509 1344 580 refecimus,
1369 512 1426 568 in
1452 528 1564 569 uno
1583 510 1758 569 versi-
1786 514 1835 574 Α
1933 510 2202 567 Audemus
2232 512 2424 566 dicere.
2470 508 2713 567 Audacia
2754 508 2970 568 videtur
2997 515 3052 568 et
3072 514 3455 584 praesumptio
3530 581 3537 590 _

150 608 306 667 culo
328 614 715 671 monstrantes,
739 613 793 660 et
816 619 1005 659 eorum
1042 620 1164 675 quae
1186 616 1451 676 apparent
1479 605 1762 677 pluralita-

152 710 308 766 tem,
335 709 389 755 et
412 698 584 769 ipsius
623 697 944 754 subatantia:
983 697 1275 753 invisibilis
1322 699 1611 765 unitatem,
1637 714 1763 777 cum

151 792 389 849 hostias
411 792 595 862 plures
615 799 669 845 et
691 801 860 844 unum
883 789 1118 846 dicimus
1143 806 1363 862 corpus.
1390 790 1481 848 Sie
1502 800 1555 847 et
1580 791 1637 863 in
1658 791 1766 847 hoc

150 883 299 940 loco
338 883 572 945 dicimus
617 900 630 937 :
675 880 802 937 Haec
848 882 1031 937 omnia
1072 882 1217 937 bona
1244 923 1261 950 ,
1323 898 1516 939 omnes
1555 882 1765 939 scilicet

152 974 390 1030 hostias
431 990 571 1045 quas
618 974 671 1027 in
722 973 854 1029 orbe
894 980 1010 1028 toto
1035 972 1283 1029 immolat
1322 972 1585 1030 Ecclesia.
1629 972 1765 1041 Quae

148 1068 415 1139 quidem,
435 1066 483 1122 si
503 1065 789 1122 sensibiles
809 1065 1038 1121 intueris
1058 1065 1368 1135 qualitates,
1387 1064 1615 1121 inﬁnitae
1635 1074 1764 1121 sunt

150 1174 436 1226 numero;
482 1158 531 1214 si
571 1158 955 1226 substantiam,
998 1156 1224 1228 sanguis
1266 1165 1352 1214 est
1373 1174 1517 1214 unus
1558 1167 1613 1214 et
1652 1173 1761 1214 una

146 1267 307 1308 caro
335 1271 346 1307 :
372 1268 495 1323 quae
538 1267 803 1322 sempera
829 1250 939 1306 Deo
979 1258 1257 1317 creantur,
1283 1250 1413 1322 quia
1455 1250 1761 1321 qui‘semel

149 1340 340 1397 Verbi
363 1343 450 1398 sui
471 1357 673 1412 corpus
694 1341 899 1397 creavit
917 1342 984 1397 de
1006 1339 1245 1414 Virgine,
1268 1342 1513 1412 quotidie
1533 1342 1600 1399 de
1621 1357 1763 1414 pane

144 1442 325 1491 creat
346 1435 466 1505 ejus
487 1450 730 1501 carnem,
763 1434 903 1489 etde
927 1434 1055 1489 vino
1079 1434 1424 1516 sanguinem.
1480 1446 1483 1449 '

235 1525 582 1597 Sancti/iens.
608 1526 861 1593 Quotidie
885 1526 1207 1595 sanctiﬁcat,
1235 1503 1481 1584 oratione
1507 1510 1777 1585 sacerdo?

146 1620 236 1677 tis
257 1628 319 1676 et
337 1620 724 1691 cooperatione
750 1618 989 1689 Spiritus
1010 1620 1205 1676 sancti.
1674 1671 1679 1675 .

248 1712 522 1783 Viri/iras.
569 1712 823 1780 Quotidie
842 1712 1103 1780 viviﬁcat,
1129 1713 1347 1785 corpori
1389 1714 1544 1785 prius
1581 1714 1760 1769 inani-

148 1815 324 1861 mato
342 1805 481 1861 dans
502 1804 689 1860 vitam.
718 1804 873 1861 Unde
904 1814 959 1861 et
997 1805 1152 1877 prius
1194 1805 1476 1862 dicebatur
1517 1807 1757 1863 rationa—

149 1894 299 1951 bilis
319 1896 437 1951 htcc
455 1895 651 1951 hostia.

234 1987 539 2045 Benedicis.
569 1987 822 2056 Quotidie
844 1988 1138 2058 benedicit,
1183 1990 1459 2061 quomodo
1503 1992 1757 2063 superius

148 2091 291 2133 eam
332 2078 691 2148 precabamur
733 2078 789 2133 in
835 2078 1091 2135 omnibus
1137 2079 1253 2134 ﬁeri
1296 2080 1673 2149 benedictam,
1702 2089 1759 2137 et

150 2176 406 2240 quatuor
429 2170 638 2240 species
670 2170 1058 2242 subjunximus
1082 2170 1500 2228 benedictionis.

234 2260 311 2315 Et
351 2270 574 2333 prwslas
607 2262 776 2317 nobis.
815 2262 1070 2330 Quotidie
1110 2272 1333 2333 praestat
1356 2264 1516 2320 nobis
1555 2279 1757 2335 corpus

151 2353 293 2410 Filii
318 2354 423 2425 sui,
447 2356 576 2427 quia
597 2356 743 2427 quod
763 2366 847 2413 est
869 2356 1011 2427 apud
1032 2356 1249 2414 Patrem
1266 2357 1329 2427 in
1351 2358 1592 2426 sublimi,
1620 2375 1759 2429 quo-

152 2448 302 2503 tidie
322 2456 545 2520 praestat
566 2450 725 2505 nobis
746 2449 803 2504 in
843 2449 1023 2505 altari.
1052 2448 1120 2505 Et
1139 2450 1287 2521 quod
1328 2450 1471 2521 apud
1495 2466 1623 2505 eum
1659 2451 1759 2506 do-

152 2556 301 2596 num
321 2548 405 2597 est
428 2541 484 2596 in
508 2543 669 2611 caelo,
686 2542 830 2613 apud
852 2543 1104 2599 homines
1125 2543 1312 2599 datum
1335 2543 1493 2600 estin
1520 2552 1681 2599 terra.

234 2632 344 2688 Per
366 2635 540 2704 ipsum
560 2644 609 2690 et
639 2652 760 2690 cum
785 2636 919 2706 ipso.
950 2634 1057 2691 Per
1099 2652 1265 2707 quem
1305 2635 1467 2691 Pater
1510 2635 1577 2691 de
1617 2651 1759 2706 pane

150 2740 389 2781 carnem
456 2736 637 2796 creat,
683 2728 1015 2796 sanctiﬁcat,
1069 2727 1339 2797 viviﬁcat,
1394 2728 1665 2783 benedicit
1702 2735 1758 2784 et

153 2827 393 2889 praestat
423 2839 436 2875 :
465 2836 564 2891 per
593 2821 845 2876 eumdem
892 2820 1073 2890 ipsum
1095 2819 1318 2887 Filium,
1342 2828 1420 2874 est
1443 2819 1553 2874 Deo
1574 2818 1754 2888 Patri,

154 2928 286 2965 cum
308 2909 513 2981 Spiritu
531 2922 734 2980 sancto,
760 2913 931 2967 omnis
954 2912 1121 2967 honor
1141 2922 1192 2967 et
1216 2912 1411 2984 gloria.
1455 2911 1553 2967 Est
1581 2913 1759 2969 honor

153 3011 220 3060 et
244 3003 416 3075 gloria
435 3002 583 3059 Patri
606 3020 702 3075 per
720 3003 944 3071 Filium,
968 3003 1112 3060 sicut
1131 3003 1395 3075 scriptum
1423 3011 1507 3059 est
1531 3022 1543 3058 :
1569 3002 1755 3070 Pater,

155 3095 504 3166 manifestavi
534 3112 723 3151 nomen
743 3105 893 3152 tuum
912 3096 1231 3165 hominibus,
1254 3113 1383 3168 quos
1405 3096 1603 3150 dedisti
1625 3096 1757 3150 mihi

156 3182 349 3257 (Joan.
382 3187 537 3260 xm).
581 3186 650 3243 Et
682 3207 695 3243 :
734 3186 919 3255 Pater,
967 3187 1212 3258 clariﬁca
1254 3186 1461 3242 Filium
1494 3195 1664 3255 tuum,
1696 3196 1755 3242 ut

154 3285 214 3331 et
235 3275 414 3332 Filius
445 3287 566 3333 tuus
589 3279 848 3349 elariﬁcet
872 3287 922 3335 te
950 3277 1166 3351 (Ibid.).
1214 3277 1389 3335 Habet
1406 3278 1555 3335 enim
1580 3280 1756 3336 hono-

157 3383 282 3424 rem
322 3377 376 3425 et
413 3370 641 3442 gloriam
681 3370 845 3427 Pater
867 3386 994 3427 cum
1034 3370 1195 3439 Filio,
1222 3386 1349 3428 cum
1371 3388 1483 3442 quo
1506 3386 1756 3428 commu-

159 3476 295 3517 nem
318 3462 479 3519 habet
498 3464 798 3535 potentiam
838 3472 893 3520 et
932 3463 1294 3521 divinitatem.
1336 3461 1474 3519 Nam
1497 3479 1623 3520 cum
1644 3478 1755 3534 quo

160 3553 330 3621 habet
351 3555 558 3623 omnia,
582 3570 706 3611 cum
732 3555 851 3626 ipso
872 3555 1057 3623 habet,
1077 3555 1243 3611 etiam
1264 3555 1531 3611 honorem
1555 3562 1611 3609 et
1632 3555 1753 3626 glo-

160 3644 306 3703 riam
327 3642 507 3712 Pater,
529 3646 584 3700 in
611 3661 721 3716 quo
742 3656 847 3702 est.
872 3644 1009 3719 Nam
1032 3646 1302 3717 scriptum
1332 3654 1418 3702 est
1452 3664 1466 3702 :
1499 3645 1665 3701 Pater
1696 3647 1754 3700 in

164 3745 363 3805 meast,
386 3746 435 3792 et
456 3755 550 3810 ego
574 3739 630 3792 in
660 3737 827 3793 Patre
858 3737 1039 3811 (Joan.
1076 3739 1155 3811 ι).
1198 3738 1337 3807 Quia
1377 3739 1538 3796 Pater
1574 3747 1658 3796 est
1695 3738 1752 3794 in

162 3843 276 3895 ne,
300 3829 418 3886 ideo
441 3831 707 3902 quidquid
737 3831 899 3887 habet
927 3830 1106 3899 Pater,
1144 3831 1308 3887 habet
1343 3832 1399 3887 in
1436 3831 1575 3888 Filio
1602 3850 1615 3887 :
1640 3847 1752 3887 non

161 3917 315 3973 enim
337 3918 535 3975 habere
557 3928 755 3990 potest,
783 3921 891 3975 nisi
917 3921 972 3975 in
993 3921 1113 3991 ipso
1133 3920 1188 3975 in
1210 3936 1321 3991 quo
1340 3930 1441 3977 est.

244 4008 461 4065 Oremus
502 4028 521 4066 :
552 4011 840 4083 Prwceptis
870 4012 1200 4068 salutaribus
1230 4014 1437 4069 moniti.
1485 4013 1754 4069 Cohorta-

164 4110 262 4157 tur
282 4119 459 4172 orare,
480 4105 719 4161 subdens
740 4122 964 4161 causam
988 4127 1000 4160 ;
1044 4106 1173 4177 quia
1219 4122 1413 4163 sumus
1456 4106 1583 4162 inde
1605 4108 1753 4163 salu-

166 4195 273 4249 tari
302 4205 566 4267 praecepto
592 4197 807 4252 moniti.
851 4197 995 4270 Lege
1034 4197 1409 4271 Evangelium,
1432 4206 1486 4253 et
1507 4199 1751 4256 invenies

167 4296 513 4359 praeceptum.
548 4288 660 4344 Cur
682 4290 823 4345 hanc
846 4291 1019 4345 solam
1044 4290 1347 4346 orationem
1374 4290 1629 4361 praecedit
1651 4290 1749 4347 ad-

169 4379 423 4447 hortatio,
450 4396 575 4435 cum
600 4381 784 4451 plures
820 4382 875 4437 in
909 4383 1015 4437 hoc
1043 4397 1255 4437 canone
1285 4382 1574 4451 faciamus,
1608 4392 1663 4438 et
1682 4383 1752 4439 ad

169 4472 372 4527 nullam
396 4472 596 4528 hortati
620 4474 850 4531 sumus?
894 4472 1036 4542 Quia
1082 4476 1188 4530 illae
1212 4484 1342 4531 sunt
1364 4474 1675 4545 inferiores,
1697 4485 1753 4533 et

1867 601 2119 659 homines
2145 602 2395 659 inﬁrmos
2415 601 2599 658 divina
2622 602 2987 660 institutione.
3018 602 3299 661 Audemus
3316 606 3481 663 obeon

1864 692 2091 761 dientia,
2125 710 2235 750 non
2260 693 2509 749 audacia.
2556 692 2833 750 Audentes
2872 694 3122 761 audacia,
3168 694 3247 749 rei
3287 703 3453 766 sunt;

1864 784 2128 843 audentes
2149 785 2479 854 obedientia,
2506 783 2783 865 laudandi.
2808 786 2991 843 Ausus
3011 787 3333 845 obedientite
3352 789 3452 846 bo-

1864 894 2005 947 nus;
2038 878 2267 935 audacia
2289 878 2577 950 superbiae,
2604 879 2768 935 mala.
2792 877 2879 945 Et,
2904 878 3047 936 sicut
3067 879 3260 935 orandi
3282 894 3453 937 causa

1863 970 2154 1043 subiuncta
2176 979 2279 1038 est,
2292 971 2420 1042 quia
2443 981 2773 1042 praeceptum
2796 980 2909 1039 est,
2932 970 3005 1027 ita
3028 970 3261 1027 audendi
3284 986 3454 1028 causa

1862 1063 2161 1133 praecessit,
2185 1062 2315 1133 quia
2341 1062 2464 1118 inde
2506 1077 2699 1119 sumus
2732 1062 2915 1118 divina
2952 1063 3293 1120 institutione
3333 1062 3451 1118 for-

1863 1154 2016 1210 mati.
2046 1153 2267 1211 Oremus
2301 1168 2452 1227 ergo,
2477 1155 2605 1226 quia
2634 1154 2758 1209 inde
2778 1169 2972 1210 sumus
2992 1154 3267 1225 praeceptis
3299 1154 3455 1209 salu-

1863 1246 2066 1303 taribus
2096 1248 2318 1313 moniti;
2340 1256 2414 1314 et,
2437 1246 2690 1302 audemus
2718 1248 2911 1315 dicere,
2935 1248 3065 1319 quia
3096 1264 3289 1305 sumus
3325 1247 3455 1305 inde

1860 1340 2046 1397 divina
2073 1340 2416 1396 institutione
2456 1340 2694 1396 formati.
2730 1339 2867 1396 Nam
2897 1342 3018 1398 ideo
3056 1358 3298 1409 oramus,
3322 1342 3457 1414 quia

1863 1434 1986 1490 inde
2030 1442 2364 1505 praeceptum
2407 1434 2747 1504 accepimus;
2792 1440 2847 1489 et
2868 1434 2989 1491 ideo
3012 1436 3301 1502 audemus,
3323 1434 3457 1507 quia

1862 1540 1963 1580 nos
1985 1522 2211 1595 pavidos
2233 1524 2300 1579 ad
2324 1524 2429 1580 hoc
2450 1523 2596 1579 Deus
2622 1524 2905 1580 animavit.
2935 1524 3089 1580 Dedit
3119 1535 3454 1597 praeceptum

1860 1616 2055 1672 orandi
2079 1615 2147 1672 ad
2171 1616 2426 1682 salutem,
2464 1615 2613 1671 dedit
2655 1616 2909 1672 ﬁduciam
2950 1615 3187 1673 audendi
3229 1625 3455 1688 propter

1848 1709 2113 1777 timorem
2126 1750 2136 1764 .

1928 1799 2093 1856 Pater
2126 1809 2322 1868 noster,
2347 1800 2438 1872 qui
2466 1817 2519 1854 es
2548 1798 2603 1853 in
2640 1798 2803 1854 cretis.
2858 1796 3197 1856 Dominicam
3242 1800 3453 1857 oratio-

1855 1914 1980 1955 nem
2003 1914 2114 1954 non
2136 1913 2368 1968 expono,
2400 1896 2530 1967 quia
2564 1897 2769 1952 multos
2801 1895 2989 1953 Patres
3023 1897 3343 1968 exposuisse
3365 1913 3455 1953 re-

1855 1990 2028 2061 perio.
2071 1988 2183 2045 Nec
2208 1998 2422 2059 Oportet
2444 1988 2534 2044 hic
2579 1998 2782 2060 ponere
2815 1989 2964 2060 quod
3005 1989 3061 2044 in
3102 1990 3288 2046 multis
3314 1990 3452 2047 locis

1854 2090 2171 2154 promptum
2194 2090 2279 2137 est
2310 2080 2575 2137 invenire.
3424 2150 3427 2151 ν

1926 2173 2122 2229 Libera
2165 2192 2257 2229 nos
2289 2191 2615 2247 quaasumus,
2660 2173 2903 2229 Domine.
2951 2173 3119 2232 Facta
3158 2173 3454 2230 conﬁrma-

1844 2266 2006 2335 tione
2048 2265 2346 2323 Dominicae
2401 2267 2687 2334 orationis,
2728 2267 2959 2346 dicendo
3002 2284 3016 2322 :
3056 2266 3253 2333 Amen,
3298 2275 3452 2323 totus

1854 2366 2038 2415 textus
2094 2359 2190 2430 qui
2232 2359 2481 2430 sequitur
2520 2375 2621 2430 pro
2656 2358 2812 2414 venia
2856 2361 3206 2430 peccatorum
3237 2368 3359 2415 orat
3395 2371 3455 2417 et

1848 2466 1956 2522 pro
1991 2466 2125 2522 pace
2154 2469 2168 2506 :
2198 2467 2301 2507 suo
2330 2452 2600 2523 principio
2631 2460 2870 2523 smmpto
2890 2452 2958 2507 de
2997 2451 3106 2506 ﬁne
3152 2450 3453 2523 Dominicae

1855 2518 2143 2610 orationis,
2173 2542 2267 2614 qui
2298 2518 2419 2599 orat
2443 2518 2635 2598 contra
2664 2518 2908 2614 peccata,
2935 2536 3167 2597 dicendo
3198 2560 3213 2597 :
3252 2538 3355 2597 Sed
3380 2518 3453 2620 li-

1856 2634 1982 2691 bera
2011 2651 2104 2690 nos
2128 2653 2162 2690 a
2190 2634 2353 2691 malo.
2397 2635 2604 2692 Deinde
2624 2651 2873 2707 sequens
2919 2642 3099 2691 textus
3131 2632 3323 2706 incipit
3349 2649 3451 2707 pro

1855 2728 2112 2799 peccatis,
2151 2727 2424 2785 dicendo:
2457 2726 2651 2782 Libera
2690 2744 2805 2795 nos,
2839 2744 3162 2799 quasumus,
3202 2727 3452 2796 Domine,
3534 2756 3559 2771 ο

1856 2822 1922 2876 ab
1969 2822 2213 2877 omnibus
2258 2821 2441 2877 malis.
2489 2820 2693 2877 Deinde
2739 2822 2992 2892 sequitur
3023 2837 3123 2893 pro
3152 2837 3287 2892 pace
3318 2840 3333 2878 :
3364 2820 3453 2876 Da

1854 2915 2117 2984 propitius
2140 2930 2324 2985 pacem
2355 2914 2413 2968 in
2441 2912 2625 2968 diebus
2655 2911 3101 2969 nostris.-lterum
3131 2929 3231 2984 pro
3258 2926 3455 2984 pecca-

1856 3004 1929 3060 tis
1963 3023 1976 3059 :
2006 3003 2077 3060 Ut
2119 3022 2152 3058 a
2178 3014 2393 3076 peccato
2433 3005 2599 3058 simus
2646 3021 2849 3075 semper
2893 3004 3069 3060 liberi.
3117 3003 3322 3060 Deinde
3348 3018 3453 3074 pro

1855 3111 1991 3167 pace
2024 3115 2037 3151 :
2066 3095 2135 3150 Et
2165 3096 2231 3151 ab
2271 3097 2414 3151 omni
2454 3096 2850 3167 perturbatione
2879 3096 3073 3152 securi.
3122 3096 3323 3152 lterum
3352 3113 3455 3168 pro

1855 3201 1990 3257 pace
2033 3187 2283 3257 sequitur
2316 3205 2330 3241 :
2364 3185 2486 3242 Pax
2525 3185 2746 3241 Domini
2787 3188 2859 3242 sit
2914 3204 3118 3259 semper
3159 3188 3450 3243 vobiscum.

1857 3276 2061 3333 Deinde
2088 3293 2189 3349 pro
2214 3278 2453 3348 peccatis
2479 3277 2709 3334 iteratur
2741 3294 2756 3333 :

1925 3370 2107 3442 Agnus
2120 3370 2239 3439 Dei,
2258 3372 2349 3442 qui
2374 3365 2519 3426 tollis
2539 3380 2755 3442 peccata
2777 3367 2985 3438 mundi,
3010 3369 3255 3425 miserere
3279 3369 3452 3423 nobis.

1856 3461 2058 3519 lterum
2090 3479 2191 3535 pro
2218 3479 2352 3534 pace
2384 3482 2398 3518 :
2432 3463 2588 3517 Dona
2624 3462 2774 3517 nobis
2807 3480 3010 3534 pacem.
3038 3461 3104 3518 Et
3133 3462 3215 3518 sic
3244 3462 3369 3517 ﬁnis
3397 3470 3453 3519 et

1855 3557 2261 3613 consummatio
2288 3554 2545 3614 sacriﬁcii
2575 3557 2635 3611 lit
2655 3558 2722 3612 de
2750 3572 2906 3628 pace,
2951 3564 3005 3611 et
3044 3570 3369 3610 maneamus
3396 3554 3451 3609 in

1854 3670 2007 3725 pace.
2061 3649 2218 3708 Unde
2264 3651 2319 3706 in
2370 3651 2845 3709 consummatione
2894 3649 3149 3707 sacriﬁcii
3198 3649 3451 3704 osculum

1854 3745 2129 3803 sumimus
2160 3764 2173 3801 :
2204 3761 2316 3818 quo
2340 3754 2394 3800 et
2421 3745 2478 3799 in
2505 3743 2776 3800 sacriﬁcio
2822 3756 3111 3797 assensum
3151 3747 3205 3794 ct
3228 3738 3451 3810 partici-

1853 3838 2077 3909 patione
2122 3836 2483 3903 ostendimus,
2512 3842 2567 3892 et
2594 3833 2741 3906 quod
2769 3832 3036 3888 debemus
3084 3829 3138 3884 in
3170 3843 3303 3900 pace
3334 3844 3451 3882 ma«

1856 3946 1983 3987 nere
2012 3930 2316 4003 signamus.

2440 4012 2855 4072 CONCLUSIO.

1927 4109 2274 4166 Sanctissimi
2300 4107 2529 4164 canonis
2555 4115 2706 4163 textu
2730 4100 3133 4163 studiosissime
3160 4100 3449 4175 inquisito,

1854 4201 2086 4257 obsecro
2116 4208 2188 4266 te,
2222 4199 2539 4270 quicunque
2568 4195 2913 4263 transcribis,
2963 4204 3020 4250 ut
3070 4188 3453 4259 distinctiones

1852 4293 2141 4365 diligenter
2169 4293 2487 4359 observans,
2520 4291 2861 4364 singulorum
2903 4289 3265 4362 capitulorum
3296 4288 3449 4363 prin-

1854 4385 1995 4458 cipia
2025 4383 2429 4457 grandiusculis
2474 4382 2673 4439 litteris
2702 4389 2995 4453 przenotes,
3028 4390 3084 4436 et
3111 4379 3365 4452 periodos
3391 4379 3448 4467 in

1854 4478 2055 4549 quibus
2080 4485 2253 4533 totum
2279 4473 2669 4547 quaternarius
2696 4473 2973 4529 concludit
2995 4468 3321 4543 opusculum
3350 4485 3449 4525 ca-

170 4565 407 4620 humana
428 4567 639 4623 ratione
660 4568 1011 4638 compositae;
1050 4569 1169 4626 hzec
1198 4568 1459 4640 perfecta,
1482 4578 1537 4625 et
1565 4586 1598 4626 a
1631 4571 1748 4627 solo
1780 4580 1825 4636 Ι)
1849 4571 2109 4644 pitalibus
2136 4570 2337 4626 litteris
2381 4568 2680 4633 illumines,
2725 4564 2993 4636 appositis
3023 4563 3197 4619 titulis
3243 4562 3448 4634 quibus

170 4657 285 4713 Deo
305 4656 552 4714 formata.
578 4657 733 4715 Unde
761 4668 816 4715 et
836 4660 1127 4731 sequitur:

245 4747 313 4803 Et
334 4750 511 4806 divina
526 4752 869 4817 institutione
892 4753 1135 4825 formati.
1166 4752 1320 4811 Sicut
1358 4764 1544 4811 narrat
1566 4753 1749 4811 Evan-

170 4841 389 4913 gelium,
416 4844 709 4903 Dominum
734 4847 1001 4922 rogabant
1029 4848 1283 4922 apostoli,
1316 4847 1457 4905 Doce
1481 4866 1574 4906 nos
1597 4866 1753 4905 orare

174 4933 329 4997 (Luc.
353 4937 458 5009 si);
479 4947 535 4996 et
556 4940 823 5001 Dominus
843 4941 1165 5002 informavit
1179 4958 1280 5005 eos
1298 4942 1463 5019 hujus
1482 4942 1751 5003 orationis

172 5027 528 5092 institutione.

1852 4674 1909 4721 et
1940 4665 2292 4737 periodorum
2322 4661 2614 4725 diversitas
2642 4659 2819 4732 prima
2867 4656 3046 4714 fronte
3076 4656 3336 4729 praeclare
3363 4655 3447 4744 af-

1851 4756 2080 4829 fulgeat,
2121 4765 2177 4813 et
2223 4755 2569 4828 singulorum
2603 4751 2971 4823 capitulorum
3014 4749 3283 4821 principia
3305 4750 3311 4755 ’
3332 4747 3446 4820 pri-

1854 4865 1947 4906 mo
1997 4849 2120 4906 visu
2170 4862 2231 4904 se
2271 4847 2526 4913 offerant,
2568 4851 2626 4900 et
2670 4842 2959 4899 immutata
3004 4841 3146 4910 cola,
3194 4848 3249 4896 et
3292 4852 3446 4894 com-

1854 4948 2025 5010 mata,
2055 4938 2303 4999 confusis
2322 4935 2796 5014 distinctionibus
2824 4933 3126 4993 sententias
3168 4947 3280 4988 non
3310 4922 3443 4987 con-

1854 5032 2097 5091 turbent.
