3960 6316
595 341 752 408 Lion

1757 341 1761 344 ’
1795 345 1857 403 Β.
1895 338 2149 404 ODONIS
2184 343 2445 402 CAMER.
2486 343 2704 401 EPISC.

3595 299 3869 420 mal

613 465 3757 506 Μ

1276 684 1475 814 DE
1571 678 2287 813 PECCATO
2384 591 3210 810 ORIGINALI

1799 941 2177 1058 LIBRI

1662 1383 2143 1475 LIBER

1261 1579 1546 1654 Prologus.

673 1677 751 1738 De
770 1677 1076 1753 quaestione
1098 1675 1311 1733 famosa
1337 1672 1544 1746 peccati
1565 1669 1870 1743 originalis,
1901 1684 2025 1742 quae
2048 1667 2193 1740 apud

525 1769 528 1772 ’
586 1767 936 1831 ὀιιιιοάοιοε
966 1769 1168 1842 sapius
1203 1766 1524 1834 ventilatur,
1550 1764 1856 1831 locuturus,
1888 1763 2087 1818 invoco
2117 1770 2188 1830 te,

579 1863 788 1924 sancte
815 1863 1074 1936 Spiritus,
1103 1870 1165 1918 ut
1192 1859 1340 1916 adsis
1368 1858 1524 1925 mihi,
1553 1866 1792 1914 mentem
1838 1855 2192 1928 linguamque
2239 1853 2242 1858 ’

583 1957 917 2016 'custodiens
948 1955 1005 2010 in
1035 1953 1314 2020 omnibus,
1350 1967 1419 2008 ne
1447 1950 1580 2023 quid
1623 1951 1721 2005 ﬁat
1748 1949 1804 2004 in
1838 1950 1941 2004 hoc
1970 1947 2190 2019 negotio

597 2050 719 2110 sine
737 2046 1078 2121 beneplacito
1101 2055 1218 2102 tuo.
1243 2045 1350 2102 Sed
1372 2059 1566 2116 precor
1606 2041 1804 2098 fratres
1832 2057 1900 2098 ne
1942 2056 2031 2096 me
2051 2055 2192 2111 prae-

584 2141 926 2214 sumptionis
972 2146 1226 2212 arguant,
1269 2137 1418 2210 quod
1463 2152 1578 2193 rem
1626 2134 1926 2206 saepissime
1957 2149 2192 2190 concus-

596 2249 738 2302 sam,
770 2241 826 2290 et
870 2248 1086 2304 semper
1132 2230 1521 2297 indiscussam,
1570 2229 1768 2285 moliar
1811 2228 2103 2295 discutere,
2135 2235 2191 2284 et

596 2327 885 2399 antiquum
920 2325 1092 2382 chaos
1138 2339 1281 2379 nova
1329 2322 1452 2378 luce
1481 2320 1830 2392 perfundere.
1879 2318 2190 2391 Coegerunt

579 2411 744 2474 ’enim
770 2433 857 2473 me
880 2416 1102 2489 quidam
1132 2414 1332 2472 fratres
1357 2423 1420 2471 ut
1456 2414 1567 2471 hoc
1591 2412 1850 2471 facerem.
1888 2411 2188 2469 Excusanti

577 2507 664 2567 'de
693 2509 1052 2580 occupatione
1099 2507 1435 2565 exteriorum
1481 2505 1820 2578 ingerebant,
1855 2513 1918 2561 ut
1961 2504 2188 2561 maledi-

585 2602 829 2659 ctionem
852 2599 1158 2658 absconditi
1179 2598 1369 2656 talenti
1398 2612 1668 2654 caverem.
1700 2595 1883 2654 Hebes
1906 2597 2186 2669 ingenium

477 2691 490 2700 ’
590 2692 919 2765 proponenti
963 2691 1368 2764 respondebant
1415 2689 1550 2746 illud
1596 2689 1664 2746 de
1709 2690 1925 2760 psalmo
1956 2708 1971 2745 :
1999 2687 2187 2745 Dilata

592 2803 652 2842 os
688 2795 839 2841 tuum
879 2794 930 2841 et
956 2784 1183 2856 implebo
1207 2782 1345 2839 illud
1369 2782 1541 2854 (Psal.
1573 2766 1762 2853 ιιὰς).
1805 2771 2184 2839 Diﬂicultatem

534 2881 536 2883 ’
576 2876 916 2951 quaestionis
965 2877 1281 2934 formidanti
1348 2876 1775 2948 promissionem
1839 2875 2187 2947 opponebant

2265 941 2670 1058 TRES.

2244 1381 2845 1476 PRIMUS

2223 1582 2273 1642 Α
2303 1577 2448 1637 fecit.
2506 1580 2563 1638 Si
2594 1599 2792 1641 manus
2821 1591 3054 1652 motum,
3088 1583 3172 1640 vel
3201 1582 3364 1656 gladii
3388 1627 3404 1654 ,
3451 1585 3564 1659 quis
3587 1585 3783 1644 nescitis-

2293 1675 2524 1730 sentiam
2552 1676 2752 1734 habere
2781 1678 3030 1734 motum?
3057 1674 3116 1732 Si
3138 1677 3380 1734 essentia
3405 1689 3512 1750 est,
3537 1697 3565 1736 a
3587 1679 3676 1735 Deo
3694 1671 3795 1734 facta

2290 1775 2394 1824 εει.
2423 1766 2618 1826 Omnis
2645 1769 2794 1826 enim
2819 1770 3060 1827 essentia
3092 1779 3289 1843 praeter
3316 1771 3486 1830 Deum
3535 1789 3562 1830 a
3588 1772 3676 1829 Deo
3694 1772 3786 1828 facta

2290 1868 2395 1916 est.
2427 1857 2548 1916 Non
2577 1870 2662 1918 est
2690 1861 2858 1934 igitur
2897 1861 3126 1927 malum,
3153 1869 3338 1921 motus
3362 1879 3516 1935 quem
3543 1862 3648 1919 fecit
3672 1862 3780 1918 Dens.

2293 1948 2386 2007 Sic
2413 1967 2546 2025 ergo
2568 1967 2672 2009 nec
2697 1953 2918 2010 animus
2955 1953 3072 2025 ipse
3103 1954 3344 2013 hominis
3368 1964 3451 2012 est
3475 1955 3667 2022 malum,
3689 1954 3784 2026 quod

2290 2042 2438 2101 Deus
2466 2059 2576 2100 non
2608 2043 2756 2102 fecit.
2810 2044 2868 2102 Si
2898 2054 3082 2103 autem
3124 2062 3226 2104 nec
3255 2049 3493 2114 animus,
3521 2064 3606 2104 nec
3629 2046 3785 2111 ferrum,

2289 2150 2391 2191 nec
2418 2133 2638 2204 manus,
2667 2152 2768 2192 nec
2793 2146 2977 2194 motus
3005 2137 3177 2194 ullum
3199 2148 3284 2196 est
3309 2139 3540 2207 malum;
3581 2138 3685 2210 quid
3704 2153 3786 2209 ergo

2289 2227 2346 2284 in
2371 2227 2670 2285 homicidio
2697 2229 2900 2286 dicitur
2927 2231 3176 2287 malum?
3202 2230 3442 2288 Omnino
3463 2248 3562 2288 non
3592 2231 3787 2288 invenitur

2289 2319 2344 2376 in
2373 2321 2768 2392 corporalibus.
2819 2321 3084 2379 Similiter
3114 2323 3172 2379 in
3213 2323 3503 2393 adulterio,
3532 2333 3690 2382 neutra
3709 2339 3787 2396 per-

2275 2428 2446 2482 ‘sona,
2480 2424 2673 2471 neuter
2700 2432 2889 2485 sexus,
2917 2433 3018 2474 nec
3047 2426 3252 2486 motus,
3278 2434 3386 2475 nec
3409 2418 3594 2483 ﬂuxus,
3617 2434 3695 2473 nec
3716 2417 3789 2487 ipse

2286 2508 2556 2578 pruritus,
2586 2509 2794 2564 malum
2820 2518 2924 2577 est,
2955 2511 3105 2581 quod
3135 2527 3244 2566 non
3274 2509 3412 2568 facit
3437 2509 3588 2566 Deus.
3614 2507 3707 2582 ipsa
3727 2506 3789 2563 de-

2286 2597 2454 2668 nique
2498 2600 2805 2670 corporalia
2855 2617 2980 2672 qua:
3021 2601 3150 2657 fecit
3193 2601 3344 2659 Deus
3374 2619 3480 2659 non
3521 2610 3631 2658 sunt
3651 2599 3789 2654 malum

2277 2687 2435 2760 quod
2461 2707 2571 2747 non
2595 2691 2724 2748 fecit
2752 2692 2917 2750 Deus.
2949 2692 3055 2750 Sed
3081 2710 3182 2750 nec
3210 2696 3267 2749 in
3293 2695 3434 2766 ipsis
3461 2704 3539 2750 cst
3561 2691 3790 2751 malum,ut

2287 2782 2413 2838 inde
2461 2783 2603 2839 mala
2651 2793 2798 2840 recte
2848 2784 3121 2841 dicantur.
3155 2785 3426 2859 Denique,
3461 2788 3504 2843 si
3533 2787 3640 2858 quis
3661 2794 3791 2855 arguat

2270 2874 2594 2944 corporalia
2642 2875 2794 2942 mali,
2824 2876 2972 2946 quod
3003 2875 3341 2932 adulterium
3373 2887 3556 2950 agant;
3601 2877 3665 2931 sic
3697 2881 3791 2929 recte

725 2971 955 3027 dicentis
986 2989 998 3026 :
1041 2968 1207 3026 Posui
1254 2947 1586 3040 adjutorium
1610 2969 1668 3023 in
1700 2978 1977 3040 potentem
2008 2967 2182 3042 (Psal.
2219 2947 2522 3048 Btpossunt
2553 2982 2612 3023 se
2648 2983 2946 3035 excusare;
2985 2957 3356 3040 dispositione
3393 2947 3644 3026 Creatoris
3679 2965 3792 3033 subji-

575 3053 884 3137 ‘uxxvm).
908 3059 1102 3138 Et'ego
1125 3079 1341 3120 mecum
1363 3063 1528 3119 etiam
1546 3063 1875 3130 recolebam,
1895 3063 2187 3134 aliquoties

576 3159 900 3216 'occurrisse
949 3152 1087 3214 mibi
1137 3143 1423 3222 scribenti,
1473 3157 1631 3228 plura
1678 3172 1801 3228 qua:
1845 3156 2184 3225 nesciebam.

592 3251 814 3310 Evictus
844 3253 1029 3323 itaque
1076 3248 1307 3327 fratrum
1339 3249 1593 3320 precibus
1623 3247 1936 3318 indefessis,
1964 3258 2018 3306 et
2051 3249 2186 3305 cha-

577 3342 757 3398 'ritate
786 3328 928 3414 quae,
961 3342 1184 3414 quando
1209 3341 1402 3408 fervet,
1434 3341 1656 3396 modum
1706 3341 1904 3413 saepius
1929 3341 2143 3398 excedit
2168 3384 2184 3412 ,

565 3430 835 3491 "conlisus
863 3435 930 3491 de
962 3419 1058 3492 Dei
1091 3432 1486 3500 misericordia,
1530 3440 1587 3488 et
1631 3431 2001 3489 fraternarum
2057 3448 2184 3504 pre-

575 3511 723 3583 lcum
752 3528 978 3596 auxilio,
1029 3529 1086 3584 in
1115 3527 1334 3584 foveam
1361 3527 1712 3582 tenebrosam
1739 3524 2015 3594 descendi,
2044 3527 2182 3583 late-

595 3619 721 3674 bras
749 3618 983 3676 dillicilis
1008 3610 1330 3691 quaestiOnis
1354 3619 1657 3692 ingressus,
1689 3633 1917 3689 sperans
1941 3616 2007 3674 de
2036 3627 2187 3674 tene-

589 3703 705 3765 bris
745 3709 930 3765 lumen
963 3709 1363 3781 Splendescere.
1405 3709 1701 3766 Sciendum
1732 3709 1898 3782 igitur
1923 3710 2186 3781 quaestio-

573 3792 713 3873 :nem
745 3803 887 3858 hanc
909 3803 1193 3875 originalis
1214 3802 1446 3874 peccati,
1475 3803 1542 3859 de
1565 3817 1632 3859 eo
1661 3803 2011 3869 descendere,
2037 3803 2185 3874 quod

566 3883 882 3968 'Apostolus
909 3895 987 3950 ait
1017 3913 1031 3950 :
1069 3893 1138 3950 In
1177 3911 1278 3968 quo
1304 3911 1481 3950 omnes
1517 3903 1860 3965 peccaverunt
1899 3893 2075 3966 (Rom.
2103 3895 2181 3966 v),

589 3987 644 4042 id
675 3995 760 4042 cst
790 3985 844 4040 in
879 3985 1072 4042 Adam.
1118 3985 1186 4041 Et
1210 3985 1493 4058 quaeritur,
1527 3984 1806 4055 quomodo
1833 3984 2184 4055 peccavimus

574 4079 645 4153 jin
692 4077 905 4145 Adam,
951 4077 1220 4149 originem
1263 4076 1471 4147 peccati
1521 4076 1802 4132 trahentes
1858 4075 1928 4132 ab
1985 4075 2177 4133 Adam.

572 4164 677 4236 'Et,
727 4177 1020 4242 antequam
1067 4168 1390 4241 quaestionis
1437 4167 1604 4239 hujus
1670 4168 1842 4225 nodos
1906 4183 2183 4240 propona-

575 4278 738 4342 lmus,
768 4262 986 4319 videtur
1021 4261 1312 4318 dicendum
1364 4261 1495 4334 quid
1535 4261 1607 4317 sit
1649 4262 1792 4334 quod
1826 4263 2026 4319 dicitur
2057 4279 2182 4334 pec-
2209 4297 2251 4356 ο

577 4355 796 4411 catum.

574 4436 580 4520 ί
610 4445 615 4450 ’
707 4519 711 4523 ,
938 4447 1140 4517 Quibus
1174 4447 1344 4502 modis
1379 4447 1581 4502 dicitur
1612 4447 1832 4502 malum.
1922 4442 1927 4447 ’

543 4533 576 4539 ”
661 4537 761 4600 Est
787 4551 968 4600 autem
1001 4549 1305 4615 peccatum,
1351 4540 1562 4596 malum
1589 4540 1735 4611 quod
1770 4539 1915 4596 Dens
1951 4555 2061 4596 non
2099 4555 2183 4594 ia-

573 4622 669 4705 cit
699 4654 714 4691 :
747 4649 876 4692 nam
922 4633 1129 4692 malum
1176 4631 1468 4703 dupliciter
1496 4631 1726 4699 dicitur;
1775 4632 1982 4688 scilicet
2031 4632 2180 4703 quod

513 4717 517 4732 ’
573 4713 743 4786 ’Βειιε
765 4725 916 4794 facit,
945 4734 1000 4782 et
1023 4723 1172 4797 quod
1201 4723 1346 4780 Deus
1377 4738 1488 4780 non
1532 4721 1682 4779 facit.
1729 4721 1886 4779 Unde
1912 4723 2179 4795 scriptum

574 4805 675 4878 ἀι
700 4838 713 4875 :
745 4815 972 4874 Faciem
993 4833 1174 4888 pacem
1196 4825 1248 4870 et
1271 4828 1456 4870 creans
1479 4813 1680 4869 malum
1702 4813 1757 4885 (1
1760 4814 1860 4869 sai.
1893 4812 2055 4886 xnv);
2084 4823 2139 4871 et
2163 4833 2177 4872 :

579 4895 652 4970 .Si
701 4919 781 4968 est
847 4908 1050 4965 malum
1103 4909 1162 4963 in
1219 4909 1435 4963 civitate
1482 4906 1624 4979 quod
1687 4905 1829 4962 Deus
1895 4923 1999 4961 non
2054 4907 2180 4978 fecit

590 5005 775 5074 (Amos
803 5004 908 5076 ιιι).
951 5001 1122 5058 Poena
1151 5000 1299 5057 enim
1339 5015 1440 5071 pro
1467 4998 1706 5070 peccatis
1733 4998 1940 5054 malum
1969 5007 2052 5055 est
2078 5012 2178 5068 pa—

589 5097 888 5163 tientibus,
939 5093 1088 5166 quod
1137 5092 1281 5148 Deus
1314 5089 1466 5148 facit.
1515 5088 1788 5146 Retribuit
1833 5090 1982 5146 enim
2035 5090 2180 5146 Deus

587 5188 731 5245 mala
760 5185 1018 5259 peccatis.
1042 5181 1244 5239 Malum
1275 5188 1458 5236 autem
1483 5179 1631 5251 quod
1658 5179 1927 5250 injustitia
1954 5179 2177 5246 dicitur,

589 5280 816 5338 omnino
844 5277 988 5334 Deus
1018 5292 1127 5332 non
1154 5273 1305 5340 facit,
1335 5271 1429 5327 sed
1459 5270 1651 5342 punit;
1701 5282 1762 5326 ut
1804 5270 1928 5342 ejus
1954 5267 2196 5328 omnino

588 5389 700 5430 non
727 5371 800 5429 sit
826 5377 1040 5436 auctor,
1070 5367 1230 5439 cujus
1257 5372 1344 5421 est
1367 5361 1608 5434 punitor.

868 5460 1023 5528 Quod
1044 5467 1318 5531 peccatum
1344 5471 1449 5510 non
1471 5463 1549 5509 est
1572 5454 1633 5508 iu
1661 5470 1898 5524 corpore.

659 5552 780 5612 Hoc
803 5554 1010 5610 malum
1038 5553 1092 5609 in
1123 5548 1504 5623 corporalibus
1553 5562 1663 5603 non
1719 5546 2028 5614 invenitur,
2077 5560 2180 5603 nec

2291 3061 2469 3116 cimur
2498 3060 2702 3138 animo,
2730 3061 2973 3132 quandiu
2999 3071 3324 3133 vegetamur
3351 3063 3406 3117 in
3437 3063 3550 3127 illo;
3585 3058 3708 3114 illum
3730 3069 3792 3110 no-

2287 3152 2374 3208 bis
2396 3152 2683 3230 constituit
2710 3151 2999 3233 Dominus,
3030 3153 3121 3209 cui
3149 3155 3464 3233 serviamus
3485 3163 3535 3210 et
3556 3152 3791 3208 obediamus

2289 3247 2346 3302 in
2389 3247 2668 3302 omnibus.
2724 3245 2807 3302 Ad
2860 3231 3059 3322 nutum
3109 3247 3278 3318 igitur
3311 3231 3476 3304 illius
3503 3236 3790 3301 movemursd

2239 3327 2242 3330 ’
2273 3341 2471 3396 omnia
2499 3339 2841 3396 ordinatione
2868 3339 3073 3419 divina.
3103 3340 3246 3408 Quid
3269 3357 3407 3413 ergo
3434 3352 3687 3412 peccamus
3707 3333 3790 3389 obe-
3868 3397 3869 3410 χ

2277 3424 2486 3488 ’ᾱίειιὰο
2509 3432 2735 3498 rationi,
2758 3423 2902 3508 sicut
2931 3416 3190 3504 praecepit
3211 3431 3400 3489 Deus?
3424 3433 3634 3506 Agimus
3647 3425 3788 3482 adulle-

2273 3524 2468 3581 "rium?
2501 3524 2756 3597 Praecipit
2779 3525 3000 3601 domina
3025 3525 3190 3591 ratio,
3217 3525 3384 3596 cujus
3413 3525 3646 3581 resistere
3667 3514 3791 3587 neqvi-

2285 3619 2468 3679 vimus
2493 3617 2752 3688 imperio;
2794 3617 3034 3689 operarii
3065 3605 3194 3672 mali
3223 3632 3338 3672 non
3371 3632 3576 3681 sumus,
3604 3612 3704 3684 quia
3723 3621 3788 3662 non

2286 3711 2501 3782 agimus
2528 3710 2734 3765 malum
2759 3717 3033 3776 nostrum,
3057 3709 3152 3765 sed
3173 3709 3426 3766 alterius.
3457 3708 3623 3764 Lauda
3642 3714 3789 3760 servum

2286 3802 2667 3870 obedientem,
2710 3801 2996 3858 dominum
3047 3801 3208 3873 culpa
3255 3801 3663 3872 praecipientem.
3701 3789 3789 3858 Quii

2287 3885 2476 3964 peccat
2519 3909 2696 3964 equus
2720 3901 2950 3965 portans
2998 3893 3253 3949 hostem?
3298 3892 3446 3961 Quid
3474 3893 3644 3948 lancea
3666 3886 3792 3941 vulne-

2289 3999 2418 4039 rans
2448 3984 2766 4039 hominem?

2337 4146 2339 4148 η
2416 4075 2570 4142 Quod
2605 4085 2880 4146 peccatum
2908 4085 2985 4131 est
3020 4077 3077 4131 in
3103 4076 3216 4131 solo
3246 4077 3449 4147 spiritu
3483 4071 3712 4130 rationali.

2359 4167 2520 4222 Errat
2545 4183 2671 4223 vere
2723 4169 2819 4239 qui
2852 4178 3136 4239 peccatum
3185 4170 3391 4240 quaerit
3419 4171 3472 4224 in
3502 4177 3706 4237 corpore.
3730 4169 3790 4210 ηε)

2286 4257 2564 4314 invenitur
2591 4261 2721 4316 alibi
2751 4276 2916 4332 quam
2948 4261 3005 4316 in
3035 4261 3230 4332 spiritu
3258 4262 3540 4326 rationali,
3566 4268 3611 4314 et
3631 4256 3792 4326 ejnsw

2284 4351 2522 4419 luntate;
2552 4368 2652 4408 nec
2682 4361 2864 4409 tamen
2895 4353 3057 4419 ratio,
3087 4355 3172 4408 vel
3203 4354 3483 4419 voluntas,
3513 4351 3590 4406 vel
3616 4350 3704 4418 ipse
3722 4339 3791 4409 ⁵1³4·

2283 4444 2424 4500 I‘itus
2453 4445 2658 4500 malum
2688 4454 2792 4514 est,
2824 4446 2971 4517 quod
3001 4462 3110 4501 non
3139 4445 3265 4502 fecit
3303 4446 3488 4513 Deus;
3529 4442 3614 4500 sed
3639 4431 3788 4507 injusti-

2283 4538 2357 4593 tia
2379 4539 2701 4608 voluntatis,
2722 4539 2840 4611 ipsa
2859 4547 2945 4596 est
2965 4540 3170 4595 malum
3188 4541 3337 4611 quod
3363 4538 3661 4611 quaerimus.
3675 4529 3790 4599 IpsaIn

2285 4629 2433 4687 enim
2464 4630 2692 4686 omnino
2723 4647 2834 4687 non
2858 4630 2989 4711 fecit
3027 4631 3200 4700 Deus;
3232 4641 3286 4709 et
3311 4633 3438 4704 ipsa
3468 4639 3566 4695 est,
3593 4621 3707 4698 quod
3726 4619 3791 4711 inf

2282 4723 2584 4795 putandum
2633 4723 2747 4781 Deo
2797 4709 2907 4781 non
2955 4733 3059 4781 est.
3109 4724 3219 4781 Nec
3254 4726 3468 4797 requiri
3495 4724 3638 4779 debet
3660 4709 3793 4782 aliquis

2264 4819 2475 4873 'auctor
2493 4818 2739 4874 omnium
2763 4819 3059 4887 malorum,
3089 4819 3228 4876 sicut
3249 4817 3401 4875 Deus
3422 4816 3651 4875 noscitur
3665 4813 3791 4864 auctor

2283 4908 2532 4966 omnium
2559 4895 2888 4964 bonorum."
2949 4910 2951 4912 ’
3159 4894 3162 4898 ’

2355 5000 2506 5068 Quod
2546 5000 2746 5056 malum
2769 5012 2847 5075 est
2885 5001 3092 5074 aliquid
3130 5002 3422 5057 secundum
3461 4996 3747 5056 Munichiam-

2352 5093 2467 5151 Iloc
2487 5093 2912 5150 Manichaeorum
2943 5095 3167 5151 haeresis
3192 5094 3520 5160 affirmabat,
3542 5090 3708 5147 malum
3725 5093 3790 5151 Ρη·

2281 5196 2406 5243 tans
2434 5185 2755 5253 essentiam,
2785 5201 2853 5242 eo
2881 5187 3026 5257 quod
3076 5187 3255 5257 ipsum
3297 5195 3562 5257 tanquam
3604 5168 3788 5252 genesi“

2279 5277 2491 5349 species
2521 5276 2894 5347 multipliciter
2920 5277 3089 5332 dividi
3136 5278 3378 5343 videant,
3409 5278 3636 5333 dicentes
3666 5265 3788 5324 :Cll

2283 5369 2566 5440 injustitia:
2595 5357 2742 5424 malo
2769 5369 3103 5439 superbiam,
3138 5379 3194 5424 et
3221 5368 3647 5428 fornicationem.
3677 5355 3785 5414 alii?

2285 5477 2388 5532 que
2404 5461 2615 5532 species
2636 5461 2870 5529 multas;
2902 5470 2962 5516 ut
2981 5461 3165 5533 generi
3188 5462 3347 5532 plane
3371 5461 3630 5521 subditas,
3646 5459 3774 5507 earum

2281 5567 2392 5626 que
2415 5553 2819 5611 subdivisiones
2846 5554 3222 5610 ordinabilitcr
3268 5571 3445 5626 usque
3474 5551 3540 5609 ad
3570 5537 3784 5617 singulari1

590 5649 810 5718 proprie
832 5645 1090 5710 dicimus,
1120 5651 1185 5701 ut
1204 5654 1433 5713 corpore
1450 5654 1768 5735 peccemus.
1797 5637 1856 5694 ln
1881 5638 2180 5695 homicidio

2281 5645 2612 5719 descendere
2657 5647 2944 5703 videamus
2968 5688 2984 5714 ,
3057 5656 3112 5703 et
3166 5662 3470 5704 econverso
3517 5645 3569 5700 in
3623 5632 3783 5708 spariNI

589 5737 739 5795 enim
785 5737 927 5807 quid
961 5735 1162 5793 dicitur
1192 5733 1448 5790 malum-2
1501 5731 1562 5788 Si
1608 5730 1854 5804 gladium
1901 5746 2174 5796 accusas;

593 5826 742 5884 Deus
766 5826 971 5886 ferrum
1001 5826 1146 5885 fecit.
1172 5825 1230 5882 Si
1258 5839 1482 5883 manum
1508 5822 1716 5895 arguis,
1747 5831 1801 5880 ct
1829 5823 2004 5895 ipsam
2037 5823 2181 5882 Deus

2282 5753 2452 5795 unam
2482 5737 2781 5811 singularia
2812 5740 2990 5810 plura,
3017 5741 3333 5812 speciesque
3373 5739 3558 5812 plures
3602 5733 3647 5788 in
3673 5732 3781 5812 uua-

2285 5843 2459 5902 senus
2483 5810 2705 5890 realiter
2729 5831 2986 5900 adunari,
3029 5810 3274 5910 itemque
3314 5810 3598 5908 superiora
3621 5823 3673 5880 dc
3694 5810 3781 5872 ἰώ·
