3960 6316
213 307 364 372 ωπ

1287 302 1385 364 DE
1424 310 1745 375 peccaro
1779 311 2149 388 ORlGlNALl.
2190 338 2260 354 —
2283 311 2426 367 us.
2464 312 2496 368 ι.

3369 309 3388 362 l
3399 310 3510 374 llis

210 431 462 488 rioribus
483 431 538 486 in
565 431 696 503 quid
723 433 927 502 optime
950 432 1263 504 praedicari?
1291 426 1432 498 Quis
1455 435 1820 491 substantiam
1851 433 1898 492 Α
1923 431 2245 495 essentiam,
2287 444 2387 484 nec
2431 426 2594 482 aliam
2641 423 2795 496 ponit
2823 423 3136 480 essentiam.
3173 422 3326 481 Sient
3357 429 3506 491 enim

209 531 400 592 neget,
423 521 569 593 quod
599 520 668 576 ad
695 521 828 590 quid
875 523 1275 593 respondetur?
1325 520 1462 590 Quis
1487 523 1694 580 refellct
1722 540 1811 579 es-

205 613 473 681 sentiam,
505 612 654 683 quod
677 612 988 669 universale
1016 629 1124 670 non
1154 615 1392 687 negabit.

1917 541 2028 580 non
2045 526 2230 596 justus
2264 531 2426 595 negat
2465 519 2774 591 appositum
2807 518 3020 588 justum
3060 535 3161 576 nec
3198 519 3343 576 aliud
3383 508 3537 578 esse"

1913 618 2087 688 ponit,
2119 617 2198 674 sic
2226 617 2466 687 injustus
2484 612 2756 686 justitiam
2783 611 3007 683 deponit
3032 628 3132 667 nec
3157 612 3300 668 aliud
3326 614 3500 684 ponit.

239 763 248 772 _
283 705 480 759 Aliter.
518 702 806 772 Praeterea,
836 721 1036 762 nomen
1086 723 1250 763 omne
1279 697 1698 779 signiﬁcativum
1725 717 1812 764 est
1911 708 2025 764 l-loc
2053 717 2263 764 tantum
2289 707 2466 763 dill‘ert
2491 722 2522 762 a
2566 704 2854 777 negatione
2880 705 3138 775 privatio,
3173 704 3304 776 quia
3337 722 3504 778 nega-

200 794 281 850 ad
311 793 595 866 placitum.
627 793 780 851 Hanc
805 811 935 868 ergo
963 812 1175 866 vocem,
1203 797 1256 852 id
1287 807 1370 854 est
1396 799 1806 871 malum,quam

197 888 483 960 simplicis
512 888 702 960 ﬁgurae
746 891 1142 961 grammaticus
1186 892 1342 960 dicit,
1393 902 1447 948 et
1493 911 1590 966 per
1616 912 1807 954 omnes

194 997 380 1040 casus
414 983 660 1051 inﬂectit,
691 1000 816 1056 quae
855 1002 1118 1043 numeros
1163 988 1351 1054 etiam,
1385 991 1722 1061 singularem
1749 1001 1808 1048 et

109 1075 114 1078 ’
190 1074 478 1144 pluralem
507 1076 724 1146 recipit,
751 1077 879 1146 quis
911 1093 1112 1134 nomen
1144 1079 1396 1150 negabit?
1431 1080 1512 1137 Ad
1544 1083 1802 1152 placitum

191 1182 344 1239 ergo
375 1168 648 1240 signiﬁcat
683 1170 911 1241 aliquid.
953 1171 1121 1228 Audit
1157 1174 1297 1230 hanc
1324 1189 1512 1230 vocem
1559 1175 1802 1246 Graecus,

191 1258 367 1314 audit
389 1269 444 1316 et
470 1259 719 1317 Latinus.
756 1260 1014 1318 Audienti
1045 1262 1236 1320 Graeco
1285 1265 1546 1335 strepitus
1588 1274 1802 1323 tantum

188 1365 314 1424 est,
349 1357 486 1412 nihil
515 1373 614 1428 per
638 1375 759 1439 eam
790 1359 1060 1431 intelligit.
1097 1359 1190 1416 Sic
1225 1377 1325 1416 nec
1353 1360 1602 1429 Latinus,
1635 1372 1694 1418 ut
1721 1363 1805 1420 di-

187 1449 300 1514 cit,
335 1449 598 1505 mentitur
624 1450 808 1522 plane,
845 1451 1142 1525 interroget
1191 1454 1604 1522 conscientiam,
1635 1465 1691 1512 et
1719 1457 1805 1513 in-

189 1542 390 1597 veniet
435 1553 649 1599 motum
697 1547 896 1601 mentis
928 1560 1024 1616 per
1052 1562 1235 1602 vocem
1274 1547 1444 1604 illam.
1487 1548 1624 1614 Quia
1674 1566 1803 1606 vere

137 1682 142 1684 _
185 1629 310 1687 fert
343 1633 548 1705 aliquid
579 1635 748 1689 menti
773 1650 878 1690 vox
901 1635 1018 1692 base
1047 1637 1230 1692 audita
1263 1637 1461 1694 Latini.
1491 1638 1628 1694 Cum
1653 1641 1798 1695 enim

188 1722 384 1788 audit,
418 1725 621 1780 malum
655 1725 824 1792 facit;
878 1735 974 1782 aut
999 1737 1180 1799 negat,
1214 1738 1309 1783 aut
1342 1730 1622 1797 concedit;
1653 1731 1800 1801 quod

1909 803 1988 858 tio
2009 814 2092 857 est
2111 799 2422 870 ubicunque
2443 805 2698 869 negatum
2723 811 2833 850 non
2855 804 2958 861 est,
2982 795 3371 866 privatio'vcro
3393 813 3503 853 non

1908 905 1993 952 est
2037 895 2351 964 ubicunque
2391 890 2663 964 privatum
2713 903 2821 944 non
2867 898 2974 954 est,
3020 888 3115 944 sed
3159 898 3371 944 tantum
3408 889 3500 944 ubi

1907 989 2068 1046 debet
2093 1003 2216 1045 esse
2241 986 2538 1058 privatum,
2577 998 2682 1039 nec
2725 990 2810 1039 est
2835 997 3079 1052 unquam
3110 981 3352 1052 privatio
3382 984 3514 1040 sine

1906 1084 2105 1154 privati
2141 1083 2355 1151 debito;
2405 1097 2509 1139 nec
2541 1081 2762 1152 proprie
2803 1095 3102 1152 possumus
3140 1081 3501 1152 privationem

1905 1177 2086 1234 dicere
2113 1175 2206 1232 ubi
2229 1174 2507 1248 privatum
2537 1188 2645 1229 non
2674 1174 2835 1230 debet
2853 1188 2996 1230 esse.
3032 1171 3188 1229 Unde
3207 1183 3261 1240 et
3282 1174 3514 1232 irratio?

1906 1270 2028 1326 nale
2055 1269 2276 1341 proprie
2299 1267 2368 1324 de
2389 1283 2457 1325 eo
2477 1283 2587 1325 non
2611 1266 2831 1334 dicitur,
2863 1266 2952 1323 cui
2975 1266 3206 1323 rationis
3232 1283 3367 1324 usus
3389 1283 3511 1339 non!

1903 1360 2154 1417 debetur.
2183 1359 2493 1432 Aliquando
2517 1368 2698 1416 tamen
2723 1368 3002 1431 ponuntur
3033 1358 3368 1430 privationes
3399 1375 3510 1432 pro.

1904 1452 2306 1526 negationibus,
2355 1460 2410 1508 et
2449 1450 2674 1524 quando
2715 1452 2940 1507 nomina
2981 1467 3163 1508 rerum
3207 1451 3507 1520 deﬁciunt,

1903 1562 2047 1617 saepe
2092 1553 2376 1616 ponuntur
2414 1544 2578 1601 etiam
2625 1561 2726 1616 pro
2768 1545 2904 1616 ipsis
2935 1545 3122 1613 rebus,
3161 1562 3264 1603 nos
3313 1555 3508 1604 autem

1903 1638 1992 1692 hic
2017 1637 2398 1708 privationem,
2425 1647 2486 1692 ut
2507 1637 2724 1708 proprie
2750 1637 2972 1705 dicitur,
3001 1647 3321 1696 tractamus.
3353 1640 3505 1695 Cum-

1901 1745 2031 1800 ergo
2049 1729 2276 1800 justitiae
2301 1730 2534 1800 privatio
2554 1730 2624 1785 sit
2648 1729 2937 1800 injustitia,
2962 1731 3114 1787 nulla
3132 1741 3214 1787 est
3234 1734 3506 1802 essentia,

184 1830 316 1870 non
349 1814 496 1885 facit,
517 1817 612 1888 qui
635 1835 744 1874 non
773 1820 1044 1892 intelligit.
1069 1821 1206 1875 Cum
1227 1837 1357 1893 ergo
1382 1839 1486 1877 vox
1506 1823 1594 1879 illa
1615 1825 1684 1878 sit
1703 1841 1788 1878 no-
1824 1829 1868 1887 n
1895 1831 1948 1877 et
1975 1822 2097 1876 ideo
2119 1822 2259 1877 nihil
2287 1831 2389 1880 est.
2422 1822 2562 1894 Ergo
2595 1831 2877 1894 peccatum
2909 1833 2962 1879 et
2988 1825 3195 1880 malum
3223 1824 3360 1881 nihil
3387 1837 3492 1895 est.

183 1922 352 1973 men,
374 1908 644 1980 signiﬁcat
664 1911 892 1983 aliquid,
917 1913 964 1968 si
993 1913 1221 1982 aliquid,
1243 1923 1295 1968 et
1315 1915 1606 1970 essentiam
1629 1935 1641 1970 :
1668 1931 1795 1971 nam

181 2000 351 2067 quod
370 2002 666 2057 essentiam
695 2019 806 2059 non
832 2004 1126 2060 habetnon
1153 2015 1234 2062 est
1261 2007 1489 2077 aliquid.
1517 2007 1609 2063 Est
1631 2009 1796 2080 igitur

181 2097 460 2164 essentia,
479 2098 624 2169 quod
639 2101 842 2153 malum
855 2098 1076 2165 dicitur,
1098 2109 1152 2155 et
1165 2117 1274 2155 non
1289 2088 1794 2181 estnihil,.malum.

661 2189 817 2256 Quod
842 2191 1043 2246 malum
1066 2192 1203 2246 nihil
1233 2178 1332 2248 est.

271 2282 383 2338 Nos
411 2291 592 2336 autem
635 2291 859 2338 econtra
909 2284 1114 2362 malum
1138 2271 1376 2350 dicimus
1406 2285 1542 2346 nihil
1569 2303 1711 2353 esse,
1740 2266 1810 2344 et.

183 2373 406 2428 nullam
438 2374 733 2428 essentiam
764 2373 1002 2442 habere;
1045 2391 1174 2430 nam
1201 2377 1339 2431 nihil
1367 2387 1472 2446 est,
1506 2379 1650 2448 quod
1681 2395 1790 2436 non

182 2463 534 2532 fecitDeus;
568 2465 774 2520 malum
803 2474 984 2522 autem
1041 2465 1186 2523 Deus
1217 2484 1326 2523 non
1359 2468 1512 2536 fecit;
1544 2471 1638 2542 qui
1665 2469 1794 2527 fecit

181 2571 363 2611 omne
387 2556 534 2627 quod
561 2565 646 2612 est
677 2557 906 2624 malum,
951 2558 1120 2628 igitur
1169 2559 1306 2614 nihil
1353 2569 1454 2627 est,
1500 2570 1554 2616 et
1584 2563 1788 2619 nullam

180 2649 495 2705 essentiam
533 2649 726 2718 habet;
773 2666 902 2705 nam
933 2667 947 2704 :
980 2651 1027 2705 si
1056 2660 1160 2718 est,
1193 2650 1337 2707 Deus
1360 2651 1507 2719 fecit,
1539 2655 1633 2726 qui
1665 2653 1793 2711 fecit

180 2757 364 2798 omne
391 2742 536 2812 quod
586 2750 689 2798 est.
743 2741 848 2798 Sed
892 2741 1065 2798 Deum
1118 2742 1315 2800 fecisse
1360 2745 1564 2800 malum
1611 2745 1793 2802 dicere

179 2834 353 2890 nefas
387 2845 490 2891 est.
524 2834 724 2890 Malum
755 2835 922 2907 igitur
952 2836 1089 2892 nihil
1111 2845 1230 2905 est;
1280 2838 1408 2908 quia
1444 2838 1648 2893 malum
1678 2839 1792 2910 pri-

181 2929 348 2984 vatio
382 2929 507 2984 boni
542 2939 644 2997 est,
693 2939 747 2984 et
791 2931 897 2987 scit
941 2931 1123 2988 omnis
1169 2932 1264 3002 qui
1312 2933 1448 2988 bene
1499 2933 1602 2989 scit
1660 2934 1790 3005 quia

179 3021 431 3091 privatio
462 3037 569 3076 non
595 3030 680 3078 est
711 3022 939 3094 aliquid.
978 3022 1225 3094 Denique
1253 3031 1492 3094 quatuor
1531 3034 1662 3081 sunt
1690 3042 1790 3097 op-

179 3113 530 3184 positionum
560 3113 732 3179 modi,
777 3113 1183 3171 contrariorum
1227 3116 1459 3184 scilicet,
1506 3125 1560 3173 et
1593 3118 1662 3173 ad
1693 3119 1792 3173 ali-

179 3183 358 3274 quid;
396 3204 785 3262 allirmationis.
806 3214 861 3262 et
899 3206 1226 3278 negationis,
1256 3183 1582 3278 privationis
1610 3218 1666 3265 et
1698 3209 1790 3265 ha-
1816 3183 1856 3239 δ

182 3296 367 3353 bitus.
420 3295 627 3352 Harum
669 3296 782 3352 dux
829 3317 842 3354 :
885 3299 1313 3365 contrariorum,
1349 3309 1404 3354 et
1443 3300 1510 3356 ad
1556 3299 1784 3371 aliquid,

181 3401 479 3462 opponunt
498 3391 702 3464 aliquid
732 3391 918 3460 alicui,
949 3400 1011 3448 ut
1039 3392 1224 3447 album
1253 3401 1308 3447 et
1339 3392 1555 3464 nigrum
1579 3436 1594 3459 ,
1641 3409 1784 3463 quae,

183 3494 253 3541 ut
271 3487 551 3542 contraria!
569 3493 940 3558 opponuntur,
965 3495 1261 3558 utrumque
1281 3495 1384 3554 est,
1409 3494 1473 3541 et
1491 3495 1787 3559 utrumque

183 3595 353 3635 suam
385 3579 550 3635 habet
577 3579 895 3635 essentiam.
928 3575 1192 3634 Similiter
1211 3579 1468 3635 dominus
1491 3589 1555 3636 ett
1568 3595 1782 3648 servus,

184 3685 319 3743 quae
343 3679 470 3725 sunt
503 3671 571 3724 ad
601 3670 828 3741 aliquid,
861 3678 1158 3741 utrumque
1183 3679 1286 3739 est,
1314 3680 1370 3727 et
1397 3686 1584 3728 veram
1620 3673 1786 3730 habet

185 3763 508 3820 essentiam.
539 3759 960 3834 Oppositionum
1008 3777 1136 3818 vero
1183 3763 1305 3819 duae
1348 3764 1574 3836 reliquae
1617 3781 1785 3838 oppo-

185 3863 333 3910 nunt
352 3853 516 3911 alicui
539 3853 688 3925 quod
727 3868 836 3910 non
862 3863 966 3922 est,
999 3863 1056 3909 ut
1083 3871 1207 3910 cum
1241 3855 1449 3910 homini
1491 3857 1784 3928 opponitur

186 3957 452 4017 tanquam
483 3947 700 4019 negatio
722 3963 830 4003 non
856 3947 1021 4002 homo
1053 3966 1067 4014 ;
1097 3948 1262 4002 homo
1289 3949 1508 4020 quidem
1527 3940 1642 4017 est,
1672 3965 1784 4006 non

187 4039 357 4094 homo
389 4055 545 4108 vero,
570 4040 720 4095 nulla
755 4049 839 4096 est
861 4040 1120 4096 essentia.
1149 4038 1414 4096 Similiter
1452 4051 1506 4097 et
1541 4043 1631 4114 pio
1657 4058 1782 4098 cum

187 4132 484 4203 opponitur
509 4133 710 4204 impius
739 4142 1002 4204 tanquam
1040 4133 1297 4204 privatio,
1333 4133 1507 4204 pietas
1536 4145 1650 4202 est;
1686 4135 1784 4190 im-

187 4225 364 4297 pietas
390 4239 518 4279 vero
543 4224 690 4280 nulla
725 4232 810 4281 est
849 4224 1110 4293 essentia,
1148 4223 1247 4282 sed
1292 4232 1505 4280 tantum
1548 4224 1782 4296 privatio

189 4317 428 4390 pietatis.
463 4316 616 4390 Sicut
643 4316 791 4374 enim
833 4332 942 4373 non
975 4317 1143 4374 homo
1169 4326 1386 4374 tantum
1421 4325 1583 4390 negat
1610 4316 1783 4373 homi-

189 4413 278 4468 nis
300 4428 442 4480 esse,
467 4413 549 4468 sic
572 4420 626 4468 et
654 4409 897 4483 pietatis,
928 4409 1204 4481 impietas.
1256 4409 1416 4479 Quod
1453 4419 1638 4466 autem
1664 4418 1780 4465 tan-

187 4518 307 4563 tum
348 4514 510 4578 negat
546 4519 668 4562 esse
711 4519 823 4560 non
863 4502 1042 4574 potuit
1070 4519 1214 4570 esse,
1265 4518 1378 4559 non
1418 4502 1585 4575 igitur
1619 4503 1781 4559 habet
1810 4535 1858 4593 ο

187 4600 479 4656 essentiam
501 4597 737 4669 privatio
772 4596 858 4652 vel
899 4596 1137 4669 negatio.
1159 4594 1228 4653 Et
1265 4596 1471 4652 malum
1513 4611 1642 4667 ergo
1667 4610 1774 4651 non

185 4701 298 4758 est,
327 4692 373 4748 si
417 4692 652 4763 privatio
689 4690 820 4746 boni
860 4699 1075 4746 tantum
1108 4698 1212 4748 est.
1270 4689 1367 4746 Est
1421 4697 1602 4745 autem
1647 4689 1776 4745 boni

186 4783 418 4856 privatio
447 4793 678 4840 tantum.
713 4783 806 4852 Et,
835 4792 896 4840 ut
926 4783 1205 4856 patentius
1241 4783 1347 4839 hoc
1396 4781 1775 4850 ostendamus,

187 4877 318 4948 quia
341 4877 544 4934 bonum
567 4885 622 4934 et
646 4878 854 4934 malum
892 4877 1268 4949 multipliciter
1294 4878 1572 4946 dicuntur,
1599 4893 1668 4935 ne
1688 4893 1782 4950 pa-

181 4971 296 5027 riat
315 4985 558 5028 errorem
590 4969 992 5042 multiplicitas,
1013 4985 1114 5043 pro
1138 4970 1285 5028 bono
1301 4971 1576 5043 justitiam
1602 4986 1782 5028 suma-

185 5079 336 5130 mus,
365 5073 420 5120 et
450 5064 775 5134 injustitiam
799 5080 900 5135 pro
932 5063 1099 5120 malo.
1134 5061 1413 5134 Siquidem
1436 5064 1779 5137 propositum

183 5167 438 5216 nostrum
475 5166 562 5214 est
586 5158 737 5230 loqui
760 5158 849 5215 .de
883 5165 1152 5231 peccato;
1195 5157 1343 5229 quod
1373 5156 1699 5228 iniustitiam
1725 5165 1783 5214 et

184 5252 391 5308 malum
431 5251 850 5324 appellavimus.

618 5343 773 5410 Quod
809 5343 1040 5415 privatio
1083 5343 1218 5399 nihil
1251 5351 1350 5400 est.

255 5434 352 5492 Est
386 5436 552 5507 igitur
595 5435 864 5508 iniustitia
899 5435 1136 5506 privatio
1169 5433 1420 5507 iustitiae,
1463 5432 1510 5489 si
1555 5432 1780 5504 quidem

181 5528 480 5603 privatoria
530 5528 802 5600 particula
844 5535 1056 5584 tantum
1107 5527 1286 5599 privat
1322 5524 1626 5598 justitiam,
1678 5539 1780 5582 nec

184 5619 587 5690 aliam'reponit
605 5620 927 5687 essentiam,
953 5636 1082 5676 nam
1111 5621 1276 5688 sicut,
1310 5635 1436 5686 non,
1460 5618 1772 5691 negativum

183 5712 526 5780 adverbium,
567 5722 734 5785 negat
755 5713 1065 5786 appositum
1102 5727 1245 5780 esse,
1291 5728 1394 5769 nec
1424 5710 1580 5784 ponit
1627 5710 1772 5772 aliud

177 5821 326 5885 esse,
359 5802 439 5861 sic
481 5805 536 5859 in
577 5805 886 5882 privatoria.
911 5805 1201 5882 particula,
1248 5805 1426 5877 privat
1468 5802 1772 5878 appositam

1899 1912 2166 1983 siquidem
2191 1924 2473 1985 peccatum
2491 1924 2546 1969 et
2572 1914 2775 1968 malum
2799 1915 2935 1969 nihil
2960 1916 3067 1972 nisi
3096 1915 3363 1988 injustitia
3387 1929 3491 1975 est.

2078 2005 2231 2072 Quod
2269 2006 2412 2062 mala
2438 2023 2542 2062 non
2568 2005 2759 2062 habent
2787 2008 2986 2078 species
3017 2009 3306 2081 generales.
3426 2006 3429 2010 ’

1967 2095 2158 2172 Itaque
2183 2099 2392 2174 malum
2437 2114 2538 2174 nec
2574 2113 2747 2170 genus
2786 2091 2883 2155 est
2915 2115 3017 2157 nec
3045 2100 3150 2156 illa:
3192 2101 3404 2173 species
3437 2104 3494 2160 in

1897 2172 2035 2258 spias
2071 2172 2352 2255 dividitur,
2389 2172 2715 2243 adulterium
2761 2188 2970 2245 scilicet
3011 2190 3096 2246 vel
3131 2172 3500 2249 homicidium

1894 2286 1949 2334 e’t
2001 2265 2220 2348 caetera,
2271 2276 2544 2350 siquidem
2579 2275 3032 2362 essentiam'non
3081 2281 3315 2352 habent;
3363 2268 3503 2342 nam"

1895 2369 2043 2444 quod
2086 2373 2380 2429 essentiam
2409 2389 2518 2448 non
2554 2374 2739 2442 habet,
2767 2367 2881 2432 non
2903 2361 3209 2450 est-genus,
3243 2379 3326 2453 vel
3368 2361 3492 2453 Spe-

1895 2465 2028 2532 cies,
2060 2465 2144 2521 vel
2170 2465 2497 2536 universale,
2525 2467 2609 2522 vel
2633 2467 2987 2540 particulare;
3337 2471 3342 2475 ’
3434 2471 3438 2475 ’
3491 2467 3499 2476 ’

2003 2559 2157 2626 Quod
2180 2559 2245 2614 de
2271 2559 2419 2614 battis
2441 2561 2689 2631 procedat
2720 2561 2982 2616 malorum
3010 2563 3379 2621 ratiocinatio.

1966 2649 2062 2708 Est
2101 2660 2282 2707 autem
2327 2652 2598 2708 bonorum
2641 2652 2788 2724 quod
2833 2651 2889 2708 in
2933 2653 3094 2711 malis
3146 2654 3364 2724 divisio,
3410 2672 3473 2722 ve

1893 2759 2180 2812 ascensus,
2209 2745 2294 2803 vel
2322 2744 2625 2803 descensus
2652 2745 2974 2803 ordinabilis
2993 2755 3118 2815 est,
3155 2762 3283 2802 nam
3327 2743 3488 2820 quid-

1893 2834 2025 2904 quid
2051 2834 2118 2890 de
2144 2833 2544 2906 privationibus
2568 2835 2824 2901 dicimus,
2853 2836 2958 2892 hoc
2984 2844 3162 2891 totum
3201 2854 3233 2892 a
3259 2838 3489 2909 privatis

1893 2927 2168 2995 ducimus,
2209 2944 2312 2984 nec
2343 2929 2644 3000 quidquam
2695 2928 2824 2985 facit
2860 2929 3114 3000 privatio,
3146 2929 3251 2985 nisi
3292 2930 3488 3001 privati

1893 3019 2164 3089 praecedat
2188 3020 2352 3087 ratio,
2379 3035 2510 3075 nam
2537 3035 2640 3076 nec
2685 3021 3053 3091 privationem
3087 3005 3271 3078 facere
3292 3037 3489 3093 possu-

1893 3128 2038 3180 mus,
2066 3111 2175 3171 nisi
2221 3127 2338 3168 rem
2372 3128 2496 3185 quas
2527 3112 2772 3184 privetur
2797 3113 3121 3176 habeamus.
3167 3112 3492 3190 Praecedqunt

1891 3205 2059 3276 igitur
2087 3203 2296 3276 species
2334 3213 2390 3261 et
2418 3219 2615 3278 genera
2645 3220 2852 3272 rerum,
2886 3215 2946 3261 ut
2973 3206 3276 3262 secundum
3299 3221 3363 3262 ea
3387 3207 3490 3278 ju-.

1889 3295 2487 3353 dicemusdiversitates
2508 3295 2908 3370 privationem;
2934 3297 3040 3353 nisi
3061 3296 3209 3353 enim
3225 3297 3484 3368 justitian,

1889 3388 2132 3460 pietatis,
2166 3397 2221 3445 et
2247 3388 2522 3460 patientia;
2562 3388 2881 3444 noverimus
2909 3387 3204 3454 essentias,
3239 3401 3342 3443 nec
3382 3403 3475 3443 ea-

1889 3498 2012 3539 rum
2049 3482 2348 3554 intelligere
2384 3497 2681 3553 possumus
2723 3479 3079 3553 privationes,
3126 3478 3480 3551 iniustitiam,

1889 3574 2307 3646 impatientiam,
2335 3573 2692 3645 impietatem,
2715 3581 2777 3629 ut
2803 3587 3064 3645 generum
3090 3580 3144 3626 et
3171 3572 3478 3642 specierum

1886 3669 1960 3728 sit
1994 3668 2050 3724 in
2075 3666 2334 3725 essentiis
2361 3666 2587 3734 veritas,
2615 3665 2678 3720 in
2711 3663 3113 3735 privationibus
3143 3677 3276 3718 vero
3299 3662 3481 3718 imita-

1886 3762 1985 3831 tio,
2021 3761 2164 3818 sicut
2195 3768 2251 3816 et
2279 3760 2336 3816 in
2390 3758 2790 3831 negationibus.
2818 3755 2879 3813 In
2918 3756 3121 3828 quibus
3152 3765 3300 3827 patet
3330 3751 3481 3828 quod

1885 3870 1995 3910 non
2037 3855 2150 3911 sint
2187 3853 2460 3919 essentia,
2504 3866 2606 3908 nec
2640 3865 2862 3921 genera,
2906 3850 2993 3906 vel
3032 3849 3265 3921 species,
3315 3865 3474 3928 econ-

1883 3964 2045 4006 verso
2067 3959 2250 4005 tamen
2273 3962 2340 4003 ex
2368 3945 2505 4017 ipsis
2533 3944 2745 4016 negatis
2775 3941 3192 4019 similitudinem
3215 3958 3476 4020 generum

1885 4046 2114 4095 sumunt
2160 4045 2217 4094 et
2265 4035 2573 4107 spemierum
2619 4033 2979 4114 mutationem
3023 4032 3109 4088 vel
3162 4023 3480 4111 veritatem.
3545 4072 3548 4076 -

1881 4127 2046 4197 Nam,
2071 4129 2215 4186 sicut
2241 4129 2406 4184 homo
2420 4127 2524 4184 sub
2545 4126 2769 4182 animali
2779 4125 3011 4198 species,
3035 4125 3111 4181 ita
3132 4142 3243 4182 non
3267 4124 3478 4182 animal

1885 4221 1989 4280 sub
2011 4235 2122 4276 non
2149 4219 2372 4277 homine
2416 4230 2678 4291 tanquam
2723 4218 2953 4290 species.
2991 4217 3059 4274 Et
3082 4219 3189 4275 hoc
3215 4217 3474 4291 estquod

1883 4312 2257 4370 Boetius‘dieit
2275 4312 2800 4383 eontrapositionem
2816 4312 2870 4367 in
2886 4311 3474 4385 anteprzedicamentis.

1883 4405 2010 4462 Hac
2035 4414 2216 4462 autem
2245 4421 2506 4478 generum
2535 4413 2590 4461 et
2634 4405 2940 4475 specierum
2980 4421 3090 4462 non
3117 4406 3342 4474 veritas,
3378 4405 3475 4462 sed

1885 4499 2138 4567 mutatio,
2180 4499 2322 4555 sicut
2357 4507 2444 4555 est
2479 4497 2536 4554 in
2583 4497 2984 4569 negationibus,
3012 4497 3095 4555 sic
3129 4505 3184 4552 et
3208 4497 3264 4554 in
3291 4497 3475 4568 priva-

1889 4591 2152 4648 tionihus.
2183 4589 2288 4648 Sed
2319 4591 2375 4646 in
2405 4589 2792 4661 negationibus
2819 4597 2965 4659 patet
2991 4589 3226 4645 imitatio
3247 4589 3385 4658 sola,
3416 4589 3474 4644 in

1884 4685 2286 4758 privationibus
2307 4698 2436 4739 vero
2465 4697 2576 4738 non
2599 4690 2810 4738 tantum
2838 4689 3002 4752 patet,
3031 4682 3159 4753 quia
3183 4681 3475 4748 similiores

1885 4779 2052 4836 rebus
2079 4785 2230 4845 sunt,
2253 4775 2389 4832 adeo
2415 4784 2478 4830 ut
2499 4773 2658 4830 multi
2686 4782 2877 4845 putent
2895 4788 2990 4830 eas
3012 4789 3099 4830 res
3121 4790 3265 4842 esse,
3295 4783 3351 4830 et
3383 4790 3473 4844 es:

1886 4871 2120 4930 sentiam
2149 4869 2426 4943 propriam
2462 4867 2696 4934 habere,
2735 4867 2866 4938 quia
2901 4866 2969 4924 de
3007 4867 3094 4924 bis
3135 4877 3347 4924 tantum
3381 4867 3468 4938 di-
3550 4929 3558 4934 _

1884 4975 2106 5034 cuntur,
2130 4965 2187 5020 in
2214 4963 2418 5036 quibus
2450 4961 2729 5034 privatum
2768 4961 2930 5026 debet
2953 4977 3098 5028 esse,
3129 4976 3230 5017 nec
3268 4968 3384 5027 est;
3413 4969 3472 5016 et

1883 5057 2123 5113 habeant
2143 5055 2365 5129 propria
2393 5053 2642 5123 nomine,
2659 5054 3003 5126 quandoque
3029 5051 3149 5116 sine
3177 5052 3472 5123 privatoria

1880 5148 2170 5222 particula,
2213 5146 2358 5206 sicut
2401 5147 2846 5214 essentie,..cum
2889 5143 3208 5216 negationes
3252 5143 3472 5214 propria

1884 5241 2109 5299 nomina
2139 5254 2413 5312 nusquam
2449 5238 2706 5299 habeant.
2730 5237 2851 5297 sine
2891 5233 3160 5307 particula
3195 5235 3470 5305 negativa,

1880 5349 1985 5392 nec
2021 5333 2206 5406 negati
2241 5333 2489 5392 debitum
2519 5334 2842 5400 admittant,
2873 5330 2968 5388 sed
2998 5329 3066 5386 de
3099 5329 3358 5395 omnibus
3391 5330 3476 5385 di—

1882 5435 2080 5484 cantur
2105 5426 2163 5482 in
2188 5426 2392 5500 quibus
2421 5435 2679 5500 negatum
2702 5441 2814 5482 non
2842 5423 3171 5490 inveniatur,
3197 5423 3340 5479 sicut
3362 5437 3474 5499 non

1881 5519 2049 5576 homo
2091 5525 2179 5576 est
2217 5533 2380 5574 omne
2414 5519 2558 5590 quod
2583 5519 2750 5572 homo
2779 5529 2889 5572 non
2931 5503 3043 5582 est;
3077 5505 3315 5586 iniustus
3341 5516 3472 5568 vero

1881 5629 1992 5671 non
2017 5622 2121 5682 est,
2148 5611 2257 5669 nisi
2286 5611 2381 5682 qui
2406 5609 2590 5683 justus
2615 5608 2776 5666 debet
2806 5615 2950 5674 esse,
2984 5622 3086 5664 nec
3119 5617 3222 5665 est.

1882 5707 2035 5774 Quod
2065 5707 2282 5762 nomina
2314 5702 2626 5775 privationis
2657 5710 2705 5758 et
2721 5700 2946 5778 'habitus
2977 5700 3118 5755 idem
3149 5698 3467 5771 signiﬁcent.
3532 5711 3536 5715 ·

1948 5799 2161 5857 Habent
2214 5806 2420 5868 autem.
2449 5794 2785 5868 privationes
2836 5784 3302 5876 nominasaepius
3353 5785 3470 5878 sine
