3946 6306
580 313 722 374 1075

569 424 890 500 ρτιναιοτίιι’
909 425 1198 498 particula,
1234 424 1378 484 sicut
1403 424 1646 496 habitus,
1668 435 1731 482 ut
1754 427 1986 498 malum,
2015 426 2161 484 sicut

568 520 800 586 bonum,
825 517 1064 573 tenebrae
1085 516 1230 574 sicut
1252 517 1369 586 lux,
1393 517 1613 575 caecitas
1633 525 1696 573 ut
1716 517 1893 587 visus,
1916 527 1979 574 ut
2001 517 2164 574 casti-

570 622 655 670 tas
687 610 998 668 fornicatio.
1029 611 1097 666 Et
1121 613 1372 683 quamvis
1399 612 1650 669 essentia
1669 613 1904 683 privatio
1929 627 2039 668 non
2062 627 2164 683 op-

567 706 726 778 ponit
765 707 1085 774 essentiam,
1129 706 1262 778 quia
1306 705 1597 777 privationi
1629 721 1738 761 non
1783 710 1866 761 est
1898 705 2159 772 essentia,

567 807 753 854 tamen
799 798 1123 871 privationis
1165 813 1366 854 nomen
1413 797 1687 870 signiﬁcat
1715 797 2033 865 essentiam,
2063 796 2161 853 sed

569 891 814 959 habitus,
844 907 955 947 non
982 907 1160 948 suam.
1189 890 1335 947 Idem
1369 906 1499 962 ergo
1522 889 1795 962 signiﬁcat
1819 905 2022 945 nomen
2043 888 2160 960 pri-

566 987 838 1054 vationis,
886 995 941 1042 et
992 1001 1195 1041 nomen
1243 981 1635 1040 habitus.'Sed
1689 998 1890 1038 nomen
1935 982 2160 1038 habitus

568 1096 774 1147 suum,
816 1095 1016 1135 nomen
1062 1093 1192 1133 vero
1238 1076 1562 1148 privationis
1606 1075 1878 1149 signiﬁcat
1919 1075 2159 1130 alienum

566 1189 791 1244 nomen,
823 1172 1041 1229 habitus
1066 1171 1359 1228 essentiam
1393 1185 1550 1226 suam
1584 1168 1853 1242 signiﬁcat
1884 1167 2158 1239 ponendo,

568 1281 770 1323 nomen
818 1263 1138 1336 privationis
1177 1263 1448 1334 signiﬁcat
1494 1261 1637 1318 idem
1675 1261 2029 1328 removendo,
2061 1275 2162 1315 no-

567 1374 695 1414 men
723 1357 943 1414 habitus
972 1355 1119 1428 quod
1162 1355 1435 1428 intelligas
1461 1353 1638 1423 oﬁ‘ert,
1668 1371 1866 1410 nomen
1900 1353 2161 1425 privatio-

567 1451 658 1508 nis
685 1449 833 1523 quod
862 1449 1117 1521 intelligis
1149 1447 1346 1504 aufert.
1401 1447 1501 1504 Est
1529 1463 1661 1521 ergo
1696 1446 2021 1518 privationis
2059 1459 2161 1500 no-

568 1566 697 1607 men
727 1549 1149 1625 signilicativum
1195 1547 1452 1618 alicujus,
1497 1546 1592 1603 sed
1632 1563 1742 1602 non
1783 1561 1896 1603 sua:
1932 1545 2033 1614 rei,
2065 1544 2160 1600 sed

567 1642 798 1699 alterius
825 1657 992 1712 quam
1028 1641 1303 1712 signiﬁcat
1331 1639 1555 1712 privari.

1042 1731 1296 1804 Epilogus
1337 1732 1690 1802 superiorum.

638 1825 720 1882 Ex
750 1826 1050 1898 prmmissis
1076 1841 1207 1898 ergo
1231 1824 1411 1896 colligi
1442 1832 1622 1896 potest
1653 1823 1782 1894 quia
1809 1821 1864 1877 in
1891 1821 2010 1877 solo
2045 1820 2157 1892 spi-

565 1916 676 1974 ritu
700 1915 954 1972 rationali
976 1917 1179 1972 malum
1201 1925 1306 1984 est,
1329 1931 1430 1972 nec
1458 1923 1542 1971 est
1572 1931 1659 1971 res
1685 1915 1737 1968 in
1765 1913 2035 1985 subjecto,
2059 1913 2156 1968 sed

566 2010 802 2082 privatio
838 2010 917 2065 rei
945 2025 977 2064 a
1016 2009 1282 2080 subjecto.
1309 2007 1377 2064 Et
1405 2024 1530 2064 cum
1553 2008 1608 2062 in
1644 2007 1924 2062 voluntate
1949 2007 2154 2061 malum

565 2101 707 2160 dicis
737 2117 881 2170 esse,
911 2117 1020 2158 non
1064 2101 1139 2156 ibi
1176 2101 1315 2158 dicis
1361 2100 1568 2172 aliquid
1606 2115 1760 2168 esse,
1798 2100 1893 2156 sed
1942 2107 2155 2154 tantum

565 2193 708 2252 dicis
738 2193 812 2249 ibi
835 2195 1038 2250 bonum
1067 2209 1178 2250 non
1204 2209 1348 2262 esse,
1376 2193 1469 2249 ubi
1496 2193 1656 2249 debet
1679 2208 1820 2248 esse.
1846 2190 1914 2246 Et
1947 2191 2052 2246 hoc
2073 2199 2157 2247 est

565 2286 730 2358 plane
758 2287 986 2355 malum,
1023 2286 1096 2342 ibi
1123 2301 1235 2344 non
1278 2301 1400 2342 esse
1431 2286 1660 2351 bonum,
1699 2283 1790 2339 ubi
1822 2283 1982 2340 debet
2010 2297 2153 2350 esse,

563 2379 694 2452 quia
716 2378 984 2451 iniustitia
1006 2388 1092 2436 est
1109 2377 1401 2451 justitiam
1431 2394 1543 2435 non
1565 2390 1688 2434 esse
1710 2376 1803 2433 ubi
1827 2377 1986 2432 debet
2007 2390 2153 2443 esse,

563 2482 622 2529 et
643 2489 770 2530 eum
804 2473 1070 2544 iniustum
1099 2487 1221 2529 esse
1255 2471 1351 2544 qui
1378 2486 1490 2528 non
1522 2479 1606 2527 est
1629 2469 1813 2541 justus
1840 2483 1967 2525 cum
1997 2467 2156 2524 debet

563 2567 706 2623 esse.
739 2564 879 2633 Quid
905 2565 1053 2622 enim
1079 2565 1284 2622 rectius
1305 2564 1434 2621 -dici
1469 2571 1651 2636 potest
1688 2577 1856 2634 quam
1887 2560 2042 2616 illum
2069 2560 2154 2614 in-

560 2653 774 2726 iustum
816 2670 940 2712 esse
969 2656 1064 2727 qui
1085 2656 1268 2713 datam
1293 2655 1565 2728 justitiam
1591 2654 1762 2710 noluit
1793 2661 1999 2722 tenere,
2026 2668 2151 2710 eum

564 2747 764 2822 potuit,
794 2755 850 2802 et
879 2747 1069 2802 datum
1094 2748 1231 2804 tanti
1255 2747 1386 2804 boni
1421 2757 1617 2818 sponte
1639 2745 1916 2802 deseruit?

637 2835 792 2910 Quod
821 2837 1106 2894 rationalis
1134 2847 1328 2921 natura
1355 2855 1456 2922 non
1491 2845 1660 2909 potest
1695 2853 1874 2892 carere
1903 2835 2082 2894 debito

1225 2918 1480 2980 justitiw.

635 3000 908 3073 Accepisti
952 3001 1246 3073 justitiam,
1289 3003 1494 3076 bonum
1534 3002 1864 3074 depositum,
1905 3010 1960 3058 et
1993 2999 2152 3056 valde

561 3095 915 3163 servandum,
943 3105 996 3151 et
1019 3103 1202 3151 tamen
1239 3095 1596 3164 reddendum,
1633 3096 1762 3168 quia
1785 3094 1880 3166 qui
1912 3095 2149 3151 commi-

561 3187 636 3242 sit
658 3186 827 3259 exigit
855 3187 1184 3258 depositum.
1214 3187 1311 3245 Vis
1339 3188 1478 3244 bene
1507 3189 1768 3245 reddere?
1787 3187 1932 3243 Bene
1969 3202 2145 3244 serva.

561 3278 781 3347 Quanto
822 3282 999 3352 magis
1044 3280 1323 3350 servabis,
1367 3290 1524 3337 tanto
1581 3280 1758 3352 magis
1810 3280 2027 3336 reddes.
2084 3277 2152 3336 Et

512 3414 515 3416 -
559 3381 768 3444 quanto
797 3373 973 3444 magis
996 3374 1192 3430 reddes
1217 3382 1372 3430 tanto
1398 3375 1575 3447 magis
1598 3373 1876 3440 servabis;
1903 3373 2154 3430 mirabile

563 3465 774 3521 bonum
800 3465 1035 3536 justitia,
1066 3481 1234 3537 quam
1272 3467 1542 3523 servando
1571 3466 1775 3533 reddis,
1799 3475 1852 3523 et
1876 3465 2152 3527 reddendo

559 3561 674 3611 non
697 3554 903 3627 perdis.
941 3554 1046 3612 Sed
1083 3556 1256 3629 magis
1280 3556 1576 3625 reddendo,
1602 3555 1778 3628 magis
1807 3571 2012 3612 servas.
2043 3554 2151 3611 Bo-

533 3644 717 3717 num,
743 3648 991 3720 inquam,
1036 3649 1168 3706 totis
1216 3647 1427 3706 viribus
1474 3649 1802 3706 servandum
1841 3659 1902 3705 ut
1931 3648 2149 3716 reddas,

555 3741 691 3811 quia
731 3741 778 3797 si
808 3741 992 3812 perdis
1029 3757 1141 3798 non
1182 3743 1354 3800 habes
1397 3743 1545 3815 quod
1578 3742 1798 3798 reddas.
1832 3741 2150 3813 Depositum

511 3893 514 3896 ,
555 3841 742 3888 tamen
771 3832 938 3889 debes
967 3833 1018 3889 ei
1039 3833 1131 3905 qui
1155 3835 1449 3891 commisit.
1474 3835 1785 3902 Commisit,
1810 3849 1942 3906 ergo
1963 3835 2147 3890 debes.

559 3921 668 3980 Sed
710 3923 966 3982 fortassis
1009 3934 1205 3997 sponte
1243 3927 1557 3998 perdidisti,
1603 3927 1732 3999 quia
1770 3934 1964 3997 sponte
1998 3929 2153 3982 desc-

558 4013 739 4071 ruisti.
789 4013 972 4087 Exigit
1022 4024 1204 4072 tamen
1254 4017 1564 4088 depositum
1611 4015 1707 4086 qui
1751 4014 2020 4086 praestitit.
2069 4013 2150 4070 Tu

557 4120 692 4161 vero
711 4122 823 4163 non
852 4107 1043 4175 habes,
1072 4108 1202 4179 quia
1232 4117 1428 4179 sponte
1447 4107 1736 4164 deseruisti
1758 4107 1904 4179 quod
1928 4107 2152 4164 reddere

560 4199 751 4260 debes.
795 4198 1076 4256 invenitur
1113 4217 1244 4274 ergo
1282 4203 1376 4274 qui
1416 4203 1666 4273 praestitit
1687 4203 1871 4274 iustus
1899 4212 2148 4270 exactor;

559 4297 621 4345 tu
645 4303 778 4344 vero
821 4289 916 4360 qui
955 4305 1063 4346 non
1110 4291 1294 4347 reddis
1339 4291 1578 4364 iniustus
1616 4292 1848 4349 debitor.
1887 4291 2149 4363 iniustus,

561 4379 818 4451 inquam,
862 4397 972 4438 non
1016 4384 1162 4455 quod
1189 4384 1390 4441 habeas
1427 4385 1594 4441 ullam
1639 4386 1937 4442 essentiam
1963 4385 2017 4439 in
2048 4385 2153 4442 hac

557 4470 883 4542 privatione,
918 4473 1013 4529 sed
1051 4475 1179 4545 quia
1227 4490 1338 4532 non
1378 4476 1550 4532 habes
1578 4475 1819 4532 debitam
1853 4473 2148 4532 essentiam

557 4561 804 4634 iustitiae,
837 4563 960 4620 ideo
1003 4565 1264 4634 debitam,
1299 4567 1445 4637 quod
1488 4567 1777 4639 accepisti;
1822 4581 1932 4622 non
1965 4581 2152 4622 serva-

556 4663 696 4723 tam,
721 4655 816 4710 sed
839 4664 1032 4726 sponte
1057 4657 1352 4714 desertam.
1381 4657 1538 4714 Patet
1568 4673 1700 4730 ergo
1723 4657 2149 4714 Manichaeorum

555 4764 737 4817 error,
765 4749 882 4826 qui,
905 4759 1164 4821 putantes
1192 4753 1400 4808 malum
1437 4753 1641 4809 realem
1675 4753 1975 4809 essentiam
2005 4766 2148 4818 esse,

555 4855 685 4896 cum
723 4854 846 4896 eam
885 4840 1031 4897 bono
1076 4841 1189 4898 Deo
1229 4859 1339 4899 non
1369 4853 1595 4915 possent
1637 4845 1936 4910 ascribere,
1973 4844 2150 4900 coacti

538 4940 685 4999 sunt
711 4931 916 5005 lingere
941 4934 1235 5004 quemdam
1267 4936 1515 4992 omnium
1544 4937 1817 4998 malorum
1842 4945 2148 5004 auctorem,

553 5031 617 5078 ut
643 5022 755 5078 duo
799 5025 1067 5082 contrarii
1095 5027 1500 5084 contrariarum
1539 5045 1744 5098 rerum,
1783 5030 1963 5086 bonus
1998 5030 2148 5088 scili—

553 5123 643 5178 cet
670 5115 963 5185 bonarum,
994 5127 1050 5174 et
1076 5119 1346 5176 malarum
1378 5123 1558 5179 malus
1586 5131 1840 5182 auctores
1863 5135 2070 5194 essent,
2095 5135 2152 5182 et

551 5205 636 5263 sic
659 5207 834 5278 prima
862 5209 974 5265 duo
1010 5209 1278 5284 principia
1308 5227 1493 5270 rerum
1539 5217 1786 5274 omnium
1818 5227 2149 5276 astruerent.

549 5316 713 5412 Quod
738 5335 844 5377 non
877 5323 1101 5394 punitur
1130 5341 1228 5397 pro
1268 5325 1438 5381 nihilo
1471 5329 1560 5400 qui
1597 5331 1819 5399 punitur
1845 5348 1940 5402 pro
1985 5332 2148 5388 malo.

622 5436 779 5495 Dicet
804 5453 936 5512 ergo
964 5439 1198 5504 forsitan
1226 5443 1429 5516 aliquis
1455 5461 1468 5498 :
1493 5441 1635 5510 Quid
1667 5447 1830 5518 ergo?
1854 5444 1913 5501 Si
1942 5447 2149 5503 malum

552 5529 692 5584 nihil
736 5539 842 5614 est,
887 5547 991 5603 pro
1041 5535 1213 5594 nihilo
1262 5536 1545 5607 punimur,
1590 5552 1715 5592 eum
1751 5539 2011 5609 punimur
2049 5555 2150 5612 pro

547 5622 723 5704 malo.
773 5623 1123 5702 Stultumque
1167 5627 1382 5684 videtur
1411 5627 1568 5700 argui
1602 5644 1703 5700 pro
1740 5630 2029 5701 iniustitia,
2070 5632 2130 5688 si-

557 5713 778 5791 quidem
823 5715 1090 5784 iniustitia
1115 5709 1264 5772 nulla
1294 5729 1377 5774 est
1415 5719 1677 5776 essentia.
1714 5719 1818 5776 Sed
1855 5722 1901 5778 si
1929 5738 2052 5793 quae
2079 5723 2147 5778 de

555 5802 956 5883 privationibus
981 5805 1126 5862 dicta
1159 5815 1310 5874 sunt,
1330 5808 1466 5866 bene
1491 5811 1924 5878 considerentur,
1969 5813 2147 5870 nullus

1791 312 1851 372 Β.
1889 311 2141 371 ODONIS
2177 311 2437 377 CAMER.
2477 313 2683 376 EPISC.

2186 439 2234 496 Α
2261 446 2363 502 pro
2385 435 2492 488 hac
2517 430 2862 504 oppositione
2887 429 3217 508 movebitur,
3228 444 3356 486 nam
3377 429 3489 485 sine
3507 430 3678 498 habitu,
3692 451 3760 492 nec

2261 524 2394 592 dici,
2436 539 2539 580 nec
2569 521 2793 595 intelligi
2821 528 3002 594 potest
3027 521 3278 593 privatio,
3311 537 3408 577 nec
3434 521 3567 576 aliud
3598 534 3665 578 est
3685 528 3761 600 πί.

2261 615 2414 671 vatio
2446 629 2612 686 quam
2644 613 2842 684 privati
2882 612 3138 681 remotio,
3169 621 3232 667 ut
3274 612 3552 682 injustitia,
3582 613 3760 683 iustitia.

2261 705 2404 764 Cum
2430 723 2561 781 ergo
2589 721 2691 778 pro
2718 705 2986 777 iniustitia
3014 705 3296 776 punimur,
3322 720 3424 776 pro
3443 705 3637 775 iustitia
3659 710 3764 776 puni-

2263 816 2389 858 mur
2412 800 2657 867 deserta;
2692 799 2787 856 sed
2815 807 2900 856 est
2929 798 3136 870 aliquid
3157 796 3392 869 justitia,
3418 798 3647 868 punior
3676 814 3764 872 ergo

2261 909 2363 967 pro
2386 894 2590 966 aliquo.
2625 892 2698 950 Ut
2721 909 2847 951 cum
2875 893 3144 964 iniustitia
3167 891 3302 947 nihil
3329 891 3541 958 dicitur,
3567 891 3614 945 in
3637 906 3688 946 ea
3708 902 3764 946 ta-

2263 1000 2390 1040 men
2417 985 2626 1056 aliquid
2666 984 3008 1056 intelligitur,
3041 998 3146 1055 pro
3172 998 3284 1054 quo
3313 981 3563 1053 punimur
3584 982 3686 1052 quia
3705 983 3767 1037 de-

2263 1076 2486 1143 seritur,
2511 1076 2773 1148 punimur
2796 1092 2927 1149 erge
2953 1091 3056 1147 pro
3074 1075 3288 1146 iustitia
3329 1090 3488 1146 quam
3516 1074 3765 1142 deserimus.

2261 1168 2449 1242 itaque
2474 1179 2527 1225 et
2548 1171 2782 1241 privatio
2807 1170 2942 1225 nihil
2964 1178 3068 1237 est,
3095 1178 3320 1235 et,.cum
3347 1183 3445 1237 pro
3469 1183 3528 1222 ea
3557 1168 3766 1238 punimur,

2261 1277 2364 1334 pro
2379 1276 2444 1317 eo
2463 1261 2724 1332 punimur
2747 1262 2894 1332 quod
2921 1261 3128 1332 aliquid
3151 1269 3256 1317 est.
3280 1259 3347 1314 Et
3366 1259 3645 1330 iustissime
3660 1261 3769 1330 punit

2262 1364 2457 1426 sponte
2482 1356 2754 1412 desertam
2787 1356 2882 1428 qui
2916 1356 3067 1412 dedit
3087 1371 3210 1412 eam
3241 1355 3766 1426 semperservandaa;

2260 1451 2420 1521 punit
2445 1449 2665 1520 quidem
2701 1465 2800 1522 pro
2841 1450 3078 1521 justitia,
3109 1464 3221 1504 non
3263 1448 3388 1504 ideo
3427 1447 3564 1518 quod
3603 1448 3769 1503 habetur

2261 1540 2354 1596 sed
2399 1540 2545 1612 quod
2585 1556 2696 1596 non
2733 1541 2994 1608 habetur;
3039 1544 3147 1595 non
3199 1540 3322 1596 ideo
3353 1539 3494 1610 quod
3526 1538 3672 1602 adest,
3706 1539 3768 1594 uti

2260 1631 2407 1701 quod
2433 1631 2607 1686 abest.
2638 1629 2745 1686 Sed
2771 1631 2965 1686 abesse
2987 1620 3298 1701 justitiam,
3316 1637 3405 1685 est
3429 1628 3680 1698 iniustitia.
3698 1628 3766 1701 igi-

2260 1730 2352 1776 tur
2366 1722 2637 1792 iustitiam
2663 1737 2773 1778 non
2803 1737 2928 1778 esse
2957 1721 3053 1776 ubi
3094 1722 3254 1778 debet
3278 1736 3424 1787 esse,
3447 1730 3528 1776 est
3552 1719 3766 1790 iniustitia.

2191 1790 2234 1850 Β
2263 1790 2379 1871 Sed
2399 1815 2670 1886 justitiam
2713 1830 2822 1870 non
2849 1831 2991 1883 esse,
3018 1831 3120 1871 nec
3150 1815 3242 1870 ubi
3267 1815 3428 1870 debet
3451 1829 3580 1880 esse,
3609 1829 3687 1869 nec
3707 1814 3768 1868 ubi

2259 1923 2367 1963 non
2404 1908 2563 1963 debet
2597 1923 2741 1976 esse,
2777 1908 3048 1978 signiﬁcat
3079 1922 3224 1963 esse.
3271 1906 3416 1978 Ergo
3454 1923 3547 1961 nec
3573 1906 3769 1976 iniustitia

2257 2000 2531 2072 signiﬁcat
2565 2016 2709 2068 esse,
2757 2001 2888 2072 quia
2922 2009 3140 2056 tantum
3187 2009 3354 2072 negat
3399 1999 3637 2070 justitiam
3671 2014 3768 2063 esse,

2257 2092 2511 2163 quamvis
2539 2109 2650 2149 non
2674 2093 2782 2149 nisi
2817 2093 2909 2148 ubi
2941 2093 3103 2149 debet
3131 2107 3275 2150 esse.
3310 2092 3381 2147 At
3408 2092 3648 2163 iniustitia
3680 2091 3768 2162 quid

2255 2194 2423 2256 ponat
2458 2201 2581 2242 esse
2625 2181 2814 2253 dieito,

2540 2289 2591 2335 et
2617 2278 2873 2352 Phyllida
2889 2279 3036 2334 solus
3065 2279 3274 2335 habeto.

2839 2371 3021 2444 (Vino.
3046 2370 3260 2440 Bucol.,
3288 2372 3461 2442 eclog.
3487 2387 3563 2440 ill,
3585 2369 3701 2437 tos.)

2389 2486 2542 2553 Quod
2571 2488 2636 2543 de
2671 2503 2775 2542 non
2805 2487 3154 2543 existentibus
3181 2487 3439 2542 dicuntur
3457 2485 3680 2541 essentia.

2326 2578 2435 2636 Sed
2456 2578 2595 2636 forte
2617 2579 2743 2652 quis
2766 2579 2899 2636 dicit
2927 2598 2940 2635 :
2966 2576 3304 2652 iniustitiam
3326 2587 3472 2636 certe
3491 2577 3768 2650 privationem

2252 2679 2310 2729 et
2330 2671 2663 2744 oppositum,
2694 2681 2750 2728 et
2777 2670 2846 2728 ad
2878 2671 3082 2742 aliquid
3122 2671 3367 2727 dicimus
3397 2685 3539 2736 esse;
3578 2667 3768 2739 privatio-

2252 2781 2377 2822 nem
2410 2780 2561 2834 vero,
2587 2772 2641 2822 et
2665 2765 3001 2836 oppositum,
3031 2763 3118 2820 vel
3145 2765 3214 2820 ad
3249 2763 3460 2836 aliquid
3485 2762 3644 2818 nullus
3667 2773 3768 2814 sane

2251 2858 2454 2915 mentis
2499 2858 2720 2930 negabit
2759 2872 2902 2926 esse,
2947 2873 3076 2914 cum
3127 2857 3194 2913 ad
3239 2856 3451 2928 aliquid
3496 2850 3768 2926 generalissi-
3867 2899 3869 2930 ἢ

2250 2969 2428 3020 mum,
2456 2952 2690 3024 privatio
2718 2967 2852 3008 vero
2875 2951 3086 3023 species
3122 2951 3243 3022 eius
3270 2951 3524 3006 dicantur
3546 2955 3592 3002 et
3611 2942 3769 3016 opposi-

2251 3053 2390 3101 tam.
2425 3043 2716 3113 Quomodo
2744 3059 2877 3116 ergo
2904 3043 3106 3099 dicitur
3152 3042 3428 3114 iniustitia
3457 3055 3558 3095 non
3578 3050 3688 3098 esse.
3723 3031 3768 3084 de

2176 3165 2218 3224 ο
2253 3154 2362 3210 qua
2400 3147 2476 3194 tot
2509 3137 2770 3194 dicuntur
2813 3136 3099 3193 essentiai?
3137 3133 3315 3191 Omne
3351 3133 3493 3190 enim
3537 3127 3703 3190 existit,
3725 3123 3767 3177 de

2253 3248 2364 3305 quo
2391 3232 2595 3288 dicitur
2640 3231 2868 3303 aliquid.
2905 3229 3161 3302 Alioquin
3191 3229 3259 3285 de
3297 3244 3368 3285 eo
3394 3227 3534 3300 quod
3576 3239 3662 3278 non
3694 3229 3764 3272 est:

2251 3323 2461 3395 aliquid
2487 3323 2596 3381 dici
2625 3331 2824 3394 potest.
2871 3319 3030 3378 Certe
3064 3336 3174 3378 non
3203 3314 3389 3391 potest
3415 3334 3508 3390 per
3543 3320 3763 3371 consuetu-

2251 3419 2469 3486 dinem,
2522 3425 2704 3488 potest
2741 3433 2840 3488 per
2873 3415 3290 3472 necessitatem.
3333 3411 3514 3482 Neque
3551 3408 3670 3466 enim
3698 3418 3760 3456 ne-

2252 3525 2408 3567 cesse
2441 3509 2602 3566 nobis
2639 3519 2724 3566 est
2767 3509 2920 3580 loqui
2951 3508 3018 3564 de
3047 3507 3132 3562 his
3160 3521 3284 3577 quae
3310 3521 3423 3560 non
3445 3511 3582 3567 sunt,
3623 3495 3763 3568 quibus

2251 3602 2524 3674 quiasuae
2551 3613 2719 3657 voces
2741 3616 2851 3656 non
2877 3595 3026 3668 sunt,
3062 3599 3346 3669 loquimur
3369 3596 3434 3652 de
3457 3595 3576 3665 ipsis
3595 3606 3672 3661 per
3701 3599 3761 3637 το-

2252 3711 2347 3751 ces
2370 3710 2562 3752 eorum
2585 3699 2708 3765 quae
2728 3701 2877 3750 sunt.
2903 3691 2992 3759 Et,
3017 3690 3147 3762 quia
3175 3690 3243 3746 de
3260 3688 3398 3760 ipsis
3419 3685 3556 3758 loqui
3574 3697 3662 3737 non
3681 3693 3763 3749 pos.

2253 3803 2446 3843 sumus
2485 3801 2582 3858 per
2614 3801 2737 3852 sua,
2780 3785 2847 3841 de
2884 3784 3018 3855 ipsis
3043 3782 3294 3853 cogimur
3328 3779 3474 3851 loqui
3511 3791 3595 3848 per
3624 3771 3760 3827 aliena.

2252 3877 2393 3934 Ecce
2429 3893 2556 3934 cum
2583 3877 2756 3933 multa
2801 3875 3062 3946 ﬁngimus
3104 3873 3457 3946 cogitatione,
3502 3869 3658 3939 figura:
3681 3858 3762 3931 qui-

2251 3973 2376 4028 dem
2401 3971 2712 4026 formantur
2756 3971 2812 4026 in
2836 3976 3037 4036 mente,
3084 3967 3177 4024 sed
3218 3981 3313 4038 res
3345 3980 3454 4020 non
3495 3958 3764 4016 inveniuntur

2252 4080 2355 4137 pro
2393 4064 2597 4136 quibus
2626 4063 2964 4129 formantur;
2997 4061 3202 4132 ﬁguras
3240 4057 3466 4130 quidem
3489 4050 3700 4126 cogitatio
3720 4045 3762 4098 de

2252 4156 2615 4214 existentibus
2644 4155 2837 4223 sumit,
2883 4154 2976 4211 sed
3006 4169 3070 4210 ea
3099 4167 3209 4208 non
3251 4151 3493 4208 existunt
3518 4161 3604 4219 pro
3623 4140 3761 4236 quibsi

2253 4250 2511 4319 assumit,
2535 4265 2636 4305 nec
2659 4257 2839 4320 potest
2864 4262 3022 4303 mens
3043 4245 3294 4317 cogitare
3310 4243 3458 4316 quod
3482 4255 3578 4295 non
3599 4245 3678 4297 est,
3693 4230 3760 4284 nisi

2258 4342 2467 4399 formas
2493 4349 2677 4399 sumat
2714 4341 2783 4396 de
2811 4355 2878 4396 eo
2905 4339 3054 4414 quod
3080 4346 3184 4406 est,
3212 4346 3271 4392 ut
3297 4352 3399 4408 per
3426 4333 3610 4398 formas
3630 4335 3759 4382 eor!

2258 4451 2380 4506 qua:
2409 4443 2557 4502 sunt,
2597 4433 2800 4507 cogitet
2822 4433 2890 4490 de
2935 4431 3024 4488 his
3053 4446 3176 4503 quae
3209 4445 3322 4486 non
3365 4436 3508 4485 sunt.
3535 4423 3647 4479 Cum
3675 4426 3761 4483 σεο

2179 4515 2230 4577 D
2254 4529 2489 4584 dicimus
2518 4526 2666 4598 quod
2696 4526 3025 4599 cogitamus,
3053 4524 3194 4581 sicut
3218 4537 3381 4578 mens
3403 4510 3760 4608 ιιειιιιίιοοείίξη

2253 4621 2402 4694 quod
2437 4634 2548 4674 non
2582 4626 2687 4686 est,
2716 4617 2824 4674 nisi
2864 4615 3136 4672 formetur
3174 4615 3242 4670 ad
3273 4609 3653 4670 similitudinem
3683 4609 3760 4666 eilis

2250 4710 2400 4786 quod
2430 4718 2536 4776 est,
2576 4708 2656 4765 sic
2690 4708 2876 4780 lingua
2920 4705 3112 4777 nequit
3148 4703 3300 4776 loqui
3339 4704 3406 4759 de
3443 4701 3525 4757 his
3559 4709 3658 4767 qua!
3690 4700 3758 4742 πω

2253 4792 2402 4870 sunt,
2434 4802 2542 4858 nisi
2584 4817 2683 4872 per
2714 4817 2908 4857 eorum
2949 4798 3116 4856 verba
3156 4811 3280 4870 qua:
3315 4804 3461 4853 sunt.
3497 4789 3614 4846 Nam
3639 4789 3759 4838 senio

2252 4893 2502 4964 Sequitur
2538 4893 2948 4966 cogitationem,
2992 4898 3056 4946 ut
3090 4905 3201 4946 non
3240 4888 3399 4944 aliter
3427 4885 3614 4956 digenl
3635 4875 3756 4942 ιῑιιεια

2249 4987 2540 5043 Sermones
2593 5001 2763 5056 quam
2817 4983 3078 5057 cogitatio
3132 4981 3303 5039 dictat
3327 4978 3594 5052 imagines.
3635 4967 3758 5022 Ρίαα

2255 5078 2422 5135 etiam
2447 5078 2638 5150 nequit
2661 5094 2728 5134 ea
2752 5078 2978 5151 pingere
3004 5092 3129 5148 quae
3162 5089 3274 5131 non
3300 5082 3426 5130 sunt
3450 5069 3546 5126 nisi
3567 5078 3645 5137 per

2257 5185 2350 5227 ras
2371 5186 2564 5226 eorum
2597 5187 2722 5242 qua:
2758 5180 2906 5228 sunt.
2943 5167 3013 5226 Et
3039 5185 3136 5226 eas
3172 5167 3376 5224 formas
3411 5162 3570 5237 pingit
3590 5159 3755 5250 ωσξεξ

2258 5277 2360 5335 Pro
2386 5262 2474 5319 δίε
2501 5278 2626 5334 qua?
2650 5276 2761 5318 non
2788 5269 2937 5329 sunt,
2959 5277 3101 5334 quas
3128 5260 3387 5333 cogitatio
3413 5256 3568 5312 dictat
3596 5248 3754 5342 inutili

2258 5369 2326 5412 ex
2361 5355 2449 5412 his
2471 5371 2596 5427 quae
2625 5362 2774 5412 sunt.
2807 5352 2876 5410 Et
2915 5352 3175 5430 frequens
3201 5361 3288 5409 est
3313 5350 3400 5407 hic
3439 5361 3561 5403 usus
3593 5335 3753 5406 loquiei

2255 5449 2484 5521 pingere
2505 5446 2652 5520 quod
2680 5461 2791 5503 non
2815 5453 2922 5515 est,
2945 5446 3162 5502 dicente
3189 5441 3426 5515 quodam
3451 5434 3684 5507 sapiente:

2897 5535 3224 5592 .Pictoribus
3253 5544 3405 5606 atque
3430 5526 3578 5602 poclis

2258 5628 2531 5696 Quidlibet
2552 5631 2785 5686 audendi
2809 5645 3013 5702 semper
3046 5627 3150 5699 fuit
3180 5642 3331 5702 tegare
3355 5628 3581 5696 potestas.

2992 5696 3356 5794 (iionaritlrs
3380 5723 3528 5787 poet,
3553 5709 3596 5771 9,
3627 5699 3703 5760 i0.)

2256 5814 2597 5888 Quandoque
2618 5815 2874 5873 volutans
2895 5811 3295 5872 insomniorum
3317 5805 3648 5882 phantasmata
3666 5797 3730 5842 ιιιι
