3912 6424
170 353 305 409 ΜΠ

1201 347 1287 402 DE
1325 346 1642 407 PECCATO
1679 342 2051 418 ORlGlNALI.
2093 373 2165 383 -—
2198 341 2330 397 LIB.
2370 340 2433 396 ll.

3296 329 3442 428 intra.

167 482 295 522 rare
319 474 373 522 et
395 464 578 521 dicere
611 463 802 522 somni
830 461 1092 520 fallacias.
1122 461 1190 518 Et
1214 465 1491 535 quomodo
1534 463 1748 518 narrari
1778 467 1825 525 Α
1852 466 2137 533 peccatum
2169 465 2350 533 tamen
2379 451 2526 535 quod
2549 449 2747 534 fecisti,
2779 465 2887 505 non
2914 447 3020 505 nisi
3053 445 3434 536 tuum-estqui
3467 523 3475 536 .

165 566 348 629 potest
369 557 582 612 vanitas
607 571 823 624 eorum,
851 555 956 612 nisi
983 571 1078 627 per
1102 556 1265 611 verba
1289 556 1510 612 rerum?
1534 571 1642 612 non
1665 561 1753 610 est

161 665 298 720 ergo
327 649 551 717 mirum,
577 664 702 704 cum
721 649 1010 720 loquimur
1029 648 1097 705 de
1119 647 1648 719 privationihus,pro
1670 647 1752 703 eis

163 757 453 798 assumere
478 742 644 798 verba
672 742 740 798 de
763 743 960 811 rebus,
981 750 1037 800 et
1060 756 1158 813 per
1184 755 1350 798 voces
1367 755 1554 797 rerum
1576 741 1749 805 ratio—

161 849 294 890 nem
318 835 450 891 dare
476 834 864 905 privationum.

467 925 620 992 Quod
645 927 864 998 quisque
888 927 973 980 sui
999 926 1130 980 mali
1157 934 1345 981 auctor
1368 935 1469 982 est.

231 1021 544 1090 Antequam
595 1019 886 1076 redeamus
930 1019 999 1075 ad
1041 1019 1404 1090 prepositum,
1440 1017 1621 1074 adhuc
1658 1031 1751 1074 oc-
1803 1061 1806 1064 .

157 1110 337 1166 currit
373 1111 522 1181 quod
563 1111 892 1169 conturbare
920 1119 1099 1182 potest
1133 1111 1419 1178 lectorem,
1458 1110 1563 1165 nisi
1603 1109 1754 1165 solu-

157 1211 281 1258 tum
310 1203 507 1271 fuerit;
533 1219 684 1272 nam,
707 1205 836 1275 quia
863 1205 1068 1260 dietum
1091 1213 1175 1260 est
1194 1212 1387 1260 contra
1399 1203 1755 1272 Manichacus,

155 1295 377 1351 nullum
417 1303 696 1352 auctorem
740 1310 863 1352 esse
891 1296 1162 1355 malorum
1190 1296 1459 1364 omnium,
1484 1294 1625 1351 forte
1650 1293 1754 1349 du-

153 1387 360 1444 bitabit
398 1389 618 1460 aliquis,
653 1394 709 1444 et
752 1388 933 1444 dicet:
990 1387 1144 1444 Unde
1174 1389 1317 1444 mala
1361 1388 1408 1444 si
1449 1386 1632 1443 nullus
1665 1396 1751 1444 est

153 1489 372 1535 auctor:
405 1481 654 1536 onmium
706 1479 1014 1535 malorum?
1075 1480 1182 1536 Sed
1241 1479 1442 1536 veritas
1485 1463 1754 1536 ostendit

155 1585 616 1642 unumquemque
647 1577 926 1626 auctorem
962 1584 1084 1625 esse
1121 1570 1204 1640 sui
1251 1570 1401 1638 mali,
1442 1583 1572 1624 nam
1621 1567 1750 1646 licet

151 1662 434 1732 exemplo,
473 1662 558 1717 vel
603 1661 846 1729 hortatu,
884 1659 970 1718 vel
1012 1660 1370 1732 oppressione
1411 1659 1746 1732 peccaveris,

1856 549 2068 617 fecisti;
2097 531 2396 603 necessitas
2431 533 2578 600 enim
2604 531 2750 597 nulla
2782 554 2831 596 te
2867 556 3060 612 cogere
3100 537 3297 610 potuit,
3331 534 3435 592 nisi
3468 531 3488 549 ”

1855 639 2097 696 voluisti.
2122 637 2272 693 Tolle
2297 637 2657 701 voluntatem,
2678 632 2881 687 nullam
2907 629 3115 684 videbis
3137 627 3316 682 valere
3341 621 3439 680 ne-

1855 710 2184 791 cessitatcm.
2209 729 2579 802 Opprimeris,
2597 713 2924 782 trucidat-is?
2950 722 3180 778 nihilum
3202 727 3305 787 est,
3333 717 3447 775 nisi

1861 827 2008 884 telis.
2046 825 2248 881 Peccas
2277 824 2460 894 itaque
2502 809 2650 875 nulla
2694 816 3017 872 necessitate
3051 813 3144 869 sed
3190 813 3305 868 sola
3337 823 3439 865 vo-

1860 895 2082 976 hntatc.
2111 915 2178 970 Et
2218 914 2341 970 ideo
2369 912 2487 968 sola
2506 900 2766 967 voluntas
2796 916 2893 962 aut
2933 907 3156 978 punitur
3185 912 3279 959 aut
3300 898 3440 958 mu»-

1852 1019 2097 1067 neratur.
2120 1007 2377 1074 Punitur,
2410 991 2457 1062 si
2488 1003 2692 1074 pateris
2722 1001 2869 1072 quod
2895 1015 3003 1054 non
3029 998 3141 1064 vis;
3185 1011 3441 1052 munera-

1854 1111 1964 1170 tur,
2000 1101 2216 1174 siquod
2246 1091 2386 1155 bene
2411 1095 2634 1152 volebas
2672 1087 3014 1163 adipisceris.
3047 1086 3123 1144 Es
3151 1087 3315 1158 igitur
3339 1102 3439 1140 au-

1850 1204 1971 1254 ctor
2005 1194 2123 1266 ipse
2151 1191 2231 1248 tui
2259 1180 2423 1258 mali;
2453 1188 2546 1260 qui
2582 1195 2690 1242 tute
2716 1183 3012 1240 voluntatis
3045 1177 3273 1236 arbitrio
3313 1194 3449 1258 pec-_

1854 1287 2018 1355 casti,
2067 1302 2170 1342 nec
2211 1283 2459 1341 ascribas
2497 1281 2613 1349 alii,
2650 1278 2795 1350 quod
2838 1286 2895 1334 tu
2943 1277 3057 1347 ipse
3102 1272 3302 1339 fecisti,
3343 1286 3443 1326 nec

1855 1381 2023 1437 alium
2049 1363 2265 1450 quaeras
2297 1383 2600 1441 auctorem,
2636 1371 2732 1444 qui
2760 1378 2812 1426 te
2838 1369 3057 1439 tuiipse
3082 1364 3259 1422 fecisti
3283 1378 3442 1420 exse-

1853 1482 2120 1530 cutorem.
2151 1468 2279 1536 Sed,
2304 1461 2504 1523 horum
2534 1466 2642 1520 line
2681 1463 2848 1530 facto,
2878 1461 3160 1534 paululum
3190 1455 3443 1530 quiesca-

1853 1573 2086 1633 mus,.nt
2105 1561 2402 1620 refectione
2431 1557 2635 1630 quietis
2669 1557 2739 1614 ab
2767 1553 2875 1612 alio
2908 1553 3133 1611 exordio
3163 1549 3446 1607 robustius
3480 1565 3482 1567 '

1853 1640 2232 1729 ad'sequentia
2257 1665 2678 1724 consurgamus.

1423 1750 1716 1832 Explicit
1745 1749 1904 1812 liber
1925 1749 2197 1830 primus.

151 1889 1350 1930 h——-—-———————————_—.

1821 1893 3247 1921 Μ...-

1285 2042 1643 2132 LIBER
1713 2036 2378 2132 SECUNDUS.

468 2214 681 2288 Duplex
715 2216 856 2273 ratio
890 2217 1093 2288 peccati
1126 2215 1433 2289 originalis.

223 2306 582 2378 Propositum
604 2315 1004 2364 nostrum-erat
1027 2307 1096 2364 de
1135 2307 1392 2379 originali
1419 2315 1642 2379 peccato
1668 2306 1754 2362 di-

152 2415 311 2466 cere,
345 2399 476 2470 quia
510 2399 776 2470 quaeritur
817 2399 1096 2471 quomodo
1133 2407 1413 2472 peccatum
1453 2399 1754 2456 habeamus

152 2492 227 2548 ab
251 2491 469 2564 origine
493 2500 704 2559 nostra,
733 2507 856 2562 qua;
884 2501 969 2549 est
997 2492 1170 2549 Adam
1193 2500 1248 2548 et
1263 2491 1393 2548 Eva.
1421 2490 1754 2548 Haec'autem

149 2585 397 2655 quaestio
422 2583 489 2639 de
518 2597 588 2642 eo
629 2583 800 2652 venit,
831 2585 978 2656 quod
1007 2585 1063 2640 in
1105 2583 1367 2656 Apostolo
1409 2585 1639 2656 legitur:
1693 2582 1756 2638 1η

151 2701 264 2756 quo
295 2700 474 2739 omnes
493 2676 835 2756 peccaverunt
861 2684 1036 2757 (Rom.
1063 2685 1142 2757 v).

225 2777 516 2844 Quaeritur
535 2793 665 2850 ergo
690 2779 974 2850 quomodo,
990 2778 1342 2850 peccavimus
1368 2779 1422 2834 in
1444 2777 1656 2834 Adam?
1673 2793 1759 2834 ve-
1787 2809 1812 2837 ρ

154 2884 290 2924 rum
315 2869 568 2941 equidem
591 2882 677 2928 est
705 2869 933 2942 quodin
966 2871 1138 2931 Adam
1167 2871 1374 2927 fuimus
1394 2887 1586 2927 omnes
1611 2880 1664 2927 et
1689 2869 1760 2925 ab

155 2978 226 3018 eo
240 2978 461 3031 sumus,
485 2962 580 3019 sed
592 2963 895 3020 secundum
912 2979 1155 3020 carnem.
1182 2962 1495 3036 Secundum
1516 2963 1758 3018 animam

155 3068 316 3121 vero,
348 3053 577 3111 Patrum
611 3055 1044 3112 orthodoxorum
1083 3055 1231 3111 aliud
1267 3055 1400 3112 dicit
1427 3053 1754 3129 auctoritas;

159 3161 277 3200 non
304 3147 454 3202 enim
477 3147 596 3202 vult
614 3147 854 3203 animam
877 3148 958 3204 sic
982 3148 1053 3203 ab
1073 3147 1258 3204 anima
1281 3146 1542 3212 seminari
1566 3160 1759 3217 quem—

156 3237 465 3296 admodum
503 3255 636 3300 caro
675 3239 980 3296 seminatur
1019 3256 1051 3294 a
1090 3255 1276 3308 carne,
1320 3254 1422 3295 nec
1459 3238 1528 3295 ab
1573 3237 1759 3293 anima

159 3330 414 3401 separari
448 3339 682 3401 partem,
704 3340 766 3387 ut
793 3331 921 3388 inde
947 3332 1044 3387 fiat
1075 3332 1300 3388 alterius
1322 3331 1560 3388 hominis
1589 3329 1757 3400 spiri-

163 3431 277 3490 tus,
317 3422 464 3479 sicut
500 3439 630 3494 pars
670 3439 700 3479 a
733 3439 899 3481 carne
936 3433 1242 3495 separatur,
1289 3433 1351 3479 ut
1396 3423 1490 3479 fiat
1529 3421 1757 3480 alterius

163 3513 412 3571 hominis
439 3529 661 3585 corpus.
708 3514 848 3571 Sunt
880 3523 1066 3571 tamen
1095 3515 1251 3570 multi
1279 3514 1373 3585 qui
1402 3515 1593 3570 volunt
1633 3514 1754 3569 ani-

163 3618 317 3660 mam
360 3621 428 3662 ex
455 3607 680 3662 traduce
702 3607 819 3662 ﬁeri
848 3608 990 3662 sicut
1016 3621 1240 3677 corpus,
1267 3615 1322 3662 et
1350 3621 1475 3662 cum
1506 3605 1756 3676 corporis

161 3699 380 3756 semine
404 3700 514 3755 vim
559 3700 725 3757 etiam
745 3701 946 3756 animae
975 3699 1286 3772 procedere.
1313 3700 1558 3767 Quorum
1587 3699 1758 3755 ratio-

161 3807 290 3860 nes,
314 3792 448 3865 quia
480 3807 593 3848 non
633 3803 763 3850 sunt
803 3794 1028 3850 omnino
1063 3792 1402 3864 spernendae,
1429 3792 1663 3860 videtur,
1698 3800 1760 3849 ut

165 3883 315 3940 sicut
351 3885 642 3954 utriusque
669 3885 1081 3956 proposuimus,
1109 3893 1373 3957 utrasque
1397 3885 1562 3940 etiam
1599 3899 1758 3940 exse-

162 3992 433 4047 quamur,
461 3985 518 4033 et
553 3977 790 4048 primum
826 3977 1261 4034 orthodoxorum
1293 3976 1542 4033 semitam
1570 3990 1759 4050 prose-

163 4086 429 4141 quamur.

165 4224 280 4284 Cur
312 4227 458 4282 Deus
498 4219 719 4300 dicitur,
745 4228 1000 4300 quievisse
1047 4227 1111 4282 ab
1163 4227 1426 4300 operando
1456 4268 1471 4294 ,
1520 4227 1569 4282 si
1623 4243 1760 4282 nunc

631 4297 839 4354 arripias
865 4308 1006 4354 creat
1031 4315 1095 4353 ea:
1124 4297 1311 4353 nihilo.

241 4432 455 4489 ﬂorum
479 4443 664 4490 autem
687 4434 756 4490 de
776 4435 1016 4490 humana
1048 4433 1231 4490 anima
1257 4433 1380 4490 talis
1407 4441 1492 4490 est
1511 4431 1761 4490 doctrina

166 4527 320 4598 quod
344 4526 413 4582 de
437 4527 621 4582 anima
646 4527 890 4597 parentis
916 4527 1053 4582 nihil
1081 4535 1370 4596 separatur
1397 4541 1525 4581 cum
1551 4526 1762 4583 semine

165 4620 364 4692 prolis,
389 4636 492 4676 nec
511 4635 753 4690 unquam
779 4621 848 4677 ah
872 4623 1056 4674 anima
1090 4618 1334 4690 parentis
1364 4618 1663 4690 quidquam
1693 4619 1761 4675 ad

168 4714 416 4770 animam
446 4714 616 4784 prolis
645 4713 885 4780 ducitur,
914 4729 1017 4768 nec
1039 4712 1245 4783 aliquid
1267 4713 1418 4767 ducit
1458 4713 1641 4766 anima
1670 4727 1760 4769 se-

164 4821 352 4876 quens
389 4822 422 4863 a
463 4805 657 4876 priori,
699 4805 795 4861 sed
828 4804 1290 4876 quemadmodum
1335 4803 1546 4859 homini
1581 4803 1762 4876 primo

170 4897 318 4954 Deus
350 4896 642 4968 inspiravit
683 4912 905 4964 novam,
945 4896 1027 4952 sie
1067 4911 1284 4968 semper
1313 4895 1637 4966 corporibus
1674 4911 1763 4951 re-

167 4997 360 5045 centes
407 4988 642 5060 inspirat
688 4989 1018 5046 recentibus.
1070 4987 1356 5054 Recentes,
1407 4987 1654 5059 inquam,
1706 4996 1763 5043 et

167 5097 366 5149 novas,
383 5067 483 5137 vel
502 5081 569 5136 de
596 5080 872 5151 aliquibus
901 5079 1127 5136 secretis
1159 5086 1215 5134 et
1237 5079 1467 5134 occultis
1490 5067 1760 5135 exstanti-

167 5172 275 5230 bus
315 5173 528 5230 naviter
550 5172 746 5239 factas,
778 5172 863 5227 vel
898 5171 1137 5238 sicutin
1166 5170 1434 5242 principio
1465 5160 1578 5227 tota
1603 5186 1761 5228 crea-

168 5273 296 5334 tura
338 5263 408 5319 de
435 5263 607 5334 nihilo
633 5263 848 5319 noviter
887 5270 1122 5334 creatas.
1159 5261 1372 5340 Quibus
1396 5247 1558 5318 lectio
1588 5263 1764 5317 Gene-

172 5356 646 5428 seos,opponitu_r,
669 5356 723 5426 in
751 5371 861 5426 qua
889 5353 1034 5410 Deus
1057 5354 1126 5410 ab
1151 5355 1407 5410 universo
1427 5369 1591 5425 opere
1613 5353 1761 5425 quod

169 5457 421 5519 patraret
466 5448 742 5519 quievisse
787 5446 988 5521 dicitur
1014 5445 1168 5518 (Gen.
1195 5447 1279 5519 ιι),
1307 5447 1465 5518 quasi
1488 5461 1597 5502 non
1627 5461 1762 5502 con—
1793 5464 1799 5471 ·

171 5542 360 5597 veniat
403 5541 716 5614 quieti-pro
757 5540 960 5614 creatis
988 5540 1308 5615 quotidiana
1349 5538 1594 5611 fatigatio
1629 5555 1758 5610 pro-

172 5635 438 5704 creantis,
457 5649 574 5697 ,nec
591 5650 727 5704 vere
749 5633 953 5690 dicitur
991 5632 1276 5706 quiescere
1299 5647 1399 5703 pro
1431 5632 1595 5688 rebus
1623 5648 1761 5703 quas

174 5735 442 5798 patrarat,
469 5727 517 5784 si
537 5727 720 5784 adhuc
743 5742 844 5800 pro
871 5727 992 5782 aliis
1016 5726 1180 5781 rebus
1210 5724 1276 5803 de
1297 5725 1467 5800 nihilo
1493 5723 1759 5782 faciendis

173 5820 421 5892 quotidie
458 5820 689 5894 laborat.

1791 4938 1841 5000 D

1778 2217 1826 2279 Β
1927 2199 2034 2268 Sed
2061 2209 2132 2267 ad
2157 2209 2266 2266 hoc
2293 2206 2659 2280 respondetur
2683 2204 2973 2261 lectionem
3001 2201 3152 2256 illam
3176 2212 3444 2269 corpora-

1854 2306 1989 2361 lium
2018 2301 2397 2359 tantummodo
2421 2315 2604 2356 rerum
2636 2296 3004 2353 conditionem
3035 2305 3281 2357 narrare,
3312 2304 3448 2359 qua-

1854 2413 1979 2453 rum
2004 2396 2210 2452 nullam
2240 2394 2441 2450 dicitur
2468 2393 2613 2449 Deus
2639 2399 2763 2463 post
2800 2388 3034 2462 primam
3079 2383 3448 2442 conditionem

1856 2487 2029 2544 nihilo
2068 2485 2292 2555 fecisse,
2344 2501 2471 2542 nam
2521 2497 2863 2556 quaecunque
2917 2477 3222 2550 corporalia
3263 2473 3447 2547 quoti-

1857 2571 1945 2637 die
1980 2589 2259 2647 creantur,
2301 2580 2369 2635 de
2398 2577 2710 2634 seminariis
2747 2575 2935 2646 primae
2978 2571 3312 2629 conditionis
3337 2561 3450 2624 ori;

1857 2658 2045 2740 untur,
2087 2689 2188 2730 nec
2228 2673 2434 2744 aliquid
2478 2686 2712 2742 usquam
2753 2669 2813 2723 fit
2850 2666 3162 2738 corporale,
3195 2662 3343 2736 quod
3382 2661 3450 2717 de

1859 2763 2036 2836 prima
2062 2779 2174 2818 non
2203 2761 2503 2818 descendat
2528 2760 2760 2831 origine.

1930 2855 2148 2924 Quievit
2191 2871 2323 2927 ergo
2368 2853 2514 2908 Deus
2559 2868 2588 2906 a
2639 2851 2815 2922 prima
2853 2847 3222 2920 corporalium
3259 2835 3450 2899 condi-4

1861 2947 2030 3015 tione,
2059 2933 2155 3017 qui
2187 2954 2377 3017 postea
2417 2959 2528 2998 non
2559 2941 2838 2996 invenitur
2867 2939 3040 2994 ullum
3076 2934 3358 3006 corporale
3382 2933 3451 2988 de

1859 3042 2032 3098 nihilo
2053 3040 2276 3106 fecisse,
2308 3054 2437 3094 nam
2461 3037 2527 3092 de
2549 3033 2986 3105 ineorporalibus
3012 3029 3290 3086 invenitur
3313 3028 3450 3084 scri-

1857 3143 2012 3208 ptum
2040 3152 2055 3189 :
2087 3132 2254 3187 Pater
2287 3147 2432 3186 meus
2463 3144 2624 3200 usque
2652 3126 2806 3180 modo
2840 3133 3108 3196 operatur,
3138 3133 3188 3178 et
3215 3139 3306 3194 ego
3330 3117 3451 3192 ope-

1858 3245 1950 3298 ror
1980 3225 2160 3298 (Joan.
2188 3224 2264 3296 v).
2295 3223 2492 3279 Dicunt
2513 3236 2643 3292 ergo
2672 3217 2961 3274 orthodoxi
3002 3217 3298 3271 humanam
3331 3214 3451 3268 ani-

1862 3297 2009 3375 mam
2047 3318 2118 3374 ab
2158 3317 2339 3373 anima
2368 3313 2519 3369 nullo
2548 3301 2712 3367 modo
2741 3307 3092 3373 descendere,
3129 3305 3223 3362 sed
3269 3304 3334 3360 in'
3361 3317 3448 3357 re-

1859 3410 2111 3468 centibus
2133 3423 2306 3464 novas
2330 3424 2361 3462 a
2384 3399 2504 3461 Deo'
2519 3403 2842 3475 corporibus
2863 3399 2979 3456 fieri
3003 3396 3267 3470 quotidie.
3289 3394 3448 3451 Unde

1860 3495 2124 3574 scriptum
2153 3510 2275 3557 est:
2318 3497 2387 3553 Et
2420 3503 2713 3552 revertatur
2746 3493 2917 3565 pulvis
2952 3493 3008 3546 in
3068 3491 3264 3545 terram
3298 3504 3449 3543 suam

1859 3580 1996 3647 unde
2013 3599 2150 3657 erat,
2173 3599 2224 3644 et
2247 3589 2468 3661 spiritus
2496 3586 2673 3640 redeat
2689 3584 2758 3638 ad
2791 3582 2959 3637 Deum
2980 3577 3071 3654 qui
3101 3579 3245 3634 dedit
3282 3577 3440 3632 illum
3479 3575 3481 3578 ⁴

1859 3688 2060 3761 (Eccte.
2093 3687 2215 3754 xu).
2242 3683 2724 3741 Animadvertatur
2752 3694 2919 3750 quam
2949 3676 3204 3733 distincte
3246 3673 3452 3729 dicitur

1859 3783 1925 3838 de
1955 3791 2099 3838 terra
2125 3779 2402 3850 pulverem
2424 3767 2566 3842 esse,
2591 3773 2767 3828 Deum
2786 3785 2914 3826 vero
2936 3767 3187 3840 spiritum
3210 3764 3444 3821 dedisse.

1861 3873 1928 3930 Et
1946 3874 2143 3930 iterum
2163 3881 2183 3927 ἰ
2216 3871 2405 3926 Patres
2430 3867 2642 3940 quidem
2689 3865 2867 3920 carnis
2921 3869 3116 3920 nostra:
3166 3857 3448 3913 habuimus

1858 3965 2173 4033 eruditores,
2197 3974 2246 4019 et
2281 3959 2642 4018 reverebamur
2661 3974 2747 4012 eos
2764 3974 2783 4023 ;
2813 3971 2938 4010 num
2966 3953 3133 4034 multo
3152 3950 3324 4021 magis
3353 3949 3446 4002 ob—

1861 4059 2263 4128 temperabimus
2274 4055 2416 4125 patri
2429 4052 2739 4124 spirituum,
2747 4059 2796 4106 et
2809 4047 3076 4105 vivemus?
3111 4042 3309 4116 (Hebr.
3322 4043 3453 4108 xu.)

1931 4147 2070 4206 Ecce
2096 4157 2152 4205 et
2199 4148 2313 4219 hic,
2339 4145 2594 4202 distincte
2620 4133 3059 4198 ostenditur'nos
3101 4143 3156 4190 et
3196 4130 3452 4188 homines

1861 4242 2062 4300 habere
2097 4250 2280 4312 patres
2320 4238 2505 4298 carnis
2547 4243 2783 4301 nostrae,
2819 4239 2874 4289 et
2920 4230 3093 4288 Deum
3137 4233 3455 4283 nostrorum

1861 4345 2075 4408 patrem
2104 4334 2422 4406 spirituum,
2455 4339 2516 4387 ut
2549 4344 2679 4386 caro
2709 4328 2824 4384 sola
2874 4323 3060 4380 veniat
3095 4321 3165 4377 ab
3211 4317 3453 4384 homine,

1863 4430 2090 4500 spiritus
2109 4443 2240 4484 vero
2267 4441 2442 4482 novus
2475 4441 2506 4478 a
2530 4422 2641 4478 Deo
2668 4421 2827 4476 detur
2870 4418 2924 4473 in
2955 4431 3094 4471 nova
3136 4426 3320 4470 carne.
3355 4408 3456 4464 Se-

1864 4523 2104 4580 cundum
2139 4521 2242 4576 hos
2265 4529 2350 4576 est
2388 4517 2543 4572 valde
2578 4513 2811 4570 difﬁcilis
2845 4508 3098 4580 quaestio,
3127 4519 3252 4559 nam
3287 4502 3333 4557 si
3364 4516 3459 4587 so-_-

1863 4618 1976 4673 lum
2015 4629 2216 4685 corpus
2245 4613 2314 4668 ab
2337 4610 2510 4666 Adam
2551 4607 2744 4672 habeo,
2777 4603 3016 4658 animam
3063 4615 3193 4654 vero
3231 4611 3343 4651 non
3388 4595 3461 4659 ali

1863 4709 2057 4775 Adam,
2083 4706 2178 4762 sed
2211 4720 2242 4758 a
2267 4703 2386 4760 solo
2408 4701 2540 4766 Deo,
2565 4714 2690 4756 cum
2715 4701 2998 4768 peccatum
3029 4691 3083 4745 in
3113 4689 3297 4745 anima
3335 4695 3457 4742 tan-

1867 4810 1980 4858 tum
2013 4799 2180 4877 sit,_et
2201 4811 2310 4852 non
2339 4795 2394 4850 in
2435 4805 2682 4862 corpore,
2713 4784 2992 4860 quomodo
3019 4782 3170 4838 dicor
3201 4781 3256 4835 in
3286 4779 3456 4877 Adam

1866 4869 2164 4962 peccasse?
2199 4883 2451 4941 Peccavit
2496 4881 2691 4946 Adam,
2738 4887 2793 4933 et
2829 4883 3114 4948 peccatum
3170 4870 3225 4926 in
3275 4867 3456 4923 anima

1867 4983 1984 5039 sola
2020 4981 2141 5046 fuit,
2167 4988 2222 5035 et
2252 4994 2363 5035 non
2404 4976 2482 5031 in-
2502 4987 2759 5044 corpore;
2792 4970 3032 5025 animam
3065 4974 3248 5022 autem
3280 4977 3458 5018 meam

1865 5077 1922 5132 in
1951 5091 2056 5147 qua
2088 5081 2369 5145 peccatum
2415 5076 2499 5125 est
2527 5063 2762 5137 ab’ipso
2802 5078 2914 5117 non
2954 5060 3151 5125 habeo,
3181 5051 3458 5127 quomodo

1864 5168 2016 5224 dicor
2042 5179 2299 5237 peccasse
2327 5163 2382 5216 in
2429 5159 2582 5231 ipso?
2611 5155 2844 5225 Quando
2873 5151 3119 5225 peccavit
3158 5155 3214 5202 et
3258 5157 3460 5214 corpus

1865 5243 2050 5315 meum
2085 5265 2214 5314 tunc
2244 5255 2298 5310 in
2341 5255 2461 5324 ipso
2488 5259 2626 5317 erat,
2671 5256 2816 5305 recte
2837 5245 3045 5302 dicerer
3079 5241 3135 5296 in
3164 5238 3287 5315 ipso
3327 5251 3459 5306 pec-

1865 5367 2042 5417 casse,
2091 5338 2154 5404 si'
2187 5354 2470 5419 peccatum
2511 5350 2658 5398 esset
2688 5340 2744 5395 in
2793 5326 3040 5408 corpore,
3087 5335 3242 5386 "nunc
3277 5335 3460 5383 autem
3488 5385 3513 5401 ,ι

1866 5462 1993 5504 cum
2042 5444 2099 5498 in
2147 5442 2332 5497 anima
2377 5439 2493 5495 sola
2545 5444 2828 5507 peceatum
2871 5421 2961 5496 sit,
2996 5423 3272 5498 quomodo
3308 5421 3461 5476 dicor
3495 5422 3502 5497 ί

1865 5552 2145 5610 peccasse,
2174 5532 2394 5605 quando
2430 5527 2692 5602 peccavit,
2730 5524 2776 5580 si
2799 5519 2865 5577 in
2883 5522 3002 5594 ipso
3031 5513 3249 5590 penitus
3278 5515 3461 5570 anima

1865 5618 1990 5687 mea
2019 5644 2126 5685 non
2151 5625 2272 5682 fuit.
2809 5622 2818 5626 '
2946 5620 2958 5626 ’

1893 5711 1896 5714 ί
2038 5720 2115 5789 De
2149 5715 2443 5789 generibus,
2479 5718 2527 5766 et
2566 5694 2852 5779 speciebus,
2889 5714 2937 5759 et
2977 5698 3287 5756 individuis.

1939 5785 2729 5877 Contra—hane"qumStioncm
2784 5798 2962 5854 taliter
3018 5789 3320 5851 Orthodoxi
3368 5801 3458 5848 re.-
