3946 6306
611 306 753 366 £079

609 425 898 496 spondent,
922 431 977 479 et
1007 389 1196 480 dicunt
1214 382 1371 496 quod
1393 424 1550 480 aliter
1584 441 1644 481 se
1672 423 1874 480 habent
1897 424 1966 480 ad
1991 423 2202 496 species
2230 426 2279 486 Α

611 517 912 585 individua,
963 533 1132 590 quam
1183 517 1395 589 species
1425 518 1494 574 ad
1543 533 1770 590 genera;
1818 532 1945 572 nam
1993 515 2203 588 species

608 612 737 690 plus
760 611 962 667 habent
983 612 1416 669 substantialiter
1443 627 1607 683 quam
1636 625 1854 682 genera,
1883 624 1984 665 nec
2007 606 2205 665 suﬂicit
2257 675 2261 677 _

608 703 680 762 ad
717 703 918 775 speciei
959 704 1324 760 substantiam
1367 719 1560 775 genus,
1602 702 1732 774 quia
1774 699 2204 756 substantialiter

608 797 774 867 habet
801 797 1014 869 species
1041 797 1402 854 differentiam
1430 804 1626 867 praeter
1658 809 1849 866 genus,
1881 801 1936 848 et
1969 791 2091 862 plus
2119 799 2205 847 est

608 886 821 957 species
845 887 1278 944 substantialiter
1305 903 1470 958 quam
1494 903 1685 959 genus.
1711 885 1842 941 Plus
1864 883 2012 939 enim
2035 881 2203 937 homo

608 994 777 1048 quam
810 979 1036 1047 animal,
1076 980 1205 1052 quia
1236 980 1522 1036 rationalis
1550 989 1634 1036 est
1667 981 1854 1044 homo,
1887 983 1943 1031 et
1976 991 2086 1031 non
2119 982 2203 1030 est

608 1069 879 1127 rationale
922 1070 1153 1140 animal;
1183 1071 1463 1128 individua
1493 1087 1625 1127 vero
1662 1072 1798 1127 nihil
1837 1069 2040 1125 habent
2071 1067 2202 1124 sub-

607 1162 938 1220 stantialiter
960 1163 1084 1236 plus
1110 1182 1274 1237 quam
1312 1167 1544 1238 species,
1571 1183 1672 1223 nec
1715 1167 1859 1222 aliud
1908 1173 2038 1222 sunt
2066 1163 2201 1220 sub-

606 1253 958 1324 stantialiter,
990 1256 1138 1311 aliud
1176 1255 1370 1313 Petrus
1395 1275 1563 1328 quam
1609 1258 1792 1313 homo.
1823 1256 1980 1324 Quod
2017 1262 2200 1311 autem

608 1346 715 1402 sub
744 1363 852 1403 una
879 1349 1059 1419 specie
1089 1350 1244 1420 plura
1291 1360 1419 1406 sunt
1449 1350 1746 1416 individua,
1783 1365 1892 1406 non
1940 1348 2069 1405 facit
2098 1349 2202 1404 hoc

608 1439 831 1510 aliquod
861 1442 1238 1511 substantialc,
1271 1444 1361 1499 sed
1391 1443 1714 1499 accidentia.
1758 1442 1882 1499 ldeo
1913 1443 2090 1499 solum
2117 1440 2202 1496 in-'

605 1531 888 1587 dividuum
936 1543 1117 1605 potest
1155 1551 1276 1591 esse
1320 1536 1424 1590 sub
1450 1537 1648 1606 specie,
1681 1552 1804 1591 cum
1848 1535 1961 1590 sola
1992 1534 2202 1605 species

606 1631 846 1692 nequeat
872 1638 995 1680 esse
1024 1624 1128 1680 sub
1151 1642 1368 1697 genere,
1399 1635 1478 1693 ut,
1492 1627 1785 1697 peremptis
1817 1625 2072 1680 omnibus
2101 1624 2204 1678 ho«

607 1713 850 1771 minibus
877 1716 1170 1774 individuis
1193 1728 1387 1789 praeter
1409 1719 1654 1787 Petrum,
1683 1721 1849 1776 homo
1872 1719 2083 1790 species
2111 1734 2203 1775 so-

1805 307 1866 364 B.
1905 303 2156 364 ODONIS
2191 256 2451 362 CAMEIi.
2495 303 2712 362 EPISC.
3686 304 3772 360 Μ

2902 419 2975 477 De
3009 420 3302 477 individuo.

2375 516 2472 573 Est
2526 524 2711 572 autem
2767 513 3108 570 individuum
3162 518 3489 569 contractum
3543 513 3777 582 proprietate

2305 609 2689 674 accidentium,
2712 615 2774 662 ut
2797 606 2866 662 de
2889 605 3044 661 nullo
3067 604 3304 670 dicatur;
3335 617 3457 657 nam
3483 602 3543 656 de
3575 602 3780 661 indier

2304 699 2588 771 superiora
2618 696 2911 764 dicuntur;
2948 692 3232 750 individua
3274 707 3405 747 vero
3431 690 3495 746 de
3527 691 3664 746 nullo.
3691 691 3782 749 Etsi

2303 792 2515 864 species
2547 790 2798 863 pluribus
2827 804 2938 844 non
2973 787 3136 853 inest,
3172 784 3268 842 sed
3289 783 3461 840 solum
3494 783 3633 838 habet
3653 784 3783 839 indivi-

2303 885 2495 953 duum,
2523 884 2640 956 ipsa
2665 882 2885 955 quidem
2912 880 3112 938 dicitur
3130 878 3200 934 de
3217 875 3517 942 individuo;
3540 875 3781 931 individua

2301 993 2432 1035 vero
2468 977 2537 1034 de
2573 975 2747 1044 nullo,
2791 983 2853 1030 ut
2893 973 2962 1030 de
3015 973 3120 1028 hac
3171 986 3270 1027 ave
3295 969 3530 1041 phoenix,
3560 977 3607 1024 et
3638 969 3690 1024 de
3721 970 3784 1026 hoc

2303 1069 2512 1127 mundo
2539 1068 2802 1136 mundus,
2829 1074 2885 1122 et
2923 1065 2993 1122 de
3035 1065 3140 1120 hac
3174 1064 3329 1120 stella
3371 1063 3473 1118 sol.
3497 1060 3559 1116 Et
3580 1062 3664 1116 hoc
3682 1064 3786 1117 modo

2302 1162 2504 1220 dicitur
2532 1159 2873 1216 individuum
2897 1156 3201 1215 secundum
3223 1153 3543 1218 universale,
3559 1167 3650 1208 non
3665 1169 3787 1208 um-

2302 1255 2434 1312 dum
2483 1262 2690 1322 totum;
2732 1267 2860 1308 nam
2890 1259 2946 1306 et
2979 1249 3036 1305 in
3067 1258 3180 1306 toto
3212 1256 3298 1304 est
3342 1245 3666 1311 individuum,
3695 1245 3786 1315 qui

2303 1363 2429 1404 cum
2465 1347 2536 1402 sit
2561 1361 2691 1418 pars
2716 1345 2906 1411 totius,
2935 1352 2992 1398 et
3021 1342 3078 1398 in
3105 1342 3225 1412 ipso
3247 1339 3518 1395 dividatur
3555 1346 3712 1401 totum,
3740 1336 3787 1403 ip-

2302 1457 2427 1498 sum
2454 1449 2640 1495 tamen
2681 1453 2783 1510 pro
2812 1437 3082 1510 parvitate
3119 1434 3207 1490 sui
3253 1448 3364 1489 non
3404 1439 3570 1503 potest
3596 1429 3735 1493 dividi,
3754 1440 3788 1483 nt

2303 1537 2488 1594 unitas
2513 1539 2569 1594 in
2613 1548 2866 1600 numero,
2908 1537 3174 1602 punctum
3216 1527 3274 1582 in
3317 1526 3461 1580 linea
3496 1522 3575 1577 vel
3607 1531 3788 1590 tempore,

2303 1632 2483 1688 littera
2518 1631 2573 1686 in
2614 1629 2883 1693 oratione,
2917 1633 3136 1679 atomus
3175 1621 3233 1675 in
3267 1631 3512 1688 corpore.
3539 1613 3605 1670 lta
3640 1610 3789 1681 etqqu

2304 1724 2361 1779 in
2391 1721 2798 1779 universalibus
2827 1717 3100 1782 intimum,
3124 1721 3181 1770 et
3209 1713 3264 1767 in
3294 1711 3426 1767 totis
3457 1716 3536 1765 est
3570 1707 3788 1767 minimum,

605 1806 722 1863 lum
751 1809 916 1864 habet
961 1810 1301 1866 individuum
1336 1811 1578 1870 Petrum.
1611 1814 1716 1881 Qui
1768 1805 2083 1869 individuus
2118 1820 2204 1868 est
2234 1814 2276 1870 Β
2301 1817 2502 1874 dicitur
2527 1814 2889 1871 individuum.
2916 1809 3033 1866 Hoc
3056 1806 3280 1880 quidem
3307 1804 3437 1875 quia
3462 1802 3514 1857 in
3537 1801 3707 1856 minora
3724 1815 3788 1852 non

605 1908 832 1971 propter
851 1902 1221 1959 collectionem
1260 1906 1647 1972 accidentium,
1693 1907 1836 1962 sicut
1864 1906 2029 1960 homo
2075 1919 2201 1975 spe-

607 1990 739 2059 cies,
770 1993 897 2063 quia
931 2003 1113 2065 potest
1150 2012 1272 2052 esse
1313 1999 1609 2053 multorum
1657 1997 1968 2054 communis
1999 1997 2198 2054 indivi-

607 2083 866 2154 duorum,
892 2103 1016 2143 nam
1041 2090 1263 2161 phoenix
1285 2092 1424 2159 avis,
1449 2094 1700 2162 quamvis
1726 2092 2063 2148 individuum
2086 2105 2197 2146 non

607 2175 805 2233 habeat
846 2179 951 2235 nisi
980 2198 1172 2249 unum,
1201 2184 1408 2254 species
1445 2192 1548 2250 est,
1592 2185 1718 2256 quia
1762 2183 2072 2240 communis
2101 2198 2200 2254 po-

607 2275 718 2326 test
758 2286 880 2328 esse
909 2275 1230 2344 multorum,
1273 2277 1419 2333 aliud
1460 2279 1607 2336 enim
1649 2291 1734 2335 est
1768 2280 2012 2350 phoenix,
2049 2279 2197 2335 aliud

603 2353 724 2417 hac
747 2363 993 2434 phoenix.
1034 2365 1264 2424 Phoenix
1293 2378 1374 2425 est
1412 2371 1664 2440 specialis
1695 2380 1909 2437 natura,
1939 2387 2062 2443 quze
2098 2386 2198 2444 po-

601 2461 714 2511 test
734 2472 855 2514 esse
884 2461 1196 2517 communis
1233 2480 1245 2518 :
1280 2462 1396 2518 haec
1420 2464 1643 2534 phrenix
1677 2480 1806 2520 vero
1830 2473 2048 2532 natura,
2075 2480 2197 2536 qum

601 2556 816 2606 tantum
865 2561 950 2608 est
993 2553 1294 2620 individua,
1332 2570 1435 2611 nec
1465 2555 1613 2611 aliud
1655 2571 1777 2612 esse
1810 2563 1991 2627 potest
2030 2571 2196 2628 quam

603 2642 904 2716 singularis
937 2648 953 2716 ξ
980 2647 1203 2718 phcenix
1233 2664 1451 2720 genere,
1477 2648 1908 2719 diﬂ‘erentiisque
1937 2649 2197 2704 termina-

599 2743 715 2804 tur,
747 2737 866 2794 hec
890 2738 1113 2809 phoenix
1161 2740 1526 2796 accidentium
1562 2740 1893 2811 proprietate
1915 2740 2197 2808 ;discerni-

601 2836 714 2883 tur.
747 2827 1092 2886 lndividuum
1116 2847 1224 2885 non
1249 2832 1357 2887 nisi
1385 2831 1451 2887 de
1483 2847 1594 2888 uno
1619 2832 1724 2888 dici
1748 2840 1945 2902 potest.
1976 2830 2197 2903 Species

601 2921 820 2977 etiamsi
849 2921 916 2978 dc
940 2939 1053 2980 uno
1087 2925 1204 2981 solo
1237 2924 1458 2994 dicitur,
1489 2914 1814 2982 universalis
1845 2935 1957 2995 est;
1992 2925 2193 2984 indivi-

601 3013 774 3069 duum
811 3030 941 3071 vero
979 3017 1198 3074 nonnisi
1227 3018 1504 3090 singulare
1527 3027 1630 3074 est.

673 3104 753 3160 Ex
789 3121 987 3179 genere
1024 3118 1078 3166 et
1111 3109 1432 3167 diﬂ‘erentiis
1483 3111 1718 3183 speciem
1754 3112 1894 3168 ratio
1931 3113 2095 3185 capit,
2125 3130 2193 3171 ex

598 3199 1028 3268 proprietatibus
1053 3204 1418 3262 accidentium
1444 3206 1786 3264 individuum
1813 3224 2009 3265 sensus
2030 3223 2197 3280 agno-

535 3357 540 3368 ,
599 3291 725 3346 scit.
748 3289 832 3346 Ad
863 3294 1210 3358 universalia.
1237 3299 1384 3355 valet
1421 3301 1563 3356 ratio
1585 3300 1814 3357 rationis
1848 3301 2094 3371 interior,
2123 3302 2192 3358 ad

597 3383 900 3455 singularia
938 3397 1070 3442 vero
1099 3389 1341 3463 cognitio
1378 3391 1651 3449 sensualis
1698 3391 1955 3448 exterior.
1992 3391 2194 3449 lndivi-

598 3473 708 3531 dua
741 3480 1014 3537 sentimus
1056 3481 1437 3553 corporaliter,
1487 3482 1818 3538 universalia
1859 3482 2194 3554 percipimus

595 3569 959 3628 rationaliter.
990 3572 1058 3628 Et
1089 3574 1308 3645 quando
1337 3575 1404 3630 de
1434 3575 1552 3654 solo
1583 3574 1797 3647 species
1824 3572 2025 3631 dicitur
2051 3575 2195 3632 indi-

595 3661 785 3735 viduo,
832 3667 1170 3724 tantumdem
1203 3668 1459 3725 accidens
1487 3669 1667 3726 dicere
1706 3678 1761 3725 et
1798 3669 1866 3726 de
1912 3669 2192 3727 individuo

595 3755 739 3812 valet
755 3766 810 3813 et
830 3757 899 3814 de
923 3759 1124 3830 specie,
1143 3761 1394 3832 quamvis
1415 3761 1792 3837 principaliter
1803 3770 1857 3818 et
1867 3762 2049 3835 primo
2068 3762 2192 3820 loco

593 3847 706 3905 sint
733 3847 790 3906 in
825 3850 1120 3924 individuis
1148 3852 1470 3912 accidentia.

594 4002 751 4071 Quod
784 4005 842 4062 in
877 4022 1188 4081 unoquoque
1223 4008 1631 4094 discernendum
1667 4019 1748 4066 est
1787 4009 2120 4066 lndividuum
2155 4028 2189 4066 ι

1299 4097 1492 4155 specie.

663 4207 835 4283 igitur
858 4212 1079 4284 quando
1120 4213 1359 4285 primum
1391 4211 1570 4271 factus
1604 4223 1684 4272 est
1725 4214 1915 4284 homo,
1945 4215 2186 4272 humana

591 4301 778 4358 anima
803 4302 948 4360 facta
973 4305 1129 4378 prius
1158 4307 1215 4364 in
1244 4323 1356 4364 uno
1379 4308 1680 4377 individuo,
1705 4317 1761 4365 et
1787 4309 1983 4365 deinde
2012 4309 2185 4366 divisa

2303 1909 2596 1977 dividitur;
2623 1907 2758 1963 illud
2787 1919 2918 1961 vero
2945 1901 3076 1974 quia
3099 1900 3168 1956 de
3195 1896 3546 1954 inferioribus
3562 1909 3650 1948 non
3669 1891 3791 1962 pradi-

2300 2011 2460 2060 catur
2483 2000 2827 2057 individuum
2851 2005 3001 2053 totus
3026 1991 3334 2057 constituit,
3377 1997 3557 2044 etnon
3587 1983 3789 2041 constitui-

2300 2104 2412 2161 tur,
2441 2092 2785 2152 individuum
2809 2086 3138 2146 universalis
3166 2082 3363 2140 dividit
3393 2089 3447 2137 et
3472 2094 3573 2135 non
3597 2076 3787 2132 dividitur.

2299 2184 2646 2240 lndividuum
2677 2182 2848 2239 totius
2893 2179 3134 2251 primum
3163 2184 3247 2232 est
3277 2175 3337 2229 in
3379 2169 3716 2228 constitutione
3740 2177 3788 2220 to-

2299 2277 2432 2343 tius,
2457 2275 2798 2332 individuum
2819 2269 3148 2328 universalis
3171 2266 3427 2322 ultimum
3447 2262 3591 2318 estin
3609 2258 3789 2316 divisione

2298 2369 2645 2427 universalis.
2687 2365 3034 2424 lndividuum
3075 2359 3428 2425 universalis,
3466 2357 3625 2427 ipsum
3647 2353 3791 2408 univer-

2299 2463 2435 2532 sale,
2460 2471 2636 2518 totum
2657 2469 2712 2518 et
2737 2457 3040 2532 perlectum
3062 2455 3227 2512 habet
3250 2453 3309 2508 in
3331 2467 3414 2520 se,
3442 2447 3723 2504 individuum
3742 2455 3790 2499 to-

2299 2559 2408 2616 tius
2428 2558 2495 2616 de
2518 2566 2632 2614 toto
2659 2555 2797 2612 nihil
2827 2553 2992 2611 habet
3021 2551 3076 2606 in
3106 2565 3166 2606 se
3186 2554 3392 2620 prater
3419 2557 3496 2601 se.

2894 2645 2972 2702 De
3007 2641 3296 2715 singulari.

2369 2742 2662 2817 Singulare
2703 2755 2837 2798 vero
2866 2738 3089 2806 dicitur,
3137 2733 3290 2807 quod
3342 2732 3522 2802 aliqua
3557 2726 3792 2800 proprietate

2296 2836 2629 2894 discernitur
2679 2835 2748 2892 ab
2803 2831 3063 2890 omnibus
3111 2827 3261 2884 aliis:
3312 2823 3442 2881 Haec
3476 2831 3636 2879 autem
3667 2819 3792 2874 unius-

2295 2931 2567 3004 cujusque
2588 2927 2669 2986 rei
2694 2926 2956 2985 discretio
2982 2924 3053 2980 ab
3087 2920 3211 2978 aliis
3237 2917 3516 2982 omnibus,
3541 2928 3634 2969 non
3653 2920 3792 3004 tantas

2296 3002 2696 3080 invin-dividuis
2738 3027 2844 3088 est,
2882 3017 2978 3075 sed
3025 3015 3159 3073 etin
3205 3007 3616 3068 universalibus.
3654 3002 3790 3059 una:

2297 3117 2445 3174 enim
2473 3122 2531 3172 et
2571 3112 2910 3178 universalia
2955 3125 3087 3168 suas
3129 3108 3514 3181 proprietates,
3539 3101 3703 3174 quibus
3729 3095 3790 3152 utsi

2297 3223 2407 3265 non
2439 3224 2627 3276 sensu,
2651 3207 2866 3264 ratione
2884 3215 3068 3263 tamen
3104 3202 3500 3259 discernuntur
3518 3198 3580 3254 ab
3597 3193 3706 3250 aliis
3727 3188 3790 3242 lla-

2294 3303 2372 3358 tio
2399 3317 2639 3374 namque
2673 3309 2931 3356 naturam
2958 3295 3364 3354 universalium
3389 3294 3442 3350 vi
3479 3307 3583 3350 sua:

2293 3394 2366 3452 tis
2389 3401 2445 3450 et
2478 3373 2644 3464 capit,
2671 3400 2725 3448 et
2746 3390 2817 3447 ab
2842 3389 3075 3445 invicem
3103 3396 3158 3444 et
3179 3387 3250 3442 ab
3277 3383 3566 3441 individuis
3593 3373 3788 3436 discernit

2295 3494 2376 3555 ut,
2405 3485 2660 3557 quamvis
2685 3484 2795 3540 sint
2821 3480 3133 3540 communia
3163 3494 3279 3536 suae
3307 3487 3490 3533 tamen
3510 3465 3786 3557 essentmis-

2294 3555 2642 3651 gularitatem
2672 3574 2969 3648 quamdam
2997 3572 3256 3638 habeant,
3283 3571 3430 3626 sicut
3457 3563 3706 3624 individua.
3731 3555 3788 3608 [ιι

2293 3671 2460 3743 igitur
2479 3669 2660 3727 omnis
2681 3667 2919 3725 essentia
2941 3665 3259 3738 singularis,
3279 3671 3397 3719 tam
3428 3656 3669 3717 individua
3683 3660 3785 3743 qut!

2294 3741 2642 3830 universalis,
2681 3768 2871 3833 utpote
2892 3759 3101 3815 habens
3121 3755 3382 3814 essentia:
3405 3769 3515 3812 suae
3535 3741 3785 3833 singulari?
3868 3781 3869 3810 ξ

2294 3862 2422 3923 tem,
2446 3869 2557 3927 qua
2582 3831 2864 3927 sigillatim
2888 3849 3178 3923 inspicitur
3197 3847 3268 3904 ab
3295 3847 3441 3904 aliis.
3483 3843 3548 3899 Et
3571 3841 3638 3897 sic
3665 3831 3786 3892 inliti-

2291 3948 2460 4006 duum
2496 3961 2680 4015 omne,
2717 3944 3024 4018 singulare;
3055 3956 3166 3998 non
3195 3949 3382 3997 autem
3424 3949 3576 3995 omne
3598 3927 3785 4018 sinsth

2291 4040 2655 4107 individuum,
2679 4015 2950 4110 quiavnon
2975 4042 3061 4092 est
3095 4032 3461 4098 individuum,
3494 4026 3590 4083 nisi
3623 4015 3784 4095 φαμι

2289 4133 2441 4189 nullo
2467 4132 2686 4194 dicitur.
2717 4129 2992 4202 singulare
3016 4133 3198 4183 autem
3220 4138 3408 4180 omne.

2921 4219 2996 4275 De
3017 4234 3260 4291 persona.

2359 4295 2602 4376 Persona
2631 4331 2761 4373 vero
2785 4323 2871 4372 est
2899 4312 3240 4370 individuum
3262 4307 3544 4368 rationalis
3561 4299 3782 4360 natura“l

508 4448 510 4450 ,
590 4394 650 4474 in
669 4391 799 4466 alio,
823 4395 998 4470 ipsius
1019 4398 1274 4456 humanm
1295 4401 1492 4458 anima:
1513 4410 1728 4468 natura,
1745 4400 1801 4457 in
1822 4397 2041 4458 duabus
2059 4417 2183 4472 per-
2287 4413 2536 4468 omnium
2566 4408 2974 4466 individuorum
2994 4420 3059 4462 ea
3080 4404 3194 4462 sola
3217 4403 3472 4460 dicantur
3492 4399 3781 4471 W1"

503 4564 505 4568 τ
590 4489 744 4546 sonis
777 4500 896 4546 erat
921 4491 1103 4549 omnis
1130 4501 1185 4549 θῑ
1214 4501 1352 4562 lota.
1382 4494 1584 4560 οηιυίεν
1611 4495 1857 4566 inquam.
1891 4494 2019 4565 quia
2051 4511 2187 4551 ηυδε·
2217 4517 2264 4574 ι)
2287 4520 2397 4560 non
2437 4511 2628 4560 carent
2653 4500 2896 4568 ratione;
2928 4513 3038 4556 non
3066 4507 3153 4554 est
3184 4497 3353 4569 igitur
3391 4495 3445 4551 in
3481 4479 3780 4549 universam

589 4595 758 4652 quam
812 4594 930 4640 erat
963 4595 1117 4642 extra
1147 4585 1301 4656 illas;
1353 4595 1488 4655 tota,
1523 4587 1654 4660 quia
1700 4588 1898 4660 cuique
1939 4602 2186 4658 personze
2289 4612 2542 4668 persona,
2571 4610 2674 4651 nec
2719 4595 2776 4649 in
2805 4591 3103 4649 individuis
3147 4590 3255 4645 illis
3301 4603 3426 4660 quae
3467 4599 3569 4642 non
3604 4583 3778 4636 satra-

514 4738 516 4740 ν
590 4671 732 4728 nihil
768 4673 955 4752 deerat
984 4677 1244 4736 humanae
1268 4681 1486 4737 animae.
1520 4679 1662 4736 Audi
1685 4682 1808 4749 tria,
1836 4691 1891 4737 et
1910 4681 2181 4737 discerne.

587 4763 721 4822 Erat
749 4767 991 4825 humana
1016 4771 1218 4840 anima,
1249 4780 1369 4829 erat
1393 4773 1575 4829 anima
1598 4773 1746 4842 Adae,
1774 4781 1894 4830 erat
1918 4781 1974 4829 et
1999 4773 2181 4829 anima

585 4856 736 4930 Eva.
765 4857 893 4917 Tria
930 4870 1074 4935 sunt
1125 4864 1364 4933 diversa,
1411 4867 1597 4923 anima
1642 4865 1774 4922 Adae
1816 4866 2180 4933 individuum,

587 4950 707 5008 sive
734 4949 917 5010 dicere
949 4951 1103 5020 velis,
1131 4955 1430 5026 singulare,
1462 4959 1577 5014 sive
1608 4973 1924 5028 personam,
1956 4973 2080 5029 quae
2115 4957 2182 5014 de

535 5083 542 5085 γλ
587 5043 740 5103 nullo
783 5044 1006 5102 dicitur.
1043 5043 1308 5102 Similiter
1335 5049 1516 5104 anima
1557 5048 1684 5106 Eva:
1721 5049 2062 5107 individuum
2101 5058 2187 5106 est

587 5135 708 5192 sine
736 5153 992 5208 persona,
1016 5137 1128 5195 sive
1155 5139 1452 5213 singulare,
1489 5144 1638 5213 quod
1673 5145 1741 5200 de
1774 5145 1925 5201 nullo
1958 5144 2179 5202 dicitur.

589 5226 840 5286 Humana
865 5231 1050 5288 anima
1089 5240 1288 5289 natura
1315 5234 1568 5306 specialis
1591 5244 1695 5305 est,
1724 5252 1835 5292 non
1880 5237 2180 5305 individua,

587 5320 685 5377 sed
731 5323 1043 5381 communis
1076 5342 1202 5399 quae
1249 5325 1452 5383 dicitur
1494 5325 1562 5384 de
1591 5327 1803 5386 duabus
1847 5330 2097 5402 personis
2127 5341 2184 5387 et

584 5416 848 5482 dividitur
884 5419 941 5475 in
977 5420 1131 5492 ipsis.
1160 5422 1420 5481 Discernc
1449 5423 1551 5479 tria
1575 5423 1711 5492 haec,
1740 5441 1841 5482 nec
1867 5428 1983 5484 solo
2010 5441 2174 5485 sensu

585 5508 762 5566 utaris
782 5509 836 5564 in
852 5510 1237 5584 disoernendo,
1258 5515 1355 5573 sed
1369 5525 1427 5572 et
1447 5516 1658 5573 ratione
1675 5535 1691 5584 ;
1709 5533 1809 5575 nec
1824 5520 1968 5576 enim
1986 5536 2174 5588 sensu,

493 5667 497 5671 ,
583 5601 682 5659 sed
730 5602 846 5660 sola
880 5604 1095 5662 ratione
1137 5606 1472 5666 discernitur
1516 5610 1856 5668 individuum
1889 5629 1920 5668 a
1970 5617 2170 5684 specie.

584 5694 692 5774 Sed
722 5703 786 5778 ut
821 5695 1188 5781 haec‘i'acilius
1228 5699 1535 5773 capiantur,
1575 5701 1803 5763 dicenda
1845 5714 1968 5760 sunt
1999 5721 2172 5776 pauca

581 5788 652 5847 de
679 5783 984 5862 individuo,
1007 5790 1090 5845 vel
1120 5789 1402 5865 singulari,
1432 5795 1514 5850 vel
1537 5806 1788 5864 persona.

2291 4688 2592 4752 tionabilia,
2641 4685 2739 4744 Est
2777 4686 2944 4758 igitur
2995 4682 3337 4740 individuum
3392 4677 3562 4736 omnis

2287 4781 2385 4838 sed
2407 4797 2517 4838 non
2537 4795 2700 4836 omne
2725 4756 3068 4835 individuum
3098 4789 3353 4847 persona.
3380 4771 3447 4827 Et
3479 4769 3553 4825 sic
3569 4765 3626 4821 ad

2286 4877 2456 4933 duum
2482 4889 2718 4946 persona
2747 4880 2810 4929 ut
2832 4879 2917 4928 est
2936 4868 3278 4926 individuum
3307 4866 3376 4921 ad
3405 4847 3778 4934 singularem-

2285 4969 2366 5025 dit
2395 4968 2450 5023 in
2480 4945 2584 5024 tria
2612 4963 3003 5038 grammaticus
3043 4961 3184 5017 hanc
3219 4971 3524 5030 personam,
3547 4953 3594 5007 in
3619 4945 3775 5020 μία.

2283 5057 2514 5127 Scilicet,
2541 5057 2837 5115 secundam
2862 5065 2918 5111 et
2952 5054 3189 5110 tertiam.
3217 5049 3286 5106 Et
3305 5049 3476 5122 prima
3501 5041 3775 5117 quidem!“

2282 5151 2549 5225 loquitur,
2573 5160 2627 5207 et
2649 5149 2886 5206 secunda
2920 5148 3011 5204 cui
3040 5146 3101 5202 fit
3124 5160 3327 5212 sermo,
3362 5157 3469 5198 non
3498 5136 3593 5194 nisi
3608 5130 3772 5225 religi?
3868 5185 3869 5190 η

2281 5217 2390 5303 bile
2413 5243 2750 5300 individuum
2778 5253 2882 5299 est.
2919 5239 2987 5296 Et
3013 5239 3138 5296 ideo
3159 5245 3306 5294 recte
3340 5246 3556 5308 persona
3579 5233 3661 5284 est.
3689 5217 3772 5274 τετ-
3868 5299 3869 5304 γ

2281 5343 2354 5399 tia
2390 5358 2523 5400 vero
2547 5342 2614 5398 de
2643 5355 2753 5412 qua
2799 5337 2860 5393 tit
2895 5348 3099 5398 sermo,
3138 5330 3360 5402 quando
3390 5316 3682 5383 rationabilis

2281 5441 2336 5489 et
2356 5434 2474 5504 ipsa
2507 5411 2910 5502 recteipersona
2945 5433 3050 5480 est.
3082 5418 3189 5477 Sed
3235 5419 3292 5476 in
3330 5419 3432 5476 hac
3868 5493 3869 5496 η

2282 5502 2584 5581 secundum
2638 5519 3056 5595 grammaticum
3097 5513 3159 5569 ﬁt
3205 5512 3451 5591 quaestio,
3499 5504 3584 5578 qui

2280 5629 2571 5686 personam
2617 5585 2772 5680 dicit,
2803 5612 2935 5667 dicit
2962 5625 3126 5667 omne
3154 5609 3220 5665 de
3247 5620 3357 5679 quo
3384 5585 3765 5686 miserim-‘9?

2280 5674 2448 5763 modo
2477 5708 2622 5763 enim
2653 5674 2886 5777 persona
2927 5713 3035 5771 cst,
3062 5702 3209 5776 quod
3238 5674 3556 5757 individuum
3577 5674 3762 5777 ηιξφίτ

2280 5815 2387 5856 non
2414 5799 2532 5856 est?
2555 5772 2956 5862 Sedetano)on
2979 5772 3190 5852 pictura
3211 5801 3424 5852 propter
3442 5772 3760 5847 similium"
