3946 6306
197 235 327 294 1081

1243 230 1332 288 DE
1369 233 1687 292 PECCATO
1723 183 2098 294 ORIGINALI.
2141 265 2210 275 --
2247 233 2376 289 LIB.
2415 232 2474 289 ll.

3345 191 3550 288 toea

191 353 356 411 dicitu
367 368 426 422 r,-
453 359 514 408 et
537 365 644 408 non
674 361 757 410 est
780 351 966 420 homo,
991 363 1044 410 et
1073 369 1304 425 quarum
1333 369 1469 412 usus
1490 362 1574 411 cst
1593 356 1646 410 in
1671 370 1792 411 sce-
1825 352 2098 414 A'inl‘ecta
2124 362 2208 410 est
2233 361 2456 425 peccato
2477 361 2588 408 tota
2613 327 2807 408 natura
2837 351 3091 408 humanae
3112 349 3335 418 animm;
3363 343 3508 428 quia

189 449 276 503 nis
323 461 426 516 per
456 445 874 521 similitudinem
921 447 1178 504 dicuntur
1228 464 1493 519 persona,
1543 449 1638 504 sed
1683 465 1793 504 non

188 547 317 594 sunt
347 538 598 610 propria:
619 538 699 595 sic
729 539 1069 595 individuum
1102 541 1249 611 quod
1279 541 1491 597 ratione
1527 551 1678 598 caret
1709 541 1796 596 di-

184 632 331 687 citur
344 629 603 702 quidem,
617 631 712 687 sed
734 647 843 687 non
861 632 1116 688 esttertia
1137 648 1371 704 persona
1393 653 1408 702 ;
1427 635 1589 692 habet
1610 643 1792 700 autem

185 724 493 780 locutionis
541 724 926 796 proprietatem
971 727 1134 792 ratio,
1161 736 1220 783 ut
1250 727 1303 782 id
1339 735 1555 783 tantum
1597 727 1795 784 habeat

183 814 537 870 locutionem
587 817 735 888 quod
779 816 942 872 habet
969 818 1256 874 rationem.
1285 802 1583 876 Dividitur
1629 819 1795 892 igitur

181 906 562 978 personalitas
587 907 818 966 rationis
842 909 1145 966 secundum
1167 909 1536 968 diversitatem
1558 912 1794 968 locutio-

181 996 289 1063 nis,
325 1004 388 1051 ut
423 997 611 1067 prima
639 1013 872 1068 persona
903 999 975 1056 sit
1000 1016 1125 1071 qua:
1160 999 1288 1056 facit
1317 1001 1668 1069 locutionem,
1700 1017 1791 1060 se-

179 1088 361 1144 cunda
390 1090 489 1144 cui
514 1091 576 1144 tit
608 1090 833 1158 locutio,
865 1093 1022 1148 tertia
1064 1094 1134 1148 de
1158 1109 1267 1165 qua
1304 1095 1364 1149 fit
1407 1094 1612 1158 locutio
1647 1096 1787 1166 ipsa.

179 1177 445 1234 Personis
471 1179 653 1251 igitur
677 1181 782 1238 hoc
808 1183 971 1238 modo
989 1184 1180 1240 divisis
1206 1185 1506 1242 secundum
1528 1196 1642 1242 tres
1667 1203 1758 1243 mo
1774 1217 1790 1228 -

177 1271 279 1327 dos
312 1271 647 1342 locutionis,
675 1275 850 1331 tertiae
877 1291 1124 1347 personae
1149 1279 1342 1335 tertius
1369 1295 1465 1351 per
1494 1281 1782 1352 quamdam

177 1363 608 1421 similitudinem
638 1368 894 1423 convenit
924 1369 1219 1439 universis,
1248 1387 1374 1426 nam
1411 1372 1552 1428 sicut
1584 1373 1790 1429 locutio

175 1454 237 1508 ﬁt
261 1453 332 1509 de
359 1455 630 1512 rationali
652 1457 954 1526 individuo,
983 1461 1056 1539 it_a
1077 1460 1145 1516 de
1175 1462 1432 1519 omnibus
1461 1464 1582 1519 aliis
1610 1473 1790 1536 potest

178 1546 296 1601 ﬁeri
321 1562 539 1628 sermo.
566 1548 795 1608 Rectum
821 1553 1044 1624 quidem
1083 1564 1169 1611 est
1202 1553 1471 1612 familiare
1508 1557 1790 1613 rationali-

176 1638 300 1708 bus,
328 1641 437 1696 sibi
467 1650 528 1698 et
570 1643 637 1700 de
671 1658 730 1700 se
759 1644 993 1701 invicem
1033 1645 1212 1703 iacere
1247 1648 1596 1717 locutionem,
1640 1659 1696 1706 et
1730 1650 1786 1706 in

178 1745 280 1786 suo
309 1747 518 1802 genere
547 1749 710 1790 suum
737 1735 1018 1793 continere
1037 1737 1339 1809 proprium,
1370 1740 1517 1810 quod
1551 1740 1619 1796 ad
1641 1739 1786 1795 aliud

177 1821 488 1879 transferre
519 1826 738 1882 videtur
759 1827 919 1899 quasi
944 1828 1206 1885 alienum.
1233 1827 1340 1886 Sed
1371 1831 1500 1901 quia
1528 1847 1786 1888 necessa-

180 1913 322 1970 rium
347 1924 437 1972 est
457 1917 830 1976 rationalibus
864 1920 1194 1993 quandoque
1234 1937 1397 1977 suum
1428 1938 1600 1995 genus
1629 1939 1789 1979 exce-

178 2003 326 2074 dere,
378 2015 438 2062 et
459 2007 532 2063 de
585 2009 780 2067 alienis
814 2010 1147 2068 locutionem
1196 2012 1399 2081 facere,
1441 2015 1617 2070 aliena
1669 2015 1784 2088 ipsa

180 2110 470 2167 personas,
503 2108 561 2156 et
606 2100 653 2158 si
681 2117 789 2157 non
844 2111 994 2170 sunt,
1024 2103 1216 2160 tertias
1242 2104 1499 2174 dicimus,
1544 2121 1611 2162 eo
1638 2091 1796 2182 quod.

182 2189 234 2244 in
255 2190 337 2246 eis
363 2193 550 2248 tertiae
575 2207 826 2264 persona:
856 2194 1060 2266 polleat
1086 2196 1409 2264 similitudo,
1441 2198 1497 2253 in
1538 2214 1606 2254 eo
1638 2199 1786 2270 quod

182 2280 246 2338 de
269 2283 408 2354 ipsis
437 2286 572 2357 quis
596 2287 792 2343 alienis
819 2287 1166 2346 tiat'locutio.
1196 2288 1339 2346 Sunt
1360 2290 1526 2362 igitur
1547 2292 1653 2348 alia
1677 2301 1786 2348 ter-

184 2373 269 2429 tiaa
288 2390 550 2445 persona:
570 2392 667 2448 per
687 2379 1123 2448 similitudinem,
1157 2381 1504 2438 rationabilia
1534 2399 1664 2439 vero
1689 2399 1786 2454 per

182 2467 597 2536 proprietatem,
641 2468 772 2540 quia
818 2468 1110 2527 locutionis
1155 2471 1394 2529 oﬂicium
1423 2474 1492 2530 ad
1518 2475 1793 2531 rationale

183 2559 401 2628 proprie
421 2560 666 2631 pertinet
689 2561 1052 2619 individuum.
1081 2562 1238 2621 Nunc
1263 2566 1550 2623 redeamus
1569 2568 1638 2624 ad
1656 2584 1785 2640 pro-

183 2650 456 2727 positum.

507 2743 663 2811 Quod
701 2747 870 2803 multa
902 2759 1026 2804 sunt
1067 2750 1203 2807 bona
1237 2754 1452 2811 animm.

249 2832 308 2890 ln
324 2836 607 2909 principio
627 2841 847 2910 quando
869 2842 1168 2898 humanam
1195 2831 1435 2902 animam
1463 2847 1607 2905 Deus
1629 2864 1786 2904 crea-

185 2926 277 2996 vit,
296 2930 556 3000 pluribus
581 2932 742 2989 bonis
770 2933 919 2990 illam
949 2937 1268 2994 cumulavit.
1304 2938 1460 2996 Dedit
1485 2942 1778 3008 rationem,

185 3031 287 3090 qua
314 3021 637 3080 Creatorem
663 3025 996 3083 discerneret
1035 3043 1067 3083 a
1104 3037 1385 3099 creatura;
1413 3032 1560 3088 dedit
1580 3033 1777 3088 volun-

185 3118 343 3170 tatem
369 3124 424 3172 et
444 3117 748 3174 voluntatis
773 3118 1083 3188 arbitrium,
1108 3130 1169 3176 ut
1191 3136 1260 3177 ex
1288 3123 1536 3192 arbitrio,
1567 3140 1679 3180 non
1707 3141 1777 3182 ex

185 3207 511 3266 necessitate
533 3210 695 3266 vellet
731 3212 880 3283 quod
916 3213 1096 3283 vellet,
1120 3229 1230 3270 non
1260 3215 1407 3271 enim
1447 3215 1515 3272 ad
1544 3217 1780 3274 beatitu-

187 3296 363 3357 dinem
383 3309 512 3359 erat
539 3305 800 3375 cogenda,
827 3305 894 3362 ad
919 3321 1086 3378 quam
1109 3323 1220 3364 non
1245 3318 1330 3365 est
1350 3309 1777 3380 perveniendum

187 3391 288 3448 nisi
338 3395 660 3453 voluntaria
682 3397 916 3468 justitia.
954 3397 1182 3456 Ornavit
1223 3417 1346 3457 eam
1382 3401 1620 3473 iustitia,
1666 3420 1776 3475 qua

188 3495 490 3544 mereretur
531 3486 650 3544 ﬁeri
682 3489 864 3546 beata.
892 3488 962 3546 Et
987 3491 1288 3564 voluntatis
1316 3494 1544 3550 arbitrio
1575 3511 1778 3566 suppo-

186 3576 292 3634 suit
316 3594 462 3650 eam,
508 3589 570 3637 ut
597 3581 876 3638 voluntate
905 3582 1056 3654 justa
1085 3594 1233 3642 esset
1278 3601 1390 3643 non
1429 3587 1774 3645 necessitate.

188 3666 338 3728 Dedit
361 3682 418 3731 et
459 3672 708 3731 debitum
751 3674 999 3748 iustitiae,
1031 3685 1094 3742 ut
1133 3676 1329 3734 debeat
1364 3677 1637 3751 justitiam
1680 3678 1776 3752 qui

187 3764 391 3835 accepit
409 3764 710 3838 justitiam,
734 3774 791 3824 et
827 3776 1078 3826 teneatur
1112 3769 1296 3826 debito
1320 3770 1548 3842 iustitiae
1581 3786 1696 3840 rea,
1728 3771 1778 3829 si

193 3854 464 3915 toluntate
518 3857 723 3916 deserit
747 3875 915 3932 quam
965 3875 1181 3935 semper
1221 3861 1425 3919 habere
1464 3862 1671 3919 debuit.
1711 3862 1779 3919 Et

187 3947 312 4016 quia
357 3951 429 4008 de
479 3951 705 4010 homine
736 3953 976 4011 caelestis
1024 3963 1144 4011 erat
1189 3957 1520 4028 perﬁcienda
1562 3956 1776 4026 civitas,

188 4038 308 4096 data
327 4052 414 4102 est
435 4044 638 4102 anima:
663 4045 919 4102 humana:
938 4047 1021 4104 vis
1043 4047 1454 4120 prOpagationis
1477 4065 1776 4122 corporeae,

188 4141 249 4190 ut
277 4135 345 4192 de
390 4153 500 4196 suo
541 4153 772 4211 corpore
815 4155 1075 4212 generare
1123 4150 1290 4212 queat
1319 4155 1520 4214 corpus
1548 4142 1778 4200 alterius

188 4225 398 4297 animae,
422 4230 810 4300 cooperatione
837 4232 1008 4287 maris
1019 4240 1074 4287 et
1100 4230 1334 4288 feminaa.
1365 4231 1504 4289 Ecce
1538 4234 1777 4291 humana

188 4317 387 4389 anima,
420 4329 504 4379 tot
527 4323 816 4380 honestata
852 4323 1034 4391 bonis,
1062 4323 1116 4378 in
1151 4324 1422 4397 principio
1442 4340 1558 4383 sua:
1585 4327 1777 4382 condi-

1897 447 2206 504 communis
2235 446 2541 503 substantia
2589 454 2694 514 cst,
2744 454 2829 502 est
2875 445 3129 518 specialis
3173 444 3481 515 utriusque.

1894 537 2062 596 Extra
2093 541 2191 596 has
2216 539 2362 596 enim
2393 538 2637 595 nondum
2668 548 2752 595 est
2771 555 2892 605 eam
2920 555 3063 595 esse.
3099 531 3156 592 Si
3176 538 3322 594 enim
3347 525 3508 593 fuis-'

1895 643 1976 688 set
2007 632 2062 692 in
2108 632 2232 688 aliis
2265 631 2460 700 divisa,
2513 647 2614 704 pro
2657 632 2792 704 ipsis
2835 631 2968 688 solis
3013 647 3121 692 non
3172 620 3510 688 iniiceretur'

1894 732 2028 781 tota.
2054 723 2194 793 Quia
2222 724 2269 781 si
2303 734 2625 796 peccassent
2661 717 3066 792 istan,"forsitan
3106 739 3216 778 non
3255 717 3483 795 peccas—
3503 721 3510 796 ς

1893 827 2016 875 sent
2033 818 2174 886 aliae,
2205 817 2264 876 in
2281 817 2485 896 quibus
2518 825 2666 874 esset
2693 817 2843 874 salva
2868 817 3122 872 humana:
3150 816 3350 872 anima:
3381 815 3506 870 na-'

1895 921 2038 967 tura.
2067 909 2225 968 Nunc
2250 919 2434 966 autem
2457 911 2551 966 ubi
2579 918 2794 982 poterat
2815 910 2998 987 anima
3020 910 3259 964 humana
3279 908 3483 964 munda

1891 1018 2018 1059 esse
2034 1018 2158 1074 qua:
2185 1002 2460 1073 peccatrix
2482 1010 2602 1058 erat
2628 1001 2864 1073 ubique?
3427 999 3429 1002 ⁴

1893 1113 2168 1182 Quomodo
2197 1113 2432 1169 humana
2469 1123 2664 1169 natura
2695 1131 2788 1183 per
2813 1130 2869 1168 se
2897 1129 3002 1168 non
3033 1121 3235 1183 peccat,
3265 1113 3355 1167 sed
3393 1093 3487 1187 per

2539 1201 2837 1255 personant.

1964 1275 2069 1333 Sed
2093 1275 2233 1334 forte
2255 1277 2400 1333 dicet
2424 1276 2625 1349 aliquis
2650 1296 2663 1333 :
2698 1276 2755 1332 Si
2797 1286 2994 1332 natura
3023 1275 3352 1341 communis,
3379 1274 3488 1329 huu

1890 1385 2053 1425 mana
2077 1369 2287 1426 scilicet
2332 1368 2515 1425 anima
2550 1368 2801 1441 peccavit
2849 1369 2905 1423 in
2938 1367 3212 1439 personis,
3243 1367 3367 1436 quis
3390 1358 3487 1437 pol

1892 1470 1996 1519 test
2029 1478 2228 1534 negare
2259 1462 2498 1534 speciem
2546 1461 2840 1533 peccasse?
2891 1459 2996 1515 Sed
3051 1458 3351 1514 absurdum
3404 1466 3489 1513 est

1889 1554 1995 1611 hoc
2025 1554 2207 1610 dicere
2257 1554 2326 1610 de
2376 1554 2494 1625 ipsa
2526 1554 2736 1626 specie,
2795 1561 2849 1609 et
2901 1550 3037 1624 ipsis
3087 1550 3488 1607 universalibus

1891 1646 2166 1703 ascribere
2181 1646 2328 1718 quod
2347 1647 2480 1702 solis
2502 1647 2758 1702 convenit
2776 1645 3043 1716 personis.
3062 1644 3328 1700 Praeterea
3358 1645 3484 1699 uni—

1893 1741 2123 1797 versalia
2155 1756 2370 1811 semper
2399 1749 2530 1798 sunt
2578 1740 2728 1812 quod
2760 1748 2909 1808 sunt,
2942 1748 3017 1807 et,
3071 1748 3348 1810 utcunque
3390 1755 3488 1794 va-

1888 1836 2102 1892 rientur
2130 1835 2430 1903 individua,
2480 1834 2793 1892 consistunt
2831 1833 3241 1888 immutabiliter
3267 1831 3488 1887 univcr-

1888 1929 2047 1994 salia,
2083 1937 2138 1984 et
2161 1927 2414 2000 quamvis
2442 1927 2510 1983 de
2538 1927 2675 1999 ipsis
2721 1942 2849 1982 vere
2890 1927 3108 1982 dicatur
3148 1925 3486 1980 mutabilitas

1887 2018 2318 2087 individuorum,
2354 2035 2464 2074 non
2488 2029 2572 2075 est
2602 2026 2786 2073 tamen
2822 2017 2877 2072 in
2905 2017 3060 2088 ipsis.
3103 2008 3210 2071 Sed
3256 2031 3357 2071 nec
3380 2031 3484 2070 nos

1885 2111 2122 2178 dicimus
2151 2111 2326 2182 ipsam
2356 2110 2594 2183 speciem
2618 2125 2715 2182 per
2735 2124 2815 2176 se,
2843 2110 2938 2166 sed
2975 2109 3030 2163 in
3073 2095 3485 2179 solis‘personis
3508 2100 3529 2121 "

1886 2222 2165 2280 peccasse.
2207 2204 2274 2262 Et
2307 2205 2561 2278 quamvis
2585 2206 2652 2262 de
2678 2203 3083 2260 universalibus
3107 2204 3362 2260 dicantur
3401 2203 3485 2257 in-
3589 2204 3596 2208 ”

1884 2296 2236 2356 dividuorum
2261 2297 2586 2364 accidentia,
2613 2312 2723 2352 non
2746 2306 2926 2352 tamen
2959 2303 3088 2350 sunt
3109 2295 3164 2349 in
3195 2285 3483 2370 univcha-g
3584 2366 3589 2370 ι

1884 2391 2030 2447 liLus
2075 2391 2230 2462 ipsis,
2261 2391 2366 2447 hoc
2391 2389 2540 2461 quod
2583 2397 2732 2456 sunt,
2782 2385 2877 2443 sed
2922 2386 3044 2442 loco
3079 2386 3148 2440 ab
3187 2376 3485 2440 individuis

1884 2481 2162 2549 secundo;
2194 2497 2322 2536 nam
2353 2480 2497 2536 sicut
2528 2478 2759 2535 diversae
2784 2486 2913 2534 sunt
2942 2477 3012 2532 ab
3033 2475 3329 2532 individuis
3361 2491 3485 2548 spe-

1883 2573 2370 2647 cies,‘similiteret
2393 2588 2585 2628 eorum
2627 2570 3013 2643 proprietates,
3055 2577 3116 2624 ut
3148 2562 3390 2623 hominis
3418 2583 3481 2622 ea

1880 2666 2189 2738 proprietas
2212 2664 2367 2737 quod
2397 2663 2610 2735 Species
2635 2670 2738 2731 est,
2769 2661 2917 2734 quod
2957 2659 3286 2729 universale,
3336 2658 3491 2730 quod

1882 2775 2198 2827 commune,
2230 2758 2378 2831 quod
2403 2757 2643 2814 essentia
2669 2754 3138 2818 incommutabilis
3168 2753 3221 2808 in
3250 2768 3310 2809 se
3337 2749 3485 2823 quod

1880 2850 1948 2908 de
1991 2851 2244 2924 pluribus
2291 2849 2514 2918 dicitur,
2559 2859 2616 2906 et
2664 2857 2858 2906 ca3tera
2909 2848 3108 2920 quibus
3151 2840 3483 2901 universalia

1880 2951 2270 3007 discernuntur
2299 2950 2369 3006 ab
2397 2947 2714 3012 individuis,
2755 2962 2865 3002 non
2887 2945 3143 3002 convenit.
3175 2943 3312 3016 ipsis
3340 2941 3484 3000 indi-

1879 3037 2082 3094 viduis.
2111 3036 2378 3092 Similiter
2410 3035 2558 3108 quod
2592 3033 2790 3090 Petrus
2833 3031 3174 3087 individuum
3219 3041 3326 3098 est,
3357 3045 3484 3101 per-

1879 3146 2036 3199 sona,
2064 3129 2208 3202 quod
2231 3129 2299 3185 de
2339 3128 2489 3183 nullo
2512 3125 2750 3192 dicitur,
2781 3125 2928 3196 quod
2962 3122 3248 3178 mutabilis
3286 3132 3389 3189 est,
3426 3129 3482 3177 et

1877 3230 2074 3277 ca‘tera
2113 3220 2316 3292 quibus
2350 3217 2627 3274 individua
2668 3215 3061 3289 disjunguntur
3095 3213 3164 3268 ab
3192 3213 3480 3268 universa-

1877 3313 2042 3380 libus,
2071 3312 2207 3383 ipsis
2233 3321 2414 3367 tamen
2446 3309 2781 3368 conveniunt
2802 3306 3226 3365 universalibus.

1987 3403 2062 3460 De
2088 3401 2506 3476 proprietatibus
2546 3402 2837 3473 specierum
2865 3409 2918 3454 et
2953 3398 3374 3454 individuorum.

1948 3495 2016 3552 Et
2037 3497 2166 3568 quia
2197 3511 2256 3552 se
2288 3494 2474 3550 intulit
2513 3493 2733 3551 occasio
2757 3500 2813 3548 et
2839 3491 2973 3548 utile
2995 3499 3082 3547 est
3119 3498 3311 3546 nostro
3344 3503 3475 3560 pro-

1877 3589 2078 3662 posito,
2109 3586 2412 3644 notandum
2437 3595 2523 3643 est
2558 3585 2707 3658 quod
2744 3581 3141 3640 universaliudl
3170 3581 3477 3653 pmprieta-

1877 3689 1961 3740 tes
1985 3698 2108 3754 qute
2135 3681 2268 3754 ipsis
2297 3679 2699 3737 universalibus
2720 3685 2851 3734 sunt
2882 3690 3226 3743 communes,
3247 3673 3475 3730 omnino

1877 3793 1990 3834 non
2021 3775 2357 3833 conveniunt
2379 3770 2698 3840 individuis,
2749 3770 2893 3828 sicut
2935 3778 2988 3826 et
3021 3769 3128 3826 illa:
3165 3766 3476 3824 individuo-

1876 3887 2002 3928 rum
2059 3886 2198 3942 quas
2245 3868 2450 3925 habent
2481 3865 2762 3927 individua
2807 3879 3151 3932 communes,
3194 3872 3478 3934 nequeunt

1877 3960 2284 4018 universalibus
2306 3957 2573 4032 coaptari,
2603 3965 2667 4012 ut
2692 3957 2777 4013 ha:
2803 3971 2942 4028 quas
2970 3971 3136 4027 supra
3163 3953 3472 4027 posuimus.

1878 4054 1973 4111 lla;
1993 4070 2123 4111 vero
2176 4053 2533 4125 proprietates
2576 4048 2994 4115 universalium,
3023 4046 3224 4117 quibus
3269 4057 3474 4101 unum-

1877 4145 2136 4216 quodque
2156 4153 2446 4216 separatur
2471 4142 2540 4198 ab
2566 4141 2845 4208 omnibus,
2870 4139 2924 4194 in
2947 4138 3082 4210 ipsis
3106 4137 3327 4210 quidem
3351 4135 3476 4191 uni-

1877 4236 2183 4292 versalibus
2209 4235 2583 4307 principaliter
2603 4241 2657 4290 et
2695 4233 2875 4306 primo
2899 4231 3022 4287 loco
3052 4237 3200 4295 sunt,
3233 4227 3477 4285 secundo

1877 4343 2008 4385 vero
2027 4328 2150 4385 loco
2172 4327 2526 4392 inferioribus
2564 4337 2824 4399 aptantur
2864 4343 3040 4398 usque
3067 4326 3136 4382 ad
3172 4323 3476 4382 individua.

187 4408 369 4481 tionis,
394 4414 614 4472 duabus
636 4415 891 4487 personis
919 4417 1128 4486 clausa,
1155 4434 1258 4475 nec
1278 4419 1518 4476 exterius
1544 4419 1779 4492 usi1uam
1805 4421 1858 4485 ι)
1885 4417 2149 4475 Similiter
2173 4426 2228 4474 et
2268 4419 2353 4475 hae
2381 4417 2788 4475 individuorum
2819 4416 3020 4488 quibus
3045 4417 3479 4488 unumquodque

188 4513 463 4573 protensa.

345 4598 501 4666 Quod
539 4601 594 4656 in
630 4599 786 4672 culpa
821 4618 1058 4673 persona:
1085 4611 1163 4658 est
1198 4604 1356 4676 culpa
1392 4613 1618 4661 natura.
1709 4640 1712 4648 ι

255 4684 394 4748 Ecce
420 4692 671 4765 peccavit
711 4701 946 4766 utraque
985 4711 1224 4766 persona
1271 4698 1618 4770 suggestione
1654 4714 1777 4755 ser-

187 4781 380 4852 pentis,
405 4786 674 4856 peccavit,
718 4786 964 4858 inquam,
994 4797 1226 4861 utraque
1253 4791 1484 4847 necdum
1513 4791 1775 4849 substan-

190 4869 315 4929 tiam
342 4892 501 4933 suam
532 4879 859 4936 habentibus
893 4880 1024 4937 alibi
1053 4898 1218 4954 quam
1262 4883 1316 4938 in
1361 4899 1439 4952 se,
1480 4901 1604 4956 qua:
1633 4901 1774 4940 non-

191 4961 318 5022 dum
345 4978 466 5026 erat
491 4970 620 5027 alibi
640 4987 807 5043 quam
855 4972 950 5029 ibi.
980 4971 1038 5029 Si
1083 4989 1214 5030 vero
1243 4991 1478 5047 persona
1505 4977 1769 5048 peccavit,

191 5055 304 5116 Sile
329 5078 426 5120 sua
465 5065 772 5122 substantia
795 5082 906 5123 non
932 5067 1196 5138 peccavit.
1243 5067 1340 5124 Est
1365 5085 1497 5140 ergo
1523 5085 1774 5140 persona;

193 5151 492 5214 substantia
531 5167 756 5229 peccato
787 5159 998 5226 vitiata,
1020 5169 1075 5216 et
1115 5160 1286 5218 inﬁcit
1325 5170 1610 5232 peceatum
1640 5163 1772 5220 sub-

195 5249 463 5318 stantiam,
491 5268 616 5324 quaa
640 5268 914 5325 nusquam
949 5261 1035 5309 est
1071 5262 1224 5310 extra
1253 5255 1612 5325 peccatricem
1641 5272 1770 5328 per-
1821 5331 1825 5334 ~

196 5350 398 5400 sonam.
429 5343 749 5402 Substantia
775 5362 907 5403 vero
928 5362 1037 5403 una
1064 5355 1120 5402 et
1147 5346 1338 5404 eadem
1378 5357 1464 5404 est
1485 5349 1776 5421 utriusque

198 5441 430 5496 Persona:
464 5439 778 5494 cummunis
809 5439 944 5510 ipsis
966 5449 1020 5496 et
1046 5440 1321 5512 specialis.
1355 5438 1414 5496 In
1454 5442 1775 5512 peccatrici—

198 5517 292 5579 bus
317 5540 442 5600 ergo
475 5531 730 5601 personis
750 5540 837 5588 est
860 5529 1062 5588 infecta
1081 5541 1308 5604 peccato
1335 5541 1532 5588 natura
1561 5532 1774 5604 specia-

198 5608 280 5682 ῑίιο
301 5633 418 5691 qua:
445 5638 556 5679 non
576 5631 663 5680 est
688 5623 816 5679 alibi
843 5639 1008 5696 quam
1035 5624 1089 5680 in
1116 5624 1270 5696 ipsis.
1301 5623 1360 5680 In
1382 5624 1565 5682 anima
1593 5624 1769 5693 Adam

197 5715 318 5775 ergo
343 5715 469 5773 etin
497 5716 679 5773 anima
693 5715 839 5786 Era,
865 5734 986 5790 qua
1013 5720 1374 5804 personaliter
1385 5728 1768 5792 peccaverunt.

1882 4523 2170 4586 separatur
2204 4514 2274 4570 ab
2316 4513 2595 4578 omnibus,
2641 4509 3017 4582 principaliter
3041 4517 3169 4565 sunt
3215 4509 3268 4563 in
3321 4505 3479 4580 ipsis,

1881 4607 1977 4663 sed
2008 4606 2336 4662 secundario
2361 4604 2741 4677 superioribus
2759 4601 3112 4669 conveniunt,
3140 4608 3200 4656 ut
3229 4600 3479 4672 corporis

1880 4698 2211 4772 proprietas,
2234 4697 2383 4769 quod
2433 4711 2696 4768 corporea
2725 4693 3032 4751 substantia
3074 4701 3179 4762 est,
3221 4689 3480 4749 Omnibus

1879 4792 2232 4850 inferioribus
2254 4792 2531 4859 convenit,
2545 4790 2639 4847 sed
2654 4789 2834 4863 primo
2857 4789 2978 4850 loco
3000 4786 3240 4860 corpori.
3271 4783 3478 4841 Simili~

1878 4892 1963 4941 ter
1995 4883 2356 4956 proprietates
2378 4882 2579 4954 quibus
2607 4880 2915 4954 seiungitur
2936 4879 3006 4935 ab
3030 4879 3152 4935 aliis
3179 4875 3480 4935 individuis

1879 4974 2097 5045 Petrus,
2119 4976 2266 5048 quod
2292 4973 2460 5032 frater
2477 4974 2728 5041 Andreae,
2746 4972 2894 5045 quod
2918 4969 3291 5044 apostolorum
3319 4964 3478 5040 prina

1879 5084 2030 5141 ceps,
2043 5068 2100 5123 in
2132 5067 2252 5140 ipso
2283 5065 2502 5139 quidem
2521 5065 2898 5138 principaliter
2920 5071 3066 5130 sunt,
3097 5062 3167 5116 ab
3195 5060 3317 5132 ipso
3342 5063 3493 5118 vero

1879 5161 2122 5220 secundo
2163 5162 2289 5218 loco
2329 5161 2603 5232 accipiunt
2631 5158 2982 5216 universalia.
3039 5155 3228 5229 itaque
3273 5154 3474 5227 duplex

1878 5261 1960 5309 est
1984 5252 2292 5325 proprietas
2321 5239 2716 5308 universalium
2732 5270 2746 5319 ;
2764 5250 2963 5320 duplex
2980 5255 3065 5305 est
3083 5256 3139 5304 et
3160 5246 3474 5303 individuo~

1876 5359 2024 5411 rum,
2060 5359 2171 5399 una
2195 5344 2506 5416 proprietas
2531 5343 2945 5410 universalium,
2969 5356 3080 5414 qua
3113 5339 3375 5396 differunt
3403 5338 3476 5397 ab

1877 5434 2301 5504 universalibus,
2343 5433 2448 5490 alia
2474 5450 2584 5505 qua
2651 5431 2721 5489 ab
2766 5431 3080 5489 individuis.
3123 5431 3387 5488 Similiter
3417 5439 3471 5487 et

1875 5523 2284 5598 individuorum
2313 5519 2644 5599 proprietas,
2673 5524 2778 5580 alia
2809 5539 2917 5596 qua
2962 5525 3032 5581 ab
3058 5523 3354 5581 individuis
3385 5538 3471 5580 se.

1875 5627 2164 5692 parantur,
2191 5619 2298 5676 alia
2319 5633 2428 5691 qua
2449 5618 2519 5674 ab
2557 5616 2998 5688 universalibus;
3030 5633 3160 5675 nam
3190 5631 3316 5674 eum
3357 5622 3469 5673 una

1877 5725 1929 5772 et
1965 5716 2155 5774 eadem
2182 5715 2486 5775 substantia
2537 5713 2611 5774 sit
2638 5713 2694 5772 in
2729 5707 3041 5804 {individuis
3065 5723 3118 5772 et
3158 5712 3465 5804 speciebus,
