3946 6306
525 267 663 359 ius:

1686 290 1746 348 Β.
1788 284 2054 346 ΟΒΟΝΙΞ
2078 282 2338 343 CAMER.
2367 281 2573 339 ‘EPlSC

3621 280 3721 340 [Ni

521 399 738 494 oportet
757 383 852 477 eas
881 388 1240 490 pr0prietates
1259 401 1462 470 habere
1481 411 1682 482 quibus
1704 408 1994 464 diversitas
2021 410 2186 476 pa—.A
2283 399 2436 467 Quod
2481 398 2961 494 humana“
2986 389 3432 494 trfnns‘irfmuequit
3461 389 3530 444 ad
3563 390 3682 446 alias

519 526 632 573 teat
659 516 800 571 inter
827 532 906 580 se,
931 523 993 569 ut
1016 510 1256 568 hominis
1275 518 1330 564 et
1356 506 1523 572 Petri,
1555 520 1678 560 cum
1707 503 1778 559 sit
1800 517 1904 556 una
1937 509 1992 555 et
2015 515 2107 554 eav-

517 609 642 665 dem
675 605 1002 671 substantia,
1031 601 1365 659 diﬂerentias
1393 599 1593 654 habent
1617 595 1819 678 quibus
1852 593 2111 649 ditl'erunt

518 701 590 757 ab
609 701 875 766 invicem;
901 697 1047 769 quod
1073 697 1162 751 hic
1189 690 1774 766 quidem_individuum
1803 697 1886 744 est
1903 694 1960 742 et
1980 701 2109 757 per-

519 811 675 860 sona,
714 793 804 848 ille
844 806 976 847 vero
1007 789 1317 846 communis
1361 781 1536 844 estet
1589 783 1840 855 specialis
1889 789 2108 848 natura,

520 903 693 943 unum
731 894 861 943 sunt
908 884 1236 950 substantia,
1266 879 1691 954 proprietatibus
1716 885 1846 934 sunt
1872 875 2108 932 diversa.

517 967 622 1032 Per
664 977 772 1032 hoc
801 976 947 1048 quod
975 975 1177 1030 habent
1213 973 1429 1028 diversa
1475 971 1624 1038 sunt,
1673 985 1768 1040 per
1817 968 1922 1023 hoc
1964 965 2112 1037 quod

517 1077 648 1124 sunt
677 1081 846 1122 unum
875 1075 1020 1122 sunt.
1053 1065 1246 1120 Unitas
1285 1063 1602 1120 substantiae
1632 1061 1761 1116 facit
1787 1075 1957 1116 unum
1987 1075 2112 1130 quae

517 1169 647 1219 sunt
705 1161 918 1216 diversa
945 1203 960 1227 ,
1009 1159 1298 1216 diversitas
1353 1159 1750 1230 proprietatum
1806 1172 1930 1229 qua:
1982 1163 2114 1213 sunt

515 1270 688 1310 unum
724 1251 853 1308 facit
876 1252 1111 1307 diversa.
1147 1251 1213 1306 Et
1238 1252 1311 1307 ita
1337 1263 1447 1306 non
1472 1251 1648 1322 ,habet
1690 1251 1901 1322 species
1940 1250 1995 1305 in
2027 1250 2110 1304 in-

515 1345 738 1400 dividuo
770 1345 822 1399 id
849 1345 996 1416 quod
1037 1344 1216 1423 diliert
1242 1345 1311 1399 ab
1334 1345 1637 1412 individuo,
1687 1345 1779 1401 scd
1808 1344 1882 1399 ita
1909 1360 2006 1415 per
2050 1360 2111 1401 se

516 1436 682 1491 habet
706 1447 759 1492 et
781 1452 1031 1496 seorsum
1063 1438 1132 1492 ab
1163 1437 1444 1492 individuo
1467 1437 1520 1491 id
1551 1436 1696 1507 quod
1727 1436 1905 1492 differt
1935 1437 2005 1491 ab
2027 1437 2112 1492 in-

513 1527 760 1596 dividuo,
807 1529 964 1600 quasi
1010 1528 1228 1598 penitus
1276 1545 1386 1583 non
1418 1535 1562 1583 esset
1603 1528 1657 1582 in
1702 1527 2010 1595 individuo;
2055 1527 2107 1583 id

514 1628 698 1674 autem
733 1636 846 1691 quo
876 1621 1085 1690 species
1107 1621 1176 1676 ab
1205 1620 1609 1675 univcrsalibus
1651 1618 1832 1675 differt
1872 1635 1980 1674 non
2012 1620 2110 1674 haL

515 1713 609 1770 bet
637 1712 745 1768 nisi
777 1713 833 1766 in
857 1713 1158 1780 individuo,
1181 1721 1236 1769 et
1260 1713 1339 1769 sic
1360 1713 1526 1768 habet
1557 1714 1608 1768 in
1641 1712 1923 1768 individuo
1951 1713 2107 1785 quasi

515 1817 625 1857 non
650 1802 722 1858 sit
751 1803 898 1858 aliud
944 1820 1110 1874 quam
1142 1803 1322 1874 ipsum
1362 1804 1725 1871 individuum,
1755 1819 1878 1859 cum
1923 1813 2108 1860 tamen

515 1895 728 1965 species
761 1896 834 1951 sit
881 1905 936 1952 et
969 1913 1078 1952 non
1112 1897 1472 1952 individuum.
1523 1895 1864 1952 Similiteret
1913 1896 2111 1952 indivi-

514 1988 684 2044 duum
716 2006 829 2046 sua:
855 2006 966 2045 non
995 1990 1244 2046 attribuit
1268 1982 1469 2061 speciei
1495 1991 1546 2045 id
1573 2007 1684 2060 quo
1717 1991 1898 2047 diﬁ‘ert
1933 2007 1961 2046 a
1987 2007 2111 2063 spe-

514 2080 618 2135 cie.
655 2080 762 2137 Sed
785 2083 860 2137 ita
885 2098 982 2154 per
1009 2099 1068 2138 se
1095 2091 1265 2149 tenet,
1295 2091 1349 2138 ct
1375 2098 1624 2139 seorsum
1652 2098 1680 2138 a
1715 2084 1895 2154 specie
1925 2083 1975 2138 id
1998 2099 2109 2154 quo

514 2171 758 2228 differta
806 2175 1008 2244 specie,
1055 2173 1214 2244 quasi
1257 2173 1393 2229 nihil
1435 2174 1634 2228 habeat
1669 2191 1700 2230 a
1748 2174 1949 2245 specie,
1982 2167 2106 2229 cum

515 2279 684 2320 unam
714 2263 931 2335 penitus
959 2274 1014 2321 et
1039 2265 1287 2320 eamdem
1333 2266 1696 2322 substantiam
1746 2253 1943 2322 habeat
1983 2283 2109 2323 cum

515 2357 717 2428 specie.
743 2355 800 2413 Id
824 2365 1006 2413 autem
1029 2373 1141 2428 quo
1163 2357 1336 2413 ditl‘crt
1364 2359 1431 2414 ab
1452 2358 1748 2413 individuis
1769 2357 2110 2413 individuum

513 2465 626 2506 non
656 2451 819 2506 habet
843 2451 948 2506 nisi
978 2467 1102 2508 cum
1133 2452 1331 2522 specie.
1357 2450 1424 2505 Et
1448 2450 1528 2508 sic
1561 2451 1724 2505 habet
1749 2466 1876 2505 cum
1907 2449 2108 2521 specie,

512 2543 676 2614 quasi
702 2559 812 2600 non
846 2543 918 2599 sit
942 2544 1088 2599 aliud
1126 2543 1308 2614 ipsum
1339 2559 1506 2614 quam
1529 2544 1647 2615 ipsa
1685 2543 1915 2613 species.

483 2658 668 2725 ‘Quod
697 2661 752 2714 in
782 2661 965 2715 anima
995 2676 1090 2731 pro
1122 2660 1280 2731 culpa
1307 2676 1546 2730 persona:
1577 2661 1645 2713 sit
1676 2649 1849 2730 hculpa
1880 2669 2106 2715 naturae.

534 2782 536 2784 τ
582 2738 837 2828 Utigitur
855 2753 1154 2812 secundum
1189 2753 1485 2823 Scriptura:
1506 2753 2113 2823 loquamurauctorita-

510 2852 644 2922 tem,
657 2860 780 2915 quae
790 2846 980 2915 primae
997 2844 1328 2901 conditionis
1351 2844 1488 2899 duas
1506 2860 1768 2915 personas
1793 2845 1988 2915 accipit
2013 2861 2112 2916 pro

511 2952 622 3008 una
638 2945 695 2993 et
730 2952 842 2994 uno
868 2935 1091 2992 nomine
1118 2945 1275 2992 vocat
1295 2953 1408 3002 eas,
1440 2937 1493 2992 id
1523 2936 1811 3003 estAdam,
1837 2937 1881 2993 si
1928 2937 2110 2994 anima

511 3029 756 3100 peccavit
781 3031 931 3096 Adm,
956 3030 1199 3101 peccavit
1220 3031 1454 3086 humana
1477 3029 1678 3086 anima.
1717 3030 1965 3088 Peccavit
1985 3045 2112 3104 ergo

511 3133 709 3180 natura
744 3140 1014 3195 personas,
1064 3140 1188 3196 quae
1225 3125 1478 3194 specialis
1522 3132 1637 3191 est,
1687 3132 1742 3179 et
1797 3125 2109 3182 communis

511 3231 636 3272 esse
665 3225 862 3287 potest,
888 3218 983 3274 sed
1007 3233 1101 3288 per
1132 3233 1190 3274 se
1221 3217 1628 3288 non'peccavit,
1661 3225 1717 3272 et
1749 3233 1997 3273 seorsum
2042 3219 2112 3274 ab

512 3305 815 3376 individuo,
841 3323 949 3362 non
975 3308 1120 3363 enim
1161 3317 1243 3363 est
1274 3317 1554 3377 peccatum
1581 3307 1647 3362 de
1688 3304 2111 3380 proprietatibus

514 3385 849 3477 illisquibus
901 3400 1114 3456 differat
1152 3401 1222 3456 ab
1272 3399 1577 3468 individuo,
1631 3399 1724 3454 sed
1781 3395 2025 3470 peccavit
2054 3401 2110 3455 in

513 3489 634 3560 ipso
673 3490 976 3559 individuo,
1005 3501 1059 3547 et
1086 3507 1183 3563 per
1223 3493 1400 3563 ipsum
1431 3491 1578 3564 quod
1611 3489 1772 3544 aliam
1809 3505 1919 3544 non
1947 3491 2111 3546 habet

512 3569 881 3658 substantiam
903 3597 1068 3652 quam
1093 3583 1389 3648 humanam
1435 3577 1697 3648 animam,
1746 3580 1875 3651 quia
1911 3597 2107 3651 pecca-

511 3681 628 3726 tum
652 3682 737 3728 est
758 3689 946 3728 earnm
986 3676 1403 3745 proprietatum,
1436 3676 1638 3745 quibus
1691 3673 1760 3728 ab
1810 3672 2108 3730 individuis

514 3763 695 3819 diﬂ'ert
725 3765 906 3834 ipsum
953 3751 1316 3822 individuum.
1369 3765 1486 3822 Non
1520 3767 1684 3821 habet
1709 3780 1843 3847 ergo
1872 3781 2106 3836 persona

510 3866 795 3926 peccatum
826 3858 946 3913 sine
974 3874 1073 3914 sua
1102 3847 1303 3930 specie,
1342 3877 1469 3915 cum
1506 3875 1612 3930 qua
1666 3874 1837 3914 unum
1871 3855 2106 3913 et'idem
2143 3920 2146 3922 ν

509 3948 673 4005 habet
694 3965 815 4007 esse
838 3952 1214 4017 substantiale,
1253 3961 1305 4006 et
1331 3962 1414 4006 est
1438 3952 1490 4005 in
1523 3952 1702 4022 primo
1724 3951 1948 4006 homine
1973 3952 2102 4021 per;

511 4025 699 4109 sonale
725 4050 1009 4110 peccatum
1033 4051 1264 4110 naturae,
1291 4057 1399 4096 non
1428 4043 1694 4097 naturale.
1736 4042 1874 4109 Quia
1907 4057 2103 4112 pecca-

510 4139 627 4184 tum
655 4131 1029 4202 principaliter
1055 4142 1139 4188 cst
1176 4133 1229 4187 in
1258 4148 1495 4203 persona
1542 4149 1664 4204 quae
1694 4133 1936 4204 peccavit
1962 4133 2102 4203 ipsa,

437 4251 439 4254 -
510 4223 753 4294 secundo
774 4224 895 4279 loco
944 4226 996 4280 in
1032 4226 1212 4295 specie
1267 4242 1388 4297 qua:
1430 4228 1676 4298 peccavit
1731 4227 1975 4300 quidem,
2009 4229 2104 4284 sed

509 4332 624 4400 non
647 4315 787 4386 ipsa,
821 4306 928 4371 non
958 4319 1137 4388 potuit
1165 4335 1394 4391 peccare
1422 4336 1656 4390 persona
1687 4320 1806 4378 sine
1849 4321 2105 4376 substan-

507 4410 606 4476 tia,
638 4425 738 4468 nec
769 4410 875 4468 nisi
910 4411 964 4465 in
997 4411 1304 4467 substantia
1348 4420 1632 4482 peccatum
1683 4412 1863 4483 potuit
1901 4411 2104 4468 habere

512 4518 825 4574 personam.
857 4502 1030 4559 liabet
1081 4514 1262 4560 autem
1299 4519 1533 4574 persona
1556 4511 1838 4573 peccatum
1869 4521 1883 4569 ;
1937 4502 2104 4558 habet

504 4611 639 4668 ergo
662 4604 718 4652 et
737 4597 1040 4652 substantia
1064 4606 1196 4652 tota.
1213 4595 1371 4664 Tota,
1404 4596 1654 4668 quianon
1671 4595 1929 4652 eratalibi
1943 4613 2108 4668 quam

507 4689 605 4763 ibi;
636 4697 769 4758 tota,
787 4690 914 4760 quia
939 4691 1182 4758 nondum
1203 4689 1261 4760 in
1289 4689 1427 4744 alias
1456 4703 1722 4760 personas
1738 4687 1944 4754 divisa;
1969 4695 2106 4754 tota,

504 4779 777 4852 siquidem
819 4777 1038 4850 proprie
1059 4779 1301 4836 dicimus
1326 4786 1459 4845 tota,
1483 4786 1538 4833 et
1564 4794 1671 4833 non
1690 4778 1875 4848 potius
1901 4778 2100 4833 omnis.

835 4871 1010 4950 ‘Quid
1055 4872 1220 4926 distat
1251 4877 1420 4925 totum
1462 4879 1514 4925 et
1569 4887 1743 4926 omne.

507 5029 512 5032 ,
579 4964 714 5021 Nam
750 4975 922 5021 totum
948 4981 1048 5036 pro
1077 4965 1326 5036 partibus
1345 4965 1574 5033 dicitur;
1617 4965 1798 5020 omnis
1831 4981 1962 5022 vero
2002 4981 2102 5036 pro

505 5057 824 5113 individuis.
856 5056 921 5111 Et
945 5056 1349 5113 universalibns
1365 5055 1622 5123 convenit
1656 5071 1840 5124 omne,
1878 5071 2105 5126 compo-

506 5149 630 5206 sitis
651 5165 782 5205 vero
805 5159 1010 5216 totum;
1037 5166 1163 5204 nam
1186 5165 1348 5204 omne
1371 5148 1578 5221 colligit
1605 5148 1905 5217 individua,
1921 5157 2100 5204 totum

504 5248 691 5314 partes
726 5250 1038 5313 congregat.
1094 5239 1317 5313 Species
1363 5249 1546 5295 autem
1594 5257 1702 5295 non
1758 5251 1939 5311 partes
1969 5256 2104 5296 con-

505 5343 714 5408 gregat,
737 5333 832 5390 sed
857 5335 1137 5390 individua
1160 5333 1384 5405 colligit.
1409 5331 1476 5389 Et
1497 5333 1862 5404 compositum
1895 5333 1950 5388 in
1969 5333 2103 5391 soiis

504 5427 805 5486 individuis
839 5429 1135 5497 invenitur,
1174 5436 1236 5484 ut
1264 5428 1520 5512 dicantur
1564 5435 1708 5494 tota;
1768 5426 2100 5482 universalia

504 5537 638 5582 vero
667 5521 853 5576 omnia
901 5507 1180 5603 simplicis
1203 5529 1260 5577 et
1290 5507 1668 5591 incompositae
1695 5527 1825 5575 sunt
1865 5525 2096 5588 naturae,

360 5619 366 5627 ’
414 5638 426 5645 ι
501 5614 760 5696 quamvis
816 5613 1147 5686 quandoque
1211 5611 1557 5686 complurimi
1601 5612 1856 5688 dicantur
1905 5612 2094 5694 aliqua

503 5706 886 5792 similitudine,
921 5699 982 5762 ut
1022 5707 1254 5778 species,
1301 5723 1369 5762 ex
1397 5705 1720 5782 differentiis
1767 5714 1816 5783 et
1874 5720 2092 5778 genere,

505 5801 576 5860 ad
609 5798 1024 5858 similitudinem
1057 5798 1301 5856 matcriei
1336 5808 1390 5857 et
1418 5799 1625 5856 formae.

2709 483 2961 538 personas
2983 466 3095 519 sine
3119 461 3292 532 culpa.

2244 621 2254 630 .
2283 585 2349 641 Et
2375 584 2514 654 quia
2536 584 2776 638 humana
2797 581 2982 636 anima
3011 588 3127 635 tota
3155 586 3243 634 est
3277 576 3330 631 in
3357 575 3520 632 Adam
3543 577 3724 634 obnoxii

2211 678 2438 751 peccati,
2467 676 2586 732 sine
2629 682 2852 745 peccato
2887 686 2997 736 non
3025 676 3208 742 potest
3253 666 3322 722 ad
3363 666 3492 723 alias
3521 683 3728 738 personas

2211 769 2532 836 transferri,
2550 783 2652 824 nec
2681 765 2801 821 ﬁeri
2824 764 2940 836 jam
2980 769 3163 834 potest
3195 759 3380 816 anima
3408 759 3621 814 humana
3643 760 3730 815 sine

2209 865 2344 919 vitio
2370 862 2601 934 peccati,
2629 869 2684 916 et
2711 873 2901 914 secum
2938 855 3144 927 ubique
3168 853 3336 908 trahit
3356 851 3540 906 vitium
3574 851 3692 922 quod
3708 867 3730 906 ι

2208 956 2480 1028 principio
2519 954 2683 1010 habet
2703 952 2759 1007 in
2791 967 2853 1009 se
2889 961 3230 1008 concretum.
3262 945 3455 1004 Omnis
3482 945 3626 1017 igitur
3646 945 3734 1001 ani-

2210 1065 2320 1117 ma,
2349 1064 2471 1120 quaa
2495 1056 2620 1118 post
2667 1045 2841 1101 Adam
2887 1051 3136 1110 creatur,
3168 1057 3200 1096 a
3244 1037 3509 1111 principio
3550 1036 3734 1092 naturali

2210 1142 2377 1199 trahit
2397 1141 2545 1212 quod
2571 1140 2625 1195 in
2645 1154 2706 1196 se
2725 1139 2995 1209 culpetur.
3021 1133 3280 1206 Alioquin
3302 1148 3416 1190 non
3434 1131 3534 1186 erit
3549 1130 3737 1188 humana

2209 1239 2413 1304 anima,
2439 1236 2488 1293 si
2513 1235 2679 1292 fuerit
2707 1233 2828 1289 sine
2873 1219 3068 1302 culpa,
3105 1244 3206 1285 nec
3238 1229 3346 1284 erit
3379 1233 3738 1297 θείω-κρεω-

2209 1333 2381 1400 tricis,
2407 1332 2454 1388 si
2484 1346 2597 1386 non
2635 1327 2804 1386 fuerit
2831 1327 2947 1398 ipsa
2969 1323 3270 1398 peccatrix.
3303 1321 3417 1376 Aut
3435 1319 3482 1375 si
3515 1335 3569 1375 se
3591 1319 3740 1376 dixerit

2209 1441 2315 1481 non
2346 1425 2732 1496 peccatricem,-
2761 1432 2990 1476 necesse
3011 1424 3098 1472 est
3126 1413 3449 1485 proﬁteatur
3472 1426 3529 1466 se
3546 1424 3742 1482 nonem

2209 1519 2509 1574 humanam
2551 1512 2815 1570 animam.
2857 1508 2930 1564 Et
2966 1508 3118 1564 nulla
3167 1506 3290 1561 sine
3337 1512 3554 1575 peccato
3578 1512 3742 1557 crater

2210 1609 2264 1664 in
2315 1609 2421 1664 hac
2459 1606 2571 1662 vita
2619 1616 2963 1675 quaecunque
3003 1596 3351 1656 convincitur
3393 1609 3513 1650 esse
3557 1593 3743 1672 humana

2211 1719 2414 1758 anima.

2145 1775 2186 1830 Β
2459 1791 2735 1859 Quomodo
2767 1788 3013 1846 Christus
3048 1785 3186 1839 venit
3228 1780 3546 1851 sine-culpa.

2281 1887 2425 1955 Quid
2472 1900 2604 1956 ergo
2635 1883 2875 1939 dicimus
2917 1881 2987 1936 de
3023 1875 3232 1932 Christi
3281 1874 3468 1928 anima
3523 1887 3631 1944 qua:
3673 1871 3746 1924 bu-

2211 1997 2373 2038 mana
2395 1987 2558 2034 estet
2579 1976 2700 2032 sine
2721 1975 2882 2045 culpa
2904 1971 2928 2027 ?
2948 1971 3157 2028 dictum
3188 1975 3275 2022 est
3295 1965 3455 2036 prius
3493 1964 3612 2034 quia
3651 1976 3746 2032 pro-

2211 2073 2430 2145 pagatio
2455 2070 2581 2125 data
2610 2075 2695 2124 est
2717 2067 2975 2121 humanae.
3003 2061 3222 2127 animae,
3252 2067 3317 2114 ut
3349 2070 3635 2128 propagare
3657 2069 3750 2126 pos-

2212 2167 2284 2222 sit
2306 2166 2610 2220 humanum
2649 2173 2851 2230 corpus
2890 2155 2961 2212 de
3004 2156 3250 2210 humano
3285 2165 3519 2221 corpore
3545 2153 3750 2217 Coepera-

2211 2259 2359 2315 tTone
2377 2257 2547 2312 maris
2557 2263 2612 2309 et
2623 2252 2858 2309 feminae.
2883 2249 2950 2305 Et
2963 2248 3248 2320 oportebat
3267 2244 3590 2302 auctoritate
3601 2240 3750 2296 divina

2206 2351 2436 2424 iustitiae
2477 2357 2531 2405 et
2567 2345 2896 2402 necessitate
2948 2349 3158 2396 natura;
3190 2347 3268 2401 ut,
3299 2336 3484 2408 qualis
3527 2334 3683 2390 anima
3713 2341 3753 2424 et

2210 2423 2278 2498 de
2306 2439 2458 2512 quali
2485 2451 2714 2508 corpore
2735 2441 2856 2490 erat
2887 2430 3118 2498 factura,
3158 2429 3355 2484 anima
3383 2427 3507 2483 talis
3535 2434 3586 2481 et
3619 2424 3664 2478 in
3685 2423 3751 2478 tali

2211 2545 2442 2603 corpore
2453 2537 2600 2587 esset
2621 2535 2898 2592 secutura,
2925 2533 2988 2578 ut
3007 2522 3187 2594 qualis
3212 2528 3368 2576 esset
3387 2518 3556 2591 origo,
3576 2524 3625 2571 et
3642 2515 3754 2585 prin.

2212 2625 2417 2697 cipium
2438 2621 2662 2688 radicis,
2689 2618 2815 2673 talis
2829 2622 3153 2687 sequeretur
3172 2612 3329 2684 justa
3347 2608 3753 2676 necessitatem-

2214 2733 2403 2775 cessus
2429 2712 2655 2770 humani
2682 2709 2918 2783 generis,
2947 2723 3049 2764 nec
3076 2714 3222 2762 esset
3251 2703 3524 2776 principio
3543 2699 3755 2756 dissimile

2212 2810 2360 2884 quod
2382 2809 2536 2866 ﬂeret
2549 2823 2647 2878 per
2659 2802 3109 2877 propagationem
3126 2798 3300 2854 maris
3313 2805 3371 2853 et
3400 2790 3756 2852 feminae.Chrio

2215 2912 2356 2971 stus,
2395 2915 2527 2957 vero
2553 2884 2808 2971 quia-nec
2827 2893 3067 2950 maritali
3077 2891 3276 2963 copula
3296 2905 3403 2945 nec
3420 2887 3756 2957 amplexuam-

2210 2996 2349 3069 jugii
2376 2993 2546 3060 venit,
2571 2992 2663 3049 sed
2703 2990 2819 3047 sola
2835 2988 3040 3044 virtute
3075 2985 3260 3044 divina
3291 2984 3351 3037 in
3379 2979 3613 3052 Virgine,
3635 2973 3759 3069 et

2217 3066 2441 3162 Virgine
2461 3086 2638 3142 factus
2658 3092 2744 3139 est
2767 3090 2978 3148 sancta,
3002 3087 3227 3150 peccato
3245 3076 3377 3147 jure
3389 3073 3580 3136 caruit,
3599 3066 3756 3124 neede-

2214 3183 2304 3238 bet
2326 3178 2532 3252 requiri
2563 3186 2867 3249 peccatum,
2896 3174 2990 3228 ubi
3028 3172 3330 3228 solumest
3361 3182 3500 3237 opus
3535 3163 3752 3220 divinu.

2213 3275 2282 3332 Et
2327 3271 2474 3331 recte
2528 3272 2650 3329 sine
2701 3277 2924 3342 peccato
2974 3273 3157 3338 potest
3207 3278 3336 3318 esse
3394 3261 3489 3332 qui
3517 3259 3757 3314 factusest

2214 3372 2334 3428 sine
2367 3371 2607 3425 humana
2634 3357 3091 3434 actiOne,.utqui
3128 3360 3516 3433 perhomines
3562 3371 3657 3416 non
3695 3361 3756 3414 est

2214 3464 2411 3530 factus,
2472 3470 2760 3533 peccatum
2835 3473 2947 3513 non
3007 3455 3206 3510 habeat
3271 3467 3406 3514 cum
3471 3449 3752 3508 hominibus.

2210 3555 2408 3609 Anima
2451 3553 2622 3608 Adam
2653 3546 3032 3622 propagationi
3078 3545 3220 3601 datae
3251 3543 3464 3614 iunxit
3488 3541 3754 3611 culpam,“

2210 3645 2619 3718 pr0pagationis
2661 3644 2808 3698 bono
2838 3640 2985 3712 quod
3015 3638 3162 3694 Deus
3195 3637 3350 3692 dedit
3387 3634 3637 3706 apposuit
3662 3646 3756 3702 pec-

2210 3749 2392 3797 catum
2421 3734 2568 3810 quod
2601 3739 2719 3808 ipse
2756 3734 2904 3791 fecit.
2933 3731 3068 3800 Quae
3091 3747 3225 3792 vero
3255 3730 3554 3800 conjuncta
3578 3723 3752 3786 sunti

2209 3830 2419 3902 origine
2449 3826 2691 3898 separari
2724 3836 3018 3896 nequeunt.
3045 3823 3098 3878 in
3134 3821 3483 3893 posteritate.
3529 3819 3641 3874 Ideo
3669 3826 3752 3869 tra-

2209 3923 2348 3978 hunt
2373 3919 2622 3975 naturale
2649 3921 2933 3995 peccatum
2956 3914 3208 3970 homines
3226 3913 3326 3983 qui
3356 3919 3647 3967 nascuntur
3665 3920 3753 3978 pro-

2207 4011 2494 4083 pagatione
2510 4008 2826 4074 hominum;
2853 4005 3099 4062 nasceris
3120 4004 3366 4058 humana
3391 3999 3752 4072 propagatione.

2208 4103 2459 4174 sequitur
2499 4101 2660 4172 culpa
2703 4097 3050 4154 necessitate.
3088 4094 3294 4150 Potest
3342 4093 3512 4164 igitur
3538 4105 3646 4146 esse
3665 4086 3752 4142 sine

2209 4203 2453 4266 peccato,
2503 4208 2666 4264 quem
2703 4205 2814 4246 non
2863 4188 3118 4260 producit
3165 4187 3412 4242 humana
3463 4180 3749 4255 propagatio.

2210 4287 2364 4343 Tolle
2422 4285 2873 4358 propagationem
2910 4283 3233 4347 humanam,
3283 4279 3378 4334 ubi
3419 4277 3648 4334 invenies
3667 4271 3751 4326 atl-

2207 4381 2367 4453 pam?
2396 4379 2462 4434 Et
2492 4378 2614 4434 ideo
2635 4376 2889 4432 Christus
2917 4373 3244 4450 non_habuit
3271 4372 3521 4442 culpam,
3547 4369 3661 4440 quia
3675 4380 3749 4436 ge-

2134 4473 2180 4548 D
2207 4473 2547 4531 nerationem
2575 4487 2684 4527 non
2712 4469 2906 4525 habuit
2941 4469 3261 4532 humanam,
3286 4463 3402 4520 Nec
3439 4472 3523 4519 est
3559 4463 3750 4516 humana

2210 4577 2406 4623 natura
2449 4565 2686 4621 obnoxia
2727 4572 2972 4634 peccato,
3017 4561 3122 4616 nisi
3157 4560 3248 4615 ubi
3283 4559 3345 4614 tit
3371 4560 3606 4614 humana
3629 4567 3751 4626 gene-

2208 4661 2376 4727 ratio;
2437 4675 2563 4714 nam
2596 4657 2691 4712 ubi
2735 4656 2790 4711 in
2838 4654 3231 4726 propagatione
3258 4653 3376 4708 sola
3425 4659 3511 4706 est
3557 4643 3751 4718 operatio

2206 4752 2412 4819 divina,
2446 4751 2551 4806 nisi
2572 4748 2746 4804 Deum
2772 4747 2984 4817 culpes,
3015 4746 3166 4800 nulla
3189 4751 3272 4798 est
3305 4742 3490 4812 culpa.
3517 4739 3602 4796 Sic
3628 4735 3752 4806 igitur

2205 4851 2525 4903 nasceretur
2551 4842 2671 4899 sine
2697 4847 2928 4912 peccato
2953 4837 3231 4904 Christus,
3261 4834 3484 4891 etiamsi
3514 4847 3617 4888 non
3642 4829 3748 4886 esset

2206 4934 2372 4993 Deus.

2411 5069 2414 5074 η
2449 5024 2560 5082 Cur
2596 5025 2656 5079 in
2683 5024 2895 5081 Christo
2929 5023 3032 5094 fuit
3064 5037 3218 5094 perna
3240 5020 3352 5074 sine
3370 5018 3547 5090 culpa.

2275 5137 2439 5194 Forte
2473 5137 2739 5207 quzeritur
2767 5155 2780 5191 :
2804 5135 2918 5191 Cur
2943 5134 3198 5190 Christus
3241 5139 3390 5187 tanta
3421 5123 3658 5184 toleravit
3672 5118 3746 5191 ,πεί

2206 5245 2316 5287 non
2345 5231 2625 5302 peccavit?
2651 5229 3030 5284 Infirmitatem
3075 5220 3342 5292 nostram,
3372 5239 3500 5296 quae
3534 5221 3666 5278 utilis
3685 5223 3746 5270 est

2199 5332 2260 5381 et
2291 5340 2400 5394 qua
2433 5325 2608 5379 virtus
2645 5321 2889 5378 exerceri
2927 5329 3126 5391 potest,
3173 5328 3370 5389 sponte
3407 5327 3466 5374 et
3510 5315 3743 5372 hominem

2205 5418 2591 5489 'compassione
2639 5415 2868 5472 retinuit
2915 5430 3027 5469 non
3071 5413 3417 5480 necessitate,
3468 5425 3609 5476 nam,
3651 5415 3742 5460 CIIII

2205 5519 2382 5584 usque
2421 5512 2489 5567 ad
2525 5519 2756 5566 mortem
2798 5508 3030 5564 virtutes
3057 5503 3316 5563 exercuit.
3353 5506 3408 5560 in
3458 5499 3742 5560 infirmitate.

2202 5604 2352 5661 dedit
2380 5604 2694 5674 exemplum
2724 5600 3002 5673 patientiae
3030 5614 3099 5656 ne
3127 5614 3229 5655 nos
3267 5598 3323 5653 in
3341 5588 3744 5652 inﬁrmitate-:19

2203 5696 2476 5763 ﬁciamus,
2508 5694 2605 5751 sed
2643 5694 2698 5749 in
2746 5692 3010 5764 patientia
3054 5691 3348 5747 toleremus
3385 5689 3627 5748 adversa,
3649 5677 3739 5750 qui!

2205 5780 2368 5851 virtus
2403 5795 2459 5849 in
2477 5793 2799 5863 inﬁrmitate
2821 5784 3195 5862 p‘efﬁciturU!
3217 5783 3477 5854 Cor-.xtt).
3503 5780 3624 5836 Nam
3642 5768 3737 5848 quid

2137 3141 2183 3206 C
