3946 6306
150 207 274 312 ms

1118 247 1208 306 ne
1235 209 1556 345 ratione
1593 253 1963 312 ORlGlNALl.
2000 214 2072 296 ὲ
2105 254 2236 312 LlB.
2265 255 2344 313 Διι.

3271 245 3412 311 {086

156 358 226 430 illi
249 369 428 425 oberat
443 327 736 422 diﬁicultas
760 367 1167 435 pressuraruin,
1189 343 1318 422 cum
1339 363 1723 438 exprimeban-
1749 372 1798 430 Α
1827 344 1937 422 mal
1966 380 2066 423 nec
2096 367 2282 434 homo,
2313 365 2408 421 sed
2437 365 2662 422 alterius
2690 363 2911 436 speciei.
2936 363 3028 422 Sic
3051 374 3105 420 et
3132 365 3186 420 in
3214 365 3414 436 plantis

154 477 235 522 tur
261 458 491 532 insignia
523 457 810 512 latentium
857 456 1158 512 virtutum?
1195 456 1332 524 Quis
1361 459 1496 514 dicit
1533 458 1724 514 inutile

153 553 318 628 premi
341 550 708 608 torcularibus
730 565 887 618 uvas,
905 549 1160 623 quipura
1183 551 1542 608 videt-sudare
1564 551 1726 606 vina?

154 649 282 717 Quis.
315 661 423 701 non
469 643 682 699 fortiter
722 651 864 698 terat
897 643 1170 716 synaxim,
1208 643 1255 699 si
1283 644 1402 699 vult
1450 643 1724 701 occultam

153 738 342 796 sentire
392 733 688 791 virtutem?
736 732 828 789 Sic
884 733 942 790 in
994 733 1216 790 Christo
1273 733 1378 789 fuit
1434 734 1725 812 inﬁrmitas

111 811 114 816 1
153 819 335 887 nostra.
375 827 618 883 exterius
672 826 832 898 cujus
887 826 1216 882 contritione
1262 835 1470 899 pateret
1518 811 1724 898 quanta

153 921 300 977 fuerit
324 919 557 975 ﬁrmitas
579 918 748 985 intus,
775 926 830 973 et
853 918 927 973 ita
956 918 1076 974 sine
1096 927 1322 988 peccato
1347 934 1449 974 suo
1469 919 1725 990 dignatus

150 1026 227 1072 est
271 1014 378 1085 pati
400 1027 619 1085 poenam
651 1027 751 1082 pro
771 1019 996 1082 peccato
1020 1019 1231 1079 nostro,
1254 1027 1366 1068 non
1384 1012 1562 1069 selum
1577 1012 1725 1085 quod

150 1108 385 1174 facimus,
415 1105 513 1162 sed
542 1113 598 1160 et
623 1120 750 1160 cum
780 1119 894 1175 quo
920 1105 1222 1160 nascimur.

263 1197 402 1264 Quid
431 1197 600 1251 distat
629 1195 876 1251 naturale
901 1204 1176 1266 peccatum
1201 1204 1252 1250 et
1286 1195 1584 1284 perionale.

208 1287 410 1344 Dicitur
435 1287 584 1342 enim
623 1286 841 1343 duobus
861 1286 1042 1342 modis
1077 1296 1386 1356 peccatum,
1437 1285 1725 1358 personale

147 1391 194 1438 et
217 1379 476 1435 naturale.
508 1377 575 1432 Et
621 1378 870 1436 naturale
919 1387 1005 1435 est
1033 1394 1160 1434 cum
1195 1395 1306 1449 quo
1337 1378 1641 1444 nascimur,
1671 1389 1727 1445 et

147 1472 280 1544 quod
303 1471 372 1526 ab
394 1470 570 1524 Adam
599 1471 871 1526 trahimus
898 1471 953 1524 in
978 1476 1091 1542 quo
1130 1485 1324 1526 omnes
1353 1472 1722 1542 peccavimus,

147 1560 198 1616 in
222 1562 335 1632 ipso
365 1561 517 1633 enim
546 1568 666 1615 erat
698 1561 881 1615 anima
912 1576 1056 1629 mea,
1097 1561 1300 1632 specie,
1333 1577 1440 1617 non
1467 1577 1721 1632 persona,

1829 460 2073 531 primum
2134 468 2220 516 est
2275 475 2306 514 a
2356 473 2467 529 quo
2521 473 2730 525 semen,
2778 458 3022 517 medium
3075 473 3193 528 per.
3227 459 3412 528 quod,

1827 552 1884 607 id
1933 559 2018 608 est
2071 551 2252 622 ipsum
2313 565 2502 607 semen
2549 550 2826 612 ultimum,
2874 551 2932 606 in
2993 549 3139 622 quod
3194 550 3256 604 fit
3302 559 3414 604 tra-

1826 645 1937 701 dux
1975 645 2202 720 plantae.
2255 643 2428 716 lgitur
2467 659 2496 698 a
2540 644 2718 714 prima
2775 643 2978 714 planta,
3015 643 3165 700 venit
3219 642 3413 697 ultima

1775 729 1778 731 ’
1825 738 2009 809 planta
2057 751 2156 809 per
2203 737 2444 793 medium
2501 749 2688 792 semen
2734 736 2954 807 plantae,
2994 735 3142 807 quod
3188 741 3414 790 nonest

1825 831 2031 901 planta.
2069 827 2191 885 Non
2233 837 2318 885 est
2343 844 2474 900 ergo
2499 827 2802 898 putandum
2832 827 2900 882 ab
2921 825 3200 882 individuo
3233 825 3412 895 primo

1827 941 2065 998 sequens
2093 925 2296 981 habere
2321 925 2604 980 traducem
2621 912 2829 994 praeter
2851 920 3099 976 eamdem
3127 919 3414 988 utriusque

1827 1017 2090 1089 speciem,
2121 1015 2226 1072 nisi
2251 1017 2344 1076 ﬁat
2378 1031 2474 1086 per
2498 1014 2738 1073 medium
2783 1028 2993 1094 semen.
3023 1010 3290 1084 Transeat
3311 1024 3415 1064 sa:—

1825 1111 1952 1184 pius
1987 1109 2197 1183 species
2243 1103 2312 1166 ab
2343 1109 2468 1164 aliis
2495 1107 2793 1170 individuis
2825 1106 2890 1160 ad
2938 1119 3164 1170 novum,
3201 1103 3412 1168 nullum

1827 1206 1900 1262 ibi
1931 1205 2212 1262 tra‘ducem
2235 1204 2492 1271 dicimus,
2531 1201 2652 1260 nisi.
2683 1201 2778 1256 ﬁat
2807 1216 2904 1271 per
2942 1215 3126 1255 semen
3151 1196 3411 1253 medium.

1828 1299 1917 1368 Et,
1952 1300 2218 1372 quoniam
2260 1297 2560 1354 rationales
2590 1297 2786 1351 anima:
2817 1295 2967 1349 nullo
2995 1290 3413 1356 lluuntsemine,

1827 1392 1898 1448 ab
1922 1391 2106 1446 anima
2136 1391 2314 1462 prima
2352 1389 2566 1460 species
2597 1403 2821 1457 semper
2869 1384 3067 1440 transit
3101 1382 3166 1438 ad
3215 1396 3416 1436 novam

1827 1485 1946 1542 sine
1976 1485 2085 1540 ulla
2107 1483 2352 1540 traduce.
2389 1481 2458 1536 Et
2491 1482 2536 1537 si
2561 1478 2917 1552 praecedentis
2942 1476 3137 1532 anima:
3163 1473 3418 1529 substan-

1827 1574 1959 1630 tiam
2007 1573 2207 1644 accipit
2235 1588 2398 1638 nova,
2429 1579 2615 1626 tamen
2662 1569 2866 1624 nullam
2914 1566 3077 1622 habet
3109 1563 3414 1628 traducem,

148 1667 247 1707 non
289 1652 595 1718 individua,
637 1653 733 1708 sed
767 1653 1048 1709 communi
1098 1662 1317 1709 natura.
1357 1653 1494 1709 Nam
1544 1655 1724 1714 omnis
1760 1719 1792 1725 _
1828 1667 1922 1722 ubi
1950 1667 2160 1723 nullum
2187 1663 2478 1722 ίιιιειογεηίι
2513 1677 2718 1725 semen,

148 1745 387 1800 humanae
432 1745 640 1800 anima:
698 1753 896 1800 natura
947 1746 1260 1802 communis
1309 1754 1428 1802 erat
1461 1747 1514 1800 in
1550 1747 1721 1801 Adam

147 1836 365 1892 obnoxia
386 1846 635 1908 peccato.
665 1835 734 1892 Et
763 1837 887 1892 ideo
915 1838 1097 1893 omnis
1127 1838 1370 1893 humana
1393 1839 1576 1894 anima
1603 1839 1723 1894 cul-

147 1931 329 2003 pabilis
356 1940 441 1987 est
468 1931 776 1987 secundum
804 1947 963 1988 suam
1008 1940 1285 2002 naturam,
1331 1933 1436 1990 etsi
1479 1950 1586 1989 non
1635 1949 1712 1990 se-

148 2023 370 2082 cundum
398 2039 562 2080 suam
590 2038 908 2096 personam.
940 2021 1020 2079 Ita
1067 2033 1352 2095 peccatum
1392 2041 1504 2096 quo
1532 2041 1726 2096 pecca-

146 2116 308 2174 vimus
336 2116 390 2171 iu
410 2115 614 2185 Adam,
643 2116 780 2172 mihi
808 2108 1308 2188 quidem‘naturale
1328 2127 1431 2185 est,
1463 2118 1520 2173 in
1550 2118 1723 2176 Adam

147 2224 263 2265 vero
282 2209 589 2280 personale.
611 2207 672 2263 ln
695 2209 870 2265 Adam
893 2209 1134 2282 gravius,
1165 2209 1340 2266 levius
1365 2209 1418 2265 in
1448 2222 1564 2278 me;
1596 2226 1724 2266 nam

147 2299 348 2375 peccavi
373 2301 428 2357 in
459 2318 534 2359 co
564 2317 675 2358 non
701 2302 797 2373 qui
828 2318 975 2370 sum,
1017 2302 1113 2359 sed
1141 2304 1289 2374 quod
1320 2319 1464 2360 sum.
1495 2303 1725 2360 Peccavi

149 2397 198 2452 in
220 2410 281 2452 eo
303 2410 409 2451 non
437 2394 569 2467 ego,
595 2395 689 2451 sed
708 2395 812 2451 hoc
829 2395 979 2467 quod
1005 2411 1128 2452 sum
1150 2411 1272 2470 ego.
1286 2395 1512 2454 Peccavi
1537 2397 1724 2466 homo,

148 2488 233 2544 sed
269 2503 374 2544 non
414 2485 560 2544 Odo.
594 2486 828 2544 Peccavi
873 2488 1204 2558 substantia,
1238 2505 1345 2546 non
1375 2505 1641 2562 persona;
1672 2499 1725 2547 et

150 2582 264 2654 quia
302 2581 615 2639 substantia
669 2597 778 2636 non
808 2589 893 2638 est
921 2581 1030 2638 nisi
1064 2582 1119 2637 in
1148 2597 1408 2654 persona,
1438 2591 1726 2654 peccatum

151 2675 450 2731 substantia:
503 2683 589 2732 est
633 2674 798 2730 etiam
827 2689 1097 2746 personae,
1147 2676 1242 2731 sed
1275 2691 1387 2731 non
1414 2667 1722 2746 personale.

150 2764 420 2824 Peccatum
472 2782 609 2823 vero
651 2767 941 2839 personale
979 2776 1065 2823 est
1109 2768 1258 2840 quod
1313 2767 1457 2824 facio
1502 2783 1602 2839 ego
1631 2768 1724 2839 qui

153 2877 281 2930 sum,
305 2879 412 2917 non
434 2862 548 2917 hoc
569 2861 718 2932 quod
741 2875 888 2929 sum,
913 2876 1024 2932 quo
1046 2875 1213 2932 pecco
1239 2852 1377 2927 Odo,
1402 2876 1511 2916 non
1539 2861 1724 2928 homo,

153 2969 250 3024 quo
272 2970 432 3024 pecco
464 2968 729 3024 persona,
772 2968 883 3007 non
913 2961 1141 3020 natura;
1195 2944 1289 3008 sed
1331 2953 1461 3023 quia
1482 2955 1726 3024 persona

154 3063 248 3102 non
281 3053 360 3103 est
391 3047 519 3102 sine
563 3053 782 3112 natura,
825 3052 1112 3115 peccatum
1155 3059 1405 3116 personae
1436 3053 1519 3100 est
1561 3044 1724 3100 etiam

153 3146 359 3208 naturae,
383 3139 485 3194 sed
509 3153 616 3192 non
643 3137 912 3193 naturale.
1023 3135 1025 3137 ’
1111 3127 1113 3129 ’
1161 3127 1164 3130 ’

530 3229 674 3296 Quid
700 3239 780 3285 est
804 3231 978 3284 venire
1003 3229 1066 3284 de
1099 3218 1337 3285 traduce.

218 3319 316 3378 Sed
337 3322 545 3393 opponi
567 3331 748 3393 potest
771 3341 794 3376 :A
809 3320 1105 3378 Ostensum
1131 3333 1216 3378 est
1239 3315 1480 3378 animam
1498 3317 1730 3394 cujusli-

155 3411 236 3467 bet
279 3428 341 3468 ex
388 3413 620 3469 traduce
649 3413 858 3481 venire,
890 3429 1015 3469 cum
1047 3415 1153 3470 hoc
1181 3408 1532 3471 Orthodoxus
1562 3430 1730 3486 nega-

155 3503 295 3560 verit.
321 3504 458 3561 Nam
495 3506 750 3576 quaelibet
773 3506 956 3562 anima
980 3515 1200 3562 creatur
1222 3507 1279 3562 in
1308 3523 1556 3579 corpore,
1581 3500 1733 3562 aliud

156 3611 264 3653 esse
305 3599 738 3654 substantialiter
759 3614 870 3654 non
907 3599 1071 3655 habet
1099 3616 1268 3671 quam
1320 3601 1575 3672 speciale.
1624 3600 1734 3658 Sed

137 3704 265 3762 esse
309 3691 547 3762 speciale
592 3699 647 3746 et
686 3691 882 3745 anima.
920 3692 1100 3762 prima
1144 3693 1373 3762 habuit;
1409 3694 1572 3749 habet
1602 3709 1733 3764 ergo

156 3783 390 3851 qualibet
433 3782 621 3838 anima
650 3783 1064 3840 substantialem
1102 3786 1401 3841 essentiam
1447 3786 1518 3842 ab
1551 3786 1732 3842 anima

156 3874 335 3943 prima.
367 3874 538 3931 Venit
572 3889 704 3947 ergo
736 3891 803 3931 ex
838 3875 1067 3931 traduce
1095 3877 1353 3947 quaelibet
1373 3879 1582 3946 anima,
1611 3890 1736 3950 quae

156 3969 559 4025 substantialem
601 3965 895 4024 essentiam
939 3969 1108 4024 trahit
1148 3985 1179 4024 a
1221 3970 1420 4040 prima.
1467 3969 1573 4027 Sed
1606 3972 1736 4027 huic

156 4057 430 4129 objectioni
462 4061 825 4130 respondetur
858 4060 989 4131 quia
1017 4061 1129 4115 ndn
1161 4069 1308 4116 recte
1332 4061 1616 4118 traducem
1639 4077 1733 4117 ac-

156 4150 349 4221 cipiunt
372 4152 469 4224 qui
493 4166 616 4208 eam
650 4151 718 4207 de
741 4152 923 4222 specie
959 4151 1169 4206 dicunt.
1199 4150 1267 4206 Et
1294 4151 1442 4223 quod
1467 4160 1554 4208 est
1589 4151 1734 4207 indi-

155 4241 314 4310 vidui,
363 4259 476 4300 nou
517 4243 656 4299 bene
699 4243 984 4298 ascribunt
1025 4243 1244 4314 speciei.
1279 4242 1544 4312 Quamvis
1585 4243 1733 4300 enim

156 4345 376 4405 nequeat
422 4351 549 4393 esse
592 4335 711 4392 sine
755 4335 955 4406 specie,
1004 4335 1347 4392 individuum
1393 4344 1577 4393 tamen
1624 4351 1736 4392 non

1829 1779 2103 1847 Quomodo
2129 1778 2273 1835 Deus
2289 1794 2392 1833 non
2419 1775 2772 1859 agit.culpam
2793 1775 2883 1846 qui
2906 1781 3050 1827 creat
3072 1769 3418 1842 peccatricem

2491 1862 2748 1901 annnam.

1901 1941 2170 2014 Superius
2214 1939 2423 2013 digesta
2474 1937 2710 2010 probant
2757 1936 3053 1991 humanam
3091 1932 3330 1988 animam
3362 1929 3416 1984 in

1826 2050 2160 2106 unoquoque
2179 2032 2356 2090 creari
2384 2030 2766 2102 peccatricem,
2792 2043 2892 2082 nec
2917 2034 3092 2098 potest
3117 2040 3209 2080 eas
3230 2038 3420 2079 creare

1826 2126 1934 2183 nisi
1983 2114 2127 2182 Deus
2156 2125 2263 2196 qui
2294 2131 2464 2180 .creat
2499 2121 2706 2180 omnia.
2757 2119 3082 2174 Timendum
3133 2123 3217 2172 est
3252 2114 3421 2186 igitur

1827 2235 1897 2275 ne
1924 2217 2133 2291 peccati
2159 2218 2232 2273 sit
2251 2216 2398 2272 Deus
2421 2212 2745 2284 auctor,qui
2773 2219 2859 2267 est
2873 2208 3197 2280 peccatricis
3225 2207 3422 2261 animae

1825 2320 2060 2369 creator.
2118 2309 2225 2366 Sed
2270 2317 2498 2366 econtra
2547 2299 2786 2363 dicimus
2840 2304 3011 2359 Deum
3064 2311 3119 2358 et
3179 2301 3420 2356 animam

1823 2420 2016 2463 creare
2038 2403 2417 2476 peccatricem,
2443 2407 2498 2456 et
2521 2386 2632 2454 non
2652 2411 2775 2452 esse
2797 2395 2926 2451 mali
2959 2402 3260 2450 auctorem.
3285 2389 3422 2446 Vide

1825 2499 1975 2556 enim
2004 2498 2060 2553 in
2086 2497 2330 2552 humano
2354 2507 2554 2565 genere
2599 2491 2728 2562 quis
2752 2488 2881 2546 fecit
2901 2488 3056 2560 prius
3082 2485 3346 2552 animam,
3369 2492 3424 2539 et

1827 2589 1953 2662 quis
1989 2587 2144 2659 prius
2177 2586 2418 2657 culpam,
2454 2591 2508 2639 et
2542 2579 2790 2637 invenies
2837 2580 3078 2635 animam
3122 2592 3263 2648 opus
3295 2575 3418 2643 Dei,

1825 2692 1882 2739 et
1927 2683 2144 2753 culpam
2190 2694 2329 2751 Opus
2365 2673 2628 2732 hominis.
2672 2671 2825 2744 Opus
2861 2671 2958 2726 Dei
2999 2671 3236 2737 bonum,
3281 2675 3424 2740 opus

1828 2775 2070 2833 hominis
2084 2773 2310 2829 malum.
2324 2770 2463 2826 Cum
2485 2782 2615 2840 ergo
2642 2765 2783 2821 dicis
2806 2785 2819 2820 :
2849 2764 2994 2820 Deus
3012 2771 3163 2819 creat
3183 2761 3424 2816 animam

1828 2853 2210 2943 peccatricem,
2260 2866 2372 2922 duo
2429 2863 2593 2930 dicis,
2640 2859 2885 2916 animam
2929 2866 2984 2914 et
3033 2865 3338 2928 peccatum,
3370 2863 3426 2911 et

1830 2945 2126 3030 utrumque
2160 2957 2303 3013 refer
2330 2956 2398 3012 ad
2426 2953 2706 3011 auctorem
2733 2967 2919 3018 suum,
2949 2949 3189 3004 animam
3213 2946 3426 3004 scilicet

1754 3077 1800 3140 ο
1830 3054 1899 3110 ad
1928 3053 2121 3119 Deum,
2143 3059 2198 3106 et
2223 3051 2290 3104 ad
2315 3043 2594 3103 heminem
2617 3053 2926 3116 peccatum.
2950 3041 3122 3114 lgitur
3151 3041 3206 3094 in
3239 3038 3423 3094 anima

1831 3143 2156 3218 peccatricc,
2180 3157 2344 3213 quam
2371 3140 2515 3196 Deus
2548 3146 2719 3204 creat,
2745 3136 2815 3191 da
2847 3134 2960 3189 Deo
3005 3138 3173 3189 suum”
3197 3147 3338 3201 opus
3371 3139 3428 3186 et

1831 3225 2014 3305 lauda,
2062 3245 2116 3292 et
2152 3233 2363 3290 homini
2399 3227 2475 3288 da
2502 3246 2664 3302 suum
2701 3237 2755 3284 et
2791 3228 3062 3296 vitupera.
3099 3223 3265 3278 Great
3304 3221 3426 3278 ani-

1833 3347 1979 3388 mam
2023 3326 2406 3400 peccatricem.
2440 3322 2598 3390 Quod
2659 3319 2819 3378 audis
2864 3317 3128 3382 animam,
3181 3315 3277 3370 Dei
3308 3323 3424 3382 est;

1833 3423 1978 3495 quod
2004 3420 2388 3493 peccatricem,
2421 3414 2680 3471 hominis.
2703 3411 2818 3469 Hoc
2842 3410 3007 3467 modo
3028 3409 3173 3465 Deus
3198 3416 3252 3464 et
3279 3415 3430 3465 creat

1834 3516 2075 3572 animam
2097 3511 2479 3585 peccatricem,
2502 3516 2558 3564 et
2581 3522 2690 3563 non
2717 3513 2802 3562 est
2822 3511 3014 3560 auctor
3035 3499 3263 3574 peCcati.
3291 3502 3392 3556 Am
3412 3526 3429 3542 ο

1834 3596 1999 3678 ριὶιις,
2054 3604 2149 3660 sed
2189 3612 2249 3658 ut
2292 3598 2599 3657 evidentius
2649 3597 2964 3666 loquamur,
3006 3603 3279 3666 ponamus
3312 3603 3428 3661 pro

1833 3706 2059 3771 peccato
2098 3694 2445 3767 iniustitiam.
2486 3691 2632 3748 Deus
2669 3697 2821 3745 creat
2861 3687 3102 3743 animam
3139 3684 3424 3754 injustam.

1835 3782 2159 3849 Benedictus
2193 3788 2358 3854 Deus,
2384 3783 2538 3856 'quia
2567 3791 2622 3839 et
2663 3782 2721 3837 in
2765 3781 2871 3836 hoc
2913 3779 3100 3849 justus
3140 3784 3244 3832 est.
3285 3773 3428 3841 Quid
3491 3818 3494 3821 .

1833 3887 1979 3943 enim
1999 3877 2204 3955 justius
2231 3894 2400 3951 quam
2427 3878 2669 3934 animam
2697 3874 2996 3928 humanam
3032 3884 3221 3926 creare
3275 3867 3426 3938 inju-

1837 3977 2020 4034 stam?
2053 3959 2411 4031 Certe-talem
2451 3967 2643 4025 debuit
2674 3966 2731 4021 in
2757 3980 2845 4020 me
2871 3977 3081 4028 creare,
3104 3959 3285 4032 qualis
3325 3957 3431 4014 fuit

1836 4071 1893 4126 in
1911 4069 2090 4140 primo
2106 4067 2347 4132 homine,
2370 4059 2498 4136 quia
2524 4061 2685 4117 talem
2710 4056 2989 4115 nascendo
3009 4055 3246 4127 quisque
3266 4051 3428 4108 debet

1837 4161 2040 4215 habere
2065 4157 2284 4228 qualem
2330 4155 2490 4210 debet
2537 4149 2860 4222 propagatio
2899 4145 3070 4202 maris
3103 4152 3158 4200 et
3188 4141 3424 4198 feminae.

1836 4252 2001 4308 Creat
2039 4251 2209 4322 igitur
2252 4248 2514 4318 injustam
2556 4243 2884 4316 justissime,
2913 4236 3043 4311 quia
3087 4237 3249 4291 talem
3281 4241 3431 4291 creat

1837 4342 2018 4416 qualis
2044 4342 2205 4398 debet
2233 4355 2376 4396 esse.
2415 4338 2471 4393 Si
2491 4338 2700 4408 justam
2727 4341 2962 4399 crearet,
2994 4332 3236 4402 iniustus
3260 4336 3428 4398 esset,

159 4422 311 4482 habet
330 4444 454 4484 eam
485 4445 517 4484 a
547 4429 748 4499 specie.
778 4427 952 4484 Habet
976 4428 1322 4485 individuum
1351 4429 1422 4485 ab
1449 4429 1735 4486 individuo
1766 4427 1814 4487 D
1838 4446 1892 4493 et
1919 4444 2113 4492 contra
2145 4449 2231 4501 se;
2269 4447 2420 4498 nam,
2446 4430 2542 4501 qui
2573 4427 2887 4484 instituerat
2920 4422 3433 4495 posteritatemhn-

157 4519 557 4590 traducem,sed
576 4536 688 4576 non
709 4522 1012 4577 secundum
1035 4523 1286 4578 eamdem
1307 4523 1564 4594 speciem;
1589 4522 1739 4578 venit

158 4611 293 4666 enim
323 4614 390 4669 ab
418 4613 704 4670 individuo
733 4615 931 4686 speciei
979 4614 1238 4687 alicujus,
1270 4631 1368 4688 per
1393 4617 1736 4673 individuum

157 4704 346 4772 speciei
359 4707 587 4763 alterius
608 4706 664 4760 in
691 4707 1030 4763 individuum
1054 4709 1300 4780 ejusdem
1324 4711 1550 4782 speciei,
1577 4710 1738 4782 cujus

157 4804 268 4850 erat
292 4798 463 4867 prius,
501 4806 562 4854 ut
595 4798 708 4854 sint
735 4807 979 4854 extrema
1009 4799 1289 4857 individua
1332 4802 1579 4874 ejusdem
1609 4819 1736 4874 spe-
1771 4871 1775 4876 _

157 4886 293 4954 ciei,‘
316 4890 556 4946 medium
605 4906 736 4946 vero
789 4891 1036 4946 alterius.
1078 4890 1339 4964 Ejusdem
1384 4903 1514 4950 sunt
1555 4911 1586 4951 a
1624 4910 1738 4966 quo

157 4979 298 5035 venit
331 4989 388 5038 et
421 4981 478 5036 in
517 4982 686 5053 quod,
716 4981 944 5039 alterius
981 4998 1116 5040 vero
1148 5000 1246 5056 per
1271 4987 1438 5057 quod.
1458 4977 1734 5056 Medium,

156 5078 234 5124 est
261 5086 358 5143 per
379 5074 546 5146 quod,
575 5083 818 5132 extrema
855 5083 986 5131 sunt
1030 5091 1062 5132 a
1103 5092 1216 5148 quo
1240 5088 1296 5134 et
1335 5078 1390 5134 in
1419 5080 1586 5150 quod,
1618 5079 1736 5151 pri-

159 5176 302 5220 mum
331 5183 361 5223 a
392 5185 524 5240 quo,
554 5181 864 5228 extremum
900 5172 956 5228 in
986 5173 1154 5244 quod,
1182 5182 1245 5230 ut
1278 5175 1335 5230 in
1365 5177 1591 5232 animali
1619 5176 1736 5249 pri-

158 5271 304 5316 mum
338 5279 536 5335 parens
562 5282 593 5322 a
616 5283 747 5338 quo,
780 5269 1043 5336 medium,
1077 5285 1261 5326 semen
1285 5287 1382 5342 per
1408 5271 1577 5343 quod,
1611 5272 1742 5328 ulti-

161 5364 304 5410 mum
340 5359 519 5428 proles
543 5359 599 5416 in
620 5361 766 5432 quod
789 5361 1072 5418 traducem
1094 5362 1283 5419 venire
1298 5363 1554 5420 dicimus.
1574 5351 1740 5420 Venit

160 5457 284 5517 ergo
312 5463 344 5504 a
388 5452 567 5522 primo
597 5469 694 5524 per
723 5453 966 5510 medium
996 5455 1054 5510 in
1093 5455 1371 5512 ultimum.
1398 5455 1648 5512 Primum
1682 5467 1737 5514 et

161 5535 404 5597 ultimum
439 5543 685 5615 ejusdem
716 5545 918 5617 speciei
952 5547 1057 5603 sub
1101 5547 1347 5616 animali,
1380 5556 1442 5604 ut
1467 5548 1730 5605 hominis.

159 5625 291 5686 Nam
319 5633 364 5689 si
386 5651 583 5706 parens
617 5647 702 5694 est
744 5638 949 5694 animal
987 5647 1043 5694 et
1081 5640 1270 5709 homo,
1309 5649 1366 5697 et
1394 5643 1576 5715 proles
1609 5642 1732 5698 ani-

161 5723 260 5778 mal
287 5735 340 5781 et
370 5726 550 5786 homo.
570 5728 804 5786 Medium
833 5746 962 5787 vero
984 5747 1168 5789 semen
1189 5749 1283 5806 per
1305 5734 1472 5804 quod,
1493 5750 1591 5793 nec
1608 5735 1730 5792 ani-

1838 4529 2098 4601 mauitus'
2127 4534 2483 4599 propagatum
2544 4537 2708 4578 suum
2764 4517 2920 4589 sequi
2973 4516 3328 4587 principium,
3381 4515 3431 4571 si

1795 4653 1799 4655 >
1836 4623 2084 4679 nascitur
2112 4621 2216 4700 ista
2239 4617 2554 4690 posteritas,
2575 4629 2742 4671 suum
2767 4619 2930 4683 negat
2957 4609 3292 4676 institutum,
3309 4607 3434 4664 dis-

1835 4716 2075 4788 iungens
2109 4730 2164 4769 -a
2196 4712 2376 4784 capite
2414 4705 2637 4780 corpus,
2677 4715 2740 4763 ut
2773 4721 2878 4762 suo
2907 4703 3181 4776 principio
3217 4717 3326 4758 non
3357 4701 3434 4758 sit

1839 4809 1965 4865 finis
1992 4806 2305 4878 contiguus,
2331 4812 2386 4859 et
2413 4801 2648 4858 biforme
2682 4809 2994 4855 monstrum
3021 4798 3093 4853 sit
3125 4797 3429 4852 humanum

1838 4917 2032 4975 genus,
2051 4900 2262 4956 habens
2285 4905 2451 4967 caput
2469 4894 2683 4950 discors
2704 4909 2736 4948 a
2762 4899 3078 4964 corpore,et
3099 4887 3430 4962 principium

1837 5009 1868 5049 a
1896 4994 2022 5048 line.
2053 4990 2189 5046 Vide
2229 5003 2360 5059 ergo
2390 5002 2458 5042 ne
2491 4985 2622 5040 dum
2653 4983 2918 5040 abhorres
2954 4981 3188 5051 injustas
3215 4977 3431 5047 animas

1817 5084 2026 5143 creare
2051 5082 2246 5149 Deum,
2297 5079 2573 5136 adulando
2607 5078 2791 5145 stulte,
2842 5075 3014 5131 facias
3056 5073 3348 5143 iniustum,
3374 5080 3432 5129 et

1839 5193 1964 5234 cum
1995 5178 2270 5233 honorare
2311 5183 2494 5246 putas,
2542 5173 2854 5230 exhonores
2879 5165 3272 5240 iustissimum.
3298 5164 3432 5220 Am-

1837 5271 2004 5343 plius,
2055 5269 2200 5325 Deus
2228 5267 2378 5324 dedit
2421 5266 2692 5338 justitiam
2746 5261 2963 5327 animae,
3012 5267 3068 5315 et
3104 5259 3232 5335 ideo.
3271 5257 3433 5314 debet

1843 5364 2066 5432 habere,
2109 5363 2213 5419 sed
2248 5363 2432 5418 anima
2485 5375 2652 5431 quam
2700 5357 2905 5436 habere
2954 5353 3115 5409 debet
3157 5349 3430 5423 justitiam
3492 5370 3501 5382 ·

1841 5466 2035 5528 sponte
2068 5457 2331 5514 deseruit.
2369 5455 2540 5526 Cujus
2574 5467 2706 5524 ergo
2737 5451 2896 5521 culpa
2926 5457 3095 5514 caret,
3121 5442 3292 5518 qnam
3325 5445 3430 5500 ha-

1839 5548 1968 5605 bere
2015 5548 2208 5604 debet?
2247 5547 2358 5604 Sua
2387 5560 2510 5616 qua:
2550 5549 2746 5615 sponte
2774 5539 3040 5605 deseruit,
3073 5553 3182 5593 non
3211 5534 3305 5591 Dei
3334 5535 3429 5607 qui

1841 5658 1948 5699 non
1979 5642 2177 5714 coegit.
2218 5640 2424 5696 Tamen
2462 5637 2664 5692 habere
2693 5635 2853 5691 debet
2881 5648 3047 5706 quam
3096 5646 3207 5686 non
3243 5627 3428 5684 habet.

1839 5735 1995 5803 Quod
2025 5751 2154 5801 ergo
2180 5733 2322 5791 Deus
2344 5730 2583 5787 anirnam
2616 5721 2743 5788 facit
2773 5723 2903 5784 sine"
2923 5723 3132 5796 iustitia
3150 5722 3320 5798 quam
3337 5721 3434 5779 do-
