3946 6306
553 257 692 314 1087
1699 252 1758 310 n.
1798 214 2055 310 ODONIS
2084 247 2345 309 causa.
2375 250 2600 311 .srisc.
3659 259 3752 317 uti

499 378 507 390 ‘
553 373 643 428 bet
663 369 885 428 habere.
917 383 1026 423 non
1075 376 1159 423 est
1205 366 1298 423 Dei
1325 366 1508 438 culpa,
1537 367 1630 422 sed
1672 365 1890 423 animae.
1944 366 2050 422 Sed
2094 366 2141 422 si
2170 374 2215 431 Α
2238 365 2452 437 justum
2475 374 2534 421 ut
2560 375 2617 421 tu
2635 365 2713 422 sis
2733 365 2940 437 justus.
2977 365 3083 422 Sed
3113 367 3467 424 immutabilis
3493 386 3589 426 non
3629 387 3755 443 pote;

551 478 677 520 eam
702 461 867 517 modo
895 460 1027 516 facit
1051 461 1171 515 sine
1189 460 1424 532 justitia,
1457 475 1622 529 quam
1656 469 1851 530 sponte
1878 459 2140 528 deseruit,
2249 458 2471 526 mutari,
2494 473 2597 514 nec
2621 459 2742 530 cogi
2767 467 2946 530 potest
2961 457 3341 531 Omnipotens.
3370 461 3520 517 Great
3539 462 3755 539 injustam,

553 551 1067 611 nonne'laudandus
1089 561 1172 607 est
1199 551 1356 607 valde
1390 551 1483 621 qui
1524 560 1605 606 tot
1627 547 1681 606 ei
1709 552 1850 606 bona
1883 551 2144 622 reliquit?
2248 552 2343 608 sed
2369 550 2473 607 hoc
2503 551 2639 607 nihil
2659 561 2743 608 est
2765 553 2912 608 aliud
2946 568 3114 624 quam
3143 553 3262 609 sine
3280 554 3489 623 iustitia
3527 571 3702 626 creare,
3722 574 3760 618 et

553 646 748 702 Adhuc
772 652 1019 700 remanet
1042 643 1091 700 ei
1115 643 1600 714 debitumjustitite
1619 651 1675 698 et
1697 643 2033 717 propagatio,
2060 659 2146 698 ar-
2243 644 2515 716 justitiam
2547 660 2657 700 nou
2705 645 2838 701 dare
2868 646 3149 714 creandas;
3198 646 3244 702 si
3297 661 3406 701 non
3447 647 3553 702 vult
3585 651 3760 722 amplius

552 739 890 808 hitriumque
911 738 1163 805 rationis,
1187 742 1246 792 ει
1269 737 1384 807 ipsa
1398 736 1572 803 'ratio,
1601 752 1709 806 qua
1740 736 1950 792 caeteris
2005 751 2146 806 prat-
2251 739 2403 806 dare,
2439 739 2569 795 tolle
2597 739 2746 810 quod
2779 739 2950 795 habes
2975 739 3180 812 gratias
3206 739 3438 810 agendo,
3467 756 3660 812 necpro
3675 745 3761 800 aliis

552 828 1323 886 eminetanirnalibus.Anima
1344 828 2148 901 stulta,quiscearguereCrca-
2251 830 2330 886 sis
2395 831 2473 886 illi
2541 831 2811 888 molestus
2883 829 2993 887 nisi
3073 831 3448 902 supplicando.
3521 831 3614 889 Sed
3665 834 3762 893 forte
3864 815 3865 818 Ἰ

553 931 750 989 torem,
780 931 854 988 et,
891 922 1022 994 quia
1053 931 1105 977 te
1139 938 1245 977 non
1281 921 1409 978 fecit
1427 921 1657 993 justam,
1681 921 1948 992 injustu'tn
1989 920 2142 978 dice-
2247 923 2387 980 dicis
2419 943 2432 981 :
2475 923 2654 980 Debeo
2684 925 2905 980 habere.
2967 922 3026 979 Si
3055 924 3250 991 debes,
3285 924 3464 981 redde.
3490 923 3596 980 Non
3618 927 3761 984 habeo.

551 1029 632 1070 re.
667 1014 910 1071 Sulliciat
940 1017 1037 1072 tibi
1068 1017 1215 1088 quod
1265 1017 1456 1083 habes,
1512 1015 1642 1087 quia
1687 1032 1790 1072 nec
1818 1015 1998 1086 ipsum
2022 1031 2140 1072 me-
2249 1015 2519 1072 Habuisti.
2544 1014 2782 1072 Perdidi.
2814 1015 2952 1083 Quis
2983 1017 3242 1073 abstulit?
3291 1015 3503 1073 Nullus.
3545 1016 3764 1086 Quomodo
3864 1019 3865 1088 ἢ

554 1108 734 1164 ruisti.
777 1106 963 1165 Lauda
991 1111 1380 1183 benignitatem
1412 1109 1595 1166 dantis
1619 1109 2026 1177 immerita,nec
2051 1125 2144 1165 ac-
2248 1125 2379 1181 ergo
2399 1108 2716 1180 perdidisti?
2738 1106 2943 1178 Sponte
2970 1108 3178 1164 dimisi.
3221 1106 3367 1180 Ergo
3389 1125 3492 1164 non
3518 1111 3763 1180 poterisne-
3864 1103 3865 1106 “

553 1215 690 1256 cusa
717 1202 1097 1260 rectitudinem
1135 1219 1244 1258 non
1276 1202 1460 1258 dantis
1502 1201 1726 1273 iniusta.
1759 1201 1919 1270 Quod
1953 1202 2000 1257 si
2033 1216 2144 1256 nou
2250 1217 2516 1274 cuperare
2541 1201 2649 1258 nisi
2687 1217 2888 1274 magna
2917 1203 3450 1274 recompensatione.
3474 1203 3642 1260 Adhuc
3655 1220 3760 1276 qua-

552 1291 733 1385 placet
759 1294 835 1349 illi
860 1296 989 1352 dare
1013 1299 1261 1354 creandas
1290 1307 1465 1354 totum
1496 1299 1644 1370 quod
1669 1298 1773 1365 vis,
1811 1313 1912 1370 age
1941 1297 2147 1370 gratias
2250 1294 2376 1350 dam
2413 1309 2514 1385 pro
2533 1293 2855 1350 orthodoxis
2886 1302 3017 1350 sunt.
3038 1294 3290 1360 dicenda,
3317 1294 3414 1350 sed
3433 1296 3553 1366 quia
3573 1294 3679 1351 lassi
3697 1313 3761 1351 su-

513 1393 520 1398 ‘
555 1383 623 1439 de
647 1388 948 1457 concessis,
978 1390 1223 1462 supplica
1251 1405 1352 1462 pro
1380 1391 1531 1459 aliis;
1570 1389 1751 1447 facere
1776 1389 1858 1446 vis
1880 1404 2006 1446 eum
2054 1389 2142 1444 in-
2255 1403 2401 1456 mus,
2445 1383 2535 1444 alii
2567 1396 2696 1444 sunt
2722 1387 2948 1443 exordio
2976 1388 3265 1444 servanda.

1784 1524 2272 1614 Expliciﬁliber
2305 1525 2636 1587 secundus.

1787 1903 2092 1981 LIBER
2147 1902 2630 1982 TERTIUS.

627 2106 782 2173 Quod
811 2115 950 2161 totus
979 2106 1132 2160 homo
1177 2105 1378 2162 dicitur
1417 2121 1631 2176 peccare
1677 2121 1770 2176 per
1813 2105 2074 2172 animum,
2142 2142 2149 2146 -
2179 2103 2222 2164 Β
2252 2103 2474 2173 penitus
2506 2102 2741 2160 inveniri
2776 2104 2971 2176 nequit
3005 2105 3060 2161 in
3091 2112 3368 2183 creatura.
3411 2104 3648 2161 Creatura
3675 2120 3762 2159 rem

1084 2193 1192 2232 που
1249 2194 1340 2247 ραν
1389 2193 1598 2248 00’1"“-
1642 2225 1643 2228 η
2088 2233 2096 2247 -.
2247 2197 2528 2254 invenitur"
2555 2183 2722 2254 unam
2750 2199 2956 2256 habere
2980 2214 3278 2270 personam
3337 2199 3394 2256 in
3431 2198 3649 2270 pluribus
3675 2198 3762 2254 sub-

627 2286 894 2359 Superius
926 2287 1135 2360 digesta
1170 2287 1453 2356 continent
1482 2287 1810 2359 injustitiam
1846 2286 2146 2344 essentiam
2245 2291 2486 2360 Stant'iis,
2512 2292 2660 2364 quod
2685 2307 2808 2349 esse
2831 2305 2941 2348 non
2957 2301 3138 2363 potest
3157 2291 3213 2346 in
3234 2292 3518 2363 majestate
3536 2291 3762 2356 Creatoris,
3864 2285 3865 2300 ¹

550 2397 663 2438 non
699 2382 924 2448 habere,
952 2397 1054 2438 nec
1076 2397 1199 2438 esse
1223 2381 1279 2436 in
1304 2397 1554 2452 corpore,
1603 2381 1784 2438 sed-in
1814 2381 1997 2436 anima
2021 2390 2145 2436 tan-
2245 2382 2345 2439 Est
2371 2374 2538 2456 igitur
2569 2383 2886 2440 individuus
2914 2383 3102 2451 homo,
3127 2383 3478 2458 multiplicis
3498 2383 3760 2451 substantia,

549 2483 691 2542 tum,
715 2474 810 2530 ubi
843 2473 1058 2545 justitia
1103 2473 1264 2530 debet
1290 2489 1434 2540 esse,
1466 2474 1681 2530 animas
1722 2460 1853 2529 vero
1879 2489 1991 2529 non
2029 2472 2172 2531 ﬁeri.
2245 2484 2300 2534 et
2323 2477 2489 2534 unius
2517 2491 2787 2548 personae.
2816 2490 3055 2547 persona
3082 2491 3215 2544 una,
3240 2476 3522 2548 multiplex
3568 2478 3762 2533 substan-

548 2560 617 2624 de
642 2567 887 2634 traduce,
914 2567 1010 2623 sed
1034 2582 1065 2622 a
1093 2567 1213 2622 solo
1259 2566 1392 2634 Deo,
1425 2567 1510 2622 vel
1544 2566 1612 2622 de
1656 2566 2000 2622 exstantibus
2043 2565 2146 2620 ali-
2246 2569 2342 2626 tia.
2373 2567 2623 2626 Humana
2651 2584 2886 2640 persona
2933 2577 3152 2626 constat
3194 2585 3265 2626 ex
3312 2570 3570 2642 pluribus,
3611 2580 3655 2626 ει
3690 2586 3761 2625 non

549 2659 774 2731 quibus,
802 2659 890 2714 vel
915 2658 983 2714 de
1005 2658 1198 2726 nihilo,
1229 2667 1284 2714 et
1305 2659 1362 2713 in
1385 2665 1610 2728 peccato
1639 2657 1812 2713 Adam
1847 2659 2146 2713 humanam
2246 2660 2449 2716 dicitur
2483 2661 2552 2716 de
2599 2660 2886 2732 pluribus;
2935 2667 3022 2716 est
3054 2659 3371 2728 divisibilis,
3422 2669 3482 2716 ut
3523 2669 3666 2715 totum
3699 2675 3764 2728 per
3864 2657 3865 2730 ξ

549 2754 789 2810 animam
819 2767 1100 2823 peccasse,
1131 2767 1349 2806 omnem
1377 2760 1434 2807 et
1460 2759 1655 2817 totam,
1704 2767 1805 2807 nec
1847 2758 1972 2821 post
2018 2765 2145 2805 eum
2247 2756 2530 2823 membra;
2554 2763 2640 2812 est
2665 2753 3034 2823 indivisibilis,
3064 2763 3125 2811 ut
3145 2754 3430 2825 singulare
3451 2770 3540 2826 per
3557 2753 3761 2824 subjecta;

551 2853 748 2917 preter
767 2844 974 2900 Christi
997 2844 1238 2900 animam
1260 2844 1430 2898 ullam
1481 2843 1602 2900 sine
1632 2851 1858 2914 peccato
1883 2842 2019 2911 ﬁeri,
2044 2842 2150 2898 hoc
2247 2847 2378 2918 quia
2413 2854 2598 2918 partes
2626 2845 2788 2902 habet
2825 2855 2912 2902 est
2957 2854 3165 2913 totum;
3217 2845 3354 2917 quia
3401 2843 3668 2916 subjectum
3689 2859 3762 2896 non

549 2939 801 3010 exigente
827 2938 1011 2993 divina
1051 2939 1400 3009 naturalique
1421 2937 1654 3010 justitia.
1697 2936 1837 3006 Quia
1872 2953 2004 3010 ergo
2049 2937 2149 2992 bo-
2249 2939 2434 3007 habet,
2469 2949 2556 2997 est
2575 2939 2941 2997 individuum.

549 3031 718 3087 minis
746 3040 1033 3103 peccatum
1064 3031 1119 3086 in
1144 3046 1374 3102 corpore
1423 3047 1534 3087 non
1587 3031 1886 3099 invenitur,
1939 3032 2039 3087 sed
2091 3031 2148 3086 in

549 3125 756 3194 anima,
799 3123 1004 3180 idcirco
1031 3124 1200 3180 locuti
1235 3139 1428 3182 sumus
1459 3125 1571 3181 huc
1605 3139 1781 3195 usque
1826 3125 1900 3181 de
1940 3124 2144 3181 anima.

549 3215 728 3272 Homo
770 3233 921 3285 vero,
973 3232 1075 3288 pro
1120 3233 1232 3289 quo
1266 3225 1460 3274 totum
1506 3217 1655 3274 hunc
1700 3232 2012 3274 sermonem
2063 3217 2149 3273 in—
2319 3216 2388 3272 Lt
2414 3215 2558 3274 sicut
2591 3215 2799 3288 aliquid
2845 3215 2914 3271 de
2947 3213 3248 3270 universali
3279 3213 3482 3269 dicitur
3519 3224 3605 3281 pro
3625 3208 3761 3262 ἱιιᾱὶτὶ·

551 3309 912 3380 sumpsimus,
928 3324 995 3364 ex
1022 3310 1206 3365 anima
1231 3317 1448 3366 constat
1471 3318 1790 3380 etcorpore,
1813 3325 1915 3365 nec
1942 3309 2149 3382 integer
2251 3309 2384 3378 duo,
2415 3311 2498 3367 sic
2519 3309 2729 3380 aliquid
2766 3309 2969 3365 dicitur
3005 3323 3106 3378 pro
3133 3315 3290 3378 parte
3324 3307 3392 3362 de
3417 3312 3544 3368 toto,
3587 3311 3635 3356 ut
3674 3313 3761 3369 pto-

550 3409 640 3458 est
699 3417 768 3457 ex
822 3402 1025 3469 altero,
1067 3403 1183 3458 sive
1229 3412 1488 3474 utroque,
1536 3402 1792 3474 quamvis
1843 3403 2143 3460 secundum
2181 3465 2215 3474 _
2250 3409 2370 3473 pter
2400 3403 2643 3458 animam
2688 3402 2865 3458 solam
2915 3399 3131 3456 dicatur
3159 3407 3418 3472 peccator
3462 3397 3608 3452 homo
3627 3390 3761 3447 indivi-

551 3495 878 3575 alterutrum
927 3465 1142 3551 dicatur
1196 3465 1388 3553 hoo-
1410 3465 1766 3568 quandoque,
1816 3504 1879 3552 ut
1922 3496 2146 3568 quidam
2174 3465 2217 3525 δ
2249 3465 2414 3560 duus,
2447 3492 2544 3564 qui
2578 3491 2820 3548 animam
2853 3491 3024 3548 simul
3084 3465 3248 3546 habet
3274 3499 3336 3546 et
3380 3502 3582 3557 corpus.
3615 3480 3763 3536 Dicitur

551 3587 808 3658 sapiens,
859 3602 890 3642 a
939 3587 1354 3660 generalissimo
1395 3588 1740 3645 descendens
1775 3588 1842 3645 ad
1899 3589 2149 3646 ultimam
2250 3593 2506 3657 peccator
2529 3599 2627 3655 per
2651 3583 2826 3640 solam
2847 3582 3087 3638 animam
3111 3583 3207 3653 qui
3238 3582 3409 3638 simul
3459 3579 3602 3635 habet
3621 3584 3760 3640 coran

553 3680 792 3752 speciem
815 3681 1032 3752 corpori
1053 3680 1314 3752 supponit
1335 3681 1636 3749 hominem,
1658 3681 1850 3738 ὥεεηε
1869 3682 2150 3737 hominem
2251 3686 2306 3733 et
2321 3677 2583 3732 animam.
2627 3674 2711 3731 Ad
2759 3690 2962 3746 corpus
2999 3683 3284 3746 peccatum
3331 3689 3440 3729 non
3494 3670 3700 3743 pertinet.
3727 3672 3760 3715 rt

552 3788 680 3830 esse
733 3789 938 3844 corpus
986 3773 1311 3842 animatum,
1363 3775 1659 3843 sensibile,
1715 3774 2020 3840 rationale,
2063 3774 2155 3831 hic
2252 3777 2435 3825 tamen
2471 3774 2729 3839 peccator
2779 3775 2866 3823 est
2922 3765 3018 3839 qui
3057 3782 3259 3838 corpus
3296 3766 3488 3831 habet,
3530 3778 3621 3818 non
3650 3758 3760 3828 igitur

552 3881 764 3936 ponens
789 3866 1061 3922 rationem
1111 3882 1214 3938 pro
1239 3866 1556 3936 locutione;
1608 3867 1739 3939 quia
1769 3857 1918 3924 sicut
1940 3866 2154 3924 ratione
2250 3863 2434 3919 anima
2466 3862 2583 3918 sola
2624 3876 2886 3934 peccasse
2926 3861 3129 3916 dicitur
3177 3860 3233 3916 in
3261 3860 3460 3925 Adam,
3502 3854 3585 3912 sed
3625 3850 3759 3919 etipsc

553 3972 714 4014 tuens
740 3957 909 4024 intus,
943 3958 1017 4014 ita
1047 3973 1303 4014 sermone
1343 3973 1549 4030 corpus
1587 3957 1762 4013 utitur
1791 3957 2053 4014 exterius.
2087 3956 2154 4013 Et
2253 3970 2352 4026 per
2376 3954 2640 4022 animam,
2662 3953 2874 4010 scilicet
2894 3961 3049 4010 totus
3083 3968 3149 4010 ex
3174 3952 3431 4023 pluribus
3479 3945 3683 4021 partibus
3699 3955 3758 4010 per

553 4049 684 4120 quia
717 4065 862 4121 saepe
892 4050 1025 4106 dum
1054 4050 1124 4106 de
1163 4059 1302 4117 toto,
1342 4051 1488 4121 quod
1539 4050 1684 4105 inest
1718 4050 1886 4120 parti,
1923 4058 1978 4106 et
2007 4048 2153 4122 quod
2253 4060 2442 4099 unam.
2473 4043 2686 4100 Dicitur
2717 4059 2850 4116 ergo
2871 4051 2928 4100 et
2972 4043 3145 4098 Adam
3177 4057 3456 4114 peccasse,
3488 4038 3598 4110 quia
3625 4045 3758 4104 pecta-

553 4141 758 4197 dicitur
801 4142 869 4196 de
889 4150 1080 4211 parte,
1135 4141 1324 4212 negari
1357 4155 1501 4212 saepe
1548 4156 1660 4210 non
1697 4149 1878 4213 potest
1928 4141 2046 4208 toti,
2093 4149 2155 4197 ut
2252 4136 2332 4191 Vit
2364 4136 2571 4205 anima,
2601 4152 2766 4208 quam
2801 4135 2993 4192 habuit
3014 4135 3149 4207 ipse.
3181 4134 3248 4190 Et
3276 4135 3324 4191 si
3366 4130 3586 4206 peccavit
3620 4125 3754 4182 Adam,

555 4234 700 4289 idem
728 4233 844 4303 ipse
869 4234 1068 4304 aliquis
1095 4241 1151 4289 et
1180 4234 1334 4305 niger
1354 4233 1570 4290 dicatur
1591 4248 1812 4305 corpus,
1835 4242 1890 4290 et
1909 4234 2151 4290 animam
2253 4227 2501 4300 peccavit
2546 4228 2743 4296 homo;
2800 4244 2930 4300 quia
2972 4227 3018 4284 si
3061 4226 3306 4298 peccavit
3357 4227 3468 4297 ipse
3496 4224 3652 4282 homo,
3675 4229 3755 4285 pec-

551 4325 762 4396 justus,
808 4327 889 4382 sic
915 4326 1094 4383 omnis
1123 4326 1288 4383 homo
1312 4343 1437 4383 cum
1485 4342 1555 4384 ex
1604 4327 1787 4383 anima
1837 4336 2051 4384 constet
2097 4335 2154 4384 et
2252 4321 2398 4376 cavit
2419 4319 2664 4376 humana
2691 4328 2912 4386 natura.
2943 4334 3069 4390 (ἴητε
3117 4327 3202 4374 εει
3236 4318 3425 4374 ¹¹⁰¹¹¹⁰ο
3472 4312 3752 4402 δαίδωνῗῖ

555 4393 811 4487 corpore,
845 4432 943 4488 per
974 4417 1215 4473 animam
1247 4428 1432 4474 tamen
1472 4427 1726 4489 peccator
1768 4418 1970 4475 dicitur
2005 4434 2147 4476 esse.
2253 4419 2451 4466 natura
2472 4418 2586 4466 tota
2613 4418 2747 4466 tunc
2767 4419 2888 4465 erat
2908 4408 2963 4464 in
2985 4408 3129 4480 ipso,
3161 4424 3264 4464 nec
3292 4421 3519 4480 usquam
3557 4408 3652 4456 erat
3666 4393 3751 4450 alibi

2251 3077 2408 3146 Quod
2434 3080 2492 3134 in
2506 3079 2716 3135 homins
2738 3094 2834 3151 pro
2856 3076 3015 3148 culpa
3038 3091 3277 3147 persona:
3325 3076 3396 3130 sit
3437 3073 3578 3144 culpa
3598 3081 3760 3123 notarit.

556 4507 755 4566 Totum
790 4519 876 4566 est
917 4527 985 4567 ex
1020 4511 1215 4586 multis
1256 4512 1544 4584 partibus?
1580 4511 1735 4579 Quod
1764 4528 1908 4569 unus
1938 4521 2041 4580 est,
2069 4513 2146 4570 di-

2253 4503 2508 4574 specialis
2529 4504 2714 4559 homo.
2743 4502 2884 4559 Cum
2913 4516 3046 4575 ergo
3074 4501 3321 4573 peccavit
3362 4512 3592 4572 persona,
3611 4490 3752 4586 silicet
3864 4545 3865 4548 η

554 4602 702 4657 citur
724 4602 792 4659 de
822 4611 959 4670 toto,
991 4584 1100 4660 nan
1130 4577 1314 4660 tamen
1350 4605 1420 4660 de
1448 4577 1726 4672 omnibus,
1779 4605 1981 4661 dicitur
2024 4577 2154 4677 pec-
2253 4595 2370 4666 ἱρεθ
2399 4595 2586 4662 homo.
2618 4595 2864 4666 Ρθεοενίῑ
2884 4602 2996 4650 lota
3031 4601 3246 4660 ηαιυη,
3269 4592 3472 4648 εοίίίεθε
3525 4577 3752 4677 φωωωήῗ

555 4706 711 4753 catos
737 4696 832 4767 qui
859 4705 1076 4753 constet
1096 4713 1164 4754 ex
1193 4713 1458 4770 corpore,
1488 4713 1592 4756 nec
1622 4671 1806 4755 tamen
1849 4698 1918 4754 ad
1947 4671 2151 4772 corpus
2252 4687 2440 4744 Ῑιοηὶοι
2471 4685 2540 4742 Et
2567 4684 2623 4742 ίιι
2664 4695 2892 4758 Ρεοείιῑο
2930 4700 3201 4774 νετεοιξων
3251 4679 3531 4774 culpabilis
3549 4671 3752 4774 factust“
3864 4673 3865 4740 ξ

551 4761 794 4864 pertinet
813 4804 1062 4860 peccare.
1295 4761 1315 4770 -
1445 4761 1454 4767 '
2047 4761 2066 4772 ’
2182 4824 2230 4882 D
2253 4779 2422 4836 homo
2445 4779 2758 4837 communis
2785 4786 3016 4882 naturae.
3039 4761 3357 4882 qualem
3388 4773 3547 4882 edam
3571 4761 3751 4882 {still}:
3864 4827 3865 4856 ἲ

565 4911 567 4914 ’
665 4925 818 4992 Quod
841 4928 897 4982 in
922 4927 1235 4983 substantiis
1258 4928 1506 5002 plurimis
1533 4937 1611 4983 est
1646 4944 1773 5002 una,
1793 4945 2038 5000 persona.

629 5041 720 5098 δίε
739 5058 976 5116 Persona
996 5043 1197 5100 di"in
1211 5043 1427 5113 Ρθῑΐυδν
1443 5060 1570 5101 cum
1597 5060 1834 5117 Ρειέοηα
1857 5062 1965 5101 ηοη
1989 5046 2153 5118 Ρθτιί·
2253 5063 2566 5134 sipientiam
2597 5060 2926 5133 peccatoris,
2959 5060 3086 5115 talis
3121 5073 3344 5115 necesse
3381 5064 3460 5112 est
3485 5039 3748 5134 transfunda-

554 5143 683 5192 neat
699 5137 776 5227 ad
804 5153 1026 5208 corpus,
1055 5145 1142 5194 est
1188 5146 1374 5194 tamen
1400 5154 1606 5210 .corpus
1639 5138 1893 5210 junctum
1928 5140 2147 5208 animae,
2249 5133 2341 5214 nl}
2371 5157 2426 5212 in
2461 5161 2727 5227 posteros
2751 5171 2848 5226 per
2885 5154 3157 5224 justmam
3222 5149 3508 5212 ρηεηοι-ξε,
3543 5151 3594 5198 ιιι
3629 5136 3679 5193 sit

553 5235 617 5281 ut
641 5226 840 5321 habent
866 5244 992 5284 cum
1015 5229 1202 5284 anima
1223 5229 1370 5299 quod
1391 5243 1500 5284 non
1524 5229 1690 5284 habet
1707 5245 1803 5300 per
1825 5244 1904 5286 se.
1939 5229 2151 5285 Dicitur
2253 5260 2368 5307 ιοιο
2393 5221 2541 5321 (μιδά
2569 5221 2828 5320 superi-us
2862 5221 3068 5302 dictum
3095 5253 3180 5300 est
3197 5243 3266 5298 de
3306 5250 3473 5314 parte,
3486 5244 3534 5292 et
3553 5227 3667 5304 quod
3699 5221 3746 5276 di"

552 5331 686 5389 ergo
725 5317 1038 5376 indivm‘ms
1087 5323 1258 5376 homo
1301 5330 1546 5386 persona
1589 5336 1698 5375 "0“
1747 5335 1996 5392 corpore,
2047 5321 2144 5376 sed
2236 5317 2477 5404 cebatur
2509 5345 2577 5400 de
2605 5317 2790 5399 anima
2817 5339 3127 5396 inveniatur
3149 5338 3204 5393 in
3227 5346 3343 5392 toto
3368 5332 3580 5392 homine.

554 5413 762 5478 anima,
804 5413 988 5470 anima
1015 5429 1254 5486 namque
1283 5429 1486 5485 corpus
1519 5413 1753 5469 assumit
1798 5414 1853 5468 in
1897 5429 1995 5470 sua
2023 5429 2149 5485 per-
2238 5468 2240 5470 .

554 5520 714 5570 sena,
739 5514 800 5560 ut
826 5506 880 5561 in
911 5523 1020 5562 una
1055 5522 1313 5578 persona,
1349 5506 1552 5578 duplex
1575 5505 1646 5560 sit
1669 5505 1995 5562 substantia.
2031 5505 2148 5564 Hoc

555 5559 796 5656 maxime
843 5559 1018 5657 distat
1056 5559 2150 5670 Ξί’(ἷὲξζιέ›ι-ἷὶὲὲᾷιυνεέξᾙιιιιηὲᾷ
2327 5595 2484 5664 Quod
2515 5611 2622 5650 non
2653 5593 2831 5650 solum
2859 5590 3271 5663 intelligendum
3298 5595 3382 5644 est
3417 5582 3479 5640 de
3519 5574 3658 5643 etile
3681 5559 3739 5618 9“

554 5707 824 5767 personas
870 5693 1100 5751 Creator
1141 5694 1304 5750 habet
1323 5746 1337 5768 λ
1357 5694 1410 5754 in
1449 5711 1558 5750 una
1616 5692 1943 5761 substantia,
1997 5693 2142 5764 quod
2253 5693 2400 5748 etde
2461 5707 2641 5762 pmna,
2666 5696 2745 5758 ut,
2779 5687 2904 5760 quia
2961 5683 3106 5741 Deus
3142 5681 3361 5740 homini
3399 5675 3554 5751 primo
3591 5671 3734 5738 νωωπι

2515 5479 2670 5548 Quod
2693 5494 2843 5534 nemo
2872 5477 3039 5548 possit
3063 5473 3280 5530 evadere
3290 5468 3557 5544 justitiam.

2253 4890 2474 4930 manam
2500 4883 2752 4931 naturam
2801 4873 2858 4930 in
2891 4889 2974 4942 se,
3020 4873 3184 4929 talem
3212 4871 3447 4944 posteris
3470 4881 3575 4924 eam

2253 4977 2382 5038 post
2398 4983 2476 5024 se.
2499 4966 2566 5023 Et
2600 4967 2784 5039 qualis
2828 4965 2972 5024 facta
2997 4974 3084 5022 est
3122 4966 3366 5021 humana
3397 4970 3574 5019 natura
3605 4967 3677 5024 per
3697 4963 3748 5000 m-
3864 4963 3865 5039 ξ
