3946 6306
155 367 274 426 ιοεο
1121 363 1211 418 DE
1249 363 1568 422 PECCATO
1605 365 1977 428 ORIGINALI.
2017 401 2087 413 —-
2120 372 2253 448 1.18.
2290 372 2377 430 Ill.
3275 382 3413 440 1090

151 477 360 540 reddidit
384 489 480 546 pro
506 473 684 544 culpa,
719 473 772 530 in
797 484 1047 546 posteros
1096 477 1516 535 transfundatur
1549 497 1711 554 paena
1739 489 1786 550 Α
1815 485 1938 541 aliis
1961 486 2424 559 inaequalitatibus
2449 489 2773 560 innumeris,
2801 492 2932 550 etad
2960 491 3212 554 ultimum
3231 506 3413 554 morte

149 587 258 631 cum
289 567 460 638 culpa,
482 574 534 620 et
564 580 688 658 cum
719 581 879 636 paena
915 576 1216 637 nascantur
1243 569 1338 640 qui
1392 585 1520 626 cum
1549 573 1711 644 culpa
1816 579 2096 635 cruciatur
2116 580 2486 637 indesinenter
2518 583 2686 640 homo
2717 586 2904 654 miser,
2928 587 3155 658 punitur
3203 588 3259 644 in
3294 589 3412 646 suis

149 670 418 726 creantur;
451 657 646 713 merito
672 673 910 738 namque
935 660 1083 731 quod
1110 676 1221 716 non
1246 662 1364 718 vult
1385 664 1590 734 patitur
1617 680 1714 736 per
1816 671 2088 728 mortibus
2107 673 2563 745 propinquorum,
2625 677 2794 734 variis
2848 657 3213 736 incommodis
3262 681 3410 738 ami-

145 753 386 832 justitiam
408 749 500 822 qui
542 748 674 807 fecit
718 751 867 824 quod
903 752 1292 828 voluitcontra
1331 755 1623 828 justitiam.
1648 757 1717 815 Et
1815 775 2030 830 eorum,
2055 771 2112 820 et
2142 765 2540 837 multiplicibus
2555 766 2772 824 damnis
2791 785 3017 826 suarum
3045 787 3256 828 rerum.

145 849 324 906 merito
349 847 538 902 nolens
568 844 774 916 patitur
797 861 1041 916 pmnam,
1083 847 1180 919 qui
1231 849 1426 907 volens
1473 849 1716 909 deseruit

141 938 407 1012 justitiam.
436 934 592 992 Juste
630 936 858 1008 punitur
894 937 1110 1008 nolens,
1160 939 1255 1013 qui
1278 940 1422 998 male
1457 940 1588 999 fecit
1618 957 1718 998 vo-

144 1034 266 1098 lens,
296 1039 352 1086 ut
378 1044 484 1084 non
510 1029 703 1085 evadat
711 1028 1008 1100 justitiam,
1045 1033 1141 1104 qui
1175 1033 1378 1091 deserit
1419 1034 1713 1107 justitiam;

143 1141 254 1182 nam
283 1124 328 1179 si
376 1121 580 1178 deserit
627 1138 782 1190 eam,
819 1124 962 1180 male
982 1123 1257 1194 faciendo,
1279 1126 1470 1184 incidit
1512 1128 1567 1184 in
1593 1143 1716 1184 eam

139 1217 270 1288 juste
291 1214 587 1288 puniendo.
623 1213 682 1269 Si
714 1215 974 1295 relinquit
999 1232 1121 1273 eam
1147 1217 1490 1287 inobedieus,
1524 1219 1719 1276 recidit

143 1311 190 1366 in
213 1325 324 1365 eam
356 1308 492 1364 dure
539 1308 772 1379 patiens.
818 1307 879 1364 Si
922 1309 1153 1381 justitiae
1174 1311 1426 1368 subditus
1454 1327 1577 1368 esse
1606 1327 1716 1367 non

140 1403 244 1459 vult
274 1401 597 1470 obediendo,
627 1401 881 1459 subditus
913 1412 998 1459 est
1016 1404 1090 1472 ei,
1109 1404 1239 1460 velit
1259 1404 1416 1474 nolit,
1439 1404 1715 1476 patiendo.

143 1495 200 1550 Et
225 1511 380 1566 quam
416 1494 622 1551 devitat
653 1495 935 1552 voluntate
949 1495 1246 1567 justitiam,
1272 1497 1504 1554 incurrit
1529 1511 1749 1555 ηεροδ-γ
1805 1541 1808 1544 .

143 1590 303 1645 sitate.
336 1587 402 1644 Et
431 1597 593 1662 urget
618 1604 748 1645 eum
790 1587 942 1661 justa
975 1590 1299 1660 necessitas,
1355 1606 1520 1664 quem
1575 1599 1722 1648 tenet

143 1680 327 1752 injusta
349 1679 629 1737 voluntas.

2089 943 2426 1017 Quodculpa
2458 947 2635 1019 nequit
2665 964 2778 1003 esse
2799 948 2914 1003 sine
2944 939 3120 1020 ραηια.

1889 1076 2015 1134 Haec
2041 1088 2170 1134 sunt
2193 1080 2337 1135 mala
2366 1096 2490 1151 quae
2529 1080 2659 1136 fecit
2685 1080 2829 1138 Deus
2869 1091 2932 1138 ut
2972 1083 3211 1154 patiatur
3247 1085 3416 1142 homo

1819 1184 1918 1241 pro
1955 1170 2100 1226 malo
2121 1172 2266 1242 quod
2299 1187 2409 1227 non
2440 1171 2568 1228 fecit
2588 1172 2754 1243 Deus,
2779 1183 2834 1230 et
2857 1173 2984 1231 fecit
3017 1177 3203 1233 homo.
3233 1177 3300 1233 Et
3329 1180 3415 1237 his

1820 1261 1981 1318 malis
2011 1279 2134 1335 quae
2165 1263 2291 1319 fecit
2313 1263 2459 1321 Deus
2478 1307 2492 1332 ,
2525 1265 2678 1336 juste
2731 1267 2958 1338 punitur
2989 1267 3290 1323 humanum
3319 1284 3417 1342 ge-

1801 1357 1928 1409 nus
1948 1369 2048 1425 pro
2075 1354 2237 1410 malis
2258 1369 2382 1426 qua:
2411 1371 2520 1409 non
2559 1353 2706 1428 fecit
2744 1355 2911 1424 Deus,
2958 1366 3013 1412 et
3060 1357 3190 1413 fecit
3228 1359 3420 1413 huma-

1821 1459 1953 1499 num
1985 1461 2177 1518 genus.
2211 1444 2280 1500 Et
2313 1446 2588 1502 contrahit
2642 1447 2945 1504 humanum
2995 1465 3171 1521 genus
3211 1450 3417 1504 malum

1821 1537 1969 1609 quod
1999 1537 2128 1594 fecit
2149 1537 2314 1607 Deus,
2340 1549 2400 1595 ut
2426 1557 2641 1612 semper
2671 1541 2870 1598 habeat
2898 1543 3068 1598 miser
3112 1543 3276 1598 homo
3297 1559 3419 1615 pm-

1821 1644 1950 1684 nam
1979 1644 2137 1685 suam
2167 1631 2518 1702 conjunctam
2542 1641 2790 1702 peccato,
2817 1641 2871 1688 et
2891 1642 3018 1706 agat
3063 1634 3420 1704 temporalem

1821 1722 1991 1777 vitam
2015 1738 2140 1779 cum
2163 1738 2346 1794 poena,
2375 1724 2468 1795 qui
2520 1726 2877 1796 temporalem
2928 1724 3097 1780 vitam
3151 1726 3264 1798 agit
3291 1742 3417 1782 cum

207 1835 349 1904 Quod
374 1838 430 1892 in
475 1837 594 1893 sola
632 1835 902 1894 voluntate
945 1837 1196 1893 meritum
1243 1844 1321 1893 est
1365 1836 1648 1894 rationalis
1749 1837 1799 1902 Β
1825 1815 2006 1886 culpat
2031 1823 2093 1871 ιη
2115 1831 2278 1886 quem
2301 1815 2460 1886 culpa
2506 1825 2673 1883 ίθηθίν
2702 1817 2849 1872 hunc
2878 1831 3092 1887 semper
3147 1832 3308 1888 Poena
3339 1814 3422 1874 Τι’

807 1917 1036 1965 natum.

201 2041 256 2099 In
310 2043 594 2100 voluntate
640 2058 775 2100 vero
821 2059 1148 2116 peccamus,
1191 2043 1279 2099 vel
1325 2041 1721 2112 benefacimus,

141 2135 253 2208 quia
278 2135 330 2191 in
359 2137 645 2192 voluntate
669 2144 754 2193 est
805 2145 981 2193 totum
1004 2135 1260 2193 meritum
1293 2125 1584 2206 nostrum;
1641 2135 1724 2195 si-

142 2228 342 2299 quidem
365 2227 639 2302 quidquid
661 2244 966 2297 meremur,
989 2229 1269 2285 voluntate
1300 2227 1727 2297 meremur,'nec

143 2319 222 2374 ubi
241 2320 493 2376 voluntas
537 2321 714 2390 abest,
749 2320 923 2376 ullum
954 2332 1038 2377 est
1080 2320 1371 2389 meritum;
1403 2319 1498 2375 ubi
1540 2327 1723 2376 autem

141 2422 213 2469 est
241 2414 515 2482 meritum,
556 2413 632 2470 ibi
659 2422 746 2470 est
765 2413 916 2486 justa
947 2429 1110 2486 pmna
1131 2413 1219 2469 vel
1269 2411 1578 2485 praemium.
1612 2410 1724 2468 Bec

141 2501 371 2558 nedictus
394 2503 546 2559 Deus
569 2503 666 2575 qui
699 2503 885 2575 posuit
901 2503 955 2560 in
984 2503 1485 2572 voluntatenostra,
1511 2511 1726 2560 utrum-

141 2593 258 2649 libet
281 2603 363 2650 est
387 2595 556 2652 nobis
585 2595 855 2652 futurum.
880 2594 1021 2663 Quid
1046 2595 1210 2668 ergo?
1254 2594 1410 2652 Sicut
1444 2593 1722 2666 volumus,

142 2684 212 2740 sic
236 2685 582 2743 habebimus.
635 2685 694 2742 Si
723 2686 978 2743 volumus
1011 2685 1305 2758 justitiam,
1326 2685 1482 2757 juxta
1530 2685 1727 2742 volun-

142 2782 290 2831 tatem
325 2778 580 2850 sequitur
601 2777 858 2834 meritum
884 2778 1099 2851 palmae.
1129 2777 1196 2835 Si
1219 2778 1476 2835 volumus
1499 2777 1728 2850 injusti-

142 2868 494 2938 tiam,contra
539 2873 877 2928 voluntatem
913 2871 1162 2944 sequitur
1214 2871 1472 2929 meritum
1523 2887 1722 2944 poenae.

144 2961 458 3023 Utrumlibet
495 2977 627 3039 ergo
677 2981 1082 3038 consequamur
1127 2975 1210 3022 est
1249 2965 1308 3020 in
1353 2973 1542 3022 nostra
1571 2974 1727 3037 pote-

141 3066 283 3125 state,
301 3058 429 3130 quia
461 3060 623 3115 estin
669 3069 857 3116 nostra
885 3059 1186 3115 voluntate.
1234 3056 1382 3114 Nihil
1433 3057 1581 3114 enim
1611 3066 1723 3113 tam

141 3159 216 3204 est
240 3151 293 3205 in
316 3159 513 3207 nostra
537 3159 805 3223 potestate
845 3167 1026 3224 quam.
1062 3152 1315 3206 voluntas
1346 3158 1556 3217 nostra,
1592 3162 1722 3204 nam

139 3257 250 3312 quae
270 3256 476 3303 nostra:
501 3245 789 3318 potestatis
835 3253 986 3312 sunt,
1018 3252 1170 3300 tanto
1216 3242 1393 3316 magis
1426 3238 1492 3297 in
1528 3249 1720 3300 nostra

140 3347 388 3406 potestate
415 3348 553 3398 sunt
577 3346 785 3411 quanto
822 3337 998 3409 magis
1045 3336 1102 3392 in
1153 3335 1455 3404 voluntate,
1491 3342 1547 3390 et
1584 3332 1721 3406 quia

137 3431 374 3488 voluntas
396 3440 592 3488 nostra
618 3429 979 3502 propinquior
1004 3429 1108 3486 sibi
1148 3429 1303 3486 adest
1325 3435 1381 3484 et
1422 3427 1602 3500 magis,
1640 3421 1724 3484 est

139 3522 189 3576 in
209 3538 265 3578 se
287 3541 457 3596 quam
489 3534 707 3592 caetera,
739 3523 861 3578 ideo
877 3522 1118 3583 maxime
1143 3531 1228 3579 est
1247 3522 1302 3577 in
1327 3529 1593 3594 potestate
1618 3537 1722 3576 no-
1810 3522 1972 3578 “"7
2000 3522 2105 3578 2'"
2213 3522 2384 3595 ’.'"".'
2413 3522 2639 3578 "77”"
2670 3522 2966 3594 ""jf'"
2992 3522 3413 3585 ""7"."5'.

139 3621 395 3638 -.μ-μ*
460 3617 597 3638 __,_
660 3630 776 3638 μη
829 3622 1068 3638 um.“
1114 3611 1275 3638 LA“
1334 3613 1474 3638 mw,
1510 3629 1570 3638 η
1602 3628 1719 3638 Μ,
1778 3595 1786 3602 -
1825 3575 1913 3622 rat
1937 3583 1994 3621 m
2023 3581 2143 3637 ipso
2165 3581 2509 3638 prius,quta
2562 3563 2710 3637 quod
2756 3581 2910 3636 pnus
2959 3563 3140 3620 fuerat
3183 3582 3238 3619 lll
3270 3580 3422 3637 δρδο,

1774 3676 1778 3679 λ
1825 3655 2098 3729 perdidit;
2129 3655 2274 3727 quod
2296 3670 2426 3710 vero
2455 3657 2764 3726 posterius,
2803 3654 3028 3710 mansit.
3079 3653 3237 3722 Quod
3284 3654 3424 3712 bene

137 3621 402 3683 stra;non
453 3617 603 3673 enim
660 3630 782 3672 mea
829 3622 1071 3687 potestas
1114 3611 1279 3670 habet
1330 3613 1478 3685 quod
1507 3629 1575 3669 ex
1602 3628 1723 3668 mea

136 3705 404 3763 voluntate
431 3722 547 3762 non
581 3705 802 3778 pendet,
825 3721 953 3760 nam
1001 3706 1179 3779 magis
1208 3713 1364 3778 urget
1396 3704 1725 3762 necessitate

135 3809 289 3865 quam
328 3798 567 3853 delectet
591 3803 858 3868 potestate
879 3795 1026 3866 quod
1056 3811 1167 3850 non
1194 3802 1280 3850 est
1331 3794 1385 3849 in
1423 3794 1720 3851 voluntate.

137 3885 188 3941 In
215 3889 476 3945 omnibus
500 3903 630 3960 ergo
669 3896 845 3943 rectus
898 3886 1182 3955 Dominus,
1211 3897 1262 3942 et
1299 3903 1399 3941 non
1425 3895 1500 3942 est
1528 3885 1728 3958 iniqui-

136 3985 213 4032 tas
241 3979 295 4033 in
347 3997 410 4035 eo
473 3978 647 4050 (Psal.
702 3979 832 4050 χει).
897 3976 1226 4038 Utrumlibet
1264 3979 1411 4034 enim
1469 3979 1723 4046 velimus,

135 4067 246 4140 ipse
272 4080 358 4128 est
382 4073 599 4138 bonus;
628 4087 755 4126 nam
783 4071 830 4126 si
851 4071 906 4125 in
937 4086 1125 4125 amore
1141 4070 1377 4140 justitia,
1407 4070 1603 4125 merito
1625 4084 1725 4124 vo-

135 4159 357 4219 luntatis
383 4163 657 4219 retribuet
695 4163 982 4234 praemium
1031 4161 1182 4232 pius;
1252 4159 1299 4217 si
1355 4161 1503 4216 aliud
1548 4169 1635 4217 est
1671 4160 1723 4216 in

134 4271 316 4313 amore
366 4266 566 4315 contra
611 4256 906 4328 justitiam,
953 4255 1148 4310 merito
1200 4253 1499 4309 voluntatis
1534 4268 1727 4326 poenas

134 4351 385 4408 retribuit
403 4351 614 4423 justus.

186 4489 338 4556 Quod
376 4489 663 4545 rationalis
692 4496 888 4542 natura
909 4487 966 4540 in
986 4503 1044 4540 eo
1075 4487 1296 4558 punitur
1309 4485 1450 4556 quod
1472 4484 1672 4557 diligit.

200 4620 268 4677 Et
291 4624 635 4694 quiacontra
681 4621 1017 4676 voluntatem
1069 4619 1236 4675 homo
1272 4617 1516 4690 punitur,
1568 4617 1624 4675 in
1658 4633 1726 4674 eo

131 4716 358 4784 punitur
381 4715 532 4788 quod
557 4714 751 4786 diligit,
775 4721 836 4769 ut
855 4713 921 4769 de
979 4712 1099 4783 ejus
1157 4712 1504 4768 incommodo
1546 4711 1728 4768 doleat

132 4809 276 4877 quod
300 4817 472 4864 amat.
502 4807 735 4862 Punitur
784 4820 915 4877 ergo
963 4805 1018 4874 in
1062 4820 1141 4871 se,
1170 4814 1224 4859 et
1250 4805 1304 4858 in
1332 4803 1466 4870 suis,
1491 4804 1620 4876 quia
1665 4820 1728 4860 se

133 4897 307 4971 diligit
327 4909 386 4956 et
417 4898 795 4956 sua.Punitur
825 4898 878 4952 in
927 4913 1006 4963 se,
1059 4896 1462 4953 seilicetanima
1504 4906 1558 4952 et
1599 4911 1724 4951 cor-

132 5004 284 5061 pore.
318 4992 382 5047 ln
414 4992 595 5047 anima
625 4991 769 5046 enim
809 4998 865 5046 et
905 5005 1135 5060 corpore
1180 4990 1364 5044 statim
1391 4987 1598 5059 accepit
1629 5004 1726 5042 va-

134 5083 407 5140 letudines
430 5085 617 5150 homo,
677 5083 822 5138 unde
858 5081 1144 5152 puniretur
1171 5097 1268 5151 pro
1297 5089 1539 5151 peccato,
1587 5097 1726 5152 quas

132 5176 288 5246 prius
344 5192 455 5232 non
504 5177 790 5240 habuerat,
846 5173 974 5245 quia
1020 5173 1262 5228 nondum
1317 5182 1619 5239 meruerat;
1670 5171 1724 5227 in

133 5269 343 5336 anima,
367 5285 604 5341 namque
651 5265 1006 5324 confunditur
1040 5265 1370 5336 ignorantia,
1399 5265 1595 5319 timor‘e
1641 5274 1726 5319 ta-

134 5359 332 5428 bescit,
362 5362 682 5434 aegritudine
705 5361 974 5428 tristatur,
1023 5359 1336 5415 dillicultatc
1391 5374 1488 5414 sua
1511 5366 1565 5413 et
1598 5373 1725 5412 cor-

134 5455 288 5522 poris
334 5463 639 5526 torquetur,
677 5453 906 5508 inﬁnitis
952 5450 1414 5508 sollicitudinibus
1459 5448 1727 5504 distendi-

135 5553 256 5614 tur;
284 5545 342 5601 in
375 5563 600 5619 corpore
625 5561 756 5602 vero
785 5544 1064 5618 gravitatis
1103 5544 1374 5608 tarditate,
1409 5541 1725 5596 morborum

135 5636 444 5707 doloribus,
469 5655 695 5711 Operum
747 5636 1182 5709 fatigationibus,
1213 5635 1462 5690 laborum
1491 5631 1726 5694 defectu,

137 5729 339 5787 inedia
353 5733 434 5787 vel
456 5731 898 5804 ingurgitationis
943 5729 1330 5801 inaequalitate,
1356 5727 1531 5798 rigore
1558 5725 1727 5797 frigo-

137 5821 217 5880 ris
266 5827 646 5894 contrahente,
691 5824 942 5882 astivum
1003 5823 1204 5879 sudore
1271 5821 1622 5890 dissolvente,
1677 5835 1728 5884 ct

1826 1906 1976 1978 tiget.
2004 1905 2131 1964 Haec
2157 1916 2240 1963 est
2260 1908 2488 1964 humani
2529 1909 2746 1980 generis
2793 1909 3035 1964 conditio
3069 1908 3422 1979 miserabilis,

1824 1998 1942 2056 haec
1965 1999 2295 2057 inevitabilis
2317 2001 2617 2057 necessitas
2631 2043 2646 2068 ,
2666 2008 2727 2055 ut
2748 2015 2964 2072 semper
2983 2001 3286 2056 habeamus
3299 2001 3416 2056 cul-

1824 2105 1977 2164 pam,
2005 2107 2222 2164 semper
2245 2093 2546 2149 habeamus
2590 2101 2646 2149 et
2681 2109 2924 2166 pmnam.
2953 2091 3014 2150 In
3048 2094 3151 2150 hac
3187 2095 3297 2149 vita
3321 2109 3423 2151 nec

1825 2185 2040 2240 solvere
2060 2185 2260 2241 collum
2289 2201 2586 2257 possumus
2617 2201 2648 2241 a
2692 2186 2828 2258 jugo
2850 2187 3053 2257 culpae,
3088 2202 3191 2242 nec
3219 2187 3423 2244 evitare

1825 2278 2044 2349 penitus
2071 2278 2452 2334 necessitatem
2473 2294 2668 2350 prernat.
2698 2275 2824 2334 Haec
2846 2278 3030 2350 culpa,
3073 2285 3130 2334 et
3159 2278 3273 2333 haec
3299 2294 3421 2350 pa:-

1826 2387 1896 2426 na
1921 2370 2102 2441 culpae
2126 2369 2231 2425 fuit
2257 2369 2313 2425 in
2340 2371 2520 2442 primo
2551 2370 2795 2435 homine,
2834 2385 2864 2426 a
2891 2369 3004 2426 Deo
3055 2369 3274 2442 quidem
3307 2386 3426 2442 pm—

1827 2476 1920 2528 na,
1951 2459 2022 2516 ab
2055 2460 2280 2516 homine
2338 2475 2468 2515 vero
2527 2461 2705 2532 culpa.
2753 2459 2926 2532 Culpa
2987 2461 3229 2517 hominis
3281 2477 3423 2534 Opus

1828 2563 2019 2609 contra
2044 2552 2241 2622 Deum,
2270 2567 2432 2624 pmna
2462 2567 2601 2624 opus
2622 2551 2720 2608 Dei
2783 2561 2974 2610 contra
3003 2552 3303 2608 hominem.
3358 2552 3426 2609 Et

1827 2645 1970 2702 sicut
2002 2645 2072 2702 ab
2106 2645 2281 2702 Adam
2324 2643 2482 2715 culpa
2545 2645 2763 2700 transiit
2799 2645 2855 2700 in
2905 2644 3156 2701 homines
3208 2661 3422 2713 omnes,

1826 2737 1904 2794 ita
1936 2746 1990 2794 et
2015 2753 2178 2810 paena
2203 2737 2377 2808 culpae
2405 2755 2419 2804 ;
2447 2753 2558 2792 non
2606 2737 2754 2794 enim
2795 2737 2914 2794 sine
2951 2753 3113 2809 poena
3144 2738 3323 2808 potuit
3367 2737 3425 2792 in

1825 2832 2145 2890 hominibus
2183 2846 2308 2888 esse
2350 2831 2529 2902 culpa.
2566 2829 2822 2902 LNeeesse
2864 2840 3100 2904 estergo
3153 2831 3210 2886 in
3265 2829 3426 2886 nobis

1825 2939 1948 2981 esse
1966 2923 2262 2980 vindictam
2288 2921 2384 2978 Dei
2429 2938 2529 2993 pro
2575 2923 2736 2993 culpa
2784 2930 2996 2990 nostra,
3051 2923 3195 2978 sicut
3223 2921 3276 2976 in
3305 2920 3424 2992 pri-

1825 3036 1978 3075 mum
2008 3019 2287 3076 hominem
2317 3016 2411 3071 Dei
2435 3017 2672 3072 vindicta
2698 3016 2848 3071 venit
2874 3031 2975 3087 pro
3014 3016 3172 3087 culpa
3200 3030 3322 3082 sua,
3365 3023 3428 3070 ut

1827 3109 1920 3182 qui
1949 3099 2281 3164 contrahunt
2311 3106 2549 3176 culpam,
2578 3107 2908 3161 contrahant
2935 3113 2990 3161 et
3015 3121 3255 3186 poenam.
3307 3103 3424 3158 llu-

1747 3203 1795 3269 C
1825 3216 2045 3256 manam
2073 3200 2219 3256 enim
2242 3207 2496 3254 naturam
2547 3199 2795 3269 accipere
2823 3199 3118 3278 debemus,
3152 3199 3256 3254 hoc
3278 3199 3426 3270 quod

1825 3299 1944 3346 erat
1973 3290 2029 3345 in
2058 3289 2237 3361 primo
2263 3287 2482 3344 homine
2511 3287 2808 3359 posterius,
2850 3303 2960 3343 non
3032 3288 3177 3359 quod
3208 3287 3424 3342 eratin

1809 3382 1945 3454 ipso
1994 3381 2169 3452 prius.
2223 3379 2406 3452 Exigit
2449 3381 2597 3457 enim
2626 3395 2658 3435 a
2721 3379 2877 3435 vobis
2927 3381 3168 3451 humana
3227 3389 3425 3436 natura

1824 3473 1972 3546 quod
2000 3473 2106 3529 fuit
2131 3473 2187 3529 in
2211 3474 2389 3546 primo
2413 3481 2641 3544 parente
2669 3473 2966 3544 posterius,
2990 3489 3100 3528 non
3128 3467 3274 3545 quod
3302 3473 3424 3529 fue-

1827 3749 2006 3806 fuerat
2071 3747 2225 3820 prius
2304 3747 2566 3817 perdidit;
2616 3747 2762 3819 quod
2787 3747 2943 3814 jmale
2984 3745 3087 3801 fuit
3124 3747 3422 3817 posterius,

1827 3841 2052 3898 mansit.
2080 3837 2201 3895 Non
2229 3845 2413 3909 potest
2435 3838 2754 3893 humanitas
2789 3837 3082 3909 propagari
3122 3835 3228 3891 nisi
3272 3837 3421 3908 quod

1827 3942 1964 3990 erat.
1992 3930 2120 3987 ldeo
2146 3945 2256 3985 non
2289 3945 2484 3984 sumus
2537 3929 2641 3984 nisi
2697 3923 2844 3999 quod
2861 3931 2998 3981 erat.
3046 3923 3278 3996 Ideoque
3320 3925 3426 3980 mi-

1829 4026 1938 4084 seri
1961 4039 2176 4091 sumus,
2201 4021 2329 4094 quia
2353 4021 2553 4076 misera
2581 4027 2718 4076 erat.

1830 4163 1984 4231 Ouod
2011 4164 2194 4217 anima
2215 4159 2467 4216 cuiusaue
2516 4155 2744 4211 hominis
2780 4155 2898 4226 ﬁeri
2949 4154 3148 4226 nequit,
3195 4154 3297 4208 nisi
3322 4154 3422 4211 Itu-

2412 4244 2584 4283 mana:
2605 4235 2836 4282 natura'.

1898 4347 2083 4416 Quaeri
2115 4333 2296 4418 thest
2325 4326 2604 4416 quomodo
2633 4341 2890 4396 humanae.
2921 4341 3122 4396 animae
3168 4347 3426 4395 creantur

1828 4440 1988 4499 aDeo
2011 4441 2257 4514 quotidie
2277 4459 2294 4510 ;
2318 4457 2467 4510 nam,
2493 4441 2539 4497 si
2571 4441 2878 4498 substantia
2904 4455 3059 4495 novae
3071 4453 3318 4509 personae
3341 4445 3428 4494 est

1752 4552 1804 4616 ι)
1829 4535 2020 4592 eadem
2045 4551 2172 4591 cum
2198 4549 2299 4591 sua
2311 4533 2514 4604 specie,
2541 4532 2821 4605 quomodo
2844 4532 3046 4589 dicitur
3073 4545 3235 4596 nova,
3263 4530 3426 4601 cujus

1828 4636 1914 4684 est
1938 4626 2164 4697 antiqua
2189 4625 2499 4683 substantia
2528 4623 2819 4691 ?Qualiter
2847 4629 3065 4680 creatur
3093 4620 3280 4689 modo,
3327 4636 3430 4678 cu-

1823 4719 1919 4790 jus
1941 4718 2252 4776 substantia
2289 4718 2396 4775 l'uit
2423 4734 2454 4775 a
2480 4717 2787 4790 principio?
2810 4715 2991 4773 Manet
3011 4716 3159 4773 enim
3209 4716 3425 4787 specia-

1825 4813 1897 4868 lis
1921 4821 2140 4880 natura,
2167 4812 2326 4884 cujus
2346 4821 2556 4867 naturae
2597 4817 2816 4866 creatur
2843 4809 3028 4865 anima
3086 4823 3247 4864 nova.
3275 4805 3428 4878 Quo.

1830 4907 1994 4961 modo
2019 4921 2150 4977 ergo
2180 4921 2321 4960 nova
2349 4903 2615 4969 tithodie,
2643 4902 2802 4974 cujus
2831 4910 3028 4958 natura
3082 4898 3342 4954 manebat
3367 4896 3424 4953 in
3451 4903 3454 4906 ’

1831 4999 2035 5069 specie,
2059 4999 2222 5054 modo
2249 4999 2332 5065 tit,
2348 5007 2403 5053 et
2427 4995 2581 5052 erat?
2601 4995 2766 5063 Quid
2795 5002 2881 5052 est
2925 4994 3071 5050 hoc?
3107 4990 3248 5046 Huic
3265 5004 3425 5061 qua:-

1820 5091 2000 5153 .stioui
2021 5083 2386 5163 respondetur
2409 5090 2510 5145 ita.
2541 5087 2718 5155 Patet,
2763 5087 2920 5158 juxta
2973 5085 3134 5140 tidem
3187 5082 3423 5141 catholi-

1831 5201 1977 5253 cam,
2003 5184 2138 5254 ‘quia
2162 5193 2382 5240 creatur
2399 5182 2585 5238 anima
2611 5195 2752 5236 nova
2777 5179 2832 5234 in
2870 5179 3113 5232 humano
3155 5190 3416 5247 corpore.

1822 5275 1920 5331 Fit
1945 5283 2130 5332 autem
2155 5274 2340 5330 anima
2363 5289 2488 5345 qua:
2511 5280 2732 5330 creatur
2777 5278 2874 5328 aut
2897 5269 3153 5324 humana
3180 5275 3419 5334 natura,

1834 5379 1930 5426 aut
1956 5370 2181 5426 alterius
2202 5384 2370 5440 quam
2395 5368 2672 5433 humanae,
2704 5374 2800 5419 aut
2830 5361 3054 5418 nullius.
3081 5359 3190 5417 Sed
3215 5359 3421 5416 nullius
3473 5393 3482 5402 ι

1829 5473 2042 5520 naturae
2062 5463 2180 5519 ﬁeri
2209 5477 2528 5534 personam,
2554 5468 2611 5517 et
2629 5459 2772 5515 inter
2796 5463 3020 5511 naturas
3044 5453 3241 5520 creari,
3271 5452 3447 5526 quod.

1830 5557 2038 5612 nullam
2076 5555 2276 5612 habeat
2317 5563 2572 5610 naturam
2623 5559 2710 5607 est
2755 5546 3112 5618 impossibile.
3139 5583 3142 5585 λ
3172 5544 3230 5600 Si
3289 5557 3426 5602 vero

1829 5657 2051 5706 creatur
2075 5648 2129 5703 in
2154 5649 2397 5704 humano
2437 5659 2667 5716 corpore
2709 5641 2936 5699 alterius
2975 5647 3190 5695 natura
3231 5637 3427 5694 anim:

1832 5758 1998 5814 quam
2051 5742 2326 5806 humanae,
2360 5739 2531 5795 etiam
2579 5737 2686 5794 hoc
2725 5734 3023 5791 absurdum
3074 5739 3161 5788 est
3215 5729 3426 5788 diuum

1833 5837 2022 5894 Restat
2049 5851 2180 5905 ergo
2209 5847 2268 5894 ut
2292 5849 2416 5890 cum
2457 5840 2673 5888 creatur
2698 5845 2842 5905 nova.
2887 5827 2983 5883 liat
3023 5826 3279 5883 humana
3323 5837 3424 5894 In,
