3946 6306
555 354 693 430 eoat

559 475 716 524 turae.
741 463 810 521 Et
831 464 906 520 ita
928 447 1220 536 colligitur,
1243 461 1455 535 quiafit
1478 475 1617 517 nova
1647 459 1767 532 ejus
1789 466 2010 539 natura?
2036 461 2152 523 quae

560 575 672 615 non
693 540 968 624 est-nova;
1008 556 1140 612 facit
1162 571 1294 628 ergo
1325 553 1469 610 Deus
1494 553 1734 610 animam
1777 567 1999 618 novam,
2029 563 2151 620 qua:

551 659 827 715 naturam
852 664 964 704 non
987 639 1150 704 habet
1177 658 1394 703 novam;
1428 645 1524 703 Est
1557 659 1686 718 ergo
1731 643 1923 700 eadem
1955 650 2150 699 natura

560 758 726 813 nova,
756 750 812 800 et
832 759 952 798 non
969 757 1130 796 nova.
1194 740 1252 795 ln
1280 755 1511 812 persona
1539 754 1680 794 nova
1731 745 1837 804 est,
1881 737 1940 793 in
1970 736 2151 808 specie

560 849 704 892 nova
726 843 959 891 nonest.
990 821 1268 889 Nova'est
1311 830 1642 903 proprietate
1686 827 1983 902 personali,
2040 843 2150 882 non

561 944 704 986 nova
735 927 1066 1000 propnetate
1110 924 1414 991 communi.
1446 922 1680 978 Creatur
1726 939 1758 977 a
1798 921 1910 977 Deo
1954 919 2022 977 de
2056 936 2150 975 ex-

562 1023 884 1088 stantibus,
911 1022 997 1077 vel
1042 1019 1109 1076 de
1150 1019 1323 1074 nihilo
1365 1018 1549 1074 anima
1602 1032 1744 1072 nova
1790 1014 2152 1087 personaliter

561 1113 684 1183 ejus
712 1122 924 1168 naturze
944 1129 1068 1184 quae
1111 1110 1216 1166 fuit
1262 1111 1331 1166 ab
1375 1110 1550 1166 Adam
1578 1108 1977 1164 universaliter.
2011 1107 2151 1163 Cum

561 1206 702 1262 dicis
736 1224 749 1260 :
790 1204 1055 1261 Humana:
1073 1204 1270 1259 anima:
1311 1218 1544 1274 persona
1565 1209 1802 1267 creatur,
1853 1201 2151 1255 humanam

538 1298 802 1354 'animam
833 1305 942 1354 non
967 1297 1106 1353 dicis
1152 1296 1350 1362 creari,
1402 1296 1496 1350 sed
1560 1293 1873 1366 personam.
1909 1293 2151 1348 Persona

562 1401 742 1447 autem
773 1391 1046 1446 humanae
1075 1390 1272 1444 animze
1301 1397 1384 1444 est
1415 1388 1594 1443 anima
1631 1387 1928 1443 individua.
1981 1387 2141 1443 Crea-

562 1491 654 1542 tur
684 1483 849 1555 igitur
877 1498 985 1537 non
1011 1484 1248 1537 humana
1283 1481 1486 1548 anima,
1524 1480 1618 1536 sed
1643 1479 1923 1534 individua
1946 1479 2148 1535 anima.

562 1575 843 1632 lndividua
871 1575 1053 1631 anima
1079 1583 1315 1642 creatur,
1344 1573 1473 1644 quia
1500 1574 1655 1644 prius
1700 1587 1810 1626 non
1861 1583 1998 1638 erat,
2050 1572 2154 1626 hu-

561 1681 722 1719 mana
746 1665 926 1719 anima
960 1679 1066 1717 non
1092 1674 1327 1728 creatur,
1353 1662 1479 1732 quia
1511 1660 1662 1731 prius
1687 1668 1822 1726 erat,
1874 1659 2003 1714 etin
2033 1660 2154 1715 aliis

560 1756 814 1827 personis
847 1765 982 1812 erat.
1009 1755 1215 1810 Tamen
1247 1753 1525 1808 individua
1562 1752 1742 1806 anima
1786 1759 1869 1807 est
1913 1752 2153 1808 humana

561 1849 766 1916 anima,
794 1857 848 1903 et
868 1848 1103 1919 idipsum
1132 1846 1566 1902 substantialiter
1595 1853 1679 1900 est
1713 1844 1991 1899 individua
2037 1843 2157 1898 ani-

477 1959 481 1970 τ
560 1959 650 1997 ma
681 1942 829 2012 quod
860 1941 1120 2006 humana,
1152 1949 1204 1994 et
1226 1955 1334 1994 una
1370 1939 1666 2008 eademque
1718 1937 2023 1992 substantia
2074 1947 2158 1994 est

562 2034 679 2089 lucc
703 2043 756 2088 et
780 2034 1042 2098 humana,
1074 2032 1127 2086 id
1157 2041 1240 2088 est
1273 2041 1452 2087 creata
1506 2031 1688 2096 modo,
1721 2039 1774 2085 et
1833 2045 2060 2086 manens
2087 2031 2157 2087 ab

536 2115 743 2190 initio,
778 2123 1057 2179 individua
1090 2123 1338 2179 videlicet
1377 2131 1430 2177 et
1450 2123 1725 2192 specialis,
1775 2123 2068 2194 singularis
2102 2130 2158 2178 et
2237 2155 2242 2157 -

562 2217 892 2283 communis,
925 2216 1047 2271 ideo
1068 2232 1174 2270 una
1197 2215 1457 2271 eteadem
1484 2215 1788 2270 substantia
1826 2224 1911 2269 est
1950 2216 2157 2271 utrius-

561 2324 690 2378 quc,
744 2309 896 2380 quia,
930 2324 1054 2364 cum
1083 2289 1361 2363 individua
1385 2307 1566 2361 anima
1590 2316 1808 2362 creatur
1828 2349 1842 2372 ,
1863 2306 1920 2361 fit
1963 2307 2158 2362 huma-

563 2420 646 2458 me
675 2411 904 2469 naturae,
939 2412 994 2458 et
1017 2398 1183 2457 made
1219 2401 1361 2457 facta
1405 2401 1472 2456 de
1531 2400 1725 2466 nihilo,
1745 2399 1977 2455 assumit
2011 2399 2065 2453 in
2098 2415 2157 2455 se

563 2496 760 2552 fartam
790 2497 858 2552 ab
889 2475 1063 2552 initio.
1089 2495 1356 2560 Assumit,
1381 2494 1626 2564 inquam,
1675 2492 1950 2547 individua
2000 2508 2155 2548 com-

565 2605 808 2656 munem,
844 2598 904 2644 ιιι
942 2589 1142 2644 habeat
1166 2587 1413 2644 eamdem
1438 2602 1562 2642 cum
1585 2601 1649 2640 ca
1673 2584 2057 2640 substantiam.
2092 2583 2159 2641 Et

561 2696 687 2736 cum
729 2679 1154 2751 proprietatibus
1203 2681 1318 2735 suis
1358 2677 1612 2733 differant
1659 2691 1755 2746 per
1794 2675 2156 2732 substantiam

563 2770 782 2841 penitus
805 2778 934 2824 sunt
970 2770 1132 2824 idem.
1161 2769 1624 2840 Itaque—humanae
1662 2766 1860 2822 anima:
1902 2776 2159 2824 creantur
2235 2796 2240 2801 -

565 2875 704 2916 nova
736 2859 1042 2925 individua;
1099 2874 1222 2929 qua:
1269 2859 1503 2928 idipsum
1545 2856 1979 2925 substantialiter
2019 2858 2159 2915 fiunt

563 2953 711 3026 quod
744 2961 828 3008 est
855 2955 1090 3008 humana
1136 2952 1339 3006 anima.
1380 2949 1614 3005 Creatur
1657 2950 1913 3006 humana:
1962 2951 2159 3008 animae

565 3063 769 3104 novum
794 3047 1154 3115 individuum,
1200 3043 1346 3116 quod
1389 3059 1514 3100 cum
1564 3045 1682 3115 ipsa
1727 3046 2040 3103 necessario
2085 3047 2159 3102 sit

563 3139 806 3211 ejusdem
830 3144 1064 3206 natium,
1092 3137 1222 3210 quia
1263 3137 1600 3209 impossibile
1621 3145 1705 3193 est
1735 3139 1992 3195 humanae
2037 3139 2158 3194 ani-

565 3248 670 3288 ma:
697 3230 1038 3288 individuum
1069 3229 1397 3287 inhumano
1436 3244 1668 3301 corpore
1703 3233 1880 3288 creari
1929 3233 2156 3289 alterius

567 3331 776 3378 natura:
795 3328 961 3394 quam
995 3323 1270 3378 humanae.
1306 3321 1576 3392 Amplius,
1610 3330 1790 3394 potest
1841 3323 2005 3379 etiam
2049 3324 2158 3381 dici

566 3431 739 3471 novas
763 3415 977 3471 animas
1000 3416 1197 3482 creari,
1231 3429 1341 3470 non
1380 3415 1528 3486 quod
1560 3423 1708 3482 sunt,
1734 3414 1829 3470 sed
1864 3416 2012 3487 quod
2059 3417 2162 3472 ha-

566 3508 716 3576 bent,
741 3507 888 3563 idest
907 3509 1260 3578 proprietate,
1287 3523 1396 3563 non
1420 3509 1750 3575 substantia,
1783 3517 1844 3564 ut
1871 3525 1981 3565 non
2017 3526 2158 3566 nova

566 3599 898 3669 substantia,
929 3600 1022 3656 sed
1049 3616 1186 3656 nova
1216 3602 1308 3656 fiat
1335 3602 1660 3672 proprietas,
1688 3611 1744 3656 ut
1780 3603 2160 3673 procreatione

566 3694 916 3767 proprietatis
938 3693 942 3697 ’
965 3709 1120 3749 nova:
1162 3693 1367 3749 creatio
1396 3694 1611 3749 dicatur
1633 3695 1872 3766 antiqua:
1896 3696 2159 3752 substan-

569 3787 677 3854 tize,
705 3787 1002 3857 ctantiqua
1031 3785 1338 3842 substantia
1391 3785 1512 3841 ideo
1561 3801 1700 3841 nova
1744 3787 1979 3855 dicatur,
2030 3783 2159 3859 quia

569 3896 710 3936 nova
735 3880 1065 3952 proprietate
1091 3878 1377 3934 formatur.
1402 3877 1465 3934 Et
1507 3879 1759 3950 quamvis
1787 3871 2020 3950 persona
2050 3897 2159 3937 non

568 3973 641 4028 sit
663 3972 781 4028 sine
811 3971 1136 4038 substantia,
1169 3987 1458 4042 personam
1508 3979 1689 4026 tamen
1710 3985 1817 4025 non
1859 3969 1988 4026 facit
2031 3973 2163 4028 sub-

567 4066 788 4130 stantia,
821 4065 916 4121 sed
949 4064 1271 4120 substantia:
1319 4061 1645 4133 proprietas,
1692 4063 1920 4133 ideoque
1944 4075 2162 4136 propter

568 4159 958 4230 proprietatem
984 4172 1184 4212 novam
1227 4170 1365 4210 nova
1402 4154 1604 4210 dicitur
1649 4155 1852 4210 anima.
1885 4155 1988 4212 Dat
2016 4157 2162 4216 Deus

567 4250 824 4308 existenti
856 4248 1467 4320 animm'proprictatem
1492 4262 1712 4316 novam,
1739 4259 1790 4304 et
1814 4249 1944 4308 facit
1965 4266 2159 4306 novam

568 4357 888 4415 personam,
913 4341 1125 4414 species
1170 4335 1443 4407 subsistit,
1485 4341 1648 4396 datur
1693 4358 1725 4397 a
1761 4341 1872 4398 Deo
1918 4344 2165 4416 proprie-

571 4445 676 4502 tas,
735 4443 792 4490 et
828 4435 887 4491 fit
913 4451 1052 4490 nova
1085 4449 1340 4505 persona.
1385 4432 1618 4489 Advenit
1659 4437 1967 4506 proprietas
2011 4452 2164 4491 com-

571 4527 723 4591 muni
753 4536 982 4596 natarae,
1015 4536 1091 4593 ct,
1158 4542 1257 4598 per
1296 4525 1706 4597 proprietatem,
1730 4527 1790 4582 tit
1820 4528 2159 4583 individuum

548 4619 718 4692 quod
743 4630 861 4675 erat
879 4635 1192 4676 commune.
1216 4617 1404 4691 Itaque
1435 4619 1550 4675 sola
1577 4620 1884 4690 proprietas
1923 4616 2006 4685 lit,
2049 4636 2158 4674 non

551 4701 790 4778 ~natura,
817 4713 932 4768 sola
948 4699 1277 4784 proprietas,
1337 4729 1444 4768 non
1498 4712 1828 4778 subStantia,
1867 4721 1923 4768 et
1977 4722 2158 4768 tamen

569 4805 880 4863 substantia
905 4805 1078 4861 creari
1099 4805 1301 4862 dicitur
1329 4821 1424 4876 per
1469 4804 1854 4876 proprietatem
1873 4846 1888 4872 ,
1931 4813 1991 4860 ut
2021 4820 2160 4861 nova

568 4896 644 4954 sit
668 4895 873 4963 anima,
895 4894 1054 4964 cujus
1085 4904 1318 4950 estnova
1347 4895 1675 4965 proprietas.
1709 4892 1862 4950 Hanc
1891 4894 2159 4951 rationem

570 4987 742 5061 priori
770 5002 881 5042 non
903 4983 1276 5058 praeferimus,
1302 4986 1431 5056 quia
1454 4985 1544 5041 vix
1577 4985 1833 5043 audimus
1877 4987 2058 5043 dicere
2103 4987 2160 5042 in

569 5081 848 5138 creatione
871 5081 1181 5136 animarum
1199 5077 1375 5144 Deum
1413 5094 1524 5134 non
1551 5072 1741 5136 creare
1769 5080 2157 5149 substantiam,

493 5155 506 5163 ’
571 5172 666 5228 sed
688 5169 1294 5242 proprietatemsolam,
1319 5183 1387 5224 ne
1415 5169 1679 5241 derogare
1724 5170 2010 5236 videamur
2035 5158 2160 5226 om—

571 5247 888 5334 nipotentiaa
907 5278 1158 5330 summae,
1211 5261 1259 5318 si
1323 5260 1438 5317 sola
1481 5262 1780 5328 accidentia
1815 5263 2075 5318 dicuntur
2104 5261 2160 5318 in

571 5357 824 5428 personis
847 5364 902 5412 et
923 5372 1030 5412 non
1060 5354 1400 5413 substantias
1448 5369 1656 5410 creare.
1717 5354 1920 5411 Damus
1976 5366 2160 5412 tamen

570 5449 762 5518 lectori
791 5449 1231 5520 licentiam-quod
1259 5447 1435 5520 magis
1455 5495 1464 5511 ,
1482 5448 1600 5502 vult
1624 5439 1828 5518 tenere.
1869 5447 1964 5504 llis
1987 5449 2160 5504 ratio-

563 5541 738 5596 nibus
766 5542 1073 5597 ostenditur
1095 5538 1776 5598 secundum-orthodoxos
1821 5553 2014 5594 omnes
2062 5525 2162 5594 ho?

572 5633 751 5690 mines
777 5634 1114 5706 originalitcr
1139 5635 1353 5706 culpam
1397 5632 1615 5690 trahere
1646 5639 1703 5687 et
1732 5631 1810 5686 in
1837 5630 2008 5686 Adam
2037 5645 2161 5711 om:

575 5739 677 5804 nes
739 5741 1014 5796 peccasse,
1061 5727 1312 5784 quamvis
1353 5725 1551 5782 animae
1599 5739 1709 5780 non
1765 5723 1898 5779 fiant
1945 5723 2011 5778 de
2046 5732 2160 5778 tra-

577 5817 735 5873 duce.

1828 345 1889 400 Β.
1926 317 2174 395 ουΟΝιε
2199 341 2458 401 causa.
2497 341 2690 400 EPISC
2727 391 2734 402 .

3669 349 3758 408 Μὶθέ

2768 454 2847 512 De
2886 462 2995 510 toto
3036 452 3331 508 materiali.

2179 459 2231 521 Α

2321 569 2482 627 Nunc
2534 569 2606 627 ad
2661 583 2760 626 eos
2777 559 2863 625 est
2881 565 3213 623 veniendum
3261 565 3360 636 qui
3408 564 3580 624 dicunt
3610 567 3764 631 animat

2252 670 2473 737 quoque
2499 662 2568 719 de
2595 662 2773 746 .Adam
2834 659 3072 726 venisse,
3127 667 3181 714 et
3216 656 3304 714 sic
3336 673 3521 716 omnes
3559 661 3607 716 in
3643 665 3764 723 Adam
3856 671 3857 674 ‘

2251 770 2530 829 peccasse.
2565 753 2672 811 Sed
2697 753 2791 836 hic
2823 749 3229 824 praedicendum
3253 759 3341 806 est
3362 751 3428 806 de
3458 761 3595 822 parte
3615 764 3765 825 ettoto,

2252 849 2396 906 sicut
2429 845 2777 930 superius‘de
2798 842 3172 901 univers‘aliet
3198 841 3516 910 individuo;
3551 862 3654 900 nam
3672 850 3770 904 siem

2252 939 2320 995 de
2343 937 2642 1023 universali
2665 943 2721 993 et
2742 934 3026 1023 individuo
3052 931 3238 988 dicere
3263 933 3518 1002 superius
3551 936 3689 991 valit
3725 939 3770 994 ad

2253 1051 2681 1118 ostendendum,
2717 1049 2970 1108 similiter
2999 1051 3090 1108 hic
3126 1051 3193 1107 de
3208 1049 3464 1122 partibus
3511 1059 3560 1104 et
3584 1059 3676 1104 toto
3715 1053 3770 1107 lo-

2253 1145 2348 1217 qui
2375 1131 2617 1216 proderit
2636 1145 2706 1200 ad
2735 1143 3250 1216 intelligendum.Et
3293 1143 3495 1199 dicitur
3532 1152 3675 1198 totum
3697 1147 3772 1217 plu-

2235 1238 2408 1294 ribus
2429 1237 2630 1294 modis.
2657 1236 2780 1293 Uno
2805 1238 2971 1294 modo
2993 1237 3294 1310 integrum,
3343 1235 3488 1307 quod
3529 1239 3772 1293 naturaliter

2255 1339 2470 1386 constat
2490 1330 2892 1402 compositione
2939 1329 3202 1401 partium,
3251 1338 3418 1384 utens
3462 1331 3773 1399 compositione

2237 1430 2517 1493 tanquam
2542 1422 2744 1489 forma,
2800 1423 3048 1493 partibus
3097 1436 3231 1478 vero
3283 1427 3541 1491 tanquam
3591 1425 3772 1480 materia.

2254 1513 2510 1571 Partibus
2535 1515 2684 1594 enim
2713 1516 3009 1571 adveniens
3029 1513 3374 1594 -c0mpositio
3415 1512 3609 1584 perficit
3635 1522 3771 1568 totum.
3795 1531 3804 1552 ι

2255 1607 2392 1663 Nam
2416 1609 2536 1664 sine
2565 1589 2964 1680 compositione
2986 1588 3124 1663 nihil
3157 1616 3351 1678 partes
3374 1605 3616 1661 cilicium.
3656 1604 3709 1661 Ut
3737 1611 3772 1662 in

2256 1699 2480 1755 homine
2508 1709 2693 1771 partes
2729 1705 2860 1756 su‘nt
2913 1699 3097 1755 anima
3143 1707 3199 1753 et
3247 1705 3474 1768 corpus,
3501 1696 3552 1751 in
3599 1697 3773 1750 humano

2187 1800 2442 1868 Bautem
2488 1805 2720 1861 corpore
2765 1799 2951 1862 partes
3006 1798 3135 1844 sunt
3195 1789 3389 1844 omnia
3437 1787 3654 1867 membra
3677 1789 3771 1857 ejus,

2259 1899 2382 1954 quae
2407 1867 2717 1954 perficiunt,
2750 1883 2856 1938 illae
2879 1881 3100 1953 quidem
3125 1881 3436 1946 hominem,
3462 1881 3539 1935 ba:
3567 1895 3674 1934 vero
3690 1895 3772 1934 cor-

2258 1992 2362 2047 pus
2384 1976 2708 2042 humanum,
2736 1976 2783 2030 si
2812 1974 3270 2046 compositionem
3327 1973 3601 2029 habuerint
3617 1989 3771 2042 compe-

2261 2075 2483 2121 tentem.
2523 2066 2589 2120 Et
2613 2068 2756 2122 sicut
2781 2067 3182 2137 compositione
3214 2061 3576 2130 construitur,
3617 2066 3675 2119 ita
3706 2065 3774 2120 dis

2260 2147 2530 2215 solution‘e
2556 2159 2794 2231 partium
2843 2158 3150 2235 destruitur
3186 2166 3389 2214 totum.
3439 2154 3681 2229 Contingit
3710 2172 3770 2209 ar-

2258 2262 2366 2308 tem
2400 2252 2713 2324 frequenter
2740 2253 2986 2323 alterius,
3007 2253 3221 2324 generis
3258 2267 3387 2308 esse
3437 2260 3616 2313 totum,
3659 2259 3697 2304 et
3720 2249 3770 2302 al-

2259 2345 2430 2401 terius
2453 2354 2684 2417 partem,
2706 2355 2766 2401 ut
2791 2345 3032 2402 hominis
3057 2347 3369 2401 humanum
3395 2359 3600 2415 corpus,
3632 2353 3769 2398 ett-or-

2257 2437 2476 2509 pori,et
2498 2438 2740 2492 humana
2771 2437 2954 2492 anima
3005 2437 3222 2504 animas,
3280 2437 3454 2492 homo
3505 2451 3618 2491 vero
3655 2444 3770 2488 toto

2260 2530 2441 2585 neutri
2478 2539 2840 2601 supponatur,
2867 2528 2960 2586 sed
2980 2529 3030 2585 ei
3061 2529 3208 2601 quod
3261 2538 3483 2586 constat
3510 2544 3568 2584 ex
3589 2537 3769 2598 utroque.

2239 2622 2326 2678 'Et
2357 2623 2411 2676 in
2435 2623 2541 2677 hoc
2569 2633 2703 2690 toto,
2730 2638 2830 2679 nec
2859 2624 3036 2692 ipsum
3076 2622 3144 2677 de
3191 2622 3449 2692 partibus
3491 2621 3674 2682 dicitur,
3707 2633 3771 2672 nec
3856 2621 3857 2692 ᾖ

2259 2722 2441 2786 partes
2463 2713 2529 2768 de
2552 2714 2694 2784 ipso.
2731 2711 2798 2769 Et
2827 2714 2943 2769 tale”
2966 2723 3140 2768 totum
3162 2713 3371 2784 speciei
3388 2728 3587 2784 semper
3619 2720 3683 2767 est
3718 2709 3771 2764 in-

2258 2907 2457 2954 totum.
2492 2895 2834 2954 Universalia
2859 2897 3007 2953 enim
3031 2897 3138 2952 hoc
3173 2897 3326 2968 quod
3351 2905 3477 2952 sunt
3510 2911 3596 2967 per
3617 2908 3679 2959 se,
3719 2892 3771 2946 inc

2259 2805 2564 2861 dividuum.
2597 2805 2655 2859 In
2680 2805 3082 2861 universalibus
3115 2804 3263 2860 enim
3290 2821 3404 2861 non
3452 2802 3685 2858 invenitur
3703 2800 3772 2854 tale
3856 2859 3857 2862 η

2260 2990 2578 3062 compositae
2599 2999 2730 3047 sunt
2747 2998 2802 3046 et
2839 2988 3108 3061 simplicis
3147 2997 3398 3057 natura;
3423 2998 3475 3044 et
3498 2988 3540 3044 si
3562 2997 3655 3044 tota
3678 2984 3770 3040 (1ἱαὶ-
3856 2984 3857 3062 1

2211 3117 2213 3119 -
2259 3091 2372 3150 tur,
2402 3083 2456 3138 in
2485 3081 2784 3139 individuis
2813 3083 2932 3138 suis
2967 3081 3228 3138 dicuntur
3248 3097 3354 3154 per
3376 3097 3462 3149 se,
3491 3079 3632 3136 etiam
3648 3091 3769 3149 quan-

2183 3159 2229 3222 C
2259 3175 2432 3231 titatis
2452 3183 2507 3231 et
2539 3191 2740 3248 genera
2791 3183 2846 3231 et
2870 3174 3102 3245 sp'ecies,
3129 3189 3253 3245 quae
3292 3173 3432 3229 nihil
3468 3171 3600 3228 aliud
3636 3181 3770 3226 sonare

2257 3267 2512 3324 videntur
2536 3284 2702 3339 quam
2727 3283 2793 3323 ex
2821 3267 3072 3339 partibus
3091 3267 3222 3323 talia
3273 3275 3416 3334 tota,
3455 3265 3508 3320 in
3553 3259 3768 3319 individuis
3856 3281 3857 3339 γ

2257 3359 2478 3430 quidem
2503 3368 2688 3431 partes
2715 3359 2941 3426 habent,
2964 3367 3019 3414 et
3046 3366 3159 3414 tota
3183 3366 3335 3425 sunt,
3369 3358 3482 3429 ipsa
3504 3369 3617 3412 vero
3639 3369 3711 3425 per
3732 3365 3768 3406 se

2257 3467 2359 3508 nec
2386 3460 2571 3522 partes
2594 3451 2797 3506 habent
2821 3467 2924 3507 nec
2949 3458 3079 3506 sunt
3111 3458 3258 3518 tota;
3320 3450 3416 3507 sed
3474 3457 3653 3504 natura
3680 3444 3768 3500 tin-

2258 3544 2417 3615 plicis
2434 3553 2490 3600 et
2517 3543 2790 3612 absoluta,
2821 3551 2883 3599 ut
2909 3549 3274 3598 numerorum
3309 3557 3502 3615 genera
3537 3549 3584 3596 et
3604 3537 3766 3610 species,
3856 3537 3857 3624 ξ

2259 3652 2494 3708 quorum
2532 3645 2704 3692 totam
2750 3635 3223 3692 ratiocinationem
3270 3635 3510 3706 partium
3543 3629 3768 3688 consider:-
3856 3701 3857 3712 χ

2258 3728 2336 3783 tio
2355 3728 2616 3796 continet,
2647 3727 2764 3798 ipsa
2794 3727 3014 3798 quidem
3041 3743 3140 3798 per
3166 3743 3226 3782 se
3269 3743 3375 3784 nec
3402 3736 3509 3782 tota
3549 3733 3656 3779 sunt
3699 3734 3762 3773 nec

2258 3830 2441 3892 partes
2460 3821 2694 3889 habent;
2726 3820 2780 3875 in
2811 3820 3110 3877 individuis
3155 3836 3288 3876 vero
3341 3829 3455 3876 tota
3493 3827 3606 3875 sunt
3626 3815 3764 3882 ubique
3856 3851 3857 3894 γ

2259 3912 2495 3982 partium
2551 3911 2968 3983 compositione.
3035 3911 3452 3968 Universalibus
3509 3921 3660 3966 tamen
3706 3904 3763 3958 dat
3856 3929 3857 3932 η

2260 4003 2638 4075 philosophica
2667 4003 3036 4060 consideratio
3080 4004 3525 4060 constitutionem
3565 4017 3652 4056 non
3686 3994 3763 4066 qui-
3856 4033 3857 4040 η

2261 4094 2384 4152 dem
2411 4096 2631 4167 proprie
2651 4139 2665 4163 ,
2699 4095 2795 4152 sed
2826 4096 2894 4151 ad
2926 4095 3343 4152 similitudinem
3367 4094 3593 4151 materiei
3623 4099 3664 4145 et
3697 4085 3763 4140 for.

2262 4203 2385 4254 mm,
2421 4203 2550 4242 nam
2581 4186 2818 4257 speciem
2845 4194 3104 4242 constare
3123 4184 3396 4241 dicuntex
3418 4197 3595 4256 genere
3615 4186 3659 4233 et
3677 4175 3760 4229 sab-
3856 4191 3857 4257 ξ

2263 4278 2487 4346 stantia,
2519 4279 2664 4334 velut
2685 4294 2752 4333 ex
2770 4279 3000 4335 materia
3029 4289 3082 4334 et
3104 4277 3302 4333 forma.
3327 4276 3432 4333 Sed
3487 4275 3536 4330 in
3575 4273 3656 4327 hac
3684 4265 3760 4320 uni-

2262 4371 2556 4427 versalium
2582 4371 2978 4427 constitutione
3006 4386 3116 4426 non
3151 4370 3295 4440 perit
3335 4367 3628 4439 simplicitas
3661 4367 3760 4413 mw-
3856 4367 3857 4440 ξ

2192 4514 2238 4573 D
2269 4479 2365 4527 rae,
2394 4463 2545 4519 velut
2578 4471 2763 4534 partes
2795 4479 2905 4518 non
2928 4461 3137 4518 faciunt
3165 4462 3333 4518 totius
3353 4446 3757 4556 quantitatem,srd

2265 4831 2502 4902 qualitas
2533 4829 2661 4886 facit
2689 4830 2856 4886 ullam
2893 4831 3256 4903 quantitatem
3306 4829 3548 4900 subjecta:
3587 4811 3753 4878 ωιιειίεί

2266 4923 2732 4990 informationem,
2759 4924 2902 4980 sicut
2921 4939 3187 4980 numerus
3208 4922 3555 4979 materialium
3573 4912 3752 4988 partium.

2265 5015 2680 5086 compositione.
2737 5013 2875 5070 Nam
2924 5014 3292 5071 materialium
3333 5012 3551 5084 partium
3573 5009 3751 5086 nummi

2262 5085 2416 5180 ponit
2437 5108 2820 5178 quantitatem.
2861 5105 3063 5180 Figura
3116 5121 3249 5162 vero
3302 5105 3542 5176 subjecta“.
3583 5085 3748 5152 male?id

2261 5200 2769 5272 ponitqualitatem,
2807 5200 3076 5270 siquidem
3117 5199 3291 5270 ﬁgura
3315 5207 3396 5254 est
3423 5193 3638 5267 qualitas.
3656 5182 3748 5249 0""

2263 5292 2389 5348 litas
2408 5300 2590 5347 autem
2617 5307 2727 5346 non
2753 5293 2988 5363 pertinet
3008 5293 3074 5348 ad
3105 5301 3278 5346 totum
3323 5283 3641 5345 materialium
3668 5285 3746 5345 μετ’

2264 5385 2422 5451 tium,
2451 5383 2546 5440 sed
2572 5383 2852 5455 quantitas
2895 5392 3119 5455 propter
3165 5397 3354 5438 earum
3392 5386 3652 5436 numerum.
3676 5363 3744 5455 llf'

2263 5471 2371 5546 quc
2395 5474 2523 5546 quia
2575 5451 2942 5539 materialium
2985 5451 3223 5545 partium
3283 5483 3547 5528 numerum
3588 5451 3741 5552 n0“?

2264 5567 2506 5632 mittunt,
2540 5582 2650 5622 non
2684 5566 2914 5636 pertinet
2932 5566 2997 5622 ad
3021 5582 3084 5622 ea
3113 5563 3429 5638 quantitatis
3448 5569 3610 5620 totum,
3641 5556 3682 5604 ιιι
3707 5557 3740 5604 ω

2263 5673 2363 5712 sua
2395 5657 2791 5714 constitutione
2843 5659 3099 5715 dicantur
3147 5657 3466 5728 composita;
3504 5650 3579 5706 sed
3601 5646 3737 5700 nam"

2263 5748 2527 5818 simplicis
2550 5757 2679 5804 sunt
2729 5758 2783 5804 et
2837 5748 3229 5819 incomposite,
3281 5743 3588 5818 semperhoc
3621 5734 3733 5804 ipsum

2263 5839 2538 5902 manentia
2564 5840 2709 5902 quod
2735 5848 2865 5897 sunt
2888 5848 2943 5897 ct
2972 5839 3331 5896 immutabilis
3357 5853 3445 5894 ocr
3464 5847 3530 5890 sc.
3553 5849 3561 5857 ·

2264 4555 2503 4626 qualitas
2528 4555 2826 4611 adveniens
2873 4554 3195 4626 simpliciter
3243 4554 3498 4610 informat
3538 4544 3755 4605 materiem.

2265 4645 2383 4702 Non
2413 4656 2498 4702 est
2531 4646 2678 4702 enim
2730 4647 2925 4719 figura,
2989 4647 3287 4702 multorum
3345 4647 3400 4701 in
3431 4658 3582 4700 unum
3607 4648 3756 4703 comp"
3856 4645 3857 4716 ξ

2267 4738 2413 4803 sitio,
2437 4739 2531 4794 sed
2554 4739 2798 4795 materia:
2823 4739 3084 4810 subjectae
3111 4739 3343 4810 simplex
3389 4731 3756 4793 informatiomc
