3946 6306
202 355 336 418 1093

658 523 662 528 .
752 474 830 532 De
863 485 971 532 toto
995 473 1232 547 formali.
1331 521 1334 523 ,

283 588 392 642 Alio
418 587 582 644 modo
601 588 801 645 dicitur
823 599 999 644 totum
1043 586 1293 656 formale,
1329 583 1479 656 quod
1521 599 1588 640 ex
1616 583 1793 640 forma

196 690 416 740 constat
441 689 496 737 et
527 683 777 749 materia,
815 682 972 738 aliter
998 682 1144 738 enim
1175 687 1395 737 constat
1415 678 1569 735 Petri
1593 692 1794 748 corpus

197 787 268 829 ex
291 774 529 829 humana
565 773 738 845 figura
768 783 823 830 et
849 774 1079 830 materia
1106 787 1386 844 corporea
1420 782 1658 837 ‘massaz,
1687 768 1793 825 ali-

201 861 287 925 ter
311 885 376 924 ex
398 869 647 941 pluribus
675 871 939 926 membris
984 870 1100 925 suis
1149 877 1206 925 et
1254 866 1675 938 compositione,
1707 865 1793 920 in-

197 971 284 1014 est
312 961 481 1031 figura
504 975 721 1027 massae,
746 969 800 1015 et
821 968 1037 1016 constat
1065 968 1241 1016 totum
1263 985 1266 987 ·
1285 956 1792 1031 lormale._Quar_tti-

197 1038 309 1084 tate
337 1028 445 1085 non
477 1039 696 1086 constat
715 1033 820 1087 hOc
849 1040 1044 1099 totum,
1068 1033 1200 1103 quia
1253 1047 1364 1087 non
1392 1028 1658 1102 quaeritur
1700 1028 1792 1084 hic

196 1121 488 1176 multitudo
519 1117 883 1178 matérialium
904 1142 910 1188 ε
931 1122 1192 1193 partium,
1223 1121 1320 1178 sed
1353 1121 1468 1177 sola
1517 1135 1700 1176 massa
1734 1127 1791 1175 et

193 1212 435 1284 figurans
478 1213 653 1270 forma
691 1231 792 1271 nec
835 1216 1008 1272 debet”
1043 1223 1312 1286 quantum
1337 1213 1472 1282 dici,
1498 1213 1593 1269 sed
1613 1213 1788 1285 magis

193 1307 375 1376 quale,
406 1308 648 1378 quia-est
677 1307 932 1375 lormale,
962 1323 1090 1363 nam
1118 1306 1297 1363 forma
1325 1314 1409 1363 est
1432 1314 1487 1361 et
1525 1306 1784 1378 qualitas.

192 1398 262 1455 Et
287 1401 568 1457 sciendum
591 1402 720 1473 quia
775 1417 885 1456 non
917 1401 1192 1457 invenitur
1223 1402 1330 1456 hoc
1363 1407 1563 1466 totum,
1593 1398 1702 1456 nisi
1727 1397 1785 1454 in

193 1493 488 1550 individuis
518 1496 846 1566 specierum.
877 1493 1098 1566 Species
1124 1495 1271 1551 enim
1294 1494 1620 1566 non-habent
1643 1492 1786 1550 hanc

190 1588 658 1656 constitutionem,
677 1590 771 1645 sed
801 1589 1056 1658 similem.

742 1727 820 1784 De
841 1739 965 1784 toto
994 1727 1232 1784 virtuali.

263 1862 358 1922 Est
373 1865 540 1921 etiam
593 1873 770 1920 totum
795 1855 944 1935 quod
967 1865 1150 1934 potest
1193 1861 1302 1918 dici
1325 1862 1589 1929 virtuale,
1629 1861 1778 1932 quod

189 1972 257 2012 ex
303 1957 513 2014 viribus
570 1966 806 2024 constat,
836 1966 891 2012 et
915 1955 1154 2024 maxime
1184 1955 1460 2010 invenitur
1486 1954 1542 2008 in
1580 1954 1779 2020 indivi-

188 2049 312 2104 duis
343 2052 579 2104 animaa:
621 2049 784 2104 habet
808 2049 957 2104 enim
989 2048 1175 2104 anima
1227 2062 1460 2118 qumque
1506 2047 1674 2114 vires,
1722 2056 1778 2102 et

188 2143 458 2198 ellicaeias
479 2143 748 2214 quasdam
790 2144 994 2213 quibus
1018 2149 1238 2198 constat
1291 2150 1346 2196 et
1396 2139 1559 2214 elﬁcit
1607 2139 1778 2196 multa

188 2251 290 2306 pro
323 2251 425 2291 suo
453 2251 616 2306 posse
635 2278 650 2304 ,
677 2237 754 2291 ita
781 2244 840 2290 ut
865 2251 964 2314 sua
991 2249 1224 2305 corpora
1251 2233 1472 2305 vigeant
1495 2233 1551 2288 in
1587 2232 1778 2288 multis

187 2313 490 2384 secundum
517 2330 662 2384 vires
708 2328 925 2384 animae.
978 2326 1135 2383 Unde
1181 2327 1422 2382 humana
1446 2326 1633 2382 anima
1665 2326 1775 2383 vim

187 2419 351 2474 habet
371 2419 712 2486 rationalem,
737 2435 847 2490 qua
881 2419 1053 2474 utitur
1081 2418 1315 2473 interius
1344 2417 1412 2473 ad
1447 2416 1777 2474 invisibilem

185 2511 558 2582 cognitionem
611 2520 666 2566 et
715 2527 899 2566 rerum
950 2510 1199 2565 omnium
1245 2507 1666 2576 discretionem,
1723 2516 1780 2564 et

184 2614 445 2675 operatur
466 2605 710 2660 exterius
736 2604 789 2658 in
822 2619 924 2659 suo
953 2619 1185 2674 corpore
1236 2603 1441 2658 multos
1491 2611 1682 2669 actus,
1722 2609 1780 2658 et

183 2697 517 2753 locutionem
548 2697 806 2752 maxime.
854 2695 1034 2751 Habet
1058 2705 1116 2752 et
1150 2711 1322 2751 unum
1349 2694 1574 2752 nomine
1605 2695 1780 2751 sensi-

193 2789 328 2856 bile,
357 2806 465 2860 qua
495 2805 699 2859 corpus
723 2787 886 2843 allicit
910 2787 1166 2843 sensibus
1191 2787 1469 2858 quinque,
1493 2793 1556 2842 ut
1575 2786 1778 2844 sentire

180 2890 350 2953 queat
378 2882 659 2938 sensibilia
681 2896 934 2954 quasque,
958 2888 1012 2936 et
1033 2879 1226 2935 dividit
1249 2880 1500 2950 corporis
1527 2878 1777 2950 partibus

181 2972 396 3044 species
447 2989 710 3028 sensuum
737 3014 753 3040 ,
806 2971 1110 3028 secundum
1165 2970 1460 3042 qualitates
1528 2971 1774 3027 diversas

179 3065 551 3143 sensibilium,
576 3065 729 3121 visus
753 3065 1065 3132 oculorum,
1105 3062 1310 3134 ﬁguras
1331 3070 1387 3118 et
1406 3061 1641 3127 colores,
1677 3061 1776 3116 au-

176 3159 332 3215 ditus
353 3159 567 3232 aurium
597 3175 764 3216 sonos
818 3159 966 3230 capit
1009 3167 1064 3214 et
1099 3173 1283 3224 voces,
1338 3155 1560 3211 odorem
1608 3171 1772 3212 nares
1799 3178 1846 3241 ο

173 3252 432 3320 odoratu,
464 3254 704 3328 palatum
719 3268 943 3328 sapores
954 3251 1165 3323 judicat
1178 3259 1363 3327 gustu,
1378 3248 1773 3306 tactusdiscer-

173 3343 266 3414 nit
285 3357 382 3414 per
401 3351 575 3398 totum
599 3327 973 3418 indifferenter
994 3356 1216 3412 corpus,
1256 3356 1514 3412 asperum
1555 3347 1610 3394 et
1628 3339 1769 3406 lene,

171 3437 381 3492 durum
400 3445 464 3505 let
485 3435 672 3504 molle,
694 3450 883 3490 rarum
913 3443 967 3489 et
995 3433 1258 3504 spissum,
1309 3431 1488 3504 frigus
1516 3439 1571 3486 et
1613 3429 1768 3486 calo—

168 3543 299 3583 rem
322 3536 380 3601 et,
400 3527 624 3602 ﬁguras.
658 3527 724 3582 lli
752 3542 950 3584 sensus
975 3525 1101 3594 licet
1123 3524 1408 3589 abanima
1431 3524 1542 3580 sint
1565 3523 1620 3579 in
1641 3527 1772 3580 'cor-

167 3636 331 3693 pore,
355 3629 535 3678 tamen
584 3638 684 3678 nec
706 3621 910 3688 anima,
951 3611 1166 3677 nec-vis
1214 3620 1432 3687 animas,
1489 3619 1584 3675 sed
1636 3619 1772 3674 alle-

170 3713 392 3770 Ctiones
446 3714 516 3770 ab
574 3715 758 3770 anima
811 3713 1135 3785 corporibus
1188 3712 1370 3779 illatae,
1395 3712 1558 3767 habet
1603 3711 1768 3767 etiam

165 3808 289 3865 vim
313 3806 688 3879 vegetabilem,
719 3822 828 3878 qua
849 3822 1010 3862 suum
1037 3821 1239 3876 corpus
1261 3814 1494 3877 vegetat;
1518 3813 1572 3862 et
1595 3804 1770 3875 ipsius

167 3901 426 3971 corporis
453 3908 630 3956 status
651 3907 929 3966 momenta
945 3899 1111 3954 etiam
1139 3897 1434 3953 nesciendo
1461 3897 1765 3967 dispensat.

166 3993 321 4061 Quid
343 3993 408 4048 de
428 3993 739 4063 plantarum
765 3991 1054 4046 animabus
1078 3989 1361 4045 dicamus?
1403 3987 1554 4044 Vires
1575 4003 1768 4042 earum

161 4093 325 4142 certe
350 4084 617 4140 medicina
641 4085 861 4155 penitus
891 4099 1003 4139 non
1047 4083 1284 4154 ignorat,
1331 4096 1455 4152 qua:
1498 4080 1768 4136 eﬂicacias

160 4192 369 4234 earum
404 4178 458 4232 in
497 4177 615 4233 suis
639 4176 842 4248 plantis
858 4174 1416 4232 secundumdiversas
1440 4172 1652 4242 species
1670 4187 1768 4226 ex-

161 4272 390 4342 plorat;
448 4269 652 4324 habent
710 4269 856 4323 vires
901 4266 1131 4322 interius
1153 4265 1370 4330 animai,
1429 4272 1486 4319 et
1525 4263 1767 4318 exterius

160 4359 492 4420 afﬁciuntur
526 4363 744 4432 plantae.
777 4361 989 4416 Animae
1010 4360 1154 4432 viget
1176 4359 1436 4427 efﬁcacia,
1473 4368 1530 4414 et
1555 4359 1661 4415 hoc
1679 4374 1767 4414 re-

156 4454 386 4527 peritur
407 4454 463 4510 in
487 4457 692 4527 planta,
737 4453 1055 4524 experimur
1114 4453 1170 4507 in
1201 4452 1405 4522 planta,
1447 4467 1571 4522 qua:
1618 4451 1766 4507 vires

156 4551 349 4606 latent
403 4550 456 4606 in
490 4551 694 4606 anima.
748 4548 949 4604 Mirum
978 4547 1124 4619 quod
1149 4548 1291 4603 vires
1321 4548 1540 4614 animae,
1578 4548 1763 4602 anitaa
1797 4567 1843 4628 ι)

156 4649 416 4710 mortua,
446 4649 670 4697 manent
699 4641 756 4696 in
807 4654 1058 4711 corpore,
1082 4647 1137 4695 et
1162 4647 1448 4695 remanent
1481 4640 1536 4694 in
1579 4640 1766 4710 planta

156 4735 406 4807 vestigia
422 4735 638 4790 ~virium
665 4750 788 4805 quae
815 4731 1035 4788 fuerunt
1061 4731 1116 4786 in
1142 4732 1346 4798 anima,
1375 4731 1548 4787 donec
1567 4740 1623 4786 et
1647 4733 1764 4803 ipsa

151 4827 226 4887 in
250 4844 486 4898 corpore
512 4826 774 4898 paulatim
795 4826 1138 4882 emoriantur
1175 4833 1467 4880 vetustate.
1518 4822 1633 4880 Hoc
1665 4841 1766 4880 au-

153 4935 282 4982 tem
306 4914 468 4980 habet
498 4925 567 4979 ab
594 4925 716 4979 aliis
760 4924 890 4980 totis
931 4923 1076 4979 istud
1119 4923 1424 4993 pr0prium,
1448 4922 1595 4992 quod
1635 4937 1762 4978 cum

155 5019 366 5090 plures
396 5019 558 5074 habet
585 5018 753 5084 vires,
802 5017 856 5072 in
879 5032 1210 5087 unaquaque
1251 5025 1334 5072 est
1382 5024 1588 5084 totum;
1612 5024 1668 5072 et
1706 5017 1763 5072 in

155 5111 415 5184 singulis
434 5102 654 5166 viribus
695 5117 782 5166 est
819 5109 1024 5176 anima,
1057 5124 1182 5164 cum
1234 5116 1419 5164 tamen
1475 5117 1651 5165 totum
1695 5124 1764 5166 ex

151 5218 282 5260 una
314 5201 371 5256 vi
405 5206 620 5257 constet
642 5200 778 5256 sola.
805 5198 869 5254 ln
900 5214 1011 5254 una
1033 5198 1149 5276 sola
1174 5198 1226 5252 vi
1251 5205 1336 5253 est
1362 5206 1630 5265 totum,et
1652 5215 1763 5255 una

111 5297 120 5301 ”
151 5295 289 5352 sola
321 5289 406 5350 vis
436 5307 543 5348 non
564 5292 725 5348 ellicit
751 5299 948 5357 totum,
972 5289 1297 5360 estquidem
1329 5297 1503 5344 totum
1554 5290 1608 5344 in
1647 5290 1764 5346 sin—
1844 5333 1849 5338 .

149 5385 321 5459 gulis
345 5384 497 5450 solis,
527 5377 621 5439 sed
654 5396 762 5437 non
782 5388 1006 5436 constat
1031 5395 1099 5435 ex
1126 5379 1526 5450 singulissolis,
1541 5379 1608 5434 de
1642 5379 1761 5442 sola

114 5487 120 5492 ·
145 5483 332 5549 parte
349 5473 549 5529 dicitur
571 5480 768 5546 totum,
817 5471 912 5527 sed
935 5486 1002 5526 ex
1031 5470 1145 5526 sola
1163 5477 1327 5539 parte
1353 5510 1358 5516 .
1380 5484 1491 5524 non
1547 5477 1763 5528 constat

1206 344 1295 408 DE
1331 337 1652 418 PECCATO
1689 348 2062 409 ORlGlNALl.
2098 381 2170 400 -ς
2204 349 2332 407 LlB.
2376 347 2463 404 Ill.
2511 401 2518 406 ,
2623 308 2626 312 ’

1897 475 2046 534 sunt,
2078 481 2188 521 non
2217 474 2278 520 ut
2297 462 2574 520 individua
2598 459 2879 534 subjectae,
2911 478 3012 521 nec
3057 466 3240 528 anima
3286 471 3486 540 plantat

3345 349 3486 451 ίοεξι

1897 558 2064 630 hujus
2097 566 2209 614 tota
2235 567 2318 613 est
2352 558 2406 611 in
2433 555 2666 627 singulis
2689 554 2902 613 viribus
2933 557 3049 613 suis
3068 600 3084 626 ,
3116 575 3242 615 cum
3273 563 3484 632 species

1896 657 2010 705 tota
2034 649 2107 704 sit
2128 650 2182 704 in
2213 648 2446 721 singulis
2467 647 2767 706 individuis
2810 650 2948 705 suis.
2984 647 3141 708 Nunc
3190 651 3482 712 redeamus

1894 742 1961 798 ad
1989 741 2354 813 propositum.

2096 887 2103 892 '
2144 874 2416 942 Quomodo
2443 875 2506 930 de
2529 876 2748 930 traduce
2775 877 2986 931 veniunt
3012 879 3227 935 animm.

1968 990 2166 1048 Dicunt
2198 991 2556 1047 seminatores
2581 991 2890 1047 animarum
2911 1035 2925 1059 ,
2949 1009 3182 1063 quorum
3211 995 3479 1054 rationem

1893 1094 2016 1156 post
2048 1085 2384 1142 orthodoxos
2432 1085 2833 1157 insumpsimus
2893 1087 3076 1142 dicere
3119 1089 3481 1158 quod'omnis

1890 1180 2076 1234 anima
2105 1180 2254 1234 venit
2277 1180 2345 1234 de
2370 1179 2616 1249 traduce,
2645 1180 2696 1235 id
2719 1190 2802 1237 est
2832 1181 3018 1235 anima
3041 1197 3137 1251 per
3167 1197 3352 1238 semen
3411 1185 3480 1240 de

1889 1273 2094 1339 anima,
2135 1273 2278 1327 sicut
2306 1272 2427 1342 ejus
2464 1287 2666 1344 corpus
2691 1289 2786 1343 per
2809 1288 2994 1329 semen
3046 1285 3376 1346 propagatur
3413 1256 3502 1332 de

1889 1371 2138 1435 corpore,
2163 1365 2248 1421 vel
2278 1366 2444 1420 arbor
2456 1366 2530 1422 de
2555 1367 2772 1433 arbore,
2801 1374 2857 1422 et
2886 1366 2967 1422 sic
2996 1383 3121 1423 esse
3163 1367 3270 1422 vim
3311 1370 3477 1424 semi-

1887 1457 2100 1512 nariam
2145 1457 2202 1512 in
2253 1451 2474 1524 anima,
2510 1458 2974 1528 quemadmodum
3018 1459 3072 1513 in
3121 1447 3371 1530 corpore.
3419 1460 3478 1518 In

1886 1550 2218 1606 animalibus
2239 1550 2385 1605 enim
2412 1549 2518 1621 nisi
2541 1550 2652 1604 vim
2676 1552 3030 1622 vegetabilcm
3064 1554 3248 1608 trahat
3286 1570 3475 1611 semen

1884 1643 2150 1713 parentis,
2173 1659 2281 1698 non
2307 1643 2522 1714 prolicit
2545 1643 2614 1699 ad
2644 1645 2979 1700 creationem
3031 1631 3316 1717 sequentis
3351 1663 3478 1718 pro-

1884 1737 1974 1804 lis,
1998 1752 2126 1792 nam
2154 1751 2344 1792 semen
2393 1735 2576 1792 fusum
2617 1738 2673 1792 in
2721 1736 2944 1805 femina,
2981 1742 3258 1810 quomodo
3297 1742 3478 1812 pullu-

1813 1824 1854 1880 B
1881 1827 1977 1894 lat,
2009 1826 2117 1881 nisi
2143 1826 2254 1880 vim
2286 1827 2484 1882 animm
2511 1828 2864 1899 vegetabilcm
2920 1831 3134 1884 trahat?
3183 1830 3473 1899 Quomodo

1883 1919 2191 1974 concrescit
2229 1919 2282 1972 in
2325 1921 2536 1975 viscera
2567 1921 2902 1993 praegnantis
2949 1923 3302 1991 seminatum,
3356 1926 3466 1980 nisi

1881 2022 2162 2084 utcunque
2192 2011 2354 2068 fuerit
2384 2013 2732 2069 animatum?
2786 2013 3150 2071 lnfundantur
3209 2018 3367 2074 urina
3408 2020 3477 2074 de

1879 2115 2124 2177 parente,
2158 2106 2243 2161 vel
2272 2115 2516 2176 sputum,
2549 2107 2634 2162 vel
2663 2107 2810 2161 aliud
2838 2108 3162 2179 quidquam,
3195 2125 3304 2164 non
3341 2127 3472 2181 pro-

1881 2198 1994 2253 ficit
2022 2199 2078 2252 in
2107 2206 2346 2269 partum,
2373 2200 2460 2253 vel
2485 2200 2538 2253 in
2565 2199 2772 2270 prolem
2829 2199 3019 2267 ullam,
3072 2217 3171 2257 nec
3226 2219 3470 2272 unquam

1879 2299 2071 2345 natum
2103 2299 2187 2346 est
2209 2291 2414 2345 animal
2447 2291 2542 2345 tali
2583 2289 2880 2358 inlusione,
2913 2292 3045 2362 quia
3093 2293 3218 2348 talis
3261 2292 3472 2349 inlusio

1879 2391 2028 2438 caret
2058 2384 2414 2440 animatione.
2456 2381 2672 2437 Nullam
2699 2383 2811 2438 vim
2841 2384 3039 2439 animze
3095 2385 3220 2440 talis
3267 2384 3476 2440 inlusio

1882 2474 2068 2542 trahit,
2094 2475 2214 2530 ideo
2242 2490 2354 2530 non
2389 2474 2654 2545 prospicit
2681 2476 2733 2530 in
2763 2483 3005 2546 partum,
3033 2490 3135 2530 nec
3180 2476 3304 2531 inde
3352 2477 3475 2546 pul-
3526 2524 3529 2526 _

1879 2569 2014 2624 lulat
2048 2569 2276 2640 aliquid.
2306 2567 2630 2625 lnfundatur
2661 2565 2878 2626 feminae
2906 2583 3122 2635 semen,
3147 2567 3473 2624 infundatur

1877 2670 1931 2717 et
1956 2660 2124 2716 aliud.
2166 2660 2308 2729 Quid
2331 2670 2414 2718 est
2439 2663 2585 2732 quod
2608 2663 2713 2718 hoc
2736 2677 2954 2734 semper
2983 2671 3067 2718 est
3094 2663 3306 2730 inutile,
3335 2662 3472 2718 illud

1878 2768 2007 2809 vero
2037 2753 2253 2824 prolicit
2283 2753 2578 2824 inprolem
2609 2769 2791 2824 saepe;
2821 2755 2930 2809 hoc
2965 2755 3102 2810 nihil
3162 2755 3326 2821 valet,
3369 2771 3474 2810 un-

1877 2843 2066 2915 quam,
2095 2843 2228 2898 illud
2272 2844 2481 2914 prolem
2517 2844 2788 2914 promittit
2835 2843 3104 2912 futuram,
3162 2844 3271 2902 nisi
3324 2844 3473 2918 quod

1877 2936 1983 2994 hoc
2009 2936 2147 2991 nihil
2172 2935 2527 2992 animationis
2557 2937 2758 3005 habet,
2791 2936 2923 2992 illud
2949 2953 3080 2993 vero
3107 2939 3218 2994 vim
3257 2949 3476 3012 vegeta-

1875 3027 2041 3084 bilem
2071 3029 2269 3084 retinet
2300 3046 2313 3083 :
2345 3027 2537 3083 Trahit
2565 3043 2696 3100 ergo
2721 3045 2908 3085 secum
2961 3046 3150 3087 semen
3195 3033 3470 3103 corporis,

1878 3135 2066 3176 semen
2109 3120 2331 3187 animm,
2385 3118 2596 3175 scilicet
2630 3121 2739 3174 vim
2769 3121 3150 3192 vegetationis,
3182 3138 3306 3193 qua:
3349 3139 3474 3178 cor-

1874 3228 2104 3284 poreum
2157 3227 2344 3268 semen
2369 3221 2582 3284 vegetet
2608 3212 2663 3266 in
2696 3212 2996 3268 humanam
3039 3213 3297 3282 formam,
3353 3214 3473 3286 ipsa

1873 3321 1998 3361 cum
2021 3319 2089 3361 eo
2117 3320 2473 3362 succrescens
2501 3304 2558 3360 in
2584 3303 2909 3361 rationalem
2941 3307 3204 3374 animam,
3234 3314 3295 3362 ut
3324 3307 3471 3365 sicut

1873 3397 2164 3469 particula,
2181 3412 2303 3470 qua:
2339 3413 2448 3452 non
2478 3405 2565 3453 est
2592 3397 2896 3453 humanum
2919 3414 3141 3471 corpus,
3172 3400 3241 3455 ah
3266 3400 3468 3457 huma-

1871 3505 1944 3545 no
1997 3503 2226 3560 corpore
2255 3487 2374 3544 fluit
2429 3487 2486 3543 in
2541 3496 2866 3557 sementem,
2892 3489 2972 3545 sic
3018 3489 3309 3560 particula,
3341 3506 3467 3562 quae

1871 3596 1982 3636 non
2016 3589 2101 3638 est
2129 3580 2371 3636 humana
2393 3579 2599 3647 anima,
2627 3580 2698 3635 ab
2720 3580 2960 3636 humana
2987 3582 3170 3638 anima
3210 3583 3470 3642 decurrat

1871 3680 1932 3727 ut
1963 3687 2171 3728 semen.
2205 3669 2274 3725 Et
2293 3671 2438 3726 sicut
2464 3670 2711 3740 pruritus
2746 3671 2995 3742 corporis
3025 3675 3132 3728 non
3181 3674 3320 3728 solet
3349 3674 3468 3732 sine

1870 3764 2232 3820 delectatione
2262 3763 2460 3820 animae
2487 3763 2634 3832 fieri,
2664 3763 2745 3819 sic
2769 3765 3016 3835 pruritus
3034 3782 3061 3820 a
3095 3781 3326 3836 corpore
3355 3782 3468 3823 non

1869 3856 2441 3914 excutitseminarium
2463 3857 2875 3927 liquorem,nisi
2904 3858 3069 3913 simul
3092 3858 3289 3914 animae
3318 3860 3467 3916 dele-

1870 3951 2036 4008 ctatio
2050 3951 2314 4022 producat
2335 3951 2598 4007 abanima
2616 3941 2968 4007 seminarium
2982 3952 3115 4019 vim,
3130 3951 3182 4007 id
3204 3961 3286 4007 est
3299 3968 3464 4024 vege-

1870 4044 2189 4100 tabilitatem
2212 4053 2274 4100 ut
2299 4045 2369 4100 sit
2403 4044 2660 4100 humana:
2691 4044 2888 4100 anima:
2911 4060 3118 4114 semen,
3140 4044 3224 4101 vis
3243 4055 3464 4118 vegeta-

1869 4138 2014 4204 bilis,
2047 4137 2188 4194 sicut
2222 4137 2769 4209 seminariusliquor,
2797 4154 2981 4194 semen
3002 4148 3086 4193 est
3105 4139 3372 4210 corporis.
3399 4137 3466 4196 Et

1869 4230 2012 4286 sicut
2024 4230 2188 4286 simul
2200 4229 2503 4300 procedunt
2517 4246 2718 4298 causae,
2733 4231 2940 4287 scilicet
2952 4231 3237 4286 delectatio
3255 4240 3309 4286 et
3329 4245 3464 4303 pru-

1868 4320 2032 4387 ritus,
2050 4321 2140 4377 sic
2167 4321 2334 4376 simul
2364 4331 2672 4392 sequuntur
2695 4321 2944 4390 effectus,
2969 4325 3022 4380 id
3045 4334 3129 4381 est
3169 4326 3253 4383 vis
3300 4341 3463 4398 vege-

1870 4411 2073 4479 tabilis,
2103 4419 2160 4467 et
2189 4412 2369 4482 liquor
2400 4413 2752 4481 seminarius,
2783 4415 2950 4471 simul
2985 4417 3153 4472 etiam
3174 4434 3300 4473 cum
3340 4434 3463 4476 cre-

1869 4506 2072 4562 scendo
2095 4504 2392 4575 proficiunt
2412 4506 2517 4562 hoc
2558 4522 2733 4577 usque
2764 4508 2834 4563 ad
2869 4509 3168 4564 humanam
3194 4509 3456 4581 formam,

1871 4598 2005 4653 illud
2027 4613 2204 4669 usque
2228 4598 2298 4654 ad
2319 4597 2643 4655 rationalem
2671 4597 2942 4668 animam,
2978 4600 3106 4657 inde
3143 4602 3312 4660 simul
3337 4619 3462 4660 ma-

1872 4700 2004 4747 nent
2047 4691 2104 4746 in
2147 4706 2259 4748 una
2317 4706 2554 4763 persona
2619 4707 2798 4762 usque
2849 4693 2920 4748 ad
2972 4703 3225 4752 mortem.
3265 4697 3460 4752 Causae

1871 4784 2182 4855 conjunctae
2239 4783 2404 4840 simul
2445 4784 2685 4856 jungunt
2731 4780 3156 4857 suos'eli'ectus,
3184 4788 3240 4844 in
3287 4805 3458 4844 unum

1872 4878 2213 4933 individuum
2242 4877 2384 4948 ejus,
2415 4878 2562 4948 quod
2584 4884 2802 4933 constat
2821 4894 2888 4934 ex
2908 4880 3092 4946 anima
3121 4890 3178 4937 et
3196 4896 3456 4951 corpore.

1871 4969 2219 5026 ludividuum
2247 4978 2431 5025 autem
2463 4969 2595 5024 illud
2625 4985 2723 5041 per
2745 4986 2874 5027 suas
2894 4987 3092 5027 causas
3133 4971 3239 5027 sub
3279 4972 3456 5042 specie

1861 5079 1968 5122 sua
2008 5064 2402 5134 compositum,
2450 5061 2669 5133 prolicit
2701 5062 2775 5119 ad
2804 5063 3030 5120 alterius
3062 5064 3264 5133 speciei
3310 5064 3445 5120 indi-

1866 5157 2114 5212 viduum.
2143 5153 2301 5224 Quod
2333 5162 2410 5211 ut'
2439 5155 2692 5212 videatur
2733 5156 2994 5228 apertius,
3045 5156 3266 5212 aliunde
3320 5157 3446 5213 inci-

1867 5252 2107 5324 piamus,
2136 5259 2198 5307 ut
2245 5265 2313 5307 ex
2336 5251 2520 5307 altiori
2563 5251 2835 5324 principio
2886 5250 3122 5306 lucidior
3173 5251 3270 5308 fiat
3329 5251 3449 5310 linis

1864 5348 2123 5417 cognitio.
2866 5363 2868 5366 '

1865 5458 2159 5515 Descemus
2207 5461 2524 5524 substantia:
2569 5460 2640 5514 ad
2681 5459 2980 5534 individua,
3055 5477 3148 5532 per
3199 5461 3256 5516 id
3313 5477 3452 5534 quoa

2144 5592 2147 5596 π
2248 5543 2453 5588 constat
2478 5549 2544 5587 ea:
2566 5548 2780 5603 corpore
2798 5541 2846 5586 et
2875 5533 3077 5588 anima.

1934 5648 2034 5707 Est
2055 5665 2227 5722 genus
2253 5650 2629 5710 subalternum
2667 5647 3012 5716 substantiae,
3067 5620 3214 5720 quod
3253 5627 3452 5730 corpo-

1865 5743 1910 5800 ri
1936 5759 2044 5802 non
2077 5742 2426 5814 supponitur,
2463 5757 2565 5806 nec
2593 5743 2925 5823 animae,sed
2945 5741 2998 5800 ei
3039 5741 3190 5813 quod
3237 5749 3452 5818 constat

1863 5854 1929 5901 ex
1958 5847 2213 5909 utroque.

109 5560 376 5622 -t0tum.
421 5562 500 5618 .Et
533 5561 801 5641 quamvis
847 5560 1030 5616 anima
1069 5559 1234 5630 hujus
1289 5559 1487 5638 plantae
1529 5558 1596 5614 de
1641 5559 1759 5641 sin:-

111 5659 324 5732 .-'guli3
343 5658 556 5714 viribus
583 5639 700 5714 suis
750 5655 987 5721 dicatur,
1040 5669 1151 5711 non
1180 5663 1378 5724 tamen,
1413 5669 1606 5710 earum
1632 5639 1759 5724 spe-

103 5753 284 5808 'cies
315 5759 559 5822 putetur,
587 5749 720 5820 quia
754 5747 1097 5802 individuum
1123 5757 1225 5812 est,
1256 5755 1311 5803 et
1337 5748 1404 5803 de
1430 5748 1582 5802 nullo
1622 5746 1758 5802 sub-

105 5847 323 5915 fiiec‘to
344 5844 562 5903 dicitur.
586 5842 742 5907 Vires
769 5841 914 5897 enim
943 5841 1108 5912 hujus
1155 5841 1356 5915 anima:
1403 5850 1587 5914 partes
1617 5841 1763 5900 illius
