3946 6306
190 338 303 415 ιῦθθι

180 557 479 618 individuum
512 560 575 608 ut
596 549 828 621 accipiat
865 545 1339 618 compositionem.
1359 539 1534 597 Omne
1553 539 1721 612 igitur

174 649 382 720 alicujus
418 643 604 716 ﬁgura:
643 655 816 712 capax
867 638 1143 708 integrum
1200 643 1375 691 totum
1413 632 1578 688 habet
1606 630 1718 685 duo

173 732 428 817 piinCipia,
455 735 584 790 huic
608 732 858 788 inﬁmum
883 771 900 798 ,
939 728 1018 785 illi
1047 740 1345 783 summum.
1378 721 1607 779 Summo
1635 727 1719 775 est

168 812 391 888 inﬁmum
418 869 434 895 ,
494 825 624 896 quia
665 830 751 879 est
797 821 920 893 ejus
973 816 1355 882 individuum;
1388 812 1586 868 inﬁmo
1634 823 1720 867 est

166 935 422 980 summum
444 959 460 985 ,
497 915 624 988 quia
680 912 802 986 ejus
834 920 919 968 est
947 918 1141 966 totum.
1195 904 1424 961 Summo
1467 910 1553 960 est
1590 901 1717 957 inﬁ-

162 1028 332 1081 mum,
385 1008 513 1081 quia
565 1022 677 1062 non
715 1004 920 1060 dieitur
971 999 1040 1057 de
1087 997 1364 1068 subjecto;
1415 993 1605 1050 inﬁmo
1634 999 1719 1049 est

162 1118 439 1169 summum,
472 1099 601 1172 quia
628 1096 984 1154 constituitur
1003 1093 1072 1150 ad
1094 1092 1347 1148 ultimum
1376 1088 1443 1144 de
1466 1084 1718 1142 illuJuﬁ-

157 1197 294 1255 nium
321 1201 422 1261 est,
445 1191 576 1263 quia
602 1190 687 1247 sic
706 1186 985 1245 descendit
1014 1201 1046 1240 a
1080 1179 1514 1254 przedicamcntis
1564 1185 1625 1232 ut
1650 1176 1718 1231 dc

156 1292 294 1347 nullo
319 1288 560 1354 dicatur;
589 1298 868 1342 summum
897 1287 1001 1348 est,
1033 1278 1161 1350 quia
1189 1277 1271 1332 sic
1291 1271 1575 1329 ascendita
1592 1284 1718 1353 par-

152 1380 305 1448 tibus,
328 1388 387 1436 ut
415 1379 644 1436 ulterius
673 1392 782 1433 non
804 1373 1204 1447 progrediatur.
1238 1368 1534 1437 Utriusque
1561 1364 1715 1435 prin-

145 1472 267 1543 cipii
286 1471 523 1527 mediqu
547 1482 606 1525 se
628 1468 792 1524 ﬁnem
812 1465 1052 1531 exhibet,
1084 1470 1142 1517 ut
1169 1461 1458 1529 utriusque
1478 1454 1717 1531 cilicium

148 1562 200 1619 in
223 1577 280 1619 se
298 1552 680 1627 contermine‘t.
699 1556 836 1613 Nam
856 1555 982 1612 ﬁnis
1006 1551 1414 1626 praedicationis
1434 1549 1494 1603 ﬁt
1518 1562 1550 1603 a
1565 1560 1718 1603 sum-

145 1669 230 1710 mo
250 1652 540 1724 principio,
568 1661 624 1709 et
652 1651 776 1707 ﬁnis
804 1645 1220 1719 compositionis
1241 1644 1311 1698 ab
1327 1643 1459 1697 imo.
1484 1639 1552 1695 Et
1579 1638 1718 1694 ﬁnes

142 1746 507 1799 extremorum
547 1741 602 1798 in
626 1741 747 1812 ipso
772 1737 937 1796 simul
982 1733 1338 1799 conveniunt,
1387 1738 1450 1785 ut
1477 1729 1721 1784 inveniat

141 1832 297 1888 ﬁnem
319 1831 410 1888 hic
436 1840 495 1887 et
519 1830 610 1886 ille
632 1841 891 1885 recursus
914 1824 1138 1883 ibidem.
1152 1819 1440 1891 Utaiiquis
1461 1825 1720 1877 centena-

147 1925 254 1982 rius
273 1924 437 1981 habet
463 1931 731 1988 extrema,
752 1920 880 1975 hinc
907 1917 1195 1983 unitatem,
1217 1924 1272 1970 et
1292 1912 1418 1969 inde
1442 1910 1720 1989 quantita-

140 2016 633 2086 tem,.iudividuum
655 2029 687 2071 a
704 2012 1010 2084 quantitate
1038 2006 1343 2064 secundum
1373 1998 1717 2076 praedicatio-

140 2127 255 2169 nem
291 2104 569 2177 inﬁmum,
606 2117 783 2164 totum
828 2106 901 2171 ab
948 2103 1179 2171 unitate,
1215 2098 1516 2162 secundum
1561 2111 1718 2173 Silam

136 2202 595 2277 compositionem
619 2213 920 2257 summum.
1052 2188 1057 2191 ⁷
1110 2192 1111 2195 “

431 2295 511 2350 De
533 2294 753 2349 summis
781 2302 833 2347 et
865 2287 1066 2362 inﬁmis
1090 2287 1396 2361 principiis.

195 2384 263 2446 Et
295 2398 547 2446 extrema
580 2375 823 2458 quidem,
859 2399 890 2438 a
921 2381 1193 2453 superiori
1241 2388 1370 2436 sunt
1425 2374 1719 2434 individuis

131 2480 396 2552 principia
434 2476 807 2552 praedicanda,
852 2475 922 2530 ab
958 2472 1206 2529 infcriori
1234 2484 1367 2527 vero
1404 2468 1535 2525 totis
1590 2476 1721 2522 sunt

127 2570 392 2642 principia
421 2567 824 2639 componenda.
858 2563 1137 2634 Principio
1165 2561 1717 2633 praedicamentorum

127 2661 250 2719 ﬁnis
288 2671 379 2718 est
416 2660 765 2717 individuum
796 2699 815 2727 ,
848 2653 1120 2727 principio
1170 2652 1413 2724 partium
1464 2649 1591 2705 ﬁnis
1635 2657 1721 2705 est

128 2762 318 2811 totum.

195 2842 481 2913 Principia
540 2840 747 2912 prima,
798 2842 1025 2894 suarum
1070 2849 1261 2892 rerum
1310 2830 1721 2889 universitatem

123 2935 467 2993 concludunt
490 2934 755 3003 utrinque
776 2945 874 2987 sua
897 2928 1262 2995 extremitate,
1287 2934 1342 2982 et
1359 2923 1489 2996 quia
1514 2924 1720 2980 nullam

122 3042 235 3084 mm
257 3035 420 3083 extra
448 3025 792 3095 relinquunt,
805 3020 1227 3094 propagationes
1255 3032 1442 3074 rerum
1457 3017 1725 3074 adversus

1124 330 1222 394 DE
1250 324 1591 389 ’PECCATO’
1613 323 1989 388 ORlGlNALl.
2014 332 2095 371 ⁷-
2132 324 2262 384 LIB.
2303 326 2393 383 lll.
2930 382 2934 387 ,

181 485 265 527 nec
290 472 447 522 totum
478 458 678 518 dicitur
703 466 766 517 ut
811 454 1077 525 suscipiat
1121 448 1586 524 praedicationem,
1616 454 1716 500 nec
1746 446 1795 511 ᾼ
1818 438 2039 510 quidem
2084 439 2311 510 cogitari
2353 445 2561 514 potest,
2599 426 2694 501 sed
2739 451 2879 525 esse.
2906 422 3026 492 sine
3078 434 3249 506 ﬁgura
3297 450 3410 492 non

3268 272 3408 380 i095

1820 530 2017 602 potest.
2075 528 2226 586 Tolle
2282 530 2514 602 ﬁguram
2561 544 2683 601 qua:
2732 520 2896 585 modo
2949 526 3240 594 formabat,
3270 525 3413 597 perit

1820 624 2031 693 species
2076 637 2199 693 quae
2239 621 2655 694 praedicabatur.
2702 619 2839 678 Nam
2864 615 2873 695 ί
2892 621 3119 677 humani
3163 636 3411 691 corporis

1818 712 1994 783 ﬁgura
2030 713 2077 768 si
2102 713 2263 784 perit,
2296 713 2417 786 ipsa
2447 713 2660 785 species
2685 714 2741 768 in
2771 710 3091 784 cocorpore
3124 712 3325 782 deﬁcit,
3356 724 3415 773 et

1819 803 2121 859 secundum
2148 804 2312 860 aliam
2334 804 2564 876 ﬁguram
2587 820 2752 877 quam
2785 803 2997 874 recipit,
3025 804 3188 859 aliam
3213 820 3412 865 secun-

1818 893 1951 951 dum
1984 907 2185 966 corpus
2227 896 2408 967 ipsum
2437 896 2689 977 assumit.
2727 894 2862 952 Nam
2906 897 3036 973 quia
3081 895 3289 952 cineris“
3327 900 3415 971 vel

1821 986 2021 1041 vermis
2051 987 2248 1059 accipit
2274 986 2528 1059 ﬁguram,
2556 994 2733 1044 mutat
2755 995 2811 1043 et
2835 987 3071 1058 speciem
3095 986 3244 1049 circa
3264 1001 3415 1045 mas-

1819 1092 1937 1133 sam
1963 1078 2231 1133 eamdem.
2285 1076 2355 1134 Et
2403 1079 2470 1135 de
2527 1094 2637 1153 qua
2692 1093 2877 1134 massa
2926 1076 3103 1151 prius,
3128 1077 3415 1143 dicebatur

1819 1169 1985 1225 homo
2011 1170 2312 1226 secundum
2342 1170 2580 1242 priorem
2618 1171 2871 1244 ﬁguram,
2899 1171 2968 1228 de
2995 1170 3186 1227 eadem
3213 1168 3417 1235 dicitur

1818 1261 2020 1327 vermis
2048 1270 2103 1317 et
2125 1261 2268 1318 cinis
2309 1263 2615 1321 secundum
2656 1264 2841 1319 aliam.
2873 1261 3135 1318 Similiter
3157 1272 3210 1317 et
3238 1270 3416 1318 totum

1818 1352 2101 1409 materiale
2149 1352 2269 1410 sine
2296 1369 2496 1410 massae
2540 1371 2655 1411 suae
2699 1355 2873 1429 ﬁgura
2923 1358 3031 1410 n'on
3062 1362 3242 1425 potest
3269 1368 3411 1409 esse.

1817 1440 1957 1501 Nam
1986 1445 2263 1514 quomodo
2303 1455 2489 1517 partes
2534 1446 2656 1518 ejus
2693 1447 3124 1503 discernuntur?
3154 1444 3415 1501 Omnium

1819 1533 1988 1606 igitur
2021 1544 2315 1607 corporum
2372 1553 2539 1595 causa
2564 1547 2651 1595 est
2677 1540 2874 1610 ﬁgura.
2920 1537 3133 1610 Quippe
3171 1553 3273 1594 nec
3301 1545 3418 1593 tota

1819 1641 1922 1682 nec
1949 1626 2229 1683 individua
2260 1644 2404 1696 esse,
2452 1645 2552 1684 nec
2583 1630 2792 1699 species
2814 1630 3014 1687 habere
3039 1646 3141 1687 nec
3189 1628 3415 1689 omnino

1820 1717 2120 1776 subsistere
2144 1729 2381 1790 possunt
2410 1721 2530 1776 sine
2553 1720 2749 1793 ﬁgura.

2456 1811 2536 1866 De
2563 1814 2770 1883 [armis

1891 1918 2157 1979 Similiter
2176 1921 2543 2001 incorporalia
2565 1927 2910 1987 cunctasine
2941 1930 3058 1986 suis
3078 1930 3272 1987 immiti
3291 1947 3427 1991 esse
3466 1987 3474 1992 .

1817 2029 1930 2070 non
1958 2023 2213 2089 possunt,
2244 2025 2305 2072 ut
2347 2030 2544 2084 omnes
2576 2018 2812 2088 species,
2851 2028 2908 2075 et
2936 2019 3235 2090 individua,
3260 2023 3418 2081 diﬁ‘e-

1818 2107 2025 2190 rehntias
2067 2115 2123 2165 et
2170 2107 2533 2179 proprietates
2583 2107 2863 2179 accipiunt
2906 2107 3115 2167 formas
3140 2151 3159 2178 ,
3208 2112 3429 2183 quibus:

1815 2197 2078 2256 existunt.
2108 2196 2294 2256 Prima
2322 2213 2457 2279 vero
2481 2213 2688 2279 rerum,
2705 2213 2906 2272 genera
2943 2198 3242 2259 essentiam
3271 2204 3433 2260 θοαὶ-ο

1816 2290 1977 2361 piunt
2017 2306 2119 2362 pro
2160 2289 2361 2359 forma,
2388 2278 2516 2346 nam
2550 2278 3022 2362 Quemadmodum
3058 2291 3253 2354 furtum
3297 2298 3434 2352 suis!

1819 2381 1983 2439 rebus
2004 2383 2140 2439 dant
2154 2398 2296 2450 esse,
2320 2384 2394 2439 ita
2414 2398 2614 2455 genera
2636 2399 2863 2441 summa
2875 2385 2984 2443 nisi
3003 2400 3102 2457 per
3119 2388 3418 2445 essentiam

1819 2488 1926 2527 non
1964 2480 2194 2542 possunt
2220 2488 2363 2529 esse.
2390 2473 2461 2529 Et
2474 2482 2693 2531 caetera:
2712 2474 2905 2531 forma:
2927 2492 3122 2534 otnnes
3142 2493 3263 2535 suae
3284 2488 3419 2536 sunt

1818 2581 2045 2622 suarum
2069 2581 2276 2633 rerum,
2301 2567 2543 2629 essentia
2565 2582 2698 2624 vero
2717 2569 3035 2626 communis
3053 2579 3110 2627 et
3128 2571 3439 2628 universa-:

1817 2658 2004 2715 lisest
2026 2660 2275 2715 omnium
2303 2675 2509 2716 rerum.
2558 2659 2695 2719 Alia
2722 2658 2912 2718 formae
2934 2677 3066 2718 suas
3094 2678 3187 2718 res
3211 2662 3435 2719 faciunt

1814 2749 2028 2821 aliquid
2057 2765 2201 2818 esse,
2228 2750 2468 2815 essentia
2496 2752 2633 2806 vero
2653 2749 2787 2807 facit
2806 2767 3000 2808 omnes
3041 2768 3134 2808 res
3155 2753 3425 2824 simplici.-

1817 2849 1903 2898 ter
1921 2857 2063 2901 esse.
2090 2839 2160 2898 Et
2177 2858 2309 2899 cum
2330 2856 2421 2899 res
2444 2856 2643 2898 omnes
2671 2842 2912 2899 habeant
2928 2824 3184 2914 proprias
3212 2844 3439 2901 formas-

1820 2933 2023 3004 quibus
2070 2933 2383 2999 formantur
2435 2934 2507 2989 ad
2558 2933 2765 3004 aliquid
2816 2949 2960 3001 esse,
2995 2935 3174 3004 prima
3220 2950 3441 3007 genera

1822 3041 2006 3082 rerum
2060 3026 2264 3087 habent
2303 3027 2603 3085 essentiam
2651 3043 2762 3097 qua
2794 3027 3107 3083 formantur
3148 3030 3221 3084 ad
3271 3045 3447 3086 esse.~

120 3134 181 3176 se
220 3119 495 3184 invicem,
526 3117 824 3173 introrsum
855 3114 1147 3171 revolvunt
1172 3111 1231 3168 in
1266 3110 1442 3179 idem,
1482 3117 1546 3166 ut
1575 3109 1720 3165 idem
1745 3135 1793 3199 ο
1816 3118 2045 3177 carem
2084 3118 2443 3194 formatum:
2482 3135 2574 3176 res
2608 3118 2821 3175 faciunt
2859 3119 2993 3190 quid
3016 3128 3165 3176 sunt.
3196 3118 3269 3175 Et
3292 3128 3450 3178 cmn‘

120 3212 431 3268 secundum
452 3210 706 3266 diversas
720 3205 1092 3276 habitudines,
1112 3204 1402 3276 utriusque
1428 3216 1721 3274 processus
1749 3278 1753 3282 ι

116 3302 191 3359 sit
218 3302 468 3358 medius.
496 3298 612 3355 Nec
640 3298 828 3355 inﬁma
852 3306 1237 3368 supponuntur
1262 3295 1497 3352 summis
1517 3292 1721 3366 praedi-

112 3395 361 3463 catione,
396 3394 520 3448 imo
548 3406 669 3447 sese
692 3388 996 3461 respiciunt
1029 3403 1062 3443 e
1088 3387 1331 3459 regione,
1376 3396 1430 3443 ct
1458 3395 1721 3457 tanquam

115 3486 405 3557 opposita,
438 3497 624 3554 neque
648 3482 716 3538 de
754 3478 959 3537 inﬁmis
995 3479 1381 3552 praedicantur,
1425 3494 1526 3535 nec
1552 3479 1621 3535 ab
1640 3477 1722 3535 eis

109 3589 548 3654 componuntur
570 3593 809 3645 summa,
848 3593 977 3632 nam
1008 3584 1272 3648 punctum
1308 3575 1485 3643 lineae,
1523 3591 1720 3648 quam-

112 3674 196 3729 vis
220 3675 489 3731 nondum
512 3673 586 3729 sit
608 3672 774 3739 linea,
800 3686 910 3727 non
945 3678 1032 3727 est
1073 3678 1253 3726 tamen
1278 3670 1498 3741 penitus
1525 3685 1636 3725 non
1661 3669 1751 3724 li-.

106 3782 236 3834 nea,
276 3765 388 3823 sed
412 3773 507 3821 est
528 3777 667 3834 pene
700 3762 867 3818 linea.

179 3856 284 3914 Est
313 3858 501 3931 igitur
526 3853 673 3910 linea
707 3853 1134 3926 quedammodo,
1161 3850 1415 3924 quamvis
1434 3868 1543 3908 non
1565 3850 1637 3908 sit
1655 3849 1725 3907 li-

102 3964 211 4005 nea
238 3946 610 4005 omnimodo.
626 3944 891 4000 Similiter
907 3952 961 4000 et
983 3943 1161 3998 littera
1183 3959 1294 3999 non
1315 3952 1399 3999 est
1418 3958 1524 3999 vox
1543 3943 1721 4017 plene,

98 4041 203 4097 sed
237 4057 430 4112 pene;
473 4056 583 4095 non
609 4047 695 4096 est
711 4054 819 4095 vox
846 4036 1186 4113 omnimodo,
1220 4036 1315 4091 sed
1335 4036 1722 4107 aliquomodo;

96 4150 218 4191 non
248 4146 349 4191 est
375 4150 501 4189 vox
531 4130 798 4207 perfecta,
835 4130 930 4187 sed
957 4127 1297 4200 imperfecta.

170 4223 285 4281 Est
308 4230 544 4298 ergoet
576 4222 859 4294 quantitas
904 4220 1334 4292 quodammodo,
1377 4218 1628 4276 similiter
1672 4214 1730 4276 et

84 4325 337 4374 atomus
366 4314 657 4387 corporis,
679 4329 819 4385 pene
836 4328 1059 4385 corpus,
1073 4321 1126 4368 et
1149 4323 1409 4382 punctum
1439 4310 1725 4382 temporis,

1821 3210 1969 3267 aliud
2001 3210 2075 3266 sit
2103 3210 2312 3282 aliquid
2346 3226 2490 3280 esse,
2520 3211 2672 3268 aliud
2698 3225 2843 3280 esse,
2883 3212 3011 3268 alia:
3059 3215 3254 3269 turma:
3296 3229 3448 3285 pero-

1819 3303 2093 3367 tinentad
2121 3303 2339 3375 aliquid
2369 3318 2516 3371 esse,
2540 3314 2613 3361 et
2640 3319 2755 3361 non
2790 3305 2861 3361 ad
2888 3319 3030 3362 esse.
3062 3304 3130 3361 Et
3166 3309 3422 3377 quamvis

1821 3395 1891 3451 ad
1916 3394 2122 3465 aliquid
2148 3410 2275 3452 esse
2301 3402 2569 3467 seruatur
2586 3408 2712 3453 esse
2734 3412 2752 3464 ;
2792 3412 2911 3453 non
2940 3405 3031 3454 est
3053 3406 3236 3454 tantum
3259 3406 3422 3455 cate-

1823 3502 2009 3551 rarum
2057 3486 2362 3547 formarum
2410 3494 2473 3542 ut
2510 3487 2719 3544 faciant
2760 3499 2923 3555 esse;
2970 3487 3181 3547 faciunt
3215 3497 3450 3557 tamen,‘

1822 3578 1919 3639 sed
1945 3577 2364 3647 consequentia,
2408 3592 2524 3634 non
2566 3589 2812 3646 natura;
2848 3586 2938 3635 est
2965 3586 3150 3635 autem
3182 3583 3449 3638 essent“:

1821 3670 2064 3740 primum
2090 3669 2150 3725 in
2176 3668 2370 3741 primis
2396 3669 2712 3743 generibus,
2754 3679 2818 3727 ut
2846 3672 3025 3742 prima
3041 3676 3239 3744 genere
3270 3675 3455 3744 prinw'

1824 3761 2071 3833 cipaliter
2087 3761 2223 3829 sint,
2243 3768 2306 3818 ut
2325 3776 2422 3832 per
2444 3760 2747 3819 essem
2766 3763 2946 3833 primo
2968 3763 3092 3819 loco
3118 3761 3426 3819 formentur

1824 3852 1894 3909 ad
1939 3867 2085 3919 esse,
2134 3851 2267 3909 inde
2304 3851 2510 3909 habent
2530 3851 2794 3909 interiora
2841 3867 2940 3924 per
2980 3853 3199 3910 formas.
3214 3853 3424 3924 aliquid
3444 3866 3457 3889 δ

1823 3956 1968 4011 esse,
2016 3949 2079 3997 ut
2118 3956 2322 4012 corpus
2348 3940 2512 4001 habet
2552 3941 2927 4000 substantiam
2950 3958 3077 4000 esse
3100 3958 3198 4015 per
3224 3954 3424 4014 θυινθ-
3446 3960 3457 3979 λι

1825 4050 1976 4090 ream
2040 4033 2296 4093 formam.
2348 4033 2491 4095 Sunt.
2538 4033 2709 4107 igitur
2764 4034 2960 4092 forma
3000 4048 3187 4093 causa
3238 4044 3453 4091 remitti

1826 4124 2099 4193 omnium,
2122 4141 2254 4180 nam
2278 4133 2492 4187 caetera:
2514 4122 2707 4185 forma
2722 4139 2922 4183 omnes
2946 4139 3119 4182 causa
3158 4136 3291 4181 sunt
3309 4125 3429 4182 suis
3448 4140 3461 4161 ι

1826 4216 2014 4283 rebus,
2070 4226 2132 4272 ut
2177 4216 2387 4287 aliquid
2437 4216 2588 4285 sint;
2643 4216 2886 4275 essentia
2930 4231 3085 4284 vero,
3124 4231 3296 4273 causa
3343 4224 3430 4274 est

1826 4310 2086 4366 omnibus
2137 4316 2201 4365 ut
2242 4309 2374 4367 sint.
2424 4306 2494 4364 Et
2542 4308 2785 4365 materia
2834 4316 3033 4364 natura
3079 4309 3460 4365 substantiali-

87 4424 243 4480 pene
271 4418 545 4480 tempus,
570 4417 626 4462 et
657 4407 841 4463 unitas
866 4448 882 4474 ,
932 4420 1071 4477 pene
1105 4419 1393 4471 numerus,
1436 4403 1549 4460 sint
1593 4417 1728 4474 ergo
1753 4471 1796 4480 _
1828 4402 2042 4473 priores
2076 4408 2207 4457 sunt
2228 4398 2445 4467 formis,
2470 4396 2665 4455 formae
2685 4412 2817 4454 vero
2837 4398 2884 4455 si
2910 4398 3171 4469 respicias
3192 4399 3260 4454 ad
3281 4414 3428 4465 esse,
3456 4432 3459 4437 α

83 4471 338 4557 atomus
373 4471 610 4571 quidem
652 4471 1004 4569 aliquomodo
1045 4495 1384 4563 substantia;
1422 4503 1618 4550 caetera
1641 4471 1730 4548 ve-
1831 4471 2080 4551 materiis
2110 4491 2320 4563 priores
2345 4499 2493 4559 sunt,
2524 4489 2674 4561 quod
2707 4505 2803 4547 eas
2825 4505 2947 4547 esse
2970 4488 3199 4558 faciunt,
3226 4491 3459 4547 multas

83 4608 155 4649 ro
209 4591 665 4665 quodammodo
710 4590 1021 4661 quantitas,
1049 4588 1152 4645 hos
1206 4585 1601 4660 grammaticus
1647 4586 1731 4639 in-

76 4686 267 4759 spicit
291 4729 313 4755 ,
352 4684 471 4758 qui
510 4692 771 4754 tanquam
816 4681 1025 4752 plurale
1055 4681 1389 4761 singularem
1438 4693 1730 4735 numerum

78 4781 257 4838 dicit.
283 4778 464 4835 Dicit
486 4786 540 4833 et
564 4791 700 4833 usus
727 4774 1038 4832 communis
1061 4789 1302 4844 praesens
1325 4783 1571 4844 tempus,
1602 4788 1721 4845 par-

70 4874 345 4931 ticulam
382 4868 682 4941 temporis,
706 4867 774 4923 ad
795 4882 962 4939 quam
986 4866 1134 4922 velut
1165 4881 1514 4927 communem
1540 4865 1745 4922 termiw

74 4982 258 5034 num,
288 4962 662 5036 praeteritum
692 4960 981 5030 copulatur
1005 4967 1060 5014 et
1087 4956 1356 5013 futurum.
1385 4956 1453 5011 Et
1488 4957 1572 5014 sic
1596 4956 1728 5013 ulti-

68 5075 175 5117 ma
210 5056 538 5132 principia
561 5053 751 5119 referri
778 5061 1012 5126 possunt
1030 5052 1099 5109 ad
1122 5051 1321 5123 prima,
1351 5060 1613 5122 tanquam
1637 5067 1729 5123 ge-

67 5153 350 5217 neribus
388 5149 540 5220 ipsis
579 5147 883 5219 supposita,
914 5155 1181 5202 eteorum
1207 5142 1649 5215 praedicationem
1673 5144 1729 5199 in
1778 5202 1781 5207 ,

65 5261 145 5313 se~
190 5230 627 5312 suscipienda.
827 5306 831 5310 ἢ

418 5328 425 5333 ’
786 5330 867 5392 De
892 5347 1089 5404 Mum.
1250 5406 1253 5409 _

144 5425 415 5507 Potest,
427 5436 565 5495 ergo
583 5439 652 5479 ex
673 5422 1104 5501 praecedentibus
1126 5420 1331 5494 colligi,
1350 5420 1584 5499 ﬁguram
1600 5434 1729 5485 core-

447 5516 694 5587 omnium
721 5500 946 5589 causam
968 5514 1116 5583 ﬁeri;
1141 5530 1273 5579 nam
1631 5527 1733 5573 nec
1782 5569 1786 5573 .

61 5598 556 5691 mmsis-sip”
582 5615 769 5686 Ροιεβι
785 5621 930 5683 ὅθεν
952 5606 1185 5685 nec!!!“
1528 5619 1790 5675 corpu-

52 5701 387 5786 ribysﬂe
427 5698 736 5784 individuis
762 5695 1067 5768 praedicari,
1101 5713 1215 5761 nec:
1250 5696 1529 5785 materiale
1557 5704 1731 5771 totum
1776 5732 1787 5757 η

46 5780 227 5865 esse,
258 5792 389 5865 ,νει
425 5780 717 5863 componi,
742 5791 1042 5859 corporalis
1065 5789 1211 5849 enim
1250 5780 1505 5869 materies
1549 5797 1729 5860 mente

479 5887 753 5947 ΡΔτιιοι..
781 5885 964 5947 CLX.

1834 4584 2204 4657 digressiones
2233 4582 2486 4650 facimus,
2511 4590 2588 4638 .et
2628 4581 2821 4654 longas
2866 4581 2925 4637 in
2972 4581 3079 4639 hoc
3111 4597 3295 4654 opere.
3342 4582 3463 4640 Adi

1836 4676 2038 4734 multas
2091 4689 2194 4731 nos
2245 4670 2391 4744 cogit
2441 4672 2852 4751 propositorum
2907 4670 3199 4730 diﬁleultas
3223 4715 3242 4742 ,
3307 4688 3433 4745 qum

1834 4766 2168 4839 quaestiones
2191 4765 2543 4822 multimodas
2570 4771 2812 4835 generat.
2847 4763 2983 4831 Qua
3005 4764 3277 4822 solvenda:
3301 4774 3433 4821 sunt
3464 4790 3467 4795 -

1834 4861 2101 4927 claritate,
2142 4873 2211 4914 ne
2251 4872 2375 4928 quae
2413 4855 2694 4928 proposita
2717 4862 2850 4911 sunt
2872 4864 3131 4912 maneant
3146 4855 3205 4910 in
3230 4855 3431 4911 obscu-

1835 4952 2017 5009 ritate.
2048 4950 2133 5007 Ad
2160 4949 2355 5021 longas
2393 4964 2524 5009 vero
2563 4962 2667 5004 nos
2704 4947 2935 5018 impellit
2961 4947 3239 5004 subtilitas
3278 4962 3430 5018 quae-

1836 5043 2082 5100 stionum
2106 5082 2122 5107 ,
2169 5055 2294 5111 quae
2337 5039 2423 5093 vix
2471 5038 2540 5093 ad
2589 5036 3002 5110 intelligentiam
3055 5036 3431 5107 perducuntur
3540 5070 3567 5085 -

1833 5135 2000 5191 etiam
2031 5130 2428 5202 multiplicitate
2454 5129 2767 5186 verborum.
2800 5127 2868 5185 Et
2892 5144 3020 5185 cum
3059 5127 3221 5198 quasi
3246 5127 3431 5198 hydrae

1836 5228 1975 5297 vivs;
1999 5209 2164 5298 caput
2186 5239 2357 5285 unum
2386 5223 2744 5290 abscidimus,
2771 5221 3106 5293 quandoque
3126 5234 3431 5277 renascun—

1834 5331 1943 5396 tur,
1967 5320 2160 5389 multa,
2217 5334 2343 5390 qua
2394 5316 2501 5382 nisi
2549 5332 2679 5381 cum
2708 5329 2927 5386 magno
2978 5313 3279 5373 molimine”
3316 5328 3479 5371 non

1836 5411 2159 5487 austeritatis.
2240 5456 2245 5467 ι
2412 5445 2419 5473 τ
2740 5460 2745 5466 .
3458 5432 3473 5457 1

1840 5527 2108 5594 Quodvis
2128 5523 2436 5595 «ignobilis
2474 5531 2560 5606 est
2600 5535 2773 5605 regem
2816 5521 3031 5587 animm,
3061 5519 3300 5592 quanwis
3328 5516 3491 5572 non"

2288 5630 2299 5647 ’·
2350 5630 2359 5653 ξ
2564 5624 2571 5632 ’
2666 5607 2817 5647 m..
3044 5632 3093 5643 ,ν
3264 5610 3376 5644 ῗιῐ⁴ἕι
3468 5616 3474 5623 “

1864 5758 1868 5764 _
1916 5686 2181 5759 Superius
2206 5692 2491 5749 ostentm
2507 5691 2593 5745 eet
2609 5696 2797 5743 semen
2823 5682 3491 5749 animantum.»-

1842 5795 1967 5855 que
2005 5785 2261 5856 constant
2305 5790 2375 5831 ex
2414 5772 2609 5851 anima
2634 5782 2703 5851 [et
2729 5789 2995 5847 corpore,
3034 5772 3199 5840 eum
3223 5768 3487 5835 semine

1810 5947 1846 5958 .-
2213 5960 2217 5963 _
2351 5931 2412 5960 ,λζ
