3946 6306
453 5118 478 5134 .
550 5093 688 5140 stus.

533 307 676 384 toea

1719 297 1792 356 ιι..
1810 285 2071 354 onoms
2098 285 2352 365 causa.
2388 291 2604 348 EPISC.

3649 289 3755 351 Μῦς)

533 425 678 479 sicut
705 433 926 488 corpus,
969 416 1049 480 sic
1069 425 1124 471 et
1145 415 1252 469 vim
1281 410 1628 484 vegetabilcm
1653 399 1704 464 in
1737 410 1936 464 animal
1964 407 2122 464 futu-
2149 409 2191 470 Α
2221 405 2518 475 perabimus
2553 402 2709 456 Patri
2738 399 3049 473 spirituum,
3095 407 3146 456 et
3172 397 3443 466 vivemus!
3463 394 3635 467 (Hebr.
3667 406 3754 452 ius;

533 525 655 567 rum
705 509 984 581 prolicere.
1017 506 1327 562 Secundum
1371 504 1516 575 quod
1565 517 1671 557 non
1709 510 1887 571 potest
1933 497 2118 570 negari

534 615 595 660 ιιι
628 618 829 672 corpus
871 601 940 656 de
960 582 1232 670 ocorpore,
1269 597 1350 653 sic
1376 605 1430 652 et
1457 611 1551 665 per
1579 593 1818 648 animam
1848 589 2120 662 vegetabi-

529 697 662 761 lem,
690 695 758 750 de
783 693 1006 749 animali
1028 691 1231 756 anima,
1264 689 1553 744 animalem
1579 685 1817 739 animam
1848 682 1985 738 ﬁeri.
2015 680 2120 735 Sed

530 787 676 842 forte
709 786 853 841 dicet
885 783 1083 855 aliquis
1126 783 1254 853 quia
1305 781 1389 836 vis
1431 780 1487 834 in
1529 777 1738 833 semine
1784 773 2118 846 vegetabilis,

536 877 684 931 nulla
713 884 795 930 est
823 873 1028 940 anima,
1053 871 1279 926 veniens
1307 869 1376 924 ah
1404 868 1586 923 anima
1615 865 1878 936 parentis,
1918 872 1972 919 et
1997 879 2122 933 pro-

534 970 724 1022 ﬁciens
759 966 814 1020 in
859 965 1097 1018 animam
1142 961 1332 1032 prolis.
1373 957 1478 1015 Sed
1505 967 1696 1014 contra
1738 957 1843 1012 hoc
1869 955 2122 1025 superius

533 1061 678 1114 dicta
707 1058 956 1129 vigilant,
1000 1055 1092 1125 qui
1119 1054 1357 1110 animam
1392 1052 1535 1107 sicut
1557 1050 1626 1106 de
1654 1057 1786 1115 toto,
1819 1047 1898 1104 sic
1919 1046 2026 1102 dici
2056 1045 2123 1099 de

536 1152 766 1223 singulis
793 1149 1036 1220 partibus
1049 1147 1338 1203 afﬁrmant.
1369 1143 1496 1212 Sed,
1519 1143 1566 1198 si
1586 1143 1724 1197 forte
1760 1157 1870 1196 non
1905 1137 2126 1210 acquie—

538 1246 643 1301 scit
689 1245 1034 1314 importunus
1087 1239 1214 1294 huic
1240 1245 1603 1307 argumento:
1634 1233 1783 1300 Esto,
1833 1240 1978 1288 certe
2012 1245 2120 1284 non

536 1345 716 1406 potest
748 1334 842 1405 qui
869 1341 1106 1388 mentem
1152 1330 1353 1385 habeat
1401 1327 1582 1382 dicere
1610 1325 1724 1380 vim
1769 1322 2121 1395 vegetabilcm

536 1437 646 1480 non
686 1441 808 1481 esse
842 1424 1058 1480 animm.
1085 1421 1153 1475 Et
1180 1421 1227 1476 si
1254 1435 1365 1474 non
1391 1427 1494 1485 est,
1531 1425 1592 1472 ut
1620 1416 1771 1482 dicit,
1797 1414 2002 1481 anima,
2042 1413 2128 1467 vis

535 1526 718 1571 tamen
747 1513 1065 1571 cstanimae.
1115 1509 1230 1567 Nisi
1254 1511 1398 1565 enim
1431 1509 1503 1564 sit
1539 1521 1739 1577 corpus
1767 1505 1986 1568 animae,
2036 1520 2123 1558 sc-

537 1597 774 1662 mentem
805 1620 914 1661 non
942 1611 1121 1674 potest
1143 1601 1408 1673 proferre.
1443 1599 1593 1654 Tolle
1615 1598 1876 1664 animam,
1911 1611 2017 1650 non
2044 1594 2123 1649 fa-

535 1699 610 1754 cit
637 1713 854 1761 semen;
894 1695 1025 1751 facit
1053 1710 1263 1760 semen,
1317 1693 1481 1747 habet
1515 1691 1679 1763 igitur
1721 1689 1982 1744 animam.
2015 1685 2123 1741 lla-

2221 498 2424 552 Contra
2475 497 2580 551 hoc
2635 495 2823 551 dicunt
2865 495 3260 566 'propagatores
3321 488 3623 546 animarum
3666 494 3759 560 quia

2223 587 2366 644 Deus
2401 588 2610 642 homini
2633 603 2834 657 corpus
2863 586 2930 640 de
2954 596 3096 640 terra
3125 583 3273 650 fecit,
3324 583 3564 638 animam
3588 596 3694 634 vero
3714 583 3761 635 de

2223 677 2395 731 nihilo
2421 677 2586 732 dedit.
2619 676 2882 743 Quamvis
2903 692 3032 747 ergo
3054 683 3310 745 parentes
3341 681 3596 745 generem
3617 681 3662 727 et
3678 673 3763 727 ani.

2223 784 2390 834 mam,
2429 777 2482 823 ct
2513 773 2714 839 corpus
2745 769 2798 821 in
2826 768 2998 838 prole,
3023 767 3222 821 animae
3245 775 3432 820 tamen
3457 765 3639 819 dicitur
3658 763 3761 818 Deut

2228 858 2390 915 Pater
2410 861 2645 930 proprie,
2679 860 2825 930 quod
2848 862 2970 914 eam
2991 860 3199 929 accepit
3223 859 3417 921 homo,
3449 867 3557 910 non
3576 856 3763 916 aliunde.

2224 951 2319 1006 sed
2365 967 2396 1005 a
2427 953 2544 1006 solo
2580 951 2712 1017 Deo,
2755 961 2815 1005 ut
2858 967 2984 1006 cum
3029 951 3247 1006 aliunde
3277 965 3488 1018 corpus
3533 949 3766 1015 acceperit,

2224 1044 2420 1098 merito
2461 1042 2606 1099 Deus
2656 1043 2872 1098 dicatur
2900 1043 3021 1113 ejus
3047 1041 3255 1109 'Pater,
3288 1056 3420 1112 qua
3461 1054 3564 1094 non
3599 1039 3769 1094 aliunde

2223 1135 2390 1190 venit.
2417 1133 2554 1202 Quia
2584 1151 2714 1206 ergo
2739 1134 3043 1191 secundum
3082 1133 3433 1204 Scripturam
3465 1141 3602 1186 recte
3617 1131 3770 1185 dicitur

2226 1223 2371 1279 Deus
2411 1222 2571 1280 Pater
2597 1225 2838 1294 :animae,
2875 1224 3045 1279 restat
3087 1232 3148 1278 ut
3196 1223 3371 1278 homo
3421 1221 3626 1276 dicatur
3657 1229 3772 1290 pater

2225 1317 2430 1383 carnis,
2457 1333 2583 1371 cum
2618 1326 2799 1372 tamen
2823 1324 3046 1388 generet
3071 1324 3394 1385 utrumque.

2467 1407 2620 1473 Quod
2646 1409 2840 1463 anima:
2867 1425 2969 1461 non
2994 1408 3202 1462 veniunt
3236 1423 3301 1460 ea:
3346 1406 3589 1460 traduce.

2297 1499 2496 1554 Probat
2536 1499 2733 1555 anima:
2754 1509 3086 1572 propagator
3110 1499 3358 1553 animam
3413 1499 3486 1553 ab
3521 1497 3683 1552 anima
3709 1515 3778 1551 ve-

2227 1591 2344 1668 nire
2372 1607 2437 1645 ex
2484 1607 2552 1645 eo
2577 1591 2724 1662 quod
2768 1591 2853 1646 vis
2901 1591 3218 1661 vegetabilis
3247 1590 3495 1644 trahitur
3524 1590 3575 1642 in
3617 1590 3780 1643 semine

2227 1681 2414 1757 dicens
2441 1682 2637 1736 animae
2679 1689 2887 1757 partem
2919 1694 3041 1737 esse
3071 1681 3181 1735 vim
3219 1679 3426 1749 ipsam,
3455 1689 3508 1734 et
3544 1696 3574 1734 a
3596 1689 3692 1733 toto
3713 1696 3779 1731 sc-

535 1791 627 1846 het
649 1805 780 1861 ergo
802 1804 990 1844 semen
1020 1787 1088 1841 ab
1111 1786 1295 1841 anima
1322 1785 1430 1839 vim
1468 1781 1844 1853 vegetabilem.
1872 1780 1980 1834 Aur
2023 1779 2122 1833 1m-
2159 1765 2208 1819 Β
2227 1769 2409 1847 parari
2440 1770 2507 1824 ad
2531 1771 2741 1840 prolem
2774 1770 3102 1824 faciendam.
3135 1767 3500 1825 Ortbodoxus
3529 1778 3694 1822 autem
3721 1768 3782 1821 di-

536 1886 627 1936 het
661 1881 732 1936 ab
778 1880 985 1945 anima,
1023 1886 1117 1933 aut
1169 1893 1199 1932 a
1243 1889 1490 1946 corpore.
1543 1872 1601 1928 Si
1649 1890 1679 1927 a
1725 1887 1976 1950 corpore,
1998 1871 2125 1925 tolle

536 1973 776 2030 anirnam
807 1979 862 2026 et
910 1969 1078 2025 funde
1121 1983 1328 2034 semen,
1378 1974 1434 2022 et
1468 1965 1724 2021 dabimus
1749 1965 1988 2033 palmam
2025 1963 2124 2017 tibi

533 2064 799 2129 victoriae,
823 2063 886 2131 si
905 2062 1192 2118 videamus
1239 2066 1557 2131 sequentem
1588 2058 1817 2128 prolem.
1852 2054 1910 2110 Si
1941 2064 2122 2110 autem

536 2171 646 2210 non
680 2163 854 2226 potest
889 2152 1027 2212 ﬁeri.
1055 2150 1314 2207 conﬁtere
1338 2149 1645 2214 veritatem,
1687 2155 1741 2202 et
1767 2139 1968 2202 animae
1989 2161 2124 2202 con-

489 2277 492 2280 ~
536 2248 668 2310 cede
689 2263 799 2302 vim
830 2244 1208 2317 vegetabilem.
1240 2242 1307 2297 Et
1331 2242 1458 2297 licet
1485 2242 1604 2311 ipsa
1635 2239 1718 2295 vis
1762 2255 1872 2294 non
1896 2239 1982 2294 sit
2007 2239 2126 2293 ani-

536 2354 650 2405 ma,
684 2353 782 2408 per
803 2353 924 2393 eam
951 2346 1132 2391 tamen
1154 2335 1225 2390 ab
1252 2333 1435 2388 anima
1475 2340 1810 2402 propagatur
1835 2329 2040 2396 anima;
2073 2337 2127 2383 et

540 2431 604 2484 ﬁt
629 2419 814 2485 semen
838 2427 1036 2482 animas
1056 2425 1407 2497 propagantis
1435 2423 1698 2479 animam.
1731 2421 1857 2477 Sive
1882 2436 2014 2492 ergo
2044 2423 2125 2477 vis

538 2524 628 2578 illa
645 2523 847 2578 dicitur
868 2507 1076 2587 anima,
1098 2519 1217 2576 sive
1238 2533 1371 2584 non,
1391 2525 1538 2588 patet
1557 2515 1686 2587 quia
1710 2515 1888 2586 prodit
1912 2515 1982 2568 ab
2008 2514 2126 2568 ani-

537 2630 626 2669 ma
649 2612 914 2683 parentis,
941 2620 996 2666 et
1015 2599 1371 2680 promovetur
1400 2608 1458 2661 in
1498 2606 1742 2660 animam
1769 2604 1960 2674 prolis.
1989 2603 2123 2658 Am-

539 2707 715 2777 plius,
742 2719 885 2774 saepe
906 2703 1154 2758 videmus
1182 2698 1594 2756 similitudinem
1621 2695 1864 2767 parentis
1893 2695 1948 2749 in
1975 2694 2126 2765 prole

539 2804 599 2852 et
625 2797 682 2850 in
711 2802 859 2850 statu
884 2793 1152 2862 corporis,
1183 2798 1238 2846 et
1267 2790 1321 2844 in
1361 2789 1608 2842 moribus
1629 2785 1843 2841 animae.
1871 2783 2015 2852 Quid
2042 2794 2129 2840 est

539 2886 667 2951 hoc,
689 2884 796 2938 nisi
827 2882 974 2954 quod
1003 2895 1190 2938 semen
1214 2881 1317 2936 eta
1349 2893 1580 2948 corpore
1617 2876 1903 2948 parvulum
1943 2875 2124 2947 liquo-

538 2990 655 3030 rem
684 2983 742 3030 et
772 2974 844 3029 ab
862 2973 1046 3028 anima
1076 2970 1244 3026 trahit
1273 2969 1384 3024 vim
1412 2967 1787 3038 vegetabilem.
1833 2964 1971 3020 Nam
2016 2964 2124 3021 nisi

538 3080 725 3121 semen
763 3064 999 3119 traderet
1027 3061 1244 3132 utrique
1278 3059 1415 3130 proli
1436 3060 1582 3130 quod
1603 3058 1772 3114 trahit
1799 3057 1867 3112 ab
1891 3065 2127 3129 utroque

527 3145 784 3225 parente,
820 3169 930 3210 non
952 3148 1389 3223 ‘reprresentaret
1436 3151 1493 3205 in
1548 3159 1780 3222 utroque
1806 3149 1975 3221 prolis
2000 3157 2124 3204 tan-

520 3241 650 3303 .tam
674 3247 1092 3303 similitudinem
1116 3246 1378 3317 parentis.
1461 3287 1465 3290 -
2030 3251 2032 3254 ’

611 3335 764 3402 Quod
794 3339 851 3391 in
877 3336 1050 3390 Adam
1093 3336 1292 3405 fuimus
1321 3335 1710 3411 omnes-anima
1737 3342 1786 3388 et
1816 3349 2052 3405 corpore.

591 3429 676 3485 Si
715 3444 846 3500 ergo
893 3427 1167 3484 invenitur
1215 3428 1271 3484 in
1308 3427 1518 3487 semine
1552 3436 1606 3482 et
1642 3427 1790 3497 quod
1839 3426 1910 3481 ab
1943 3426 2126 3481 anima

538 3521 692 3592 venit
714 3529 772 3576 et
799 3520 945 3592 quod
979 3536 1012 3576 a
1033 3535 1282 3590 corpore,
1297 3527 1446 3590 patet
1476 3518 1605 3589 quia
1629 3517 1801 3589 prolis
1817 3517 2001 3573 anima
2031 3533 2127 3574 ve-

541 3611 626 3667 nit
655 3627 724 3666 ex
764 3611 1008 3677 traduce,
1058 3619 1116 3666 et
1139 3625 1338 3666 omnes
1358 3611 1556 3666 animae
1589 3618 1788 3666 nostra:
1815 3608 2038 3665 fuerunt
2073 3610 2126 3664 in

542 3707 724 3764 anima
755 3706 904 3762 Adae.
937 3705 1004 3760 Et
1037 3704 1258 3776 quando
1292 3704 1538 3775 peccavit
1570 3703 1768 3771 Adam,
1810 3692 1946 3757 nihil
1968 3703 2038 3758 ab
2062 3718 2130 3759 eo

543 3800 753 3855 exierat
781 3799 1034 3854 humanae
1053 3806 1282 3863 naturas,
1310 3797 1402 3852 sed
1440 3797 1620 3853 adhuc
1647 3804 1823 3852 totum
1849 3807 1969 3850 erat
1986 3796 2041 3851 in
2064 3812 2131 3852 eo

542 3887 812 3960 quidquid
852 3898 970 3944 erat
1017 3889 1203 3944 homo.
1253 3887 1483 3955 Quando
1549 3903 1687 3960 ergo
1727 3879 1988 3958 peccavit,
2031 3905 2132 3944 nos

543 3969 740 4036 omnes
775 3980 1143 4050 peccavimus,
1166 3978 1297 4048 quia
1339 3979 1396 4033 in
1421 3993 1488 4034 eo
1513 3994 1707 4034 omnes
1723 3993 1971 4034 eramus.
1998 3977 2133 4033 Era-

545 4087 672 4127 mus
691 4086 940 4142 corpore,
982 4086 1204 4126 eramus
1227 4079 1281 4125 et
1302 4070 1530 4125 'anima.‘
1564 4069 1735 4142 Igitur
1761 4070 1816 4124 in
1847 4085 1913 4125 eo
1941 4087 2133 4127 sumus

2153 3107 2198 3167 C

545 4178 742 4218 omnes
783 4161 974 4218 infecti
1012 4169 1260 4231 peccato,
1298 4169 1354 4216 et
1375 4161 1506 4231 quia
1534 4160 1591 4214 in
1614 4160 1680 4216 eo
1710 4175 1811 4231 pro
1840 4162 2021 4231 culpa,
2043 4162 2134 4232 ju-
2168 4167 2172 4172 '

547 4263 631 4309 ste
659 4254 928 4308 successit
953 4254 1119 4308 etiam
1150 4253 1391 4308 vindicta
1420 4263 1434 4322 ;
1479 4244 1535 4308 in
1559 4244 1717 4309 nobis
1737 4253 1906 4309 etiam
1949 4255 2133 4310 nasci-

547 4354 640 4401 tur
659 4360 820 4415 puana
847 4362 973 4401 cum
1012 4346 1192 4417 culpa.
1226 4345 1294 4401 Et
1310 4347 1460 4417 juste
1489 4344 1772 4402 nascimur
1799 4345 2007 4412 miseri,
2037 4346 2132 4416 qui

2227 1862 2301 1917 cit
2328 1863 2473 1917 hunc
2516 1863 2809 1918 carnaliter
2856 1877 3071 1932 sapere,
3103 1857 3215 1918 nec
3247 1862 3388 1918 bene
3421 1871 3664 1916 naturam
3694 1863 3783 1916 aui-

2227 1953 2330 2010 mae
2363 1943 2716 2026 cognoscere.
2754 1957 2953 2012 Anima
2980 1958 3124 2013 enim
3168 1958 3417 2013 humana
3453 1966 3641 2012 natura
3684 1958 3784 2011 sim-

2227 2048 2349 2117 plex
2364 2056 2447 2102 est
2473 2055 2527 2101 et
2548 2047 2931 2118 incomposita.
2958 2048 3070 2106 Nec
3091 2050 3450 2121 componitur
3473 2066 3538 2104 ex
3559 2050 3783 2120 pluribus,

2226 2138 2478 2208 quamvis
2509 2135 2818 2196 constetex
2844 2141 3113 2211 pluribus.
3145 2139 3263 2198 Una
3287 2153 3396 2208 est,
3431 2150 3487 2196 et
3514 2142 3684 2210 plures
3709 2142 3782 2193 ba-

2227 2230 2316 2285 bet
2340 2229 2628 2299 eﬂicacias,
2656 2232 2900 2302 quiasol
2925 2243 3089 2299 unus,
3127 2240 3182 2286 et
3205 2232 3398 2301 plures
3429 2233 3589 2289 habet
3617 2231 3782 2285 radios.

2229 2321 2470 2394 Simplex
2489 2330 2576 2378 est
2610 2332 2664 2379 et
2701 2325 2909 2379 enutrit
2948 2340 3016 2380 ex
3049 2340 3108 2380 se
3128 2325 3286 2394 plura
3327 2325 3399 2379 ad
3425 2339 3642 2393 corpus,
3664 2323 3784 2392 plura

2227 2415 2447 2487 quidem
2475 2416 2739 2484 exterius,
2769 2416 2864 2472 sed
2902 2419 3044 2473 unde
3072 2417 3322 2483 veniunt,
3365 2417 3599 2486 simplex
3625 2427 3698 2470 est
3720 2416 3795 2488 ἱει-¹

2227 2515 2337 2574 tus,
2370 2517 2553 2578 partes
2586 2517 2716 2564 sunt
2743 2509 2963 2576 animae,
2993 2509 3089 2564 sed
3127 2523 3235 2563 non
3272 2509 3445 2564 habet
3475 2508 3787 2576 compositio-

2227 2592 2374 2667 nem,
2413 2599 2542 2670 quia
2586 2616 2687 2656 ncc
2733 2601 2915 2672 ipsum
2969 2608 3146 2656 totum
3190 2600 3388 2671 recipit
3442 2601 3786 2671 quantitatem.

2229 2691 2328 2748 Hic
2359 2701 2510 2748 errat
2550 2693 2748 2749 anima:
2781 2679 3132 2765 prepagator,
3165 2693 3314 2763 quia,
3344 2709 3476 2748 cum
3521 2701 3689 2762 partes
3712 2705 3786 2744 au-

2227 2784 2308 2839 dit
2344 2785 2560 2856 cogitat
2582 2785 2974 2855 quantitatem,
2994 2793 3047 2840 et
3080 2785 3224 2856 quod
3249 2794 3333 2839 est
3359 2783 3612 2854 corporis
3630 2783 3786 2854 quaerit

2227 2876 2283 2931 in
2331 2891 2397 2931 eo
2432 2877 2580 2947 quod
2633 2881 2745 2950 non
2791 2886 2874 2934 est
2906 2890 3132 2947 corpus,
3177 2884 3232 2930 et
3263 2876 3713 2946 quemadmodum
3743 2874 3785 2926 in

2227 2983 2475 3040 corpore,
2509 2968 2669 3024 sicin
2716 2969 2908 3026 anima
2925 2975 3135 3038 partem
3166 2976 3322 3038 putat
3347 2968 3615 3024 abscondi
3633 2981 3782 3038 posse,

2227 3053 2652 3114 et'individuam
2698 3058 2986 3125 unitatem,
3031 3058 3378 3128 quaalocalis
3410 3074 3524 3114 non
3552 3058 3698 3113 estin
3723 3057 3784 3110 di-

2227 3167 2387 3208 versa
2442 3153 2561 3208 loca
2613 3149 2874 3229 dirumpi,
2902 3159 2955 3206 et
2977 3165 3075 3221 per
3103 3150 3352 3218 diversas
3389 3159 3578 3222 partes
3598 3165 3704 3205 eam
3722 3149 3785 3203 di-

2225 3244 2402 3300 versis
2455 3243 2591 3299 locis
2625 3243 2819 3309 teneri,
2865 3251 2919 3298 et
2946 3242 3150 3297 habere
3191 3252 3402 3312 partes,
3449 3244 3591 3299 sicut
3625 3257 3786 3311 corpus
3888 3247 3889 3312 γ

2226 3336 2440 3392 diversa
2467 3337 2586 3392 loca
2615 3344 2885 3402 tenentes,
2924 3334 3068 3405 sapit
3092 3335 3412 3402 carnaliter,
3447 3336 3577 3406 quia
3606 3334 3784 3405 spirita-

2227 3429 2298 3486 lia
2333 3429 2544 3499 judicat
2589 3427 2965 3498 corporaliter,
3011 3428 3140 3497 quia
3166 3427 3424 3498 corporis
3467 3428 3782 3499 quantitatem

2227 3521 2424 3591 quaerit
2463 3521 2516 3576 in
2561 3521 2926 3576 substantiam
2953 3519 3315 3589 spiritualem.
3343 3520 3520 3575 Audit
3543 3531 3723 3590 partes,
3745 3527 3783 3570 et

2229 3614 2472 3668 oecurrit
2497 3611 2696 3668 mentis
2739 3612 3042 3684 quantitas,
3077 3621 3132 3667 et
3160 3614 3518 3684 compositio,
3547 3629 3660 3684 qua
3680 3612 3783 3667 solet

2235 3706 2502 3776 corporis,
2523 3705 2712 3760 exiens
2737 3705 2805 3760 ad
2826 3719 3025 3774 corpus
3050 3720 3085 3760 a
3105 3719 3163 3759 se
3181 3714 3234 3760 et
3254 3705 3512 3777 cogitans
3531 3706 3781 3761 secundum

2229 3812 2430 3868 corpus
2455 3796 2524 3852 de
2551 3812 2630 3864 se,
2678 3805 2733 3852 et
2761 3796 2843 3852 sic
2876 3795 3046 3851 oblita
3090 3796 3180 3850 sui
3209 3806 3328 3852 erat
3378 3795 3439 3850 in
3467 3813 3546 3864 se,
3578 3810 3781 3868 quarens

2232 3905 2292 3946 se
2312 3899 2465 3946 extra
2489 3905 2570 3957 se,
2589 3898 2789 3960 putans
2815 3889 3200 3960 sesquantitate
3221 3888 3490 3958 distendi,
3521 3899 3575 3945 et
3594 3905 3677 3960 per
3694 3903 3782 3958 spe

2233 3985 2306 4040 tia
2352 3985 2597 4040 locorum
2653 3983 2900 4050 dilatari,
2933 3999 3062 4039 cum
3107 3999 3217 4037 non
3268 3983 3474 4038 habeat
3517 3996 3782 4044 numerum,
3846 4011 3854 4024 -

2234 4071 2330 4133 sed
2377 4077 2736 4147 incomposita
2789 4076 2881 4143 sit,
2935 4085 2997 4131 ut
3040 4075 3224 4131 unitas
3271 4076 3327 4131 in
3365 4091 3600 4134 numero
3649 4073 3782 4129 multo

2235 4168 2541 4239 simplicior
2587 4167 2743 4224 linea:
2786 4177 3013 4239 puncto,
3047 4169 3132 4223 vel
3167 4168 3416 4239 corporis
3473 4169 3686 4232 atemio,
3710 4164 3779 4236 qui

2234 4273 2370 4333 cum
2403 4259 2472 4314 sit
2496 4259 2563 4314 de
2591 4273 2824 4329 corpore
2852 4274 2964 4312 non
2991 4267 3078 4313 est
3093 4258 3207 4328 jam
3250 4274 3480 4328 corpus,
3515 4245 3608 4313 sed
3637 4257 3696 4310 ob
3717 4253 3779 4310 sui

2237 4350 2640 4421 simplicitatem
2688 4350 3064 4420 incorporeus.
3090 4349 3229 4404 Cum
3267 4364 3398 4422 ergo
3426 4357 3613 4420 partes
3639 4345 3776 4406 audis,

548 4437 830 4508 prodimus
857 4455 889 4493 a
911 4437 1143 4505 misero,
1178 4447 1238 4493 ut
1273 4439 1452 4510 qualis
1476 4446 1561 4493 est
1590 4438 1743 4509 origo
1775 4438 1900 4494 talis
1928 4446 1982 4494 et
2001 4453 2130 4509 pro-
2166 4475 2210 4530 Β
2239 4443 2439 4496 anima:
2469 4457 2690 4496 omnem
2723 4440 3084 4510 quantitatem
3117 4439 3204 4495 vel
3233 4441 3679 4509 compositionem
3703 4451 3770 4488 au-

547 4547 687 4600 pago
705 4532 986 4587 succedat.
1024 4529 1092 4585 Et
1115 4532 1187 4586 ita
1221 4531 1503 4586 nascimur
1524 4529 1662 4584 eum
1711 4538 1956 4599 peccato,
1985 4531 2132 4600 quod

547 4623 707 4678 nobis
735 4634 820 4679 est
854 4623 1123 4694 originale
1143 4622 1318 4692 ;'quia
1357 4617 1568 4676 homini
1600 4619 1779 4690 primo
1804 4618 1907 4675 fuit
1942 4635 2132 4690 perso-

547 4715 693 4780 nale,
729 4715 1009 4774 nascimur
1038 4730 1162 4770 cum
1186 4721 1412 4784 peccato
1434 4711 1580 4783 quod
1609 4726 1718 4766 non
1748 4709 1979 4766 fecimus
2007 4711 2131 4781 ipsi,

547 4809 643 4865 sed
696 4805 825 4863 fecit
845 4807 982 4876 ipse,
1017 4815 1073 4860 et
1099 4806 1398 4861 transfudit
1435 4806 1492 4859 in
1521 4819 1623 4860 nos
1656 4805 1934 4859 miseriam
1966 4821 2132 4877 quam

547 4897 748 4953 meruit
778 4897 914 4966 ipse.
943 4892 1010 4948 Et
1029 4895 1135 4949 hoc
1164 4904 1246 4948 est
1271 4894 1534 4967 originale
1575 4902 1880 4965 peccatum,
1910 4908 2022 4964 quo
2047 4903 2132 4949 ιιι⁴

547 4993 723 5049 hescit
766 4992 1068 5047 humanum
1093 5003 1288 5059 genus,
1327 4997 1380 5043 et
1411 5004 1524 5059 quo
1571 4988 1819 5044 liberavit
1843 5003 1948 5044 nos
1970 4987 2133 5042 Chri-

801 5173 910 5229 Cur
937 5171 1080 5225 Deus
1119 5168 1320 5223 dicitur
1349 5170 1653 5223 animarum
1682 5169 1868 5226 Pater.

620 5265 959 5320 Auctoritate
979 5262 1275 5333 Scriptura
1312 5259 1639 5318 conﬁrmant
1692 5263 1980 5320 orthodoxi
2029 5264 2141 5319 ani-

549 5375 698 5419 mam
733 5359 802 5414 ab
845 5358 1028 5416 anima
1081 5372 1193 5412 non
1222 5355 1533 5428 propagari.
1584 5354 1726 5413 Dicit
1765 5358 1911 5412 enim
1947 5355 2138 5412 Salva-

550 5458 640 5506 tor
667 5469 680 5504 :
716 5448 1018 5502 Revertatur
1050 5445 1222 5519 pulvis
1258 5446 1317 5500 in
1345 5454 1544 5500 terram
1573 5462 1729 5500 suum
1754 5447 1892 5501 unde
1919 5447 2054 5513 erat,
2084 5449 2136 5502 et

552 5543 774 5613 spiritus
801 5539 980 5594 redeat
1000 5539 1070 5593 ad
1088 5537 1294 5605 Deum,
1322 5537 1413 5609 qui
1432 5535 1578 5594 dedit
1604 5535 1762 5593 illum
1789 5536 1988 5610 (Eccie.
2013 5539 2133 5608 xu).

552 5632 620 5688 Et
655 5631 952 5703 Apostolus
979 5648 992 5684 :
1034 5627 1226 5683 Patres
1263 5628 1474 5700 quidem
1507 5629 1684 5684 carnis
1716 5627 1994 5684 habuimus
2021 5644 2136 5683 eru-

552 5726 755 5782 ditam
787 5732 842 5784 ct
865 5719 1226 5782 reverebantur
1246 5737 1367 5781 eos:
1393 5738 1525 5778 nam
1544 5720 1716 5777 mtto
1738 5722 1909 5792 magis
1934 5720 2135 5784 alitem-

544 5833 669 5891 ..λι

2235 4531 2318 4587 fer
2350 4549 2381 4588 a
2408 4541 2610 4600 mente,
2647 4541 2700 4588 et
2729 4532 3039 4588 emundans
3077 4547 3198 4586 eam
3229 4547 3262 4586 a
3294 4531 3605 4602 phantasiis
3623 4544 3774 4597 corpi-

2232 4637 2377 4689 rum,
2429 4637 2625 4677 sensus
2650 4631 2705 4677 et
2755 4621 3201 4692 imaginationem
3237 4629 3509 4691 postponc
3532 4621 3717 4690 erigens
3739 4623 3777 4666 ιιι

2235 4713 2304 4769 ad
2349 4714 2638 4780 rationem,
2689 4723 2750 4768 ut
2779 4714 2992 4768 ratione
3045 4703 3249 4785 cogites
3298 4712 3590 4768 rationem.
3629 4709 3772 4763 Partus

2234 4805 2383 4860 enim
2403 4805 2688 4860 rationalis
2717 4805 2932 4872 animae,
2963 4820 3072 4858 non
3091 4789 3322 4875 corpora
3345 4812 3498 4871 sunt,
3521 4803 3609 4859 sed
3626 4809 3771 4871 pomi-

2234 4897 2344 4965 tiae,
2381 4895 2492 4953 non
2521 4897 2762 4953 materiei
2791 4898 2886 4954 sed
2910 4895 3232 4964 eflicientke,
3265 4912 3374 4951 non
3404 4912 3527 4952 eam
3559 4905 3612 4950 ut
3637 4906 3768 4947 mein-

2236 4988 2335 5043 hra
2363 4995 2717 5057 componunt,
2743 4986 2837 5042 sed
2863 4987 2932 5041 ab
2965 5002 3029 5041 ea
3063 4987 3208 5042 velut
3233 4985 3370 5042 radii
3399 4986 3673 5056 prodeunt.
3693 4978 3771 5032 ΐο-

2239 5087 2354 5134 tum
2376 5087 2460 5135 est
2487 5079 2626 5148 ipsa,
2655 5095 2756 5134 nec
2778 5078 3117 5148 longitudine
3143 5077 3482 5148 producitur,
3516 5086 3671 5131 totum
3693 5079 3767 5130 est.

2237 5185 2341 5225 nec
2385 5178 2558 5224 tumet
2602 5167 2994 5240 profunditate.
3017 5161 3266 5223 Constat
3303 5182 3370 5222 ex
3425 5165 3661 5237 pluribus
3697 5173 3770 5213 nec

2237 5261 2414 5330 perdit
2443 5259 2866 5330 simplicitatem,
2897 5257 3026 5328 quia
3053 5272 3162 5312 non
3195 5257 3437 5314 admittit
3467 5248 3769 5324 compositio-

2238 5367 2388 5406 nem.
2411 5351 2642 5406 Constat
2663 5364 2732 5405 ει
2767 5349 3017 5421 pluribus
3046 5355 3100 5403 et
3127 5333 3354 5402 unitatis
3388 5362 3502 5402 sua:
3526 5347 3684 5402 servat
3703 5339 3761 5390 ἰη-

2236 5444 2633 5515 dividuitatem,
2659 5429 2789 5514 quia
2824 5441 3110 5511 pluralitas
3151 5441 3268 5511 ipsa
3295 5455 3408 5495 non
3442 5439 3567 5494 facit
3592 5430 3766 5505 quanti-

2237 5541 2424 5588 tatem.
2468 5530 2664 5586 Vcrum
2694 5528 2947 5602 equidem
2991 5539 3098 5596 est,
3123 5530 3250 5600 quia
3278 5529 3430 5585 venit
3473 5527 3540 5582 ab
3563 5517 3765 5579 animalis

2238 5625 2628 5697 propagatione
2657 5624 2714 5678 in
2749 5622 2980 5689 semine,
3008 5622 3103 5678 sed
3138 5622 3229 5676 illa
3265 5622 3348 5677 vis
3386 5621 3589 5677 affectio
3613 5623 3762 5679 σοιῬοο

2238 5719 2315 5778 t‘is
2337 5729 2440 5785 est,
2465 5733 2575 5772 non
2605 5715 2890 5773 efﬁcientia
2915 5717 3131 5770 animae.
3167 5713 3464 5769 Efﬁcientia
3498 5722 3570 5766 est
3596 5723 3642 5762 tn
3669 5700 3757 5758 ani-
