3994 6406
253 301 380 385 nol
1237 333 1324 390 ne
1358 300 1675 395 meum
1713 319 2084 396 animum.
2129 372 2199 382 -
2237 336 2366 396 LIB.
2411 338 2497 396 lli.
3381 313 3517 399 nos

247 461 330 500 ma
368 451 426 499 et
463 458 658 514 corpus
687 443 916 501 afﬁcitur
945 446 1011 502 de
1039 448 1158 518 ejus
1200 453 1509 520 praesentia,
1546 455 1669 510 dico
1697 432 1827 522 tria,
1853 431 2342 519 Alsimilitudinem
2380 471 2538 513 suam
2574 455 2702 513 fecit
2731 457 2970 513 animam
3007 457 3169 514 Deus.
3206 432 3362 532 Regii.
3386 478 3519 533 ergo

244 538 492 593 discerne
514 544 567 592 et
597 538 905 594 considera.
929 539 1147 610 Anima,
1172 543 1370 599 anima:
1393 545 1494 612 vis,
1518 553 1573 602 et
1594 547 1678 603 vis
1699 564 1822 603 cor-
1923 549 2106 604 anima
2145 564 2309 604 suum
2342 563 2565 620 corpus,
2595 560 2650 605 et
2680 549 2750 605 ab
2792 551 2990 605 animae
3023 552 3312 621 praesentia
3354 553 3520 609 habet

243 627 407 699 poris.
453 622 666 695 Anima,
698 637 782 686 est
807 630 1134 699 substantia,
1184 633 1266 689 vis
1310 643 1493 692 autem
1522 638 1739 706 animae,
1767 648 1822 696 et
1923 639 2093 693 multa
2131 654 2352 709 corpus,
2387 655 2510 708 qua:
2543 625 2652 694 non
2682 649 2812 695 sunt
2843 641 3144 697 substantia
3171 643 3390 710 animae,
3414 661 3516 701 nec

241 719 420 774 anima
471 719 686 788 dicitur,
739 730 792 776 et
822 723 1148 793 substantia,
1189 726 1284 782 sed
1317 728 1400 783 vis
1422 730 1690 801 corporis,
1719 744 1821 788 nec

238 819 318 865 est
343 811 673 879 substantia,
709 830 810 870 nec
840 815 920 872 vis
946 818 1163 887 animae,
1210 836 1311 876 nec
1345 821 1549 891 anima,
1576 824 1672 898 sed
1696 839 1820 881 cor—

237 901 382 970 poris
407 900 640 968 aﬂ‘ectio,
692 903 746 958 id
778 914 861 960 est
887 907 1124 977 qualitas
1170 909 1316 966 illata
1347 913 1562 982 corpori
1591 915 1660 971 ab
1700 917 1818 972 ani-

236 1008 336 1048 ma:
383 995 694 1064 praesentia.
741 996 928 1054 Potest
974 1008 1156 1056 tamen
1183 1003 1300 1058 haec
1336 1006 1572 1075 qualitas
1599 1007 1705 1064 dici
1734 1009 1818 1065 vis

233 1084 430 1140 animae
478 1085 663 1156 aliquo
706 1089 868 1143 modo
900 1102 1006 1145 non
1047 1093 1175 1162 quia
1201 1101 1329 1163 pars
1359 1097 1444 1151 "est
1475 1097 1691 1164 animae,
1720 1101 1816 1156 sed

233 1177 358 1247 quia
390 1193 487 1246 per
519 1179 630 1232 vim
669 1181 866 1236 animae
905 1181 1140 1238 infertur
1166 1185 1432 1256 subjecto.
1464 1186 1576 1244 Nec
1611 1191 1811 1259 solum,

233 1269 348 1324 suis
383 1267 686 1326 efficientiis
735 1271 898 1328 allicit
927 1275 1107 1330 anima
1142 1291 1343 1347 corpus
1383 1279 1478 1336 sed
1506 1281 1672 1336 etiam
1699 1284 1814 1338 suis

231 1360 606 1430 qualitatibus,
657 1362 798 1417 sicut
833 1379 974 1434 saepe
1017 1367 1289 1436 videmus,
1325 1370 1522 1428 timore
1549 1374 1630 1429 vel
1660 1391 1814 1431 reve-

231 1451 403 1519 rentia
429 1453 625 1508 animm
650 1455 851 1523 pallere
873 1457 1104 1525 Vultum,
1134 1461 1219 1514 vel
1242 1461 1480 1518 suﬂundi
1513 1463 1731 1534 rubore,
1759 1476 1814 1524 et

230 1543 413 1600 multa:
443 1545 580 1598 fiunt
628 1547 913 1616 passiones
960 1564 1250 1621 corporum
1282 1568 1348 1609 ex
1397 1555 1700 1615 elﬁcientiis
1728 1543 1816 1615 vel

228 1623 581 1714 qualitatibus
601 1637 931 1708 animarum,
966 1643 1046 1697 sic
1079 1645 1262 1701 anima
1308 1648 1566 1717 potentiis
1592 1660 1646 1706 et
1669 1668 1809 1724 qua-

170 1735 175 1740 ·
228 1727 478 1790 litatihus,
518 1729 635 1786 suis
660 1731 797 1802 regit
836 1741 891 1787 et
917 1745 1216 1792 commutat
1262 1754 1482 1810 corpus.
1527 1741 1648 1814 Ipsa
1697 1753 1808 1800 tota

227 1835 453 1876 manens
483 1822 538 1876 in
569 1838 648 1890 se,
693 1833 748 1879 et
771 1841 970 1896 corpus
1011 1827 1080 1882 ab
1111 1829 1294 1885 anima
1345 1834 1532 1890 multis
1577 1836 1809 1893 afﬁcitur
1838 1796 1884 1856 Β

226 1911 580 1982 qualitatibus
616 1930 739 1985 quae
760 1931 869 1970 non
897 1927 1026 1973 sunt
1056 1920 1270 1977 animae.
1305 1921 1395 1980 Sic
1419 1929 1597 1983 anima
1625 1929 1810 2000 potén-
1835 1987 1838 1990 ,

225 2003 326 2058 tias
355 2019 492 2058 suas
524 2006 744 2074 exserit,
785 2023 883 2078 per
926 2025 1125 2082 corpus
1155 2022 1349 2084 totum,
1393 2033 1517 2074 cum
1550 2021 1667 2091 ipsa
1696 2040 1806 2079 non

225 2092 294 2148 sit
319 2101 519 2149 totum.
569 2094 682 2152 lmo
729 2114 826 2168 per
849 2101 1033 2156 omnia
1060 2107 1309 2175 corporis
1343 2110 1518 2178 spatia
1553 2127 1611 2167 se
1635 2121 1806 2170 totam

224 2183 480 2252 infundit,
530 2197 587 2242 et
637 2190 846 2270 nullum
902 2193 1065 2249 habet
1109 2198 1368 2266 spatium.
1416 2200 1608 2260 Partes
1646 2205 1808 2263 habet

221 2291 420 2348 corpus
455 2279 572 2349 ipsa
600 2295 803 2352 corpus
825 2283 1032 2354 implet,
1064 2296 1120 2342 et
1140 2305 1249 2345 non
1279 2293 1528 2362 partibus
1548 2297 1686 2366 suis,
1711 2301 1804 2355 sed

220 2373 328 2460 tota
345 2375 435 2460 _et
457 2370 618 2439 plena
639 2371 882 2442 perfecta
911 2374 1158 2447 singulas
1180 2380 1369 2451 implet
1404 2397 1586 2454 partes
1611 2404 1806 2460 corpo-

220 2458 314 2535 ris.
343 2458 558 2530 Implet,
608 2461 854 2534 inquam,
890 2469 1045 2538 plura
1080 2471 1198 2527 sine
1232 2475 1563 2546 pluralitate,
1613 2458 1805 2538 nume-

219 2564 338 2615 rosa
361 2551 486 2608 sine
515 2567 765 2623 numero,
809 2559 977 2616 multa
999 2561 1117 2618 sine
1143 2565 1510 2625 multitudine.
1543 2569 1633 2627 Sic
1655 2589 1806 2629 sum-

221 2657 302 2697 ma
341 2644 611 2718 sapientia
637 2647 800 2704 habet
836 2665 1028 2710 omnes
1065 2655 1272 2714 formas
1313 2647 1559 2717 omnium
1595 2680 1799 2720 rerum.

220 2731 424 2793 Lucem
452 2736 508 2792 in
539 2747 656 2796 arte
682 2757 897 2800 summa
931 2744 1122 2804 formae
1163 2751 1370 2821 plures,
1421 2755 1549 2825 quia
1598 2768 1724 2814 sunt
1746 2760 1800 2816 in

219 2840 376 2897 opere
426 2845 520 2885 res
551 2831 756 2902 plures,
799 2836 929 2906 quia
981 2841 1280 2898 secundum
1309 2843 1554 2904 diversas
1593 2848 1802 2908 formas

218 2920 350 2976 artis
389 2937 643 2991 summae,
675 2925 831 2983 factm
852 2941 983 2985 sunt
1024 2932 1256 2990 diversa:
1286 2952 1372 2993 res
1398 2939 1452 2992 in
1477 2953 1662 3011 opere.
1695 2943 1800 3001 Ars

218 3011 357 3067 enim
385 3028 605 3071 summa
627 3017 845 3074 videbat
865 3023 1008 3092 apud
1043 3039 1101 3079 se
1143 3025 1291 3082 intus
1335 3034 1613 3100 quomodo
1646 3050 1800 3091 erea-

1921 739 2102 798 partcs
2129 729 2467 796 substantiae,
2501 729 2597 786 sed
2625 729 2939 787 aﬂ‘ectibnes
2972 733 3218 804 corporis
3249 743 3303 789 et
3339 735 3518 806 quali-

1919 829 2081 876 tates.
2117 819 2182 875 Et
2211 821 2378 876 habet
2407 822 2575 877 multa
2600 837 2801 892 corpus
2826 823 2895 876 ab
2929 824 3132 892 anima,
3161 841 3283 896 quae
3322 827 3520 884 retinet

1919 897 2238 982 aliquandiu
2285 921 2410 984 post
2457 913 2720 968 animam.
2780 911 2917 968 Nam
2963 930 3154 972 recens
3201 917 3510 974 abscissum

1918 1004 2227 1074 membrum
2262 1021 2295 1060 a
2333 1020 2435 1062 suo
2469 1006 3077 1077 corpore,-aliquandiu
3124 1009 3352 1080 palpitat
3392 1022 3520 1081 post

1917 1095 2180 1164 animam,
2217 1097 2466 1153 retinens
2494 1106 2704 1153 motum
2736 1113 2900 1170 quem
2939 1099 3173 1154 habebat
3208 1101 3280 1156 ab
3305 1102 3508 1156 anima.

1916 1186 1984 1242 Et
2014 1188 2181 1244 herba
2222 1189 2360 1259 ipsa,
2388 1199 2679 1262 postquam
2707 1191 2804 1246 diu
2835 1191 3039 1247 siccata
3079 1199 3135 1247 et
3157 1193 3212 1246 in
3233 1193 3514 1263 pulverem

1915 1280 2345 1336 minutissimum
2368 1282 2609 1350 redacta,
2622 1283 2736 1353 jam
2753 1283 2980 1338 omnino
3003 1285 3497 1354 perdiditanimam

1915 1377 2095 1425 tamen
2121 1371 2190 1426 ab
2220 1372 2406 1428 anima
2441 1388 2606 1444 quam
2640 1375 2894 1445 perdidit,
2924 1376 3122 1432 retinet
3153 1375 3511 1448 fragran‘tiam

1914 1477 2138 1517 suavem
2161 1464 2407 1532 naribus,
2437 1474 2493 1521 et
2526 1466 2670 1522 vires
2700 1474 2889 1521 contra
2935 1467 3296 1524 valetudines.
3339 1468 3510 1524 Simi-

1913 1555 2037 1612 liter
2059 1573 2242 1615 scmen
2275 1576 2374 1630 per
2413 1561 2748 1631 voluptatem
2774 1560 3010 1616 effusum
3040 1577 3071 1616 a
3101 1563 3225 1617 vivo
3255 1578 3509 1634 corpore,

1909 1651 2020 1704 vim
2043 1652 2462 1731 propagationis
2483 1669 2669 1708 secum
2699 1653 2869 1731 trahit
2891 1653 2961 1708 ab
2987 1655 3194 1721 anima,
3218 1655 3328 1711 vim
3358 1656 3516 1711 illam'

1913 1743 2215 1818 habebatin
2242 1730 2472 1815 corpore
2496 1745 2565 1799 ab
2593 1745 2799 1800 anima.
2841 1730 2960 1800 Non
2981 1753 3101 1801 erat
3122 1737 3270 1802 certe
3289 1749 3508 1814 animae,

1912 1835 2006 1891 sed
2055 1835 2346 1906 corporis;
2385 1836 2455 1891 ab
2482 1836 2688 1903 anima,
2725 1823 2976 1908 carperis
3017 1825 3228 1894 scilicet
3271 1840 3525 1911 qualitas

1909 1934 1965 1981 et
1994 1925 2228 1994 affectio,
2267 1927 2364 1982 sed
2398 1927 2625 1983 effectus
2650 1920 2867 1983 animae.
2903 1926 3217 1986 Effunditur
3244 1939 3299 1986 et
3330 1948 3363 1986 a
3405 1947 3511 1988 suo

1909 2033 2140 2094 corpore
2175 2027 2481 2096 separatur,
2513 2020 2682 2098 trahit
2719 2020 2872 2076 extra
2897 2021 3104 2085 saccum
3135 2019 3245 2078 vim
3290 2034 3510 2095 vegeta-

1911 2108 2076 2164 tivam
2115 2125 2283 2180 quam
2310 2110 2564 2187 habebat.
2603 2110 2722 2166 Vim
2752 2113 2923 2168 trahit
2959 2101 3146 2169 secum
3179 2113 3336 2171 extra
3385 2131 3510 2175 cor-

1907 2213 2033 2270 pus,
2070 2197 2164 2256 sed
2199 2201 2443 2279 animam
2471 2203 2670 2258 retinet
2713 2215 2900 2260 secum
2930 2220 3152 2276 corpus,
3179 2205 3318 2260 nihil
3346 2213 3526 2275 sepa—‘

1907 2300 2062 2347 ratur
2091 2293 2160 2347 ab
2181 2292 2367 2370 anima
2393 2309 2519 2349 cum
2543 2296 2772 2364 semine,
2793 2291 2900 2353 sed
2915 2297 3098 2352 anima
3121 2305 3235 2353 tota
3259 2308 3516 2353 remanet

1908 2384 1962 2438 in
1992 2399 2242 2455 corpore,
2275 2385 2441 2440 trahit
2477 2401 2674 2462 secum
2705 2403 2892 2443 semen
2927 2375 3272 2444 affectionem
3322 2387 3516 2455 suam;

1906 2477 2000 2532 sed
2030 2477 2227 2533 retinet
2250 2493 2451 2549 corpus
2476 2487 2646 2534 totam
2676 2495 2832 2535 suam
2861 2481 3102 2536 animam
3130 2497 3144 2547 ;
3177 2481 3246 2536 de
3265 2469 3506 2550 simplici

1908 2579 2101 2625 natura
2146 2570 2282 2625 nihil
2314 2579 2492 2642 potest
2513 2587 2795 2628 emanare.
2832 2571 2952 2626 Non
2983 2588 3116 2644 ergo
3143 2581 3323 2644 potest
3349 2573 3418 2628 de
3443 2575 3515 2628 se"

1905 2661 2088 2716 anima
2128 2661 2367 2717 animam
2397 2679 2709 2733 procreare,
2764 2679 2867 2719 nec
2906 2680 3202 2735 possumus
3255 2665 3516 2721 invenire

1906 2753 2205 2828 traducem,
2229 2770 2337 2824 qua
2369 2755 2485 2810 fieri
2511 2750 2732 2811 dicebas
2763 2755 3025 2811 animam.

2046 2843 2157 2900 Cur
2185 2855 2525 2917 apponuntur
2554 2841 2919 2918 philosophica
2953 2850 3010 2903 in
3039 2850 3136 2904 hoc
3161 2836 3320 2929 opere

1969 2936 2388 3010 Philosophieas
2419 2929 2888 2997 considerationes
2921 2942 3067 3012 quod
3093 2936 3400 3013 poSuimus,
3431 2948 3513 3001 ne

1900 3045 2114 3098 precor,
2142 3041 2375 3102 arguant
2411 3031 2610 3087 fratres
2642 3033 2802 3103 quasi
2829 3035 3158 3090 catholicam
3182 3035 3343 3092 ﬁdem
3375 3039 3516 3092 mu-‘

218 3110 402 3156 rentur
425 3104 618 3161 omnia
636 3108 948 3166 exteriuset
968 3113 1050 3169 sic
1077 3113 1131 3169 in
1146 3119 1440 3174 essentiam
1466 3123 1649 3178 omnia
1676 3141 1796 3195 pro-
1820 3130 1867 3194 ο
1900 3121 2018 3175 nire
2051 3122 2316 3196 voluerim
2347 3139 2444 3192 per
2472 3114 2904 3194 philosophicam
2937 3125 3133 3180 ration:
3151 3141 3226 3182 m.
3251 3125 3369 3183 Non
3397 3127 3513 3184 feci

215 3191 452 3263 dierunt,
487 3206 550 3255 .ut
580 3207 796 3256 aeterne
831 3200 1022 3260 formae
1063 3215 1523 3268 monstraverunt.
1553 3191 1692 3272 Ecce
1717 3217 1800 3272 di-

216 3285 387 3343 cimus
408 3289 547 3345 artis
560 3306 790 3348 summa:
810 3295 994 3364 plures
1020 3297 1246 3369 formas,
1274 3317 1398 3358 cum
1425 3320 1535 3361 non
1555 3307 1665 3364 sint
1686 3325 1800 3365 om-

217 3389 310 3469 nes
333 3376 385 3431 in
413 3394 545 3434 una.
589 3379 866 3454 Quidquid
905 3397 990 3444 est
1020 3389 1116 3457 ibi,
1146 3407 1255 3448 non
1280 3404 1365 3450 est
1391 3397 1498 3453 nisi
1522 3415 1717 3469 unum,
1743 3415 1798 3458 et

217 3466 472 3538 idipsum,
497 3487 532 3526 ο
560 3470 678 3529 Lux
701 3492 832 3544 una,
862 3479 1002 3536 radii
1049 3483 1253 3552 plures.
1298 3485 1440 3544 Sunt
1463 3507 1635 3546 unum
1658 3466 1796 3551 radii

217 3557 266 3614 iu
303 3560 426 3617 luce
466 3579 902 3638 una,.apparent
947 3574 1132 3643 plures
1178 3577 1234 3632 in
1261 3580 1546 3652 multiplici
1572 3595 1794 3642 creatu-

215 3661 348 3710 tura.
413 3655 630 3716 Formae
667 3663 852 3732 plures
901 3675 1032 3722 sunt
1079 3670 1245 3727 unius
1284 3674 1440 3742 artis,
1476 3687 1530 3732 et
1555 3679 1671 3749 ipsa
1702 3697 1794 3738 ars

213 3756 292 3802 est
341 3749 660 3808 uniformis.
715 3752 956 3827 Simplex
1014 3759 1069 3814 in
1121 3777 1222 3829 se,
1288 3767 1574 3838 multiplex
1636 3787 1797 3844 appa-

215 3854 292 3900 ret
339 3846 394 3901 in
448 3858 720 3918 creatura,
775 3853 871 3909 sed
916 3863 970 3911 et
1011 3871 1102 3912 res
1145 3869 1342 3916 creata:
1400 3861 1606 3921 formas
1665 3883 1794 3923 suas

215 3936 487 4007 accipiunt
540 3955 571 3994 a
624 3955 841 3999 summa
889 3955 1026 4014 arte,
1060 3949 1188 4017 quia
1235 3948 1306 4005 ab
1350 3955 1567 4010 aeternis
1599 3955 1794 4014 formis

213 4027 521 4085 inferuntur
559 4032 723 4090 rebus
768 4051 901 4093 suae.
928 4038 1010 4092 Ab
1035 4040 1255 4097 aeternis
1283 4043 1553 4112 prodeunt
1578 4055 1791 4118 tempo-

213 4121 368 4188 rales,
400 4137 432 4177 a
459 4125 692 4181 summis
719 4127 1024 4197 inferiores,
1054 4148 1160 4188 non
1205 4134 1278 4190 ita
1307 4136 1576 4207 prodeunt
1605 4137 1794 4196 forma:

213 4228 389 4270 rerum
419 4217 491 4271 ab
520 4218 672 4288 ipsis,
706 4222 896 4293 ut‘sinl
923 4224 1075 4294 ipsae,
1103 4228 1196 4283 sed
1227 4237 1286 4284 ut
1311 4230 1536 4286 alterius
1563 4241 1789 4297 uatum,

212 4307 332 4376 quia
363 4309 456 4365 ille
493 4309 741 4382 Greater,
768 4325 896 4370 sunt
925 4316 1044 4372 istae
1077 4329 1359 4376 creaturae.
1410 4321 1526 4376 Non
1555 4323 1636 4378 sic
1664 4339 1789 4396 pro-

209 4399 373 4455 deunt
421 4417 453 4456 a
497 4419 714 4460 summo
755 4414 816 4461 ut
862 4424 1077 4464 summa
1128 4413 1366 4467 essentia
1420 4414 1786 4484 particulatim

211 4491 405 4548 deﬂuat
433 4495 490 4549 in
524 4505 864 4578 creaturam,
892 4510 946 4558 et
977 4514 1161 4573 partes
1189 4521 1303 4561 suae
1329 4509 1650 4564 substantia:
1686 4513 1787 4566 tri-

211 4582 336 4640 buat
367 4598 651 4659 creatum,
683 4602 743 4648 ut
768 4594 871 4650 hoc
911 4596 1021 4651 sint
1056 4595 1245 4654 formae
1269 4610 1471 4658 nostrae
1495 4605 1642 4675 quod
1672 4605 1788 4675 ipsa

212 4679 419 4735 summa
471 4682 565 4737 sed
612 4700 825 4742 summa
856 4698 1024 4756 creat,
1072 4699 1132 4745 ut
1178 4693 1293 4749 suis
1320 4694 1622 4753 efficientiis
1656 4697 1790 4754 fiant

209 4768 340 4826 istas.
369 4769 561 4844 Implet
583 4775 671 4832 illa
704 4789 1010 4836 creaturam
1037 4792 1226 4852 totam,
1257 4795 1311 4840 et
1336 4805 1444 4844 non
1474 4797 1557 4845 est
1589 4799 1788 4860 totum,

211 4860 393 4931 implet
439 4868 621 4922 omnia
653 4874 849 4940 spatia,
899 4889 1006 4935 non
1057 4875 1263 4934 habens
1309 4879 1479 4936 ullum
1528 4885 1788 4953 spatium,

209 4953 386 5009 omnia
409 4957 572 5013 simul
601 4967 867 5032 tempora,
893 4964 1012 5019 sine
1036 4975 1298 5038 tempore,
1335 4979 1446 5026 tota
1469 4982 1521 5027 et
1548 4975 1704 5046 plena
1734 4984 1789 5032 et

210 5042 461 5113 perfecta,
503 5050 745 5122 singulas
788 5055 957 5112 totius
996 5069 1260 5117 creaturae
1305 5073 1488 5134 partes
1529 5042 1647 5122 sine
1671 5070 1787 5126 suis

209 5138 472 5208 partibus,
520 5141 772 5202 similiter
818 5148 998 5206 anima
1043 5167 1202 5208 suum
1263 5171 1483 5228 corpus,
1541 5161 1670 5232 quia
1717 5161 1782 5216 ad

1901 3223 1959 3268 ut
1989 3214 2280 3281 munirem,
2325 3215 2420 3270 sed
2471 3225 2530 3271 ut
2569 3217 2842 3271 docerem.
2893 3215 3029 3284 Quis
3059 3225 3236 3287 potest
3283 3221 3518 3275 munire

1898 3305 2227 3361 veritatem?
2256 3322 2364 3361 non
2391 3316 2571 3378 potest
2591 3307 2795 3364 veritas
2826 3306 3021 3363 fortior
3051 3309 3192 3377 ﬁeri,
3225 3311 3356 3381 quia
3383 3328 3496 3387 non

1897 3404 2076 3468 potest
2122 3397 2344 3453 muniri.
2382 3393 2487 3453 Sed
2535 3399 2737 3454 veritas
2763 3393 3074 3471 ponderosa
3098 3409 3183 3456 est
3209 3411 3263 3457 et
3289 3403 3514 3473 gravis,"

1898 3505 1997 3544 nec
2021 3483 2232 3545 levibus
2277 3491 2531 3547 sensibus
2573 3500 2656 3546 est
2706 3490 2866 3560 levis,
2911 3509 3013 3549 nec
3057 3481 3179 3549 eam
3210 3495 3321 3550 cito
3341 3486 3501 3550 rudis

1896 3580 2061 3648 capit,
2092 3595 2256 3650 quam
2287 3581 2378 3635 vix
2419 3579 2668 3636 eruditus
2696 3580 2924 3637 invenit.
2973 3581 3100 3638 ldeo
3141 3592 3270 3639 sunt
3316 3584 3493 3639 unde-

1895 3685 2114 3741 quaquc
2162 3672 2404 3727 rationes
2454 3672 2782 3741 quaerendae,
2834 3679 2897 3727 ut
2944 3674 3223 3744 aperiatur
3258 3675 3474 3729 occulta

1896 3774 2002 3813 non
2041 3769 2100 3814 ut
2135 3761 2418 3816 muniatur
2465 3761 2806 3828 fortissima;
2867 3771 2928 3818 ut
2976 3763 3261 3835 detegatur
3301 3763 3492 3822 clausa

1895 3851 2190 3921 mysteriis,
2239 3868 2349 3908 non
2407 3861 2468 3907 ut
2514 3853 2808 3908 roborctur
2837 3854 3214 3910 immutabilis.
3255 3854 3514 3926 Ideoque

1895 3941 2271 4012 philosophica
2296 3944 2544 4014 quasdam
2569 3945 2940 4009 adhibuimus,
2982 3946 3111 4016 quia
3144 3946 3398 4004 novimus
3420 3948 3488 4003 de

1894 4033 2041 4087 clero
2064 4033 2398 4101 Catholicos,
2424 4035 2738 4092 liberalibus
2768 4036 3012 4092 eruditos
3038 4037 3270 4105 artibus,
3301 4031 3490 4093 videre

1894 4125 2078 4180 clausa
2103 4126 2266 4182 citius
2296 4142 2391 4197 per
2424 4143 2486 4182 ea
2513 4143 2636 4199 qua:
2669 4137 2952 4184 noverunt.
3315 4145 3322 4150 ·

2037 4236 2146 4293 Cur
2170 4253 2547 4312 propagatores
2570 4242 2870 4297 animarum
2899 4239 3213 4298 inseruntur
3238 4243 3345 4300 hic.

1964 4328 2360 4403 Propagatores
2400 4335 2710 4390 animarum
2759 4334 2881 4390 ideo
2913 4335 3146 4391 libenter
3175 4333 3402 4405 apposui
3434 4345 3492 4388 ut

1896 4424 2137 4499 undique
2170 4425 2307 4482 visis
2344 4428 2620 4494 omnibus,
2664 4427 2881 4483 facilius
2908 4437 3164 4484 occurrat
3203 4430 3350 4498 quod
3385 4429 3488 4484 eli-

1893 4525 2072 4587 gatur,
2107 4525 2161 4571 et
2191 4517 2333 4572 inter
2369 4519 2617 4590 apposita
2660 4521 2851 4587 multa,
2888 4520 3056 4576 libere
3095 4519 3341 4576 veritatis
3390 4536 3506 4574 au-.

1892 4609 2118 4664 ctoritas
2131 4609 2370 4665 emineat
2388 4619 2444 4666 et
2468 4611 2710 4682 ipsorum
2731 4611 3105 4682 appositurum
3119 4610 3488 4676 consideratio

1891 4697 2030 4755 leuis
2053 4710 2328 4770 appareat.
3390 4696 3391 4699 “

1896 4835 2135 4907 Εωριίοίι
2191 4836 2474 4894 Tractatus
2528 4836 2948 4892 reverendissimi
2998 4838 3202 4893 donatiui
3248 4837 3482 4904 .Odom‘e,

1961 4908 2183 4979 ctenobii
2227 4907 2416 4963 Sancti
2466 4907 2692 4962 Martini
2722 4909 2864 4979 apud
2913 4907 3266 4964 Tornacemes
3311 4924 3483 4979 quion-

1961 4980 2092 5060 r_l‘am-
2131 4978 2340 5060 abbatis
2391 4997 2423 5034 a
2470 4978 2804 5060 reparatione
2832 4981 3015 5060 primi,
3054 4995 3118 5033 ac
3145 4978 3481 5060 postmodum

1962 5048 2217 5174 ῌσειῗρὶω
2261 5047 2657 5106 Cameracensis
2701 5047 2929 5123 episcopi
2958 5049 3035 5103 De
3062 5047 3276 5128 peccato
3313 5047 3483 5130 erigi-

1962 5136 2128 5174 uina:
3303 5153 3306 5155 λ
3383 5152 3388 5156 ι

1961 5136 2128 5191 gmau
3303 5153 3306 5155 λ
3383 5152 3388 5156 ·
