3994 6412
481 291 629 348 “05

1603 290 1663 347 Β.
1697 290 1970 365 ODONIS_
2008 290 2270 349 CAMER.
2333 291 2531 349 EPISC

3628 289 3749 346 HM

773 414 3716 444 mm

893 607 1851 737 DISPUTATIO
1946 610 2578 740 CONTRA
2672 611 3353 740 JUDx’EUM

1834 840 2112 899 LEONEM
2147 841 2365 900 NOMIN

1113 1016 1261 1130 DE
1335 1015 1904 1110 ADVENTU
1979 1015 2457 1108 CHRISTI
2547 1015 2850 1106 FILI'I
2929 1015 3136 1106 DEI.

706 1504 709 1507 _
1135 1443 1417 1514 Prologus.

551 1540 688 1606 000,
725 1534 1146 1593 Cameracensis
1171 1533 1470 1602 episcopus
1497 1571 1512 1597 ,
1559 1529 1781 1585 Amano
1809 1570 1823 1596 ,
1873 1527 2071 1583 Phide~

479 1633 657 1690 mensi
688 1627 978 1686 monacho.

551 1725 692 1780 Dum
722 1723 779 1778 in
809 1718 1160 1777 Phidemensi
1200 1717 1443 1788 capitulo
1464 1757 1480 1783 ,
1529 1715 1850 1772 imminente
1890 1711 2069 1768 Natali

481 1816 794 1885 Dominico,
817 1813 1086 1869 rationem
1116 1806 1515 1864 incarnationis
1548 1805 1748 1861 divina:
1770 1803 2068 1870 dedissem,

490 1908 740 1980 placuit,
769 1914 831 1960 ut
857 1903 1110 1969 dicebas,
1148 1899 1390 1965 auditus,
1419 1897 1513 1954 sed
1541 1897 1811 1953 memoria
1841 1893 2072 1950 retineri

475 2000 739 2070 nequibat
769 1997 1078 2053 intellectus
1103 2035 1118 2060 ,
1150 2007 1280 2048 nam
1327 2005 1454 2060 quae.
1495 1987 1740 2070 diligenti
1781 1987 2073 2042 collatione

478 2068 813 2161 permanent
836 2131 852 2154 ,
876 2085 1278 2144 abundantiore
1300 2068 1580 2139 infusione
1606 2080 1884 2137 decidunt.
1915 2078 2062 2136 Ideo:

482 2197 600 2253 que.
621 2180 858 2253 rogabas
884 2188 946 2234 ut
971 2176 1295 2232 memoriam
1323 2215 1338 2241 ,
1393 2188 1561 2244 quam
1605 2169 1892 2236 inundatio
1942 2185 2070 2225 seu-

477 2273 776 2329 tentiarum
804 2270 1111 2339 suffocahat
1133 2309 1148 2336 ,
1181 2281 1309 2338 vere
1335 2264 1635 2336 praetenuis
1661 2262 1833 2319 series
1867 2261 2073 2316 forma-

476 2372 564 2421 ret
589 2363 802 2435 digesta
827 2361 970 2433 stylo
997 2367 1274 2415 manente.
1299 2355 1656 2426 Tandemque
1684 2355 1795 2410 tuis
1815 2353 2072 2425 precibus

491 2455 671 2523 victus
698 2452 960 2525 proposui
986 2451 1169 2507 facere
1197 2449 1344 2521 quod
1373 2448 1611 2519 rogabas
1637 2489 1652 2514 ,
1681 2447 1776 2502 sed
1805 2462 1934 2502 cum
1978 2444 2072 2499 Pi-

475 2554 668 2615 ctavos
712 2543 848 2600 irem
895 2546 964 2598 ad
991 2543 1328 2612 consilium,
1375 2541 1504 2612 quia
1551 2540 1639 2596 die
1683 2554 1849 2610 quam
1899 2537 2074 2593 Silva-

476 2638 651 2708 nectis
673 2637 856 2707 ipsum
881 2634 1159 2708 negotium
1192 2640 1580 2705 congruenter,
1607 2629 1902 2700 adjuvante
1936 2627 2068 2692 Deo,

2106 1442 2152 1498 Α
2181 1453 2306 1494 sum
2343 1447 2430 1496 est
2469 1450 2755 1510 peccatum
2783 1451 2938 1500 tuum
2973 1446 3062 1518 (11
3091 1446 3220 1520 Reg.
3247 1450 3369 1522 xu).
3433 1451 3492 1508 Si
3532 1469 3666 1528 ergo
3705 1458 3758 1516 in

2175 1530 2292 1601 lege
2342 1531 2463 1588 sine
2497 1533 2716 1590 Christo
2753 1545 2938 1592 vestro
2966 1539 3223 1596 remissio
3263 1551 3349 1598 est
3378 1556 3757 1628 peccatorum,

2173 1623 2532 1694 consequitur
2573 1633 2629 1681 et
2676 1626 2958 1684 beatitudo
2986 1639 3211 1688 aeterna.
3239 1632 3397 1689 Beati
3440 1637 3591 1692 enim
3635 1623 3759 1711 quo-

2174 1730 2294 1767 rum
2321 1717 2555 1772 remissa:
2575 1727 2697 1772 sunt
2723 1719 3032 1791 iniquitates
3057 1764 3074 1790 ,
3113 1732 3165 1778 et
3199 1723 3425 1796 quorum
3459 1737 3602 1785 tecta
3645 1744 3758 1787 sunt

2174 1817 2392 1877 peccata
2425 1808 2604 1880 (Psal.
2631 1812 2808 1883 xm).
2825 1813 2966 1880 Quid
2988 1831 3120 1888 ergo
3133 1816 3535 1879 facitChristus
3556 1829 3764 1882 vester?

2253 1899 2390 1958 Ono.
2422 1901 2543 1958 Non
2575 1905 2709 1961 satis
2731 1907 2971 1964 attendis
2993 1910 3374 1968 rectitudinem
3395 1914 3652 1984 iustitiae.
3673 1917 3763 1974 Cui

2172 1991 2321 2046 enim
2351 1991 2648 2050 dimittitur
2683 2005 2970 2064 peccatum
2996 2039 3013 2065 ,
3045 2015 3156 2055 non
3181 2002 3367 2059 statim
3411 2017 3766 2076 promovetur

2173 2083 2243 2138 ad
2272 2084 2522 2154 gloriam.
2555 2084 2768 2143 Peccati
2805 2089 3064 2147 remissio
3090 2108 3282 2162 poenas
3311 2096 3514 2165 aufert,
3539 2100 3762 2171 gloriam

2172 2190 2284 2230 non
2307 2173 2523 2244 confert
2549 2195 2564 2242 ;
2592 2178 2681 2232 cui
2708 2194 2869 2248 paena
2894 2182 3238 2239 subtrahitur
3263 2229 3277 2253 ,
3303 2202 3416 2243 non
3444 2191 3636 2244 statim
3661 2191 3766 2262 glo-

2170 2264 2254 2319 ria
2284 2265 2468 2319 datur.
2498 2264 2616 2322 Non
2644 2269 2829 2324 statim
2859 2272 3034 2342 gratia
3060 2273 3378 2345 decoratur,
3428 2279 3521 2334 cui
3569 2279 3654 2334 ira
3684 2282 3764 2338 di-

2173 2355 2442 2423 mittitur;
2469 2373 2596 2414 nam
2623 2369 2678 2416 et
2703 2359 2896 2429 David,
2921 2365 3144 2434 quando
3174 2365 3288 2423 lilio
3316 2369 3531 2426 dimisit
3559 2380 3768 2430 reatum

2173 2445 2460 2504 fratricidii
2491 2450 2734 2507 nondum
2761 2468 2968 2522 passus
2990 2463 3076 2512 est
3103 2473 3238 2514 eum
3261 2459 3364 2515 sibi
3396 2464 3757 2534 praesentari,

2177 2557 2281 2597 nec
2300 2542 2449 2598 dedit
2471 2545 2726 2613 gratiam,
2745 2547 2837 2602 cui
2865 2546 3154 2606 dimiserat
3175 2552 3315 2607 iram
3348 2552 3439 2624 (II
3462 2553 3595 2626 Reg.
3627 2559 3762 2628 xw).

2175 2628 2543 2704 Singulariter
2577 2635 2743 2692 homo
2772 2639 2993 2708 quidem
3028 2642 3296 2710 peccavit,
3324 2643 3420 2699 sed
3451 2647 3764 2716 pmnitenti,

476 2738 669 2787 contra
693 2727 944 2782 Judaeum
974 2726 1269 2797 quemdam
1305 2724 1522 2780 fueram
1543 2729 1858 2787 exsecutus,
1887 2720 2070 2776 visum
2105 2795 2145 2810 ﬁ
2173 2732 2227 2778 et
2252 2739 2451 2781 rursus
2478 2727 2754 2784 obedienti
2779 2771 2796 2797 ,
2823 2731 2993 2787 etiam
3035 2733 3176 2790 bene
3210 2735 3470 2792 servienti
3515 2734 3679 2810 paena
3708 2730 3768 2796 in;

476 2831 562 2878 est
587 2821 726 2877 mihi
755 2795 1062 2891 congruum
1087 2818 1232 2872 hanc
1261 2815 1624 2887 quaestionem
1647 2812 1875 2884 exsequi
1919 2827 2072 2868 more
2105 2795 2146 2854 Β
2177 2815 2293 2888 lege
2345 2818 2673 2888 dimittitur,
2726 2795 2822 2878 sed
2851 2824 3097 2881 nondum
3139 2827 3369 2897 gloriam
3399 2795 3662 2886 meretur

478 2914 724 2986 dialogi,
781 2921 841 2967 ut
890 2911 1114 2967 Judaeus
1141 2908 1398 2980 quaesivit
1433 2916 1488 2962 et
1522 2922 1624 2978 ego
1669 2906 1965 2977 respondi;
2017 2914 2074 2962 et

479 3007 612 3078 quia
639 3004 878 3077 Judaeus.
898 3003 1010 3059 Leo
1032 3044 1048 3069 ,
1085 3010 1141 3058 et
1168 3017 1270 3074 ego
1299 3000 1454 3056 dicor
1500 2997 1620 3055 Odo
1651 3041 1666 3066 ,
1717 3013 1814 3070 per
1865 2999 2073 3069 primas

477 3097 692 3152 litteras
719 3093 1009 3150 nominum
1031 3090 1324 3147 distinctio
1353 3091 1448 3145 liat
1483 3104 1868 3160 personarum.
1915 3087 2074 3144 Nunc

474 3196 658 3245 autem
683 3186 877 3242 invoco
903 3183 1170 3254 Spiritum
1195 3185 1560 3248 sanctum;ut,
1589 3179 1737 3251 quod
1766 3180 1917 3236 dedit
1937 3179 2071 3235 mihi

474 3281 544 3336 ad
575 3276 1013 3334 convincendum
1042 3273 1296 3330 Judaeum
1319 3316 1334 3341 ,
1367 3272 1561 3328 reddat
1583 3273 1654 3328 ad
1683 3273 2070 3328 instruendum

471 3369 688 3424 ﬁdelem
705 3363 1248 3435 monachum.ltaque
1263 3380 1389 3420 cum
1408 3371 1533 3434 post
1553 3363 1916 3417 meridianum
1931 3377 2090 3416 son».

475 3472 608 3511 num
639 3456 874 3512 venisset
893 3453 1116 3510 Judaeus
1140 3454 1288 3510 circa
1320 3453 1516 3508 horam
1539 3465 1740 3531 nonam
1788 3451 1857 3506 ad
1893 3451 2074 3520 hospi-

475 3546 614 3608 tium
643 3555 912 3614 nostrum,
943 3531 1358 3601 considentibus
1393 3544 1551 3600 nobis
1579 3543 1654 3598 ita
1673 3541 2029 3613 dicerecaepit
2055 3561 2068 3597 :

513 3636 669 3704 Quod
692 3638 935 3693 remissio
959 3649 1297 3707 peccatorum
1321 3652 1426 3690 non
1449 3635 1674 3704 suﬁiciat
1699 3634 1767 3687 ad
1787 3634 2034 3704 gloriam.

551 3727 685 3784 Leo.
722 3725 861 3794 Dic,
913 3742 948 3782 ο
990 3726 1248 3798 episeope
1271 3767 1290 3794 ,
1337 3726 1604 3782 adventus
1648 3723 1854 3780 Christi
1904 3725 2070 3780 vestri

474 3821 610 3893 quid
635 3818 886 3876 utilitatis
909 3819 1144 3875 contulit
1169 3817 1418 3874 mundo?
1445 3814 1581 3873 000.
1621 3815 1720 3872 Dic
1745 3858 1761 3884 ,
1784 3831 1819 3870 o
1845 3814 2030 3871 Judaec
2054 3857 2070 3882 ,

475 3913 614 3983 quid
643 3911 896 3968 utilitatis
923 3911 1104 3967 credis
1127 3910 1323 3966 all‘erre
1353 3917 1598 3964 vestrum
1642 3923 1804 3977 quem
1848 3905 2072 3962 creditis

479 4004 664 4060 adhuc
681 4011 975 4058 venturum
1001 3999 1283 4057 Messiam.

551 4093 684 4150 Leo.
721 4091 880 4160 Quod
919 4093 974 4146 in
1002 4090 1285 4161 prophetis
1319 4088 1550 4160 legimus
1576 4128 1591 4151 ,
1636 4085 1844 4141 scilicet
1888 4085 2071 4141 omnia

477 4203 647 4259 regna
675 4188 729 4242 in
753 4187 847 4241 illo
870 4185 1027 4241 nobis
1049 4184 1353 4250 subdenda,
1377 4199 1477 4238 nos
1501 4182 1603 4237 sub
1642 4181 1735 4236 illo
1753 4190 2072 4252 perpetuam

481 4294 673 4349 pacem
721 4278 1012 4332 habituros
1055 4285 1110 4332 et
1149 4275 1218 4331 de
1266 4274 1523 4330 omnibus
1571 4274 1756 4345 regnis
1786 4289 1889 4329 nos
1944 4288 2070 4328 cum

479 4366 655 4437 gloria
683 4366 739 4421 in
765 4364 1105 4422 Hierusalem
1148 4363 1560 4436 congregandos
1583 4405 1598 4430 ,
1640 4371 1694 4418 et
1727 4361 2069 4418 Hierusalem

480 4459 826 4516 dominatum
861 4458 1108 4514 omnium
1138 4471 1431 4528 regnorum
1464 4456 1776 4512 habituram
1802 4498 1818 4523 ,
1866 4463 1922 4511 et
1960 4470 2068 4511 ca:-

482 4556 602 4603 tera
628 4564 753 4620 quae
780 4548 1062 4619 propheta
1085 4547 1318 4602 feliciter
1349 4555 1698 4602 enumerant.
1725 4544 1860 4612 Quae
1885 4545 2068 4601 omnia

481 4641 538 4695 in
568 4638 849 4695 Christum
880 4649 1127 4695 vestrum
1151 4655 1263 4710 non
1293 4639 1545 4695 videmus
1595 4639 1812 4709 impleta
1840 4680 1858 4704 ,
1903 4639 2070 4693 mira-

480 4750 606 4790 mur
633 4734 765 4804 quid
795 4734 868 4789 ah
904 4733 1000 4788 illo
1030 4733 1412 4804 exspectatis?

547 4823 684 4882 One.
707 4822 821 4880 Nos
850 4837 948 4894 per
969 4822 1256 4880 Christum
1299 4839 1530 4894 regnum
1577 4823 1841 4879 caelorum
1877 4836 2071 4892 exspe-

477 4926 694 4972 ctamus
717 4957 733 4982 ,
764 4922 821 4970 et
850 4913 1167 4970 felicitatem
1193 4929 1359 4986 quam
1385 4928 1485 4970 vos
1503 4922 1780 4969 terrenam
1805 4955 1822 4980 ,
1847 4929 1948 4969 nos
1973 4927 2070 4982 per

475 5005 760 5064 Christum
803 5021 1095 5078 speramus
1137 5006 1442 5062 ccelestem.
1485 5003 1620 5061 Leo.
1662 5003 1864 5061 Errare
1915 5004 2067 5061 vide-

475 5099 649 5166 mini;
681 5110 784 5154 nos
817 5098 966 5154 enim
999 5107 1054 5154 et
1080 5113 1177 5168 per
1206 5097 1464 5154 Messiam
1494 5113 1561 5154 ex
1603 5107 1732 5153 tunc
1788 5107 2068 5168 tempora-

474 5190 583 5245 lem
609 5187 930 5245 felicitatem
944 5231 964 5256 ,.
987 5197 1082 5258 et,
1113 5204 1212 5260 per
1239 5188 1377 5261 legis
1399 5190 1828 5259 observantiam,
1848 5190 2070 5246 celeste

474 5289 601 5352 post
631 5280 778 5337 hanc
803 5282 975 5337 vitam
999 5297 1232 5352 regnum
1263 5297 1574 5353 speramus.
1607 5281 1950 5352 Temporalia
1971 5296 2070 5338 no-

476 5371 564 5428 bis
611 5371 758 5426 bona
803 5372 1136 5442 promittunt
1189 5373 1464 5444 prophetae
1491 5403 1524 5438 ,»
1565 5372 1788 5427 celeste
1839 5387 2070 5443 regnum

2174 2920 2338 2978 quam
2371 2910 2477 2966 nisi
2507 2927 2603 2981 per
2632 2917 3200 2985 recompensationem
3227 2925 3438 2990 peccati
3464 2923 3618 2994 juste
3658 2941 3763 2982 non

2181 3001 2521 3070 pervenitur.
2548 3001 2820 3074 lujustum
2850 3017 2935 3063 est
2957 3008 3106 3064 enim
3142 3011 3400 3067 ordinare
3425 3023 3767 3084 peceatomm

2174 3107 2299 3147 cum
2351 3093 2441 3150 bis
2487 3094 2584 3166 qui
2638 3110 2745 3152 non
2791 3109 3194 3168 peccaverunt,
3227 3103 3346 3159 sine
3392 3103 3768 3163 satisfactione

2173 3185 2402 3254 pecmti.
2418 3185 2476 3240 In
2500 3187 2616 3259 lege
2643 3203 2777 3260 ergo
2804 3190 3037 3247 dabatur
3062 3193 3272 3250 homini
3297 3197 3564 3254 remissio
3575 3214 3767 3270 pecca-

2175 3286 2356 3332 torum
2365 3320 2381 3337 .
2397 3277 2502 3334 Sed
2515 3282 2646 3350 quia
2661 3282 2715 3335 in
2727 3282 2844 3353 lege
2856 3285 3050 3354 nequit
3063 3285 3230 3342 homo
3240 3303 3341 3357 pro
3349 3297 3582 3358 peccato
3600 3270 3768 3345 satis-

2176 3367 2380 3435 facere,
2411 3386 2522 3425 non
2554 3381 2734 3441 potest
2763 3388 2860 3442 per
2898 3374 3072 3446 legem
3095 3377 3161 3431 ad
3197 3378 3426 3448 gloriam
3451 3382 3764 3450 pervenire,

2176 3458 2408 3529 ideoque
2429 3462 2774 3519 necessarius
2800 3472 2885 3517 est
2903 3464 3110 3521 mundo
3122 3456 3398 3536 Christus,
3413 3470 3545 3540 quia
3566 3471 3622 3525 in
3649 3470 3768 3543 ipso

2175 3565 2274 3619 pro
2294 3561 2520 3621 peccato
2529 3551 2923 3621 satisfacimus,
2947 3563 3008 3611 ut
3022 3557 3088 3612 ad
3109 3555 3780 3630 gloriam'perveniamus.‘

2176 3665 2329 3731 Quod
2353 3669 2664 3722 exercitium
2692 3671 2947 3744 honorum
2975 3687 3192 3741 operum
3215 3688 3320 3727 non
3341 3675 3535 3744 inﬁcit
3569 3676 3640 3729 ad
3671 3675 3764 3730 de-

2705 3739 2920 3795 lendum
2945 3739 3240 3811 peccatum.

2246 3825 2377 3882 Leo.
2407 3826 2581 3882 Homo
2601 3829 2820 3898 quidem
2844 3831 3121 3902 quomodo
3146 3833 3201 3887 in
3221 3831 3449 3911 Christo
3466 3845 3663 3892 vestro
3671 3852 3764 3908 pro

2174 3927 2400 3987 peccato
2427 3919 2730 3976 satisfaciat
2759 3922 2947 3978 nescio
2973 3941 2988 3991 ;
3021 3923 3076 3977 in
3106 3923 3224 3994 lege
3252 3932 3436 3980 autem
3479 3927 3761 3996 quomodo

2083 4037 2086 4040 ι
2174 4021 2460 4082 peccatum
2503 4013 2826 4068 emendetur
2854 4015 3037 4070 video.
3085 4015 3576 4074 Obsecrationibus
3618 4019 3762 4074 enim

2175 4113 2230 4159 et
2281 4104 2569 4160 sacriﬁciis
2595 4145 2610 4172 ,
2641 4105 3012 4163 oblationibus
3041 4116 3096 4163 et
3143 4109 3514 4181 eleemosynis
3556 4119 3614 4165 et
3641 4110 3764 4166 aliis

2175 4194 2448 4250 bonorum
2478 4211 2707 4266 operum
2734 4197 3013 4254 exercitiis
3062 4214 3164 4270 pro
3201 4208 3428 4270 peccato
3475 4199 3760 4256 satisfaci-

2174 4301 2300 4341 mus
2326 4285 2382 4340 in
2413 4288 2529 4358 lege
2555 4286 2690 4343 Deo.
2722 4287 2860 4344 Ono.
2893 4287 3127 4358 Servus,
3154 4305 3282 4363 erga
3311 4291 3602 4348 dominum
3627 4293 3765 4348 aniti-

2174 4393 2286 4447 quo
2313 4377 2497 4434 debito
2527 4379 2803 4452 obligatus
2828 4423 2843 4447 ,
2878 4381 2924 4436 si
2953 4392 3143 4453 postea
3167 4384 3481 4453 peccaverit
3509 4385 3566 4440 in
3591 4385 3767 4442 domi-

2172 4485 2328 4536 num,
2358 4471 2607 4542 nunquid
2660 4473 2872 4544 antiqui
2917 4473 3083 4529 debiti
3139 4474 3447 4532 redditione
3490 4479 3762 4546 posterius

2171 4572 2455 4634 peccatum
2487 4564 2846 4634 purgabitur?
2867 4565 2950 4620 An
2974 4566 3175 4636 prioris
3196 4565 3365 4622 debiti
3391 4569 3596 4625 solutio
3619 4570 3764 4638 iuste

2171 4652 2516 4722 reputabitur
2541 4654 2864 4723 posterioris
2894 4655 3070 4726 culpae
3091 4655 3435 4712 satisfactio?
3461 4674 3647 4715 nonne
3672 4674 3759 4714 se-

2171 4743 2409 4813 paratim.
2433 4743 2614 4814 exiget
2643 4743 2901 4801 dominus
2920 4744 3106 4816 justus
3130 4788 3148 4815 ,
3191 4759 3246 4801 et
3275 4747 3432 4818 prius
3458 4747 3719 4813 fdehitum
3742 4791 3760 4816 ,

2172 4842 2226 4890 et
2251 4834 2521 4905 posterius
2551 4835 2896 4891 admissum?
2929 4836 3062 4893 Leo.
3092 4837 3193 4893 lta.
3226 4838 3362 4895 Ono.
3415 4838 3594 4896 Homo
3629 4856 3787 4914 erga

2174 4943 2284 4982 non
2314 4938 2526 4998 poterat
2551 4929 2841 4984 emendare
2866 4920 3148 4998 peccatum
3179 4932 3444 4987 exercitio
3487 4933 3758 4990 bonorum

2175 5034 2448 5090 operum;
2498 5035 2661 5076 omne
2701 5020 2907 5076 etenim
2953 5022 3158 5076 bonum
3197 5025 3345 5093 quod
3389 5033 3604 5094 poterat
3638 5036 3759 5081 ante

2171 5122 2460 5183 peceatum
2491 5111 2603 5169 Deo
2634 5113 2898 5181 debebat,
2929 5129 2960 5168 a
2983 5130 3098 5184 quo
3118 5124 3173 5172 et
3194 5129 3500 5187 acceperat.
3555 5119 3763 5176 Reddat

2173 5221 2305 5276 ergo
2351 5205 2519 5261 homo
2551 5221 2714 5261 omne
2758 5205 2966 5261 bonum
2989 5205 3159 5277 'quod
3201 5209 3446 5279 accepit;
3491 5211 3642 5281 justc
3674 5222 3759 5266 ta-

2173 5312 2298 5351 men
2325 5296 2560 5367 exigitur
2585 5295 2656 5351 ab
2681 5311 2748 5352 eo
2778 5297 2986 5351 malum
3014 5297 3164 5368 quod
3193 5296 3340 5353 fecit.
3361 5298 3480 5354 Non
3509 5317 3640 5373 ergo
3670 5316 3761 5372 po-

2174 5399 2280 5446 test
2309 5391 2474 5445 homo
2526 5389 2630 5445 sub
2677 5389 2795 5461 lege
2831 5390 3120 5446 sanctitate
3155 5391 3266 5447 ulla
3294 5393 3565 5449 redimere
3611 5396 3757 5466 quod

475 5472 866 5535 exspectamus
890 5480 956 5519 ex
984 5466 1110 5538 lege
1135 5485 1150 5531 ;
1177 5466 1336 5521 docet
1367 5463 1515 5554 enim
1541 5463 1628 5519 lex
1661 5478 1761 5533 pro
1789 5479 1902 5519 uno
1928 5479 2068 5534 quo-
2099 5475 2147 5535 ι)
2171 5484 2433 5554 peccavit.

478 5569 587 5626 que
613 5564 839 5626 peccato
881 5556 1047 5626 quale
1086 5557 1179 5646 fiat
1222 5553 1552 5610 sacriﬁcium
1577 5594 1592 5620 ,
1627 5562 1682 5609 et
1737 5555 1818 5610 sic
1863 5554 2062 5610 dimitti

477 5655 785 5717 peccatum.
816 5644 952 5719 Regi
979 5643 1143 5703 etiam
1169 5643 1345 5701 David
1365 5687 1380 5712 ,
1408 5644 1664 5700 adulterii
1694 5653 1749 5700 et
1779 5645 2064 5701 homicidii

479 5745 769 5810 peccatur
797 5737 1074 5807 confesso,
1102 5736 1243 5792 dixit
1275 5737 1539 5807 propheta
1565 5733 1786 5793 Nathan
1821 5755 1834 5791 :
1866 5735 2065 5791 Dimis-

2175 5576 2328 5640 Quod
2351 5578 2610 5646 patientia
2630 5576 3084 5648 incommodorum
3106 5593 3207 5631 non
3238 5579 3425 5648 sufﬁcit
3461 5578 3532 5632 ad
3579 5576 3756 5632 delen-

2742 5647 2869 5701 dum
2896 5657 3186 5717 peccatum.

2247 5737 2378 5792 Leo.
2421 5739 2481 5793 Si
2511 5739 2676 5794 homo
2699 5754 2809 5794 non
2829 5747 3042 5809 poterat
3063 5737 3328 5794 redimere
3356 5747 3638 5810 peccatum
3661 5750 3755 5808 per
