3946 6306
221 334 339 394 “05

1222 356 1235 363 ι
1298 326 1716 397 DlSPUTA'l‘lO
1748 332 2031 394 CONTRA
2065 329 2391 397 JUDEUM.

3315 337 3471 398 ηῡσ

220 449 265 505 id
286 428 551 521 quodante
572 443 826 523 debebat,
854 458 992 513 esto.
1015 452 1183 509 Certe
1196 448 1416 509 labores
1445 462 1501 511 et
1531 461 1766 511 mortem
1793 455 1845 516 Δ
1869 467 2029 525 cgere
2054 460 2308 521 creatura
2335 420 2402 506 ad
2427 447 2755 506 abolendum
2784 445 2935 521 quod
2960 460 3150 509 contra
3181 469 3241 509 se
3270 464 3355 512 est
3401 458 3459 515 in

213 539 351 611 prius
376 539 481 610 pati
509 554 620 595 non
645 540 905 611 debebat;
931 544 1057 614 quis
1077 543 1227 599 enim
1251 544 1399 601 dicat
1414 560 1543 602 eum
1570 544 1772 617 debere

214 630 311 702 pati
337 629 588 701 quoniam
623 648 735 688 non
766 635 1084 692 meruerat?
1115 634 1376 709 Legimus
1415 644 1597 693 autem
1639 636 1770 707 quia

198 721 338 797 Deus
359 721 563 779 homini
588 738 782 795 pinnas
805 726 1004 783 indixit
1026 743 1130 799 pro
1170 716 1417 805 peccato.
1450 727 1771 800 Quocunque

207 814 284 868 die
302 813 579 871 comederis
604 858 620 885 ,
660 826 829 873 morte
861 821 1104 875 morieris
1134 819 1289 893 (Cen.
1319 818 1405 893 ιι),
1453 836 1580 878 ecce
1620 835 1770 879 mor-

203 913 322 962 tem.
349 903 413 960 In
433 907 622 963 sudore
650 909 827 965 suum
869 913 948 966 tui
992 914 1212 970 vesceris
1233 930 1369 985 pane
1394 922 1518 983 tuo,
1545 914 1770 983 tributos

198 997 434 1067 dspinas
464 1005 611 1054 terra
651 1000 749 1054 tibi
783 998 1102 1072 germinabit
1137 1000 1299 1075 (Gen.
1334 1002 1465 1075 tu),
1507 1017 1637 1063 ecce
1683 1004 1767 1063 la-

196 1088 363 1155 bores
389 1098 443 1145 et
482 1090 883 1153 tribulationes.
934 1093 993 1149 Si
1040 1095 1143 1151 has
1178 1111 1372 1167 pmnas
1411 1094 1557 1153 Deus
1590 1096 1770 1152 homi-

196 1180 249 1237 ni
289 1180 433 1238 dedit
470 1198 579 1255 pro
613 1193 840 1256 peccato
866 1227 885 1254 ,
930 1195 1027 1243 aut
1077 1186 1349 1244 sufﬁciant
1385 1187 1458 1243 ad
1503 1187 1769 1259 expiatio-

192 1286 309 1329 nem
334 1264 540 1346 pecca'ti
564 1317 580 1345 ,
616 1286 714 1333 aut
751 1294 863 1336 non
893 1278 1185 1339 sufficiant.
1232 1278 1291 1336 Si
1324 1280 1639 1348 sufﬁciunt,
1676 1296 1768 1338 se-

190 1360 368 1431 quitur
392 1371 452 1417 ut
484 1365 703 1436 expiato
730 1377 956 1438 peccato
987 1369 1373 1440 perveniamus
1425 1370 1494 1426 ad
1538 1370 1765 1442 gloriam

186 1454 454 1512 ctelestem
479 1456 600 1514 sine
627 1457 849 1516 Christo
890 1470 1075 1518 vestro
1101 1480 1115 1528 ;
1143 1461 1189 1518 si
1211 1478 1320 1518 non
1344 1460 1623 1518 sulliciunt
1645 1505 1658 1531 ,
1687 1462 1770 1518 di-

183 1548 383 1605 cendus
425 1559 511 1607 est
560 1549 705 1607 Deus
761 1552 1209 1611 inconvenienter
1236 1570 1429 1627 pmnas
1459 1554 1769 1626 iniunxisse

182 1656 303 1711 quae
349 1642 417 1698 ad
450 1643 818 1715 expiationem
875 1647 1085 1718 peccati
1124 1662 1236 1703 non
1274 1646 1570 1729 sulliciunt.
1611 1645 1769 1715 Quod

178 1731 305 1800 quia
335 1731 495 1790 nefas
512 1735 685 1791 estde
713 1733 825 1795 Deo
851 1737 1057 1806 dicere,
1078 1738 1345 1810 probatur
1376 1739 1525 1810 quod
1546 1739 1767 1809 sapiens

179 1819 320 1879 Deus
343 1865 359 1893 ,
385 1825 693 1882 secundum
722 1829 932 1899 peccati
957 1829 1181 1886 modum
1213 1870 1229 1898 ,
1256 1830 1481 1886 modum
1510 1831 1767 1902 exposuit

172 1929 489 1984 prunarum.
519 1915 711 1976 Justus
739 1919 888 1976 enim
916 1920 1062 1978 Deus
1095 1921 1303 1994 justam
1352 1922 1541 1979 debuit
1586 1921 1768 1983 facere

174 2006 475 2064 vindictam
492 2051 508 2077 ,
529 2026 656 2081 qua:
681 2026 786 2067 nec
811 2019 1042 2082 peccato
1070 2013 1252 2070 minor
1277 2021 1427 2071 esset
1448 2055 1465 2082 ,
1511 2030 1613 2070 nec
1643 2031 1764 2071 mo«

168 2098 297 2153 dum
326 2101 641 2158 excederet.
668 2100 790 2159 Non
834 2104 1022 2161 debuit
1064 2105 1249 2162 minus
1276 2106 1475 2177 punire
1512 2115 1769 2178 peccato-

168 2205 284 2246 rem
311 2192 505 2263 justus
526 2236 546 2263 ,
577 2211 679 2252 nec
698 2197 875 2269 magis
915 2213 1082 2268 quam
1116 2197 1428 2255 merebatur
1460 2201 1606 2269 pius.
1657 2197 1766 2254 ιιι-η

168 2282 332 2340 bores
356 2301 498 2359 ergo
529 2287 695 2358 hujus
720 2288 867 2355 vitre,
897 2298 953 2345 et
973 2289 1358 2349 tribulationes
1387 2300 1440 2349 et
1466 2290 1768 2347 novissime

169 2384 400 2432 mortem
441 2378 613 2435 homo
646 2382 693 2436 si
718 2383 989 2453 patienter
1016 2384 1213 2441 tolerat
1232 2367 1553 2456 ,peccatum
1579 2400 1767 2440 emen-

161 2468 256 2524 dat
286 2469 439 2525 bono
462 2471 746 2545 patientiae
768 2516 785 2541 ,
814 2490 924 2546 quo
946 2475 1101 2546 prius
1126 2490 1236 2533 non
1278 2475 1514 2533 debebat
1534 2477 1644 2548 pati
1667 2476 1762 2548 qui

165 2574 275 2614 non
298 2564 650 2633 peccaverat.
684 2561 753 2619 Et
788 2564 862 2621 ita
911 2566 1424 2636 recompensatione
1461 2554 1591 2623 boni
1621 2567 1770 2624 dele-

161 2659 254 2706 tur
274 2661 576 2726 peccatum
597 2696 614 2723 ,
636 2657 765 2727 quia
790 2650 805 2724 ,
837 2667 1107 2728 quantum
1143 2659 1348 2714 malum
1381 2657 1561 2714 fuerat
1583 2659 1766 2729 culpa,

161 2752 379 2800 tantum
412 2746 627 2802 bonum
656 2757 1110 2819 recompensatur
1143 2750 1428 2821 patientia.
1485 2748 1587 2806 Ubi
1634 2765 1769 2823 ergo

160 2830 410 2895 solutum
435 2850 525 2925 est
546 2851 831 2912 peccatum
859 2885 875 2910 ,
922 2844 1055 2915 quid
1104 2845 1333 2916 impedit
1368 2845 1440 2910 ad
1488 2846 1769 2919 regnum?

160 2927 300 2986 Oeo.
326 2929 457 2988 Non
488 2932 606 3003 haec
629 2933 841 2991 diceres
864 2935 911 2990 si
940 2936 1133 3008 quanti
1164 2937 1236 2997 sit
1263 2936 1524 3008 ponderis
1566 2953 1766 3009 pecca-

156 3031 281 3097 tum,
302 3023 514 3081 Scires.
546 3023 613 3081 Et
635 3026 754 3083 ideo
774 3037 1057 3098 peccatum
1087 3020 1402 3099 quaeramus
1426 3071 1443 3098 ,
1465 3045 1633 3102 quam
1661 3030 1768 3089 mi-

156 3114 376 3207 nimum
428 3132 730 3188 possumus
756 3161 773 3187 ,
824 3110 887 3176 ut
911 3135 981 3177 ex
1014 3136 1081 3177 eo
1129 3122 1414 3179 videamus
1456 3123 1513 3179 in
1552 3123 1765 3181 emeris

147 3208 351 3280 quanti
382 3210 465 3265 sit
494 3210 772 3281 ponderis.
804 3211 947 3270 Ecce
980 3220 1040 3269 tu
1068 3214 1186 3285 ipse
1213 3229 1457 3289 propone
1480 3216 1625 3288 quod
1650 3215 1766 3288 pla-

148 3309 260 3357 cet.
294 3298 441 3359 Leo.
482 3298 630 3359 Nihil
655 3304 898 3362 occurrit
922 3305 1106 3363 minus
1123 3298 1301 3381 quam
1331 3294 1517 3369 brevis
1552 3310 1769 3382 cogitas

146 3391 231 3447 tio
257 3409 438 3451 vana.
472 3392 609 3452 Ooo.
650 3394 709 3451 Si
738 3411 870 3475 ergo
904 3397 1004 3455 tibi
1031 3388 1527 3473 [Deus'prohibeat
1568 3417 1640 3459 ne
1683 3402 1773 3459 ius

145 3482 410 3543 tentione
442 3480 557 3544 tute
579 3488 930 3562 cogitationis
976 3506 1010 3549 a
1048 3506 1119 3567 se
1147 3507 1427 3567 quoquam
1470 3493 1727 3553 deflectas
1750 3536 1767 3564 ,

145 3585 203 3633 et
239 3577 401 3635 alius
433 3578 538 3634 tibi
565 3592 691 3636 vere
719 3580 867 3637 dicat
892 3579 1046 3652 quia,
1078 3582 1186 3639 nisi
1211 3582 1322 3639 cito
1352 3583 1461 3640 alio
1484 3592 1539 3641 te
1567 3594 1768 3653 vertas,

142 3669 345 3725 statim
384 3669 601 3742 peribis
640 3679 694 3727 et
743 3670 949 3729 redibis
991 3672 1048 3728 in
1093 3672 1328 3733 nihilum
1353 3715 1372 3744 ,
1400 3683 1633 3749 putasne
1660 3676 1771 3732 alio

141 3758 563 3830 cogitationem
592 3768 744 3817 tuam
771 3758 1013 3819 breviter
1040 3763 1355 3825 vertendam
1379 3772 1571 3822 contra
1596 3764 1781 3841 Deum,

142 3867 252 3923 pro
285 3862 349 3910 te
533 3895 550 3923 ,
579 3870 649 3921 ne
673 3870 917 3947 pereas,
937 3864 993 3913 et
1026 3857 1303 3913 tantillum
1331 3868 1617 3947 peccatum
1650 3859 1773 3941 fieri

137 3960 251 4016 pro
281 3945 685 4018 redemptione
708 3947 839 4003 tui?
867 3945 1129 4005 Meliusve
1153 3938 1373 4020 iudicas
1417 3958 1469 4005 te
1502 3965 1604 4022 pro
1640 3938 1769 4022 pec-

135 4044 277 4092 cato
306 4036 516 4092 vivere
545 4051 714 4106 quam
746 4052 848 4108 pro
867 4034 1083 4108 justitia
1123 4036 1355 4108 perire?
1407 4036 1541 4095 Leo.
1591 4036 1775 4104 Quare

136 4143 262 4185 non
292 4126 559 4184 melius?
584 4126 720 4185 Ono.
748 4126 887 4197 Quia
912 4129 1261 4199 omnipotens
1297 4126 1444 4184 Deus
1487 4127 1771 4185 meliorem

129 4229 342 4293 potest
387 4229 452 4278 te
485 4230 613 4293 post
639 4230 915 4279 servatam
956 4220 1231 4292 justitiam
1271 4219 1559 4277 restituere
1604 4234 1789 4289 quam.

132 4322 199 4369 tu
230 4329 348 4386 per
375 4320 677 4386 peccatum
704 4328 877 4384 queas
901 4312 1107 4374 vivere.
1131 4309 1199 4367 Et
1220 4311 1318 4382 qui
1347 4326 1446 4383 per
1487 4319 1772 4382 peccatum

126 4408 455 4463 viventem
487 4415 542 4462 te
563 4403 714 4477 juste
740 4403 944 4462 faceret
978 4404 1274 4471 miserum,
1302 4411 1643 4476 peremptum
1673 4417 1773 4474 pro

120 4498 385 4569 iustitia
414 4497 568 4569 iuste
594 4497 908 4555 restitueret
931 4497 1172 4553 beatum.
1186 4493 1574 4581 Prasponderat
1601 4495 1771 4566 igitur

123 4601 188 4648 te
219 4598 550 4663 peccatum
580 4590 725 4661 quod
756 4586 1092 4661 proposuisti
1121 4588 1270 4659 quod
1295 4585 1609 4645 faciendum
1657 4602 1770 4643 non

122 4684 249 4739 fuit
275 4725 295 4751 ,
343 4682 531 4738 etiam
558 4696 659 4752 pro
687 4680 1066 4751 redemptione
1094 4679 1195 4736 tui.
1225 4677 1359 4737 Leo.
1401 4677 1586 4735 Placet
1623 4678 1772 4750 quod

114 4774 316 4842 dicis,
350 4787 484 4829 non
507 4772 654 4828 enim
679 4772 1178 4831 animadvertebam
1210 4771 1347 4829 tanti
1367 4771 1627 4842 ponderis
1650 4786 1774 4831 esse

115 4865 467 4936 parvulam
492 4863 730 4934 culpam.
762 4862 899 4919 One.
931 4861 1037 4919 Sed
1059 4863 1149 4921 dic
1172 4904 1187 4931 ,
1220 4863 1268 4921 si
1290 4861 1517 4926 deberes
1537 4876 1639 4933 pro
1669 4861 1772 4917 an-

107 4959 261 5033 gelo
296 4955 478 5029 quod
525 4972 635 5012 non
678 4956 845 5012 debes
886 4971 989 5027 pro
1036 4954 1230 5026 teipso.
1278 4945 1425 5015 Leo.
1458 4953 1795 5017 Secundum.

108 5052 452 5108 rationem
482 5063 649 5120 quam
677 5046 747 5103 de
776 5063 864 5102 me
891 5046 1119 5113 dixisti,
1150 5061 1329 5116 neque
1366 5061 1467 5117 pro
1495 5060 1606 5102 uno
1629 5087 1645 5112 ,
1675 5059 1774 5102 ne-

100 5160 242 5217 que
278 5157 415 5216 pro
439 5139 716 5207 omnibus,
734 5155 912 5211 neque
931 5154 1031 5211 pro
1050 5145 1163 5195 tota
1185 5146 1432 5196 creatura
1459 5136 1771 5194 faciendum

101 5246 214 5296 est
243 5279 265 5306 ,
301 5235 418 5294 vel
445 5234 735 5291 minimum
761 5230 983 5303 aliquod
1011 5238 1202 5287 contra
1232 5228 1400 5285 Deum
1426 5246 1442 5296 ;
1473 5237 1667 5299 potens
1688 5236 1789 5303 est

93 5331 292 5390 enim
359 5327 729 5399 omnipotens
771 5323 919 5382 Deus
963 5324 1019 5379 in
1064 5323 1263 5379 melius
1291 5320 1580 5379 restituere
1621 5320 1793 5395 quod

97 5440 231 5494 pro
296 5418 551 5492 iustitia
602 5417 783 5489 petuit
824 5415 1005 5488 perire
1028 5456 1047 5483 ,
1093 5422 1149 5471 et
1189 5413 1392 5485 quibus
1426 5412 1546 5470 sine
1573 5413 1773 5472 merito

92 5513 615 5577 misericorditer
638 5511 787 5569 dedit
814 5520 874 5569 ut
893 5517 1080 5568 essent
1099 5552 1115 5578 ,
1147 5509 1235 5566 his
1257 5509 1406 5582 juste
1427 5524 1551 5567 cum
1575 5509 1771 5567 merito

92 5611 305 5666 daret.
346 5613 433 5662 ut
456 5604 654 5663 melius
673 5613 881 5663 essent.
909 5601 1047 5661 Ooo.
1089 5602 1235 5662 Bene
1274 5601 1587 5661 intellexisti
1612 5620 1628 5671 ;
1660 5618 1772 5659 non

89 5703 297 5765 enim
339 5698 587 5757 abolere
614 5691 796 5771 potest
820 5697 1003 5777 omnis
1028 5704 1283 5763 creatura
1311 5696 1367 5753 id
1394 5695 1540 5767 quod
1583 5704 1774 5752 contra

96 5780 341 5854 Deu‘m
405 5800 499 5848 est
546 5792 601 5850 in
652 5790 834 5865 aliqua
889 5796 1139 5871 creatura
1164 5830 1179 5857 ,
1210 5788 1580 5867 εις-[ἰώπων
1626 5786 1778 5865 Deus

1872 554 2145 613 creatura.
2186 543 2396 601 Servus
2429 557 2755 599 conservum
2799 541 3032 600 liberare
3080 559 3192 600 non
3235 554 3456 616 potest;

1872 645 1933 695 ut
1957 652 2086 696 cum
2111 636 2310 693 ancilla
2338 634 2437 691 Dei
2463 635 2536 692 sit
2561 635 2742 691 omnis
2764 645 3015 694 creatura
3042 679 3057 704 ,
3088 637 3322 695 liberare
3359 655 3458 711 po-

1872 738 2034 787 testa
2060 738 2288 800 peccato
2311 734 2622 801 creaturam
2641 768 2658 794 ,
2686 743 2812 798 qure
2831 743 2893 784 se
2917 728 3163 786 subdidit
3205 740 3454 801 peccato.

1869 823 2003 892 Quae
2023 823 2261 890 enimse
2285 821 2530 879 subdidit
2552 828 2800 892 peccato,
2823 821 3048 877 recessit
3072 836 3103 876 a
3131 820 3273 890 Deo;
3300 837 3458 882 crea-

1871 926 1994 973 tura
2018 928 2151 989 ergo
2176 956 2193 983 ,
2218 929 2341 987 quae
2367 921 2679 971 creaturam
2708 911 2908 968 liberat
2933 927 2967 967 a
2986 920 3212 982 peccato
3227 953 3243 980 ,
3278 912 3459 968 reddit

1864 1027 1992 1069 eam
2021 1009 2167 1078 Deo,
2210 1017 2268 1066 et
2310 1008 2530 1065 beatam
2566 1005 2721 1063 facit.
2752 1004 2861 1063 Sed
2899 1005 3121 1061 beatum
3169 1020 3293 1061 esse
3342 1019 3458 1061 me-

1866 1104 1977 1160 lius
2000 1113 2089 1160 est
2106 1118 2274 1174 quam
2294 1116 2436 1159 esse.
2454 1100 2845 1157 Attribuuntur
2866 1112 2998 1171 ergo
3022 1106 3295 1155 creaturae
3307 1099 3459 1169 quod

1868 1196 2162 1267 niajusest
2181 1235 2198 1262 ,
2225 1203 2282 1251 et
2303 1193 2553 1250 Creatori
2578 1194 2727 1266 quod
2751 1194 2938 1249 minus
2954 1234 2971 1259 ,
2995 1191 3267 1263 siquidem
3286 1191 3427 1247 Crea
3444 1220 3460 1231 ο

1868 1296 1959 1343 tor
1985 1285 2118 1343 facit
2137 1285 2288 1356 quod
2309 1292 2396 1341 est
2413 1300 2538 1341 esse
2564 1325 2582 1350 ,
2611 1293 2867 1340 creatura
2886 1297 3020 1339 vero
3047 1281 3179 1343 facit
3197 1281 3346 1353 quod
3374 1290 3461 1338 est

1869 1378 2093 1435 beatum
2146 1391 2290 1433 esse.
2323 1374 2480 1443 Quod
2509 1374 2639 1446 quia
2676 1383 2763 1432 est
2794 1373 3134 1446 impossibile
3156 1414 3173 1442 ,
3219 1389 3329 1429 non
3363 1388 3460 1444 po-

1869 1478 1979 1528 tast
2003 1476 2258 1527 creatura
2280 1476 2594 1526 creaturam
2620 1483 2653 1523 a
2676 1475 2904 1538 peccato
2942 1467 3197 1534 liberare.
3226 1463 3457 1523 0mm

1867 1564 2016 1619 enim
2047 1570 2358 1620 creaturam
2382 1559 2757 1632 praeponderat
2785 1558 3078 1615 minimum
3125 1566 3411 1629 peccatum
3436 1582 3455 1623 κ

1869 1656 2000 1728 quia
2029 1653 2322 1710 minimum
2349 1660 2637 1724 peccatum
2677 1659 2764 1708 est
2806 1658 3002 1707 contra
3046 1649 3262 1718 Deum;
3310 1649 3457 1707 Deus

1791 1771 1840 1815 ’λ
1869 1757 2053 1805 autem
2081 1747 2231 1804 omni
2260 1754 2512 1803 creatura
2557 1744 2738 1815 major
2780 1753 2884 1800 est.
2922 1740 3045 1798 Non
3090 1758 3223 1815 ergo
3259 1742 3460 1799 suﬂicit

1867 1841 2050 1900 omnis
2060 1849 2312 1899 creatura
2326 1839 2395 1895 ad
2409 1836 2971 1909 recompensationem
2984 1835 3200 1891 minimi
3221 1837 3453 1908 peccati.

1867 1931 1999 1989 Leo.
2019 1929 2078 1986 lu
2092 1945 2291 2003 mgno
2310 1928 2556 2001 periculo
2582 1943 2800 1995 sumus,
2822 1926 2971 1998 quod
2990 1926 3239 1998 quotidie
3258 1940 3457 1997 pecca-

1866 2041 1993 2087 mus
2015 2067 2031 2093 ,
2059 2024 2107 2080 si
2136 2033 2425 2096 peccatum
2443 2062 2465 2090 ,
2494 2029 2555 2077 ut
2591 2019 2767 2088 dicis,
2795 2019 2961 2076 habet
2980 2026 3194 2077 tantum
3217 2018 3454 2090 pondus;

1866 2137 1978 2196 Cur
2006 2137 2147 2193 Deus
2172 2136 2370 2191 indixit
2395 2132 2599 2188 homini
2623 2148 2829 2203 poenam
2847 2174 2861 2198 ,
2887 2147 3005 2203 qua:
3039 2147 3142 2185 non
3164 2130 3353 2200 sufﬁcit
3380 2125 3452 2183 ad

2359 2205 2641 2261 delendum
2660 2210 2959 2274 peccatum.

1938 2298 2047 2356 Sed
2073 2313 2174 2355 cur
2202 2297 2353 2354 Deus
2385 2293 2662 2367 peccatori
2708 2307 2929 2364 prunam
2978 2289 3218 2356 indixit,
3269 2288 3335 2344 sit
3362 2288 3470 2346 illa

1865 2404 2027 2463 paena
2053 2404 2156 2460 pro
2180 2394 2409 2460 peccato
2427 2402 2540 2442 non
2563 2384 2765 2442 sumcit
2787 2383 2812 2438 Ἰ
2837 2381 2973 2439 One.
2998 2380 3110 2436 Pro
3133 2379 3459 2441 remissione

1865 2479 2220 2553 peccatorum
2235 2520 2252 2548 ,
2281 2490 2448 2549 quam
2474 2475 2659 2533 facere
2683 2490 2799 2532 non
2822 2480 3041 2546 poterat
3058 2472 3289 2538 bonum,
3311 2470 3460 2542 quod

1866 2586 1994 2635 ante
2020 2580 2309 2649 peccatum
2340 2572 2596 2630 habebat.
2637 2570 2833 2628 Omnia
2860 2568 3009 2626 enim
3041 2564 3380 2639 huiusmodi,
3402 2564 3460 2621 id

1865 2679 1954 2728 est
1977 2668 2230 2727 omnium
2254 2665 2632 2724 molestiarum
2655 2660 2942 2734 patientia,
2965 2667 3021 2716 et
3038 2657 3243 2723 mentis
3263 2664 3319 2713 et
3336 2670 3461 2712 cors

1865 2762 2018 2833 poris
2047 2759 2444 2831 castigationes
2474 2753 2813 2813 multimodis
2838 2793 2853 2820 ,
2885 2760 2941 2808 et
2989 2751 3174 2806 omnia
3192 2791 3209 2818 ,
3257 2748 3463 2821 quibus

1865 2853 1935 2912 ad
1962 2854 2171 2908 bonum
2192 2852 2266 2923 itit
2290 2848 2631 2915 exercitatio,
2673 2845 2796 2903 sine
2820 2844 2979 2917 plena
3007 2842 3215 2914 peccati
3244 2856 3463 2898 recomc

1865 2944 2189 3016 pensatione
2215 2942 2401 2998 valere
2426 2948 2640 2996 tantum
2668 2944 2901 3009 possunt
2943 2934 3011 2991 ad
3055 2933 3271 2990 veniam
3296 2972 3313 2999 ,
3350 2947 3475 2989 non-

1868 3044 2052 3093 autem
2074 3035 2145 3092 ad
2173 3033 2427 3108 gloriam.

1790 3164 1839 3228 ο
1871 3128 2025 3198 Quod
2047 3144 2143 3200 pro
2165 3124 2488 3199 perﬁcienda
2511 3121 2709 3189 calcati
2729 3121 2946 3175 ciuitate
2972 3119 3148 3190 factus
3172 3118 3247 3171 sit
3272 3115 3453 3228 homo:

1941 3220 2075 3279 Leo.
2105 3218 2395 3289 Quomodo
2420 3231 2551 3291 ergo
2577 3212 2899 3272 satisfacere
2918 3220 3098 3282 potest
3125 3210 3297 3283 homo
3320 3250 3339 3276 ,
3371 3208 3483 3264 vel

1867 3315 2001 3387 quid
2031 3325 2453 3383 recompensare
2480 3323 2582 3380 pro
2604 3313 2851 3378 peccato
2874 3330 2894 3372 ι,
2942 3303 2991 3360 si
3040 3311 3154 3358 tota
3203 3310 3459 3357 creatura

1868 3407 2052 3466 minor
2074 3417 2161 3463 est
2182 3418 2286 3462 nec
2312 3404 2381 3460 ad
2404 3401 2696 3459 delendum
2734 3405 3020 3470 peccatum
3062 3393 3314 3452 sufﬁcere
3359 3402 3463 3464 po-

1868 3499 2016 3557 test?
2040 3496 2177 3554 One.
2204 3493 2369 3551 Nullo
2410 3491 2578 3548 modo
2612 3504 2712 3560 per
2749 3502 2828 3545 se.
2874 3485 3007 3542 Leo.
3043 3483 3146 3554 Ad-
3173 3481 3279 3539 hoc
3325 3476 3473 3554 ergo?

1871 3589 2162 3648 contentio
2176 3584 2648 3644 rationisnostrae
2692 3580 2845 3638 venit
2878 3580 2940 3635 ut
2963 3619 2980 3646 ,
3026 3577 3075 3634 si
3114 3578 3283 3634 homo
3319 3572 3469 3631 vitat

1868 3695 2064 3754 pinnas
2081 3694 2179 3751 per
2204 3685 2557 3750 peccatorum
2595 3672 2812 3730 veniam
2844 3685 2949 3727 nec
2975 3677 3161 3724 tamen
3206 3667 3473 3739 pervenit“

1870 3770 1938 3826 ad
1962 3769 2216 3841 gloriam,
2244 3766 2445 3822 habeat
2468 3771 2671 3822 statum
2704 3760 2949 3817 medium
2971 3773 3084 3831 quo
3111 3758 3169 3814 in
3189 3767 3467 3814 aeternum-

1870 3862 2121 3936 quiescat
2141 3903 2157 3927 ,
2183 3868 2249 3916 ut
2275 3858 2457 3931 angeli
2481 3856 2576 3928 qui
2606 3869 2719 3912 non
2763 3859 3151 3926 peccaverunt».
3176 3850 3233 3906 in
3281 3848 3479 3921 gloria:

1870 3956 2262 4026 permaneant,
2303 3948 2471 4005 homo
2516 3945 2650 4002 vero
2699 3945 2794 4016 qui
2839 3943 3049 4016 peccati
3072 3941 3465 3998 remissionem

1871 4044 2083 4115 accepit
2106 4042 2193 4100 sui
2224 4041 2376 4099 modi
2418 4040 2659 4113 quietem
2693 4038 2977 4104 obtineat;
3020 4037 3117 4107 qui
3162 4049 3298 4093 vero
3338 4033 3483 4089 sine

1873 4136 2203 4193 remissione
2229 4142 2356 4201 est,
2403 4147 2598 4204 pcenas
2634 4138 2929 4202 perpetuas
2977 4130 3261 4186 incurrat.
3293 4125 3362 4183 Et
3386 4125 3483 4181 adi

1868 4227 1981 4293 hoc
2026 4225 2398 4296 processimus
2444 4223 2593 4295 quod
2642 4222 2849 4278 undo
2872 4219 3127 4278 Christus
3175 4227 3359 4277 vester
3400 4218 3465 4273 in

1874 4317 2026 4374 nullo
2064 4325 2150 4373 est
2178 4315 2567 4382 necessarius;
2594 4329 2723 4370 nam
2765 4322 2943 4371 status
2970 4314 3063 4370 ille
3103 4311 3309 4384 quietis
3342 4310 3469 4367 sine

1874 4408 2099 4465 Christo
2128 4423 2225 4480 per
2253 4407 2433 4480 legem
2461 4406 2716 4473 habetur,
2746 4405 2802 4459 ln
2828 4418 2940 4475 qua
2962 4403 3219 4460 remissio

1800 4520 1851 4582 υ
1877 4494 2308 4574 ιοτυηιιεεὶῑὶιτ.
2340 4498 2412 4555 Et
2441 4499 2538 4571 qui
2573 4496 2909 4569 proposuisti
2942 4494 3150 4552 Christi
3170 4494 3253 4551 tui
3280 4494 3461 4551 virtu-

1873 4604 1983 4652 tem
2006 4593 2315 4662 ostendere,
2342 4591 2588 4664 probasti
2615 4589 2894 4645 hominem
2928 4586 2996 4643 ad
3035 4585 3264 4659 gloriam
3309 4585 3464 4641 nullo

1874 4685 2042 4743 modo
2057 4684 2359 4757 pervenire.
2364 4680 2508 4753 ﬂeo.
2528 4680 2646 4738 Hoc
2665 4679 2884 4736 mollior
2906 4686 2967 4735 ut
2987 4678 3212 4750 probem
3233 4678 3332 4734 tibi
3350 4693 3458 4732 non
3486 4680 3494 4695 ‘

1874 4777 2057 4835 solum
2076 4790 2244 4848 posse
2266 4816 2283 4844 ,
2307 4774 2403 4831 sed
2429 4781 2486 4830 et
2510 4770 2883 4829 necessarium
2915 4782 3041 4827 esse
3065 4770 3343 4826 hominem
3391 4767 3461 4822 ad
3490 4788 3491 4791 η

1877 4868 2111 4940 gloriam
2155 4866 2477 4938 angelorum
2520 4862 2823 4935 pervenire.
2867 4862 3026 4930 Quod
3069 4877 3196 4918 eum
3238 4859 3489 4916 Christo‘

1877 4961 2172 5032 adiuvante
2211 4957 2394 5015 fecero
2419 4999 2436 5026 ,
2464 4971 2659 5028 precor
2685 4965 2747 5011 ut
2767 4956 2959 5012 relicto
2978 4968 3164 5012 errore
3190 4951 3461 5009 Christia-

1879 5067 1987 5109 nus
2007 5051 2129 5108 tias.
2162 5050 2297 5107 Leo.
2327 5047 2444 5106 Hoc
2467 5048 2683 5105 dimitte
2704 5087 2720 5115 ,
2751 5052 2806 5103 et
2829 5045 2978 5118 quod
3017 5041 3293 5115 promittis
3330 5055 3465 5112 pro-

1880 5157 2130 5216 sequere.
2156 5140 2295 5200 One.
2324 5138 2616 5199 Constabit
2642 5138 2871 5212 gloriam
2898 5134 3138 5192 hominis
3163 5147 3288 5189 esse
3324 5148 3460 5204 pos-
3486 5124 3497 5173 ῗ

1878 5233 2095 5291 sibilem
2113 5273 2131 5302 ,
2156 5233 2204 5290 si
2233 5231 2455 5305 probari
2495 5229 2672 5302 possit
2696 5241 2821 5285 esse
2862 5222 3233 5280 necessariam
3259 5236 3293 5290 ;-'
3326 5236 3457 5277 nam

1877 5324 2028 5397 quod
2060 5323 2434 5382 necessarium
2461 5331 2544 5379 est
2567 5335 2695 5378 esse
2714 5360 2731 5387 ,
2759 5314 3022 5389 possibile
3042 5324 3128 5371 est
3148 5328 3292 5372 esse.
3317 5311 3452 5371 Leo.

1877 5417 1955 5476 ιω
1983 5424 2087 5475 est.
2119 5414 2255 5475 One.
2283 5415 2461 5472 Credo
2486 5457 2500 5482 ,
2522 5428 2633 5469 non
2658 5409 2885 5483 negabis
2914 5423 3106 5465 verum
3138 5421 3264 5465 esse
3306 5404 3501 5478 quod-'

1877 5511 1947 5568 de
2000 5509 2112 5566 Deo
2152 5506 2352 5581 legitur
2392 5506 2446 5561 in
2474 5503 2661 5560 multis
2708 5500 2845 5558 locis
2885 5499 3184 5572 Scriptura:
3213 5505 3410 5556 vestra
3435 5514 3454 5553 :

1884 5601 2077 5658 Omnia
2099 5613 2419 5672 quiscunque
2441 5596 2604 5651 voluit
2621 5594 2746 5664 fecit
2768 5591 2942 5662 (Paul.
3016 5591 3187 5661 cxm,‘
3205 5588 3451 5659 cxxxtv).
3490 5604 3496 5609 ·

1879 5690 2010 5747 Leo.
2050 5688 2409 5746 Verissimum
2441 5692 2544 5741 est.
2574 5682 2709 5740 Ooo.
2748 5680 2933 5739 Voluit
2954 5682 3136 5739 autem
3162 5679 3335 5736 ‘Deus'
3365 5677 3477 5734 ἵησι

1878 5796 2001 5840 cere
2024 5782 2299 5839 civitatem
2330 5780 2604 5837 caries-tem
2630 5819 2644 5847 ,
2675 5775 2836 5849 cujus
2865 5775 3009 5832 cives
3037 5772 3260 5844 angelos
3294 5785 3450 5828 crea-
