3946 6306
479 361 646 424 Λώτ

1568 348 1579 357 ’
1676 356 1736 412 Β.
1790 347 2042 423 OMNIS
2076 348 2578 414 CAMER.-EPISC.

3612 317 3721 395 nos

480 476 600 544 ,vit,
625 470 833 530 Omnes
860 468 1293 539 autemangelos'
1316 466 1499 523 bonus
1537 464 1683 523 Deus
1729 481 1841 523 non
1864 468 2083 523 ereavit
2112 473 2153 529 Α
2178 466 2321 522 vero
2337 465 2517 531 debet,
2558 463 2653 520 sed
2712 475 2821 518 non
2876 465 3084 530 potest;
3142 455 3264 512 ideo
3303 466 3521 510 necesse
3564 460 3638 510 est
3677 464 3722 514 ut

482 564 613 634 ,nisi
650 564 830 631 honos
857 604 872 628 ,
903 578 935 618 a
964 577 1074 633 qua
1099 560 1321 617 civitate
1346 559 1497 631 juste
1544 567 1673 615 sunt
1720 558 1916 631 dejecti
1940 599 1955 626 ,
1988 560 2084 630 qui

480 672 739 729 .nequam
763 663 895 723 sunt
921 653 1071 711 facti.
1094 652 1330 709 Civitate
1359 664 1489 723 ergo
1516 667 1582 707 ex
1616 660 1770 722 parte
1806 656 2037 708 vacuata
2066 693 2082 720 ,

488 748 885 821 imperfectum
929 745 1197 803 remansit
1241 761 1382 817 opus
1424 744 1571 815 quod
1629 752 1871 815 cmperat
1917 742 2081 819 Deus.

483 841 856 913 .Propositum
883 854 1020 899 vero
1047 838 1145 894 Dei
1170 852 1284 894 non
1306 844 1489 908 potest
1513 835 1725 893 cassari
1749 877 1764 902 ,
1789 843 1845 892 et
1890 834 2084 891 civitas

484 950 672 1005 .quam
698 931 1113 1005 cmperat;Deus
1133 972 1150 1001 ,
1179 944 1404 987 necesse
1427 937 1514 987 est
1536 938 1599 986 ut
1631 928 1969 1000 perficiatur,
2018 941 2086 983 ne

487 1027 648 1085 Deus
676 1027 893 1088 dicatur
918 1023 1516 1095 stultecmpissequod
1544 1030 1736 1094 postea
1783 1022 1960 1078 noluit
2001 1021 2087 1075 vel

500 1137 617 1177 non
638 1110 829 1191 potuit
861 1119 1138 1191 perﬁcere.
1182 1116 1291 1174 Sed
1329 1116 1487 1173 nefas
1538 1125 1624 1173 est
1665 1117 1941 1173 ascribere
1972 1114 2087 1171 Deo

492 1212 931 1271 .mtabilitatens
982 1209 1285 1266 voluntatis
1306 1250 1330 1279 ,
1352 1209 1439 1267 vel
1494 1208 1896 1280 impotentiam.
1942 1206 2087 1279 Ergo

502 1304 659 1376 quod
695 1301 862 1380 cepit
883 1343 899 1367 ,
929 1301 1175 1372 perﬁciet
1226 1300 1389 1357 Deus.
1420 1298 1594 1363 .Fecit
1629 1314 1759 1369 ergo
1809 1296 2088 1353 hominem

492 1408 559 1454 .et
588 1397 737 1454 dedit
759 1394 1229 1467 propagationem,
1246 1400 1307 1448 ut
1326 1392 1626 1462 inemptum
1655 1388 1954 1459 perﬁceret.
1977 1385 2087 1441 Ne-

504 1506 671 1549 cesse.
692 1498 777 1546 est
810 1489 978 1560 igitur
1004 1495 1066 1542 ut
1093 1486 1164 1541 de
1192 1483 1416 1541 homine
1436 1482 1780 1555 propositum
1825 1479 1922 1535 Dei
1970 1477 2084 1535 fiat.

500 1584 703 1643 Munia
727 1582 875 1638 enim
898 1595 1226 1651 “aruaque
1253 1576 1448 1646 voluit,
1483 1577 1628 1647 fecit.

497 1704 663 1787 Quod
694 1734 942 1774 numerus
981 1715 1218 1787 civitatis
1268 1713 1492 1787 cmlestis
1526 1709 1886 1787 perﬁciendaf’
1917 1696 2090 1777 major

670 1792 759 1845 “sit
777 1802 995 1844 numero
1022 1784 1328 1857 angelorum
1357 1786 1546 1855 prima:
1567 1781 1910 1837 conditionis.

504 1990 531 1995 η
580 1928 709 1985 Leo.
750 1927 890 1997 Quia
916 1941 1105 1986 sermo.
1135 1926 1333 1997 prima:
1377 1921 1709 1980 conditionis
1754 1935 1814 1976 se
1859 1917 2090 1984 intulit,

508 2042 703 2098 qumro
720 2041 790 2081 an
813 2041 1080 2081 numerus
1104 2038 1215 2095 quo
1244 2022 1375 2079 facti
1403 2029 1531 2095 sunt
1568 2019 1746 2092 angeli
1791 2016 2093 2075 sufﬁciebat

508 2118 746 2174 civitatis
772 2116 1095 2191 perfectioni
1146 2124 1441 2187 antequam
1488 2112 1663 2185 angeli
1700 2110 1893 2169 ﬁerent
1936 2107 2087 2164 mali.

507 2210 651 2267 Ooo.
676 2209 794 2267 Non
826 2210 1059 2275 videtur.
1097 2208 1155 2264 Si
1183 2208 1329 2264 enim
1352 2221 1619 2263 numerus
1643 2204 1961 2276 angelorum
1994 2200 2088 2272 qui

504 2301 641 2359 facti
687 2308 822 2357 sunt
860 2299 1133 2355 suﬁioeret
1178 2314 1280 2370 pro
1323 2296 1458 2353 solis
1489 2296 1577 2352 his
1597 2295 1697 2366 qui
1737 2293 2090 2358 ceciderunt,

507 2395 676 2449 homo
716 2392 925 2449 valeret
966 2399 1022 2447 et
1049 2391 1119 2446 de
1149 2405 1342 2455 eorum
1384 2404 1514 2444 casu
1552 2387 1812 2458 gauderet
1853 2398 2093 2455 quorum

508 2487 738 2558 gloriam
790 2493 1018 2549 teneret.
1065 2482 1141 2564 Et
1176 2498 1300 2538 cum
1346 2479 1577 2552 gloriam
1623 2478 1898 2534 caelestem
1931 2490 2096 2557 nemo

507 2550 621 2647 nisi
640 2578 827 2651 justus
853 2576 1021 2632 intret
1044 2557 1325 2646 quomodo
1349 2550 1536 2645 justus
1567 2571 1675 2628 erit
1701 2571 1797 2641 qui
1844 2571 1912 2626 de
1937 2550 2097 2625 alte;

506 2672 629 2739 rius
650 2656 879 2742 peccato
902 2666 1195 2740 gaudebit?
1217 2666 1344 2723 ldeo
1368 2665 1606 2722 dicimus
1628 2662 1772 2735 apud
1787 2660 1959 2717 Deum
1974 2674 2099 2717 esse

2170 569 2430 629 utraeque
2457 564 2667 613 natura:
2704 551 3054 616 conveniant,
3084 556 3139 604 et
3181 546 3275 603 fiat
3317 545 3462 602 Deus
3498 546 3661 613 homo,
3681 557 3723 603 et

2178 666 2331 707 unus
2354 649 2516 706 Jesus
2536 647 2790 704 Christus
2815 644 2961 700 Deus
2990 649 3048 715 et
3080 642 3269 706 homo,
3293 654 3402 694 non
3432 635 3563 692 alius
3591 636 3721 704 Deus,

2182 752 2241 800 et
2266 743 2409 799 alius
2435 743 2623 806 homo,
2650 739 2747 795 sed
2772 746 2919 794 totus
2942 733 3208 807 quidquid
3234 741 3349 798 est;
3372 731 3532 786 homo
3548 736 3619 784 est
3640 743 3724 782 nm

2187 835 2511 893 confusione
2556 835 2900 897 naturarum,
2945 827 3106 898 quasi
3161 825 3330 881 altera
3369 833 3643 877 evacuetur
3684 821 3725 875 in

2181 921 2440 992 alteram,
2469 924 2564 981 sed
2601 923 2893 992 utriusque
2921 925 3133 974 natura:
3182 914 3512 987 proprietate
3560 912 3725 983 integra

2180 1026 2543 1092 permanente
2594 1017 2652 1072 in
2693 1030 2806 1072 una
2865 1027 2996 1069 vera
3039 1024 3296 1082 persona.
3344 1001 3441 1063 Est
3465 1020 3586 1077 ergo
3606 1003 3729 1059 Jesas

2180 1112 2446 1169 Christus
2465 1124 2576 1166 non
2600 1109 2733 1175 duo,
2770 1104 2867 1162 sed
2894 1094 3043 1161 unus
3066 1100 3295 1159 omnino
3324 1105 3383 1156 et
3429 1097 3669 1153 indivisus
3688 1096 3730 1150 in

2184 1219 2443 1278 persona.
2481 1201 2587 1271 Qui
2609 1217 2674 1258 ex
2703 1215 2770 1257 eo
2801 1198 2948 1270 quod
2976 1195 3329 1266 omnipotens
3362 1190 3509 1246 Deus
3533 1196 3626 1253 est,
3655 1202 3733 1258 pro

2185 1306 2412 1371 peccato
2439 1293 2755 1352 satisfacere
2773 1289 2980 1364 potest;
3004 1305 3073 1345 ex
3098 1303 3167 1344 eo
3194 1285 3343 1358 quod
3380 1284 3543 1340 homo
3570 1289 3643 1337 est
3663 1279 3736 1336 de-

2186 1391 2298 1457 bet,
2329 1396 2512 1461 p0test
2530 1396 2593 1444 ut
2619 1386 2789 1454 Deus,
2816 1384 2978 1441 debet
2997 1390 3061 1438 ut
3086 1382 3276 1437 homo.

2190 1501 2345 1569 Quod
2373 1500 2587 1558 Christo
2643 1499 2904 1570 pertineat
2953 1510 3049 1566 pro
3081 1499 3297 1570 peccata
3323 1487 3639 1558 satisfacere,
3672 1484 3738 1557 qui

2789 1584 2897 1625 non
2921 1565 3178 1637 peccavit.

2261 1664 2394 1719 Leo.
2427 1661 2715 1729 Quomodo
2764 1628 2945 1722 debet,
2987 1653 3242 1727 quamvis
3286 1651 3361 1708 sit
3401 1628 3584 1721 homo,
3622 1660 3739 1711 cum,

2190 1757 2334 1815 sicut
2356 1753 2558 1819 dicitis,
2586 1767 2695 1808 non
2735 1760 2819 1806 est
2842 1757 3099 1820 peccator
3123 1744 3323 1802 homo?
3348 1736 3485 1799 Oed.
3523 1739 3743 1809 Compas-

2082 1872 2085 1876 ·
2121 1840 2161 1868 ⁸³
2192 1849 2347 1905 sione
2374 1855 2430 1903 et
2471 1842 2877 1908 misericordia;
2921 1840 3053 1911 quia
3094 1853 3204 1892 non
3249 1844 3566 1907 poteramus
3592 1843 3744 1885 emen-

2189 1941 2322 1999 dare
2360 1947 2668 2011 peccatum,
2714 1933 3029 1992 emendavit
3055 1932 3171 2002 ipse
3210 1944 3311 1999 pro
3372 1925 3553 1991 nobis,
3596 1930 3745 1991 utpote

2190 2032 2360 2088 frater
2383 2036 2484 2101 pro
2512 2027 2799 2094 fratribus,
2834 2032 2890 2082 et
2918 2023 3166 2095 ejusdem
3222 2030 3438 2076 natura:
3480 2014 3744 2077 nobiscum,

2190 2125 2327 2181 nulli
2354 2122 2501 2180 enim
2545 2130 2633 2178 est
2661 2120 2902 2176 alienum
2942 2132 3059 2173 suae
3104 2121 3316 2170 natura:
3357 2105 3747 2167 eondescendur

2191 2227 2248 2277 et
2271 2232 2374 2289 pro
2392 2216 2482 2271 his
2503 2214 2601 2284 qui
2625 2227 2743 2269 sua:
2771 2218 2985 2289 naturae
3016 2214 3149 2264 sunt
3164 2203 3509 2262 satisfacere.
3531 2197 3746 2289 Indepm

2192 2288 2476 2367 identitate
2517 2305 2729 2363 scilicet
2768 2288 2980 2359 naturae
3024 2306 3216 2355 nostra
3256 2304 3486 2368 peccata
3535 2288 3748 2362 portavit,

2192 2416 2294 2473 pro
2312 2399 2553 2473 peccatis
2596 2397 2807 2454 nostris
2840 2394 3030 2466 plagas
3073 2399 3129 2446 et
3161 2397 3399 2445 mortem
3454 2390 3638 2457 sponte
3679 2395 3752 2435 su-

2195 2492 2412 2548 stinens
2434 2504 2559 2560 quae
2577 2504 2689 2544 non
2713 2486 2984 2557 debebat;
3016 2496 3126 2539 non
3154 2480 3304 2537 enim
3339 2477 3473 2533 talia
3499 2481 3750 2532 meruerat.

2193 2582 2374 2639 Carne
2402 2590 2457 2637 et
2491 2577 2759 2651 sanguine
2803 2589 2908 2632 suo
2944 2589 3047 2630 nos
3092 2569 3288 2642 pascit,
3327 2577 3392 2623 ut
3421 2582 3526 2622 nos
3565 2576 3753 2620 concor-

2195 2685 2352 2746 poret
2378 2687 2565 2730 secum
2581 2713 2597 2739 ,
2632 2678 2698 2727 ut
2721 2676 2777 2725 et
2804 2683 2909 2723 nos
2947 2666 3124 2723 simus
3165 2663 3289 2734 ipse
3318 2670 3377 2716 et
3405 2660 3530 2730 ipse
3552 2655 3620 2713 sit
3640 2668 3754 2709 unus

505 2778 810 2831 numerum
855 2759 1202 2832 perﬁcienda:
1253 2757 1494 2814 civitatis
1541 2756 1807 2826 majorem
1864 2767 2091 2811 numero

2199 2765 2512 2822 nobiscum.
2550 2763 2679 2819 ideo
2699 2768 2924 2817 nostras
2948 2755 3202 2813 miserias
3224 2768 3358 2809 suas
3388 2751 3541 2816 facit,
3570 2756 3754 2820 peccata

508 2854 830 2926 angelorum
859 2851 1050 2924 prima:
1087 2849 1458 2916 conditionis;
1508 2847 1794 2903 hominem
1845 2861 1978 2902 vero
2022 2847 2091 2902 ita

2198 2866 2391 2916 nostra
2417 2856 2523 2913 sibi
2554 2853 2802 2920 ascribit,
2832 2863 3114 2908 sermones
3139 2854 3375 2903 nostros
3395 2844 3456 2899 in
3482 2856 3629 2899 suam
3659 2852 3755 2909 per-

507 2944 718 3023 factum
752 2951 834 3012 ut,
869 2943 917 3029 si
940 2956 1132 3013 omnes
1165 2940 1345 3012 angeli
1367 2940 1424 2998 in
1468 2939 1683 3011 iustitia
1725 2938 2091 3005 mansissent,

2200 2965 2395 3007 sonam
2444 2946 2708 3005 transfert
2754 2947 2811 3001 in
2840 2944 3078 3001 Psalmis
3119 2949 3177 2998 et
3214 2937 3525 3029 prophetis,
3572 2942 3627 2989 ut
3663 2930 3754 2986 ibi:

516 3036 586 3091 de
613 3034 837 3090 homine
879 3025 1058 3089 fuerat
1077 3032 1316 3089 civitatis
1362 3031 1695 3101 residuum;
1738 3031 1789 3091 si
1835 3046 1974 3089 vero
2003 3029 2106 3091 des
2200 3040 2366 3108 Deus,
2391 3039 2536 3096 Dm
2559 3053 2728 3105 ms,
2750 3049 3023 3106 quaram
3047 3029 3382 3102 derctiqsisti
3400 3029 3427 3083 .9
3462 3025 3672 3097 Longus
3688 3036 3757 3075 ss-

508 3125 786 3201 fluerent,
811 3124 880 3184 de
908 3123 1134 3180 homine
1150 3122 1517 3195 perficeretur
1542 3129 1741 3179 totum.
1920 3160 1925 3163 -
1955 3142 1961 3149 ·

2203 3133 2316 3188 tute
2341 3148 2478 3200 mea,
2510 3129 2666 3187 verba
2685 3128 3003 3184 delictorum
3032 3139 3269 3179 meorum
3296 3119 3483 3192 (Psal.
3510 3114 3638 3186 xxi),
3656 3126 3757 3232 suum

2205 3225 2261 3282 in
2282 3239 2517 3297 persona
2559 3239 2662 3281 sua
2706 3236 2810 3278 nec
2839 3236 2872 3275 a
2901 3218 3016 3274 Deo
3040 3215 3335 3273 derelictus
3373 3219 3515 3278 erat,
3557 3223 3648 3264 nec
3687 3203 3759 3260 illa

2203 3318 2400 3377 delicta
2445 3316 2702 3383 habebat,
2746 3313 2864 3381 sed,
2900 3309 3031 3383 quia
3070 3323 3175 3364 nos
3222 3310 3447 3378 reputat
3478 3304 3535 3360 in
3578 3316 3649 3367 se,
3679 3299 3761 3353 hoc

2204 3411 2355 3484 quod
2375 3425 2481 3466 nos
2507 3408 2777 3465 habemus
2796 3403 2933 3462 dicit
2968 3403 3039 3460 de
3068 3416 3148 3459 se.
3714 3427 3725 3435 ο

2206 3522 2362 3590 Quod
2399 3499 2577 3577 notuit
2607 3520 2740 3575 dare
2772 3518 3018 3576 Christus
3061 3531 3159 3587 pro
3186 3522 3404 3588 peccato
3446 3509 3612 3580 majus
3631 3518 3758 3579 quas!

2226 3636 2231 3643 ι
2592 3626 2595 3631 ν
2709 3592 2781 3646 sit
2810 3606 2963 3646 omne
2990 3594 3286 3659 peccatum.

2276 3685 2405 3742 Leo.
2435 3682 2726 3752 Quomodo
2764 3678 3037 3737 satisfacit
3070 3691 3173 3749 pro
3213 3673 3479 3731 homine?
3517 3664 3760 3737 Quomodo

2202 3785 2487 3851 peccatum
2508 3774 2750 3831 hominis
2769 3769 3226 3842 recompensavit,
3236 3782 3340 3839 pro
3352 3780 3479 3838 quo
3492 3771 3760 3820 totusmlll-

2203 3869 2452 3926 dus"non
2497 3866 2738 3924 sufﬁcit?
2773 3863 2910 3920 Ooo.
2940 3860 3098 3919 Dedit
3128 3859 3394 3932 pretium,
3412 3856 3590 3911 vitam
3614 3863 3758 3912 suam,

2202 3962 2468 4023 sustinuit
2484 3961 2739 4025 mortem,
2766 3956 3064 4013 indebitam
3090 3966 3335 4025 poenam.
3354 3946 3494 4006 Leo.
3517 3940 3760 4014 Quomodo

2201 4054 2315 4109 vita
2336 4062 2392 4110 ct
2419 4068 2573 4110 mors
2593 4050 2835 4109 hominis
2862 4048 3031 4105 unius
3071 4050 3464 4115 recompensat
3497 4044 3757 4113 peccatum.

2203 4147 2293 4203 cui
2322 4161 2437 4201 non
2465 4143 2666 4201 sumsit
2684 4149 2833 4197 totus
2850 4137 3127 4195 mundus?
3146 4133 3284 4191 Ουο.
3304 4127 3437 4188 Non
3463 4140 3609 4204 petes
3630 4140 3760 4195 nega-

2204 4253 2264 4292 re
2282 4236 2412 4307 quia
2435 4250 2547 4291 non
2569 4242 2750 4306 potest
2763 4230 2972 4303 aliquid
2988 4226 3295 4299 comparari
3316 4224 3451 4290 Deo,
3479 4222 3570 4279 sed
3590 4220 3760 4275 incolu—

526 3280 533 3293 '
583 3263 736 3330 Quod
765 3260 913 3318 solus
948 3263 1091 3316 Deus
1117 3259 1432 3330 satisfacere
1466 3275 1561 3330 pro
1597 3264 1816 3330 peccato
1839 3266 2029 3330 potest.

536 3460 537 3463 η
585 3397 719 3455 Leo.
760 3394 821 3451 Si
870 3396 968 3452 Dei
1001 3395 1343 3467 propositum
1375 3410 1485 3452 non
1534 3403 1714 3467 potest
1739 3393 1976 3467 cassari,
2007 3408 2107 3449 ne-

510 3504 668 3565 cesse
688 3497 776 3545 est
800 3485 1168 3565 hominemin
1191 3487 1421 3560 gloriam
1451 3489 1775 3561 angelorum
1792 3485 2104 3560 transferri,

509 3582 658 3640 Deus
695 3591 878 3643 autem
907 3581 1255 3665 omnipotens
1279 3589 1386 3644 est,
1420 3597 1552 3654 ergo
1589 3597 1755 3637 omne
1781 3582 1929 3654 quod
1970 3596 2105 3652 pro-

508 3677 705 3749 posuit,
722 3683 921 3748 potest,
953 3690 1180 3747 necesse
1212 3682 1299 3731 est
1320 3690 1453 3747 ergo
1479 3674 1758 3731 hominem
1783 3674 1838 3729 in
1871 3673 2105 3746 gloriam

509 3769 826 3839 transferri,
867 3768 962 3825 sed
986 3766 1542 3839 superiusdisputata
1566 3754 1802 3838 probant
1831 3780 1954 3822 esse
2001 3764 2107 3820 im-

453 3904 462 3919 .
507 3858 1111 3932 possibilgﬂuomodo
1168 3873 1300 3929 ergo
1342 3873 1568 3915 necesse
1608 3865 1695 3913 est
1719 3840 1866 3928 quod
1899 3856 2107 3926 impos-

508 3954 668 4016 sibile
709 3961 795 4009 est
839 3953 997 4015 esse?
1044 3950 1178 4018 Quae
1209 3960 1294 4007 est
1340 3959 1492 4019 tanta
1534 3948 1809 4004 rationum
1845 3936 2102 4003 varietas.

507 4045 649 4105 Cum
689 4045 1030 4118 propositum
1062 4042 1158 4098 Dei
1203 4041 1458 4112 respicio,
1515 4054 1740 4096 necesse
1779 4047 1864 4097 est
1884 4039 1938 4094 in
1988 4040 2106 4110 glo-

507 4140 651 4196 riam
678 4144 925 4208 transeat
951 4136 1149 4198 homo;
1176 4149 1303 4189 cum
1334 4131 1575 4188 hominis
1598 4130 1893 4188 considero
1926 4131 2099 4202 impo-

497 4229 745 4310 tentiam.
762 4237 819 4283 et
849 4225 951 4284 Dei~
966 4223 1260 4295 justitiam,
1283 4223 1515 4281 omnino
1533 4210 1619 4278 est
1642 4221 1977 4292 impossibile
2000 4223 2103 4278 ho-

510 4318 717 4379 minem
742 4317 811 4374 ad
849 4316 1081 4406 gloriam
1105 4314 1313 4385 νθηίιᾬο
1347 4313 1489 4383 Quid
1542 4314 1736 4406 Ψθείεί
1757 4315 2111 4406 70°11‘73me
2201 4326 2715 4399 parabiliteromnia
2739 4328 2964 4393 superat
2983 4317 3458 4376 Deus.Peccatum
3470 4312 3758 4386 ergoimm-

510 4428 680 4485 (ιιωω
733 4404 1071 4484 impossibili,
1087 4407 1504 4467 necessarium?
1554 4404 1690 4464 οθοο
1727 4405 1920 4489 Veni“
1943 4406 2105 4462 (Πιτί-
2203 4435 2335 4475 num
2359 4417 2668 4489 comparari
2694 4415 2808 4471 Deo
2819 4429 2925 4470 non
2938 4409 3288 4484 potest,quia
3312 4406 3464 4464 Deus
3491 4405 3649 4461 multo
3669 4415 3760 4455 ma-

507 4512 630 4568 stus
658 4511 865 4571 noster,
904 4501 1106 4569 veniat,
1144 4510 1201 4557 et
1246 4501 1388 4557 hanc
1423 4498 1870 4557 contrarietatem
1900 4497 2091 4573 dissol—

2205 4511 2289 4583 gis
2315 4518 2403 4568 est
2432 4510 2616 4567 bonus
2642 4523 2807 4580 quam
2835 4514 3121 4578 peccatum
3148 4503 3223 4559 sit
3240 4501 3475 4557 malum.
3498 4497 3628 4554 cum
3656 4505 3760 4561 ergo

507 4600 635 4667 vat.
670 4591 803 4651 Lno.
851 4590 1172 4661 Quomodo?
1200 4588 1335 4647 Ooo.
1374 4589 1539 4658 Audi,
1584 4588 1634 4645 si
1672 4589 1814 4667 bene
1841 4587 2091 4660 supernis

2210 4603 2357 4661 Deus
2379 4602 2529 4660 dedit
2551 4603 2719 4658 vitam
2753 4615 2933 4665 suam,
2967 4597 3204 4670 pretium
3227 4595 3378 4651 dedit
3404 4591 3555 4664 quod
3577 4590 3757 4657 supcrat

508 4683 912 4755 comprehensa
969 4683 1185 4750 incolis,
1221 4684 1340 4740 sola
1370 4698 1471 4754 pro
1524 4691 1751 4754 peccato
1800 4680 2105 4739 satisfactio
2209 4710 2373 4751 omne
2391 4678 2826 4766 ρθοωιηωλιδο
2851 4688 3169 4762 υιιειίυω,εῑ
3191 4683 3544 4743 solummodo
3560 4678 3757 4750 tequipr

510 4777 744 4846 gloriam
774 4775 1004 4878 impedit
1039 4774 1302 4835 hominis.
1333 4773 1471 4831 Nam
1519 4774 1570 4832 si
1600 4787 1808 4845 posset
1833 4789 1936 4847 pro
1973 4790 2091 4846 pce

2210 4795 2359 4844 raret
2384 4776 2671 4857 peccatum
2695 4826 2712 4851 ,
2749 4782 3032 4840 sufficeret
3052 4780 3122 4837 ad
3137 4778 3453 4836 delendum.
3492 4773 3638 4829 Nunc

511 4876 636 4939 cato
684 4864 1024 4931 εειίδίθεθνθν
1078 4874 1266 4936 Ρθεεθῐ
1310 4867 1499 4938 ιιιίίιιιθ
1548 4867 1615 4933 ad
1651 4867 1882 4937 διονίαιη
1912 4883 2104 4937 Ρεννθ·
2211 4896 2338 4936 cum
2375 4856 2552 4934 multo
2572 4876 2981 4949 praeponderet,
3006 4872 3184 4944 magis
3215 4868 3509 4925 satisfacit.
3538 4865 3691 4919 Porro
3718 4856 3753 4910 si

508 4959 649 5025 nire,
674 4958 770 5016 sed
795 4958 962 5013 homo
985 4972 1093 5012 non
1117 4965 1311 5027 potest.
1332 4957 1473 5026 Quid
1502 4960 1664 5031 ergo?
1684 4958 1853 5016 Estne
1879 4961 2130 5019 omnino.
2211 4971 2323 5026 vita
2358 4970 2455 5027 Dei
2492 4968 2752 5026 omnibus
2800 4975 2884 5023 est
2926 4964 3140 5030 melior,
3171 4971 3226 5017 et
3253 4976 3408 5016 mors
3435 4969 3518 5015 est
3545 4952 3759 5012 omnibus

525 5049 847 5120 "JPOSSihile
888 5049 1037 5121 (μιοά
1078 5049 1255 5137 ho!”
1289 5065 1400 5121 llo“
1434 5051 1664 5121 -Ροιθθιῖ
1722 5049 1915 5115 Nonne
1962 5051 2129 5112 Deus.
2220 5061 2376 5133 pejor
2415 5058 2549 5131 quia
2588 5072 2818 5114 necesse
2846 5065 2935 5111 est
2984 5063 3047 5110 ut
3070 5053 3233 5124 cujus
3267 5052 3551 5124 generatio
3581 5046 3754 5103 melior.

508 5148 691 5211 βρίθει
714 5238 728 5245 Δ
980 5141 1155 5245 ξιοωο
1185 5157 1319 5245 3101)
1647 5143 1905 5214 Alioquin
1961 5143 2111 5245 netis
2215 5154 2335 5224 ejus
2358 5152 2431 5209 sit
2468 5150 2752 5221 corruptio
2800 5148 2974 5220 pejor.
3008 5144 3117 5202 Sed
3143 5146 3257 5200 vita
3297 5143 3505 5200 Christi
3534 5142 3663 5197 bona
3693 5140 3758 5190 est

509 5248 627 5309 ιῳιι
646 5238 737 5289 est
761 5233 1146 5305 omnipotens;
1183 5231 1328 5305 Deus
1356 5233 1522 5305 igitur
1550 5249 1650 5305 pro
1693 5243 1915 5305 peccato
1944 5236 2091 5290 satis-

2216 5260 2382 5315 super
2407 5243 2595 5299 omnia
2619 5283 2635 5308 ,
2680 5256 2833 5297 mors
2864 5255 2997 5312 ergo
3020 5238 3142 5310 ejus
3185 5238 3330 5293 mala
3359 5245 3447 5292 est
3471 5235 3606 5289 ultra
3627 5240 3755 5285 omne

509 5325 693 5402 facere
721 5332 921 5399 potest.
946 5324 1078 5381 Leo.
1122 5323 1411 5392 Quomodo
1461 5325 1607 5381 Deus
1659 5324 1979 5392 satisfaciet,
2033 5326 2102 5382 ad
2130 5362 2135 5365 »
2214 5344 2518 5405 pacatum.
2549 5333 2782 5401 Quando
2802 5332 2970 5404 igitur
3002 5329 3266 5386 Christus
3300 5342 3499 5399 passus
3526 5333 3607 5382 est
3635 5332 3753 5377 mor-

510 5431 681 5505 (ιιιφιιι
707 5430 816 5487 n9“
842 5416 1107 5486 Ρθηίιιθιῖ
1130 5414 1419 5487 ρυοωοάο
1461 5416 1567 5505 qui,
1584 5432 1695 5472 ηοιι
1723 5418 1971 5487 Peccavit
2003 5433 2107 5488 DI‘O
2213 5434 2344 5492 tem,
2376 5418 2613 5496 portavit
2638 5437 2857 5494 poenam
2882 5424 3060 5493 super
3077 5434 3244 5475 omne
3267 5420 3573 5490 peceatum,
3593 5420 3751 5468 etins-

511 5504 740 5585 peccato
762 5505 1383 5582 satisfaciet‘iPeccator
1412 5504 1729 5562 satisfacere
1752 5506 1934 5574 debet,
1958 5507 2104 5588 Deus
2205 5518 2385 5588 jmm
2409 5532 2579 5588 quam
2618 5512 2898 5572 mereatur
2936 5527 3101 5569 omne
3130 5519 3439 5583 peccatum.
3470 5505 3632 5563 Solvit
3649 5512 3752 5569 ergo

515 5614 623 5677 non
646 5598 832 5659 debet.
852 5597 989 5657 ODO.
1019 5597 1161 5665 Quia
1205 5614 1434 5668 necesse
1458 5606 1546 5654 est
1589 5597 1866 5653 hominem
1894 5586 2092 5669 ad'glo’
2210 5586 2384 5662 totum
2417 5586 2705 5676 peccatum
2736 5602 2947 5661 Zmundi
2972 5602 3070 5674 qui
3099 5610 3156 5657 ει
3188 5600 3456 5671 majorem
3484 5608 3665 5670 passus
3683 5594 3755 5643 est

514 5692 653 5750 riam
679 5691 865 5746 venire
887 5691 1033 5763 quod
1074 5691 1192 5746 sine
1227 5691 1598 5747 satisfactione
1630 5704 1739 5747 non
1772 5696 1974 5759 potest,
2011 5707 2105 5747 sa-
2206 5713 2450 5768 pmnam,
2484 5697 2653 5754 idest
2670 5706 2925 5762 mortem,
2943 5704 2998 5751 et
3018 5694 3200 5763 majus
3219 5693 3454 5764 pretium
3479 5690 3634 5751 dedit,
3662 5680 3749 5740 sci-

516 5779 768 5841 tisfacere
818 5796 946 5837 vero
997 5780 1140 5836 Deus
1178 5789 1373 5857 potest,
1412 5782 1507 5836 sed
1556 5796 1666 5843 non
1708 5779 1900 5849 debet;
1939 5780 2106 5839 homo
2206 5786 2334 5844 licet
2354 5787 2523 5851 vitam
2548 5803 2726 5853 suam,
2758 5801 2935 5857 quam
2956 5785 3027 5840 sit
3060 5791 3348 5857 peccatum
3380 5781 3543 5839 totius
3565 5772 3743 5834 mundi».
