3946 6306
219 302 346 360 HO‘l

1301 286 1714 358 Dl'SPUTATlO
1747 294 2029 360 CONTRA
2060 291 2385 353 JUDASUM.

3277 286 3294 344 -ἰ
3327 303 3473 361 mo

156 474 162 479 ,
216 415 316 470 Iste
338 418 422 467 est
449 425 624 481 agnus
651 406 746 482 qui
784 407 924 466 tollit
967 415 1258 480 peccatum
1299 410 1487 467 mundi
1514 412 1695 487 (loan.
1718 413 1780 484 ι).
1813 413 1860 471 Δ
1887 412 2006 468 suis
2030 453 2044 479 ,
2082 409 2234 465 illum
2290 422 2420 464 vero
2455 406 2628 480 gratia
2675 421 2816 463 mea.
2868 406 3130 466 Similiter
3182 411 3320 470 forte
3351 417 3464 487 pati

211 505 331 561 Haec
357 512 439 560 est
464 502 664 572 hostia,
688 518 811 574 quae
835 503 1003 560 semel
1033 503 1213 558 oblata
1229 501 1507 575 justorum
1532 506 1780 562 omnium

211 603 428 671 peccata
456 591 629 660 delet,
677 603 732 650 et
771 595 840 650 ab
869 594 1028 651 initio
1057 597 1352 666 praeterita,
1378 608 1430 652 et
1459 598 1746 669 praesentia
1763 641 1778 665 ,

149 753 156 759 ,
208 703 258 748 et
285 705 458 761 usque
482 690 546 743 ai
579 688 742 744 finem
774 686 978 743 futura.
1016 687 1143 745 Ilaec
1175 689 1352 746 hostia
1376 705 1436 746 se
1461 691 1778 747 misericor-

205 786 342 841 diter
367 781 528 838 nobis
559 780 743 848 tradit,
771 789 834 836 ut
857 796 980 852 quae
1004 797 1063 838 se
1088 797 1304 853 semper
1327 781 1486 838 offert
1511 781 1660 838 Patri
1681 798 1782 853 pro

203 874 363 931 nobis
391 873 448 928 in
465 871 624 939 coelo,
638 887 758 927 eam
768 869 972 943 jugiter
991 869 1140 927 Patri
1162 871 1534 927 sacriﬁcemus
1555 872 1610 926 in
1635 881 1780 928 terra

201 982 310 1021 non
341 971 576 1018 mortem
608 963 809 1036 iterum
862 961 1145 1017 inferendo
1172 1004 1186 1029 ,
1240 963 1336 1018 sed
1380 972 1610 1020 mortem
1660 964 1781 1034 ejus

153 1123 160 1127 ,
198 1054 546 1111 devotissime
580 1053 936 1115 memorando
985 1053 1041 1106 in
1097 1052 1476 1109 remissionem
1525 1062 1780 1124 peccato-

151 1217 156 1220 _
199 1161 356 1212 rum,
381 1153 495 1200 tam
543 1146 794 1200 vivorum
833 1160 1000 1216 quam
1037 1153 1401 1201 mortuorum.
1431 1145 1631 1213 Restat
1649 1164 1781 1219 ergo

129 1285 138 1292 .
197 1234 764 1305 utjustificationibus
794 1237 1159 1305 multimodis,
1199 1248 1422 1308 accepta
1455 1240 1782 1296 remissione

151 1309 160 1394 ’λ
193 1333 543 1395 peccatorum
561 1369 576 1394 ,
606 1335 751 1382 recta
772 1327 860 1382 via
893 1337 1184 1401 pergamus
1217 1329 1286 1384 ad
1308 1329 1536 1397 coelum,
1562 1339 1782 1400 peracta

185 1418 300 1488 jam
338 1418 719 1475 satisfactione
744 1420 950 1491 peccati
979 1437 1075 1490 per
1113 1419 1423 1490 Christum,
1456 1431 1517 1478 ut
1541 1424 1628 1480 his
1649 1423 1781 1480 solis

189 1509 366 1564 valeat
382 1509 693 1566 satisfactio
718 1511 919 1580 quibus
948 1498 1030 1567 est
1063 1527 1327 1568 concessa
1353 1513 1636 1580 remissio,
1686 1529 1780 1570 co-

150 1595 155 1610 "
187 1596 550 1668 operantibus
577 1601 693 1655 suis
715 1600 798 1654 vel
833 1601 1206 1671 proximorum
1246 1602 1474 1659 meritis.
1509 1602 1614 1670 Qui
1632 1604 1780 1660 enim

150 1685 157 1757 ξ
189 1688 577 1747 remissionem
603 1691 849 1762 accipere
868 1708 976 1748 non
999 1702 1197 1764 potest,
1219 1695 1270 1768 ci
1293 1694 1596 1751 satisfactio
1614 1696 1779 1752 Chri-

1881 502 2075 569 debeo,
2125 509 2222 557 aut
2261 501 2308 558 si
2361 499 2615 571 peccavi,
2662 499 2861 556 merito
2895 511 2990 557 aut
3019 502 3133 558 sola
3165 506 3336 574 gratia
3367 523 3466 578 pro

1883 593 2013 648 alio.
2043 590 2283 648 Proinde
2326 590 2644 648 satisfacere
2673 608 2774 663 pro
2796 602 3020 664 peccato
3053 593 3196 650 Deus
3228 612 3335 652 non
3367 599 3466 653 dc-

1882 685 2001 740 buit
2025 685 2242 752 merito,
2270 683 2399 755 quia
2423 699 2524 740 nec
2551 684 2669 755 ipse
2688 685 2890 740 meruit
2912 701 3008 756 per
3041 702 3198 742 suam
3226 689 3464 760 culpam,

1881 789 1984 830 nec
2028 775 2194 830 homo
2250 773 2454 829 meruit
2498 789 2596 846 per
2624 790 2782 830 suam
2811 775 3113 846 justitiam;
3146 779 3468 857 satisfacere

1883 874 2066 923 tamen
2088 867 2278 922 debuit
2327 882 2425 938 per
2453 868 2624 924 solam
2659 868 2912 939 gratiam.
2943 867 3130 940 Itaque
3151 856 3468 929 satisfacere

1881 974 1990 1015 non
2015 959 2203 1024 debuit
2225 958 2372 1015 Deus
2396 954 2581 1016 debito
2609 960 2818 1026 meriti,
2849 968 2904 1016 et
2939 961 3257 1019 satisfacere
3279 964 3468 1021 debuit

1878 1053 2064 1109 debito
2092 1053 2298 1125 gratiae.
2340 1051 2606 1123 Superius
2651 1067 2782 1124 ergo
2809 1069 2933 1109 cum
2978 1054 3182 1110 dictum
3215 1065 3300 1111 est
3335 1057 3468 1128 quia

1881 1142 2034 1199 solus
2080 1141 2227 1199 Deus
2270 1141 2585 1200 satisfacere
2621 1152 2864 1214 poterat,
2913 1145 3009 1200 sed
3059 1161 3167 1200 non
3206 1147 3467 1218 debebat,

1881 1235 2050 1290 homo
2069 1250 2200 1292 vero
2241 1251 2349 1291 non
2380 1245 2630 1306 poterat,
2659 1237 2752 1292 sed
2783 1252 2892 1292 non
2917 1237 3146 1294 debebat
3176 1240 3470 1313 utrobique

1879 1333 1964 1380 est
1992 1324 2405 1396 intelligendum
2429 1326 2610 1382 meriti
2631 1326 2874 1382 debitum
2895 1369 2910 1394 ,
2932 1329 3062 1398 quia
3097 1338 3152 1385 et
3187 1329 3330 1387 Deus
3354 1347 3468 1390 non

1880 1417 2111 1473 debebat
2139 1433 2208 1474 ex
2252 1417 2448 1474 merito
2472 1459 2488 1486 ,
2532 1427 2586 1474 et
2607 1437 2673 1475 ex
2697 1422 2893 1476 men‘to
2911 1421 3160 1488 debebat,
3186 1423 3372 1477 homo.
3403 1421 3472 1479 Et

1881 1522 2072 1563 verum
2094 1517 2178 1564 est
2209 1508 2316 1564 hoc
2342 1510 2530 1577 modo,
2559 1511 2691 1581 quia
2714 1526 2816 1582 pro
2842 1520 3065 1582 peccato
3097 1513 3338 1569 hominis
3379 1530 3472 1570 sa-

1881 1597 2135 1654 tisfacere
2183 1615 2290 1655 non
2319 1598 2480 1656 debet
2513 1599 2659 1657 Deus
2696 1601 2803 1657 nisi
2850 1603 2922 1658 sit
2966 1603 3150 1658 homo.
3175 1603 3312 1670 Quia
3339 1611 3472 1662 vero

1882 1691 2060 1747 factus
2087 1699 2173 1746 est
2191 1690 2337 1748 Deus
2358 1692 2545 1760 homo,
2575 1694 2832 1764 quamvis
2861 1686 3126 1750 ineffabili
3164 1696 3352 1774 gratiae
3398 1697 3473 1752 sit

185 1780 256 1834 sti
301 1781 443 1835 nihil
484 1782 723 1852 prodest.
767 1782 890 1838 Ideo
927 1784 1324 1864 beatiquorum
1372 1787 1608 1841 remissa:
1654 1794 1776 1840 sunt
1812 1767 1854 1822 Β
1879 1782 2297 1850 ascribendum,
2334 1791 2519 1840 tamen
2562 1783 2617 1840 in
2673 1783 3050 1842 satisfactione
3078 1788 3214 1844 satis
3259 1772 3470 1845 redolet

185 1872 502 1943 iniquitates
545 1872 718 1942 (Psal.
738 1873 915 1945 xui).
949 1873 1088 1930 Nam
1115 1876 1203 1932 cui
1231 1886 1514 1947 peccatum
1542 1879 1774 1934 dimitti-

186 1970 295 2029 tur,
336 1979 450 2019 non
502 1973 587 2020 est
626 1980 725 2020 cur
763 1980 793 2018 a
827 1981 994 2036 regno
1021 1965 1326 2034 differatur,
1357 1969 1579 2039 impleta
1605 1969 1772 2025 satis-

185 2052 424 2110 factione
448 2072 547 2127 per
573 2055 876 2112 Christum.
909 2055 1051 2128 Ergo
1091 2056 1346 2114 Christus
1361 2069 1548 2116 noster
1569 2061 1775 2118 mundo

183 2145 350 2203 nimis
399 2149 748 2205 necessarius
789 2158 900 2217 est,
939 2148 1059 2205 sine
1097 2165 1209 2220 quo
1245 2167 1354 2207 non
1394 2160 1574 2223 potest
1610 2153 1775 2209 homo

183 2237 368 2294 venire
395 2241 470 2295 ad
495 2242 724 2313 gloriam
751 2286 766 2311 ,
799 2230 905 2315 pro
947 2261 1056 2316 qua
1095 2242 1273 2300 factus
1299 2255 1401 2305 est.
1434 2244 1545 2301 Nec
1578 2246 1777 2302 sufficit

182 2331 237 2386 in
276 2332 395 2404 lege
427 2336 639 2405 peccati
673 2337 953 2406 remissio,
995 2339 1098 2395 nisi
1131 2337 1433 2394 satisfactio
1454 2338 1660 2395 Christi
1683 2355 1774 2395 se-

159 2423 410 2505 quatur
435 2426 494 2480 in
527 2426 835 2500 Evangelia.
859 2427 986 2485 Ideo
1007 2430 1260 2501 quamvis
1300 2439 1525 2501 peccata
1549 2430 1775 2486 dimissa

159 2514 294 2598 sint
323 2517 577 2590 antiquis
608 2521 856 2599 patribus
882 2529 936 2577 et
958 2522 1238 2599 prophetis
1261 2564 1277 2590 ,
1313 2531 1494 2577 tamen
1519 2523 1572 2578 in
1603 2523 1774 2594 gloria

181 2621 294 2662 non
324 2607 578 2678 fuerunt,
626 2597 800 2669 donec
835 2597 1152 2683 impleretur
1188 2612 1493 2670 satisfactio
1529 2614 1772 2692 peccati,

180 2715 278 2770 per
325 2703 647 2772 passionem
688 2701 914 2759 Christi.
948 2703 1082 2760 Lso.
1118 2703 1218 2761 Ubi
1255 2703 1674 2760 fuerunt?Ouo.
1714 2703 1775 2760 In

179 2790 322 2859 loco,
346 2791 522 2862 justis
551 2794 769 2864 quidem
800 2810 944 2854 nunc
967 2794 1228 2865 temporis
1252 2809 1518 2867 congruo,
1549 2810 1660 2850 non
1686 2803 1774 2850 ta-

183 2899 306 2939 men
338 2884 608 2956 glorioso.
632 2884 768 2964 an.
813 2885 1229 2962 Rationabiliter
1259 2888 1504 2958 loquenti
1534 2877 1776 2943 non-ba-

181 2975 283 3030 hco
313 2977 468 3047 quod
497 2977 893 3036 rationabiliter
921 2979 1198 3058 objiciam.
1235 2977 1360 3050 Non.
1378 2981 1540 3050 credo
1567 2989 1777 3048 tamen;

183 3082 276 3134 ne,
310 3068 620 3144 subtilitate
647 3070 942 3136 verborum
972 3080 1026 3128 et
1048 3072 1290 3128 versutia
1319 3071 1598 3143 deceptus,
1622 3088 1654 3128 a
1678 3072 1772 3129 fir—
1798 3117 1842 3144 ,,

179 3159 436 3216 missima
464 3160 759 3218 stabilitate
783 3171 986 3220 sancta:
1018 3164 1154 3236 legis
1183 3179 1527 3220 evanescam.

171 3247 174 3250 ’
437 3253 632 3308 Utrum
663 3257 839 3326 gratia
865 3258 965 3323 sit,
997 3258 1087 3312 ubi
1115 3266 1191 3312 est
1220 3259 1522 3313 necessitas.

249 3341 387 3400 Leo.
427 3343 536 3400 Sed
568 3363 691 3418 qua:
726 3348 896 3420 gratia
941 3347 1053 3404 Deo
1074 3358 1159 3405 est
1183 3350 1430 3406 habenda
1465 3365 1565 3421 pro
1589 3358 1770 3406 vestra

177 3436 380 3505 salute,
412 3439 461 3493 si
489 3439 556 3494 ad
579 3440 685 3496 hoc
703 3449 789 3497 cst
817 3428 1072 3498 inductus
1093 3443 1464 3499 necessitate?
1488 3442 1644 3498 Certe
1669 3448 1771 3498 hu-

177 3541 342 3582 mana
369 3529 550 3585 salute
572 3531 794 3603 indiget,
817 3532 872 3587 in
896 3548 1004 3604 qua
1034 3533 1210 3590 virtus
1233 3534 1318 3590 sui
1340 3533 1604 3605 propositi
1633 3549 1769 3604 pcn-

173 3619 286 3676 det.
314 3620 458 3678 Nam
487 3623 534 3680 si
557 3639 665 3679 non
691 3625 864 3680 salvat
893 3625 1202 3692 hominem,
1247 3626 1332 3682 sui
1363 3627 1628 3699 propositi
1666 3628 1770 3684 im-

175 3713 488 3785 potentiam
523 3716 762 3772 ostendit
795 3724 849 3771 et
891 3713 1203 3775 falsitatem.
1252 3714 1330 3771 Ne
1359 3733 1487 3789 ergo
1513 3716 1604 3772 fiat
1627 3717 1682 3772 in
1703 3733 1770 3774 co

176 3811 288 3858 tam
321 3822 588 3878 magnum
613 3807 1028 3876 inconveniens,
1073 3823 1299 3864 necesse
1329 3818 1412 3864 est
1435 3819 1771 3880 utprocuret

177 3894 486 3956 humanam
528 3899 780 3955 salutem.
826 3897 961 3956 Ono.
999 3897 1381 3980 Necessarium
1426 3903 1645 3972 quidem
1687 3912 1780 3959 est-

173 3989 409 4045 reddere
431 3989 577 4060 quod
602 4006 710 4046 non
737 3987 1237 4064 fuit‘neccssarium
1264 3992 1602 4062 promittere.
1627 3991 1763 4048 Nam

172 4081 269 4150 qui
299 4091 503 4152 sponte
522 4082 818 4152 promittit,
849 4082 1054 4154 obligat
1079 4097 1138 4138 se
1163 4083 1487 4138 necessitate
1508 4083 1787 4139 reddendi.

171 4182 233 4227 ut
272 4174 536 4244 quamvis
561 4174 903 4256 necessitatis
929 4175 1000 4231 sit
1022 4190 1257 4245 sequens
1291 4174 1544 4242 redditio,
1569 4175 1768 4229 volun-

167 4265 304 4321 tatis
337 4275 524 4320 tameu
561 4275 645 4320 est
672 4277 722 4321 et
747 4267 932 4337 gratiae
952 4267 1262 4337 praecedens
1290 4267 1600 4337 promissio.
1643 4265 1770 4322 llaec

169 4364 366 4412 autem
391 4357 695 4413 necessitas
721 4373 843 4428 qum
862 4358 1109 4428 pro-cedit
1140 4372 1169 4412 a
1197 4359 1368 4430 gratia
1397 4367 1427 4425 ,"
1462 4358 1765 4429 {separanda

1879 1875 2046 1931 debiti
2076 1876 2330 1932 meritum
2355 1885 2446 1947 ut,
2497 1876 2629 1948 quia
2663 1887 2783 1934 erat
2808 1877 2986 1935 factus
3034 1880 3200 1937 homo
3222 1889 3278 1936 et
3301 1880 3470 1937 frater

1879 1967 2164 2023 hominum
2187 2006 2204 2038 ,
2237 1968 2435 2023 merito
2464 1978 2717 2026 naturam
2747 1970 2902 2027 suam
2931 1971 2984 2026 in
3014 1972 3331 2052 hominibus
3357 1989 3467 2029 non

1879 2071 2275 2130 contemneret,
2320 2064 2413 2120 sed
2441 2063 2609 2120 frater
2641 2065 2906 2124 fratribus
2930 2069 3248 2128 subveniret
3268 2071 3465 2128 merito

1875 2165 1930 2212 et
1957 2171 2058 2227 pro
2083 2155 2346 2213 fratribus
2368 2157 2565 2213 merito
2593 2153 2950 2215 satisfaceret.

1902 2267 1904 2271 ’
1977 2269 2251 2336 Quomodo
2279 2269 2342 2342 de
2378 2271 2581 2342 virgine
2604 2261 2743 2325 Deus
2769 2270 2944 2340 factus
2965 2282 3041 2326 est
3065 2272 3220 2330 homo
3252 2277 3366 2330 sine
3449 2258 3452 2270 ί

2231 2341 2430 2410 injuria
2454 2341 2813 2396 immunditim
2849 2343 3105 2414 femineae.

1948 2431 2079 2487 Leo.
2103 2431 2162 2486 In
2185 2433 2421 2503 quodam
2456 2449 2555 2490 vos
2575 2434 2731 2489 valde
2773 2435 3018 2492 ridemus
3043 2445 3097 2491 et
3125 2435 3350 2494 insanos
3373 2438 3466 2508 juv-

1867 2522 2144 2584 dimmus.
2170 2511 2362 2581 Dicitis
2383 2525 2528 2580 enim
2559 2525 2728 2582 Deum
2745 2568 2759 2592 ,
2793 2527 2848 2580 in
2871 2528 3134 2584 maternis
3157 2527 3463 2586 visceribus

1875 2615 2087 2687 obceno
2138 2603 2358 2672 carcere
2387 2616 2537 2672 fetidi
2567 2619 2774 2674 ventris
2793 2618 3065 2688 clausum,
3096 2635 3287 2676 novem
3310 2637 3465 2678 men-
3489 2679 3494 2683 _

1875 2707 2028 2764 sibus
2050 2709 2190 2778 pati,
2217 2718 2270 2765 et
2297 2710 2514 2765 tandem
2560 2710 2813 2780 pudendo
2840 2712 2990 2766 exitu
3037 2712 3154 2782 (qui
3195 2704 3456 2770 intuitum

1875 2796 1994 2852 sine
2033 2796 2359 2854 confusione
2401 2813 2512 2852 nou
2549 2793 3095 2869 admittit),.decimo
3122 2786 3312 2858 mense
3333 2819 3463 2874 pro-

1876 2887 2057 2956 gredi,
2087 2887 2385 2945 inferentes
2417 2887 2528 2945 Deo
2553 2898 2765 2946 tantum
2812 2891 3070 2958 dedecus,
3105 2901 3370 2962 quantum
3395 2896 3464 2952 de

1876 2977 2056 3044 nobis,
2088 2977 2342 3049 quamvis
2368 2989 2516 3048 vere,
2542 2981 2662 3040 sine
2694 2998 2892 3054 magna
2925 2993 3105 3048 tamen
3133 2987 3464 3043 verecundia

1879 3083 1990 3124 non
2031 3069 2290 3126 dicimus.
2322 3069 2460 3126 ,Ono.
2509 3071 2650 3128 Deus
2680 3074 2865 3128 omnia
2893 3074 3114 3144 implet,
3141 3085 3300 3132 etest
3335 3079 3460 3134 ubi-

1873 3174 1980 3230 que
2006 3167 2172 3217 totus.
2203 3161 2340 3217 Cum
2386 3161 2555 3234 igitur
2583 3178 2684 3219 nos
2718 3159 2973 3235 impleat,
3025 3175 3081 3220 et
3108 3167 3164 3220 in
3197 3169 3359 3224 nobis
3389 3159 3466 3225 sit.

1873 3257 2019 3306 totus
2047 3252 2143 3322 qui
2166 3267 2360 3309 sumus
2383 3263 2715 3324 peccatores,
2747 3255 3095 3312 immunditia
3129 3266 3311 3314 tamen
3334 3277 3461 3330 pec-

1871 3349 2119 3397 catorum
2146 3352 2460 3399 nostrorum
2485 3360 2595 3400 non
2624 3345 2980 3418 contingitur,
3007 3347 3101 3404 sed
3129 3335 3459 3405 incontami-

1871 3442 2038 3493 natus
2080 3444 2266 3492 manet
2299 3444 2355 3492 et
2380 3436 2641 3494 mundus.
2679 3435 2894 3500 Omnia.
2916 3439 3081 3507 videt,
3111 3449 3166 3497 et
3199 3441 3338 3496 nihil
3377 3441 3453 3498 illi

1871 3526 2050 3584 necet.
2084 3527 2245 3585 Videt
2265 3530 2520 3586 tenebras
2552 3546 2582 3585 a
2629 3531 2873 3587 tenebris
2900 3547 3093 3603 purus,
3131 3533 3259 3604 quia
3283 3534 3379 3590 lux
3401 3520 3468 3590 in‘

1873 3619 2098 3675 tenebris
2120 3620 2259 3676 lucet
2280 3620 2461 3693 (Joan.
2492 3623 2555 3692 ι),
2594 3631 2649 3678 et
2691 3639 2795 3678 nox
2816 3625 2958 3679 sicut
2983 3625 3094 3679 dies
3125 3625 3461 3681 illuminabi-

1873 3719 1961 3765 tur
1983 3709 2158 3783 (Psal.
2187 3712 2475 3784 cxxxvm).
2499 3711 2657 3768 Videt
2683 3723 2905 3784 peccata
2937 3715 3364 3783 mundissimus,
3401 3726 3457 3771 et

1870 3804 2168 3874 injustitias
2221 3813 2440 3861 nostras
2479 3806 2824 3876 justis‘simns
2871 3807 3000 3878 quia
3049 3798 3207 3877 juste'
3237 3809 3454 3862 ordinat

1870 3909 2033 3951 omne
2077 3896 2284 3952 malum
2324 3897 2472 3969 quod
2500 3897 2664 3952 videt.
2703 3896 2838 3952 Nam
2868 3909 3214 3968 peccatorum
3246 3899 3451 3954 illumi-

1870 3987 2094 4044 natione
2125 4001 2242 4045 non
2282 3990 2584 4046 suffocatur
2613 3991 2803 4047 lumen
2819 3992 3069 4063 justitite,
3105 3992 3450 4048 sicutlumen

1869 4079 2034 4150 lmjus
2058 4080 2248 4136 mundi
2270 4096 2594 4151 corporeum
2638 4097 2838 4153 corpus
2864 4083 3102 4138 illustrat
3123 4083 3404 4139 sordidum
3433 4128 3447 4152 ,

1870 4185 1970 4225 nec
1992 4171 2326 4228 sordidatur.
2354 4173 2496 4240 Quid
2520 4189 2651 4246 ergo
2681 4174 2972 4239 offenderis
3001 4174 3049 4230 si
3079 4173 3224 4230 Deus
3256 4177 3444 4237 conci-
3472 4201 3475 4204 -

1869 4265 2016 4334 pitur
2040 4265 2093 4320 in
2121 4266 2354 4337 virgine,
2370 4267 2463 4337 qui
2490 4283 2646 4322 suam
2659 4268 2981 4322 munditiam
3011 4275 3192 4324 servat
3214 4267 3456 4343 ubique?

1822 4358 1829 4363 '
1869 4356 2121 4426 Amplius
2149 4357 2260 4412 duo
2283 4365 2410 4412 sunt
2431 4358 2630 4427 quibus
2663 4359 2846 4413 omnia
2872 4359 3186 4428 judicamus
3209 4401 3224 4426 ,
3253 4374 3453 4415 sensus

165 4464 284 4502 non
318 4458 410 4504 est
437 4449 505 4504 ab
529 4449 644 4520 ipsa
666 4451 860 4520 gratia,
887 4459 947 4506 ut
975 4451 1098 4521 jure
1126 4451 1341 4507 dicatur
1363 4452 1534 4523 gratia
1560 4450 1761 4507 factum
1793 4452 1844 4514 ι)
1869 4455 1923 4502 et
1959 4448 2122 4514 ratio,
2174 4449 2268 4504 sed
2289 4449 2446 4503 aliter
2469 4449 2608 4503 ratio
2626 4449 2854 4519 judicat,
2884 4449 3042 4504 aliter
3075 4465 3289 4505 sensus.
3319 4451 3454 4506 Sen-

163 4541 320 4613 quod
346 4541 589 4611 primum
615 4540 792 4596 fuerat
821 4558 1015 4613 magna
1039 4543 1214 4613 gratia
1237 4543 1590 4613 promissum.

147 4645 282 4710 Cur
305 4657 739 4726 satisfactionem
783 4658 986 4726 peccati
1018 4673 1121 4710 non
1158 4657 1307 4711 debet
1335 4657 1475 4712 Deus
1501 4660 1592 4727 qui
1618 4675 1768 4713 omne

784 4727 970 4781 bonum
995 4727 1160 4781 dedit.

237 4817 385 4872 Leo.
428 4819 509 4874 Ad
547 4821 651 4874 hoc
695 4834 782 4874 me
833 4819 1018 4874 turbat
1056 4819 1202 4889 quod
1245 4819 1498 4888 superius
1540 4819 1762 4886 dixisti,

161 4908 351 4964 Deum
384 4925 491 4963 non
515 4911 712 4966 debere
740 4909 1058 4977 satisfacere
1086 4925 1186 4980 pro
1208 4921 1453 4980 peccato,
1485 4911 1591 4966 nisi
1612 4912 1765 4967 fieret

159 4992 366 5056 homo.
414 4991 667 5071 Magnum
696 5001 853 5072 :enim
897 4989 1101 5058 bonum
1155 5011 1238 5058 est
1283 5003 1489 5072 peccati
1547 5003 1766 5060 satisfa-

155 5093 302 5147 ctio.
336 5091 446 5146 Sed
470 5107 632 5150 omne
676 5091 879 5151 bonum
906 5091 975 5146 ab
1020 5106 1085 5146 eo
1111 5099 1195 5146 est
1231 5091 1325 5160 qui
1347 5106 1561 5146 summe
1584 5092 1763 5162 bonus

152 5185 269 5238 est.
318 5183 611 5249 Quomodo
667 5199 797 5254 ergo
854 5182 1062 5244 dictum
1105 5191 1190 5238 est
1232 5181 1403 5237 Deum
1428 5199 1537 5238 non
1563 5183 1760 5241 debere

154 5265 361 5332 facere
402 5277 548 5346 quod
587 5292 750 5340 suum
800 5277 928 5336 est?
970 5275 1105 5342 Quis
1143 5275 1317 5346 magis
1363 5275 1525 5330 debet
1551 5275 1756 5331 bonum
1801 5345 1804 5349 _

150 5383 342 5440 quam
373 5367 459 5422 ille
488 5385 518 5424 a
545 5383 656 5440 quo
689 5377 774 5425 cst
799 5383 961 5423 omne
980 5368 1232 5424 bonum?
1259 5365 1425 5422 Debet
1451 5383 1582 5437 ergo
1613 5365 1758 5422 Deus

150 5455 570 5514 satisfactionis
594 5459 797 5514 bonum
816 5502 830 5524 ,
871 5459 964 5528 qui
993 5459 1151 5515 debet
1174 5473 1334 5514 omne
1365 5459 1590 5512 bonum.
1619 5455 1753 5513 Ono.

149 5549 318 5607 Deus
347 5549 521 5618 debet,
547 5561 600 5607 et
620 5568 727 5608 non
756 5551 942 5618 debet,
973 5552 1099 5621 quia
1151 5551 1367 5607 duobus
1398 5549 1577 5607 modis
1600 5549 1753 5606 debi-

148 5650 283 5694 tum
335 5640 547 5696 dicitur
579 5635 592 5696 ὲ
626 5641 868 5696 debitum
911 5641 1117 5711 gratim,
1160 5649 1213 5696 et
1260 5639 1501 5695 debitum
1547 5639 1748 5693 meriti.

147 5729 426 5792 Forsitan
458 5735 600 5787 enim
629 5732 888 5805 adjuvare
916 5731 1086 5798 debeo
1119 5733 1264 5789 hunc
1301 5732 1520 5811 quidem
1544 5730 1752 5794 meritis

1871 4553 1967 4594 sus
2012 4555 2118 4594 usu
2161 4548 2216 4594 et
2245 4539 2469 4594 libidine
2509 4539 2749 4610 judicat,
2779 4548 2833 4595 et
2855 4540 3148 4610 cupiditate
3169 4548 3224 4595 et
3253 4540 3453 4600 horum

1869 4631 2181 4686 contrariis.
2200 4629 2409 4686 Usitata
2435 4629 2775 4700 praeferimus
2797 4631 3092 4697 inusitatis,
3116 4631 3269 4688 utilia
3293 4634 3450 4690 dam-

1871 4725 2044 4792 nosis,
2070 4725 2121 4780 id
2151 4724 2299 4795 quod
2348 4740 2514 4780 suave
2537 4724 2668 4779 libet
2687 4725 2735 4780 ei
2759 4725 2903 4796 quod
2948 4725 3174 4782 insuave
3197 4725 3440 4785 offendit.

1873 4813 2031 4871 Ratio
2081 4833 2212 4872 vero
2253 4817 2507 4872 subtilius
2555 4817 2631 4870 rei
2679 4827 2930 4872 naturam
2978 4818 3225 4888 inquirit.
3287 4816 3447 4872 Ratio

1872 4924 2110 4979 namque
2136 4908 2375 4963 animata
2400 4907 2620 4977 praefert
2651 4908 2989 4975 inanimatis,
3037 4908 3316 4964 sensibilia
3358 4909 3444 4962 in-

1871 5001 2246 5067 sensibilibus,
2271 5000 2513 5057 caelestia
2537 5001 2787 5057 terrenis.
2811 5000 2989 5056 Citius
3013 5002 3158 5054 enim
3178 4999 3329 5071 eligit
3351 5014 3432 5054 ru-

1867 5097 2038 5151 sticus
2084 5095 2263 5165 perire
2308 5102 2611 5164 serpentem
2659 5094 2725 5149 de
2760 5093 3050 5149 foramine.
3080 5100 3247 5163 petrae
3279 5107 3445 5162 quam

1864 5197 2072 5257 petram
2097 5186 2164 5242 de
2190 5201 2291 5241 suo
2315 5186 2540 5256 pariete,
2570 5185 2864 5244 consulens
2885 5184 3187 5254 cupiditati,
3218 5193 3274 5240 et
3294 5185 3448 5242 visus

1865 5277 2282 5347 suavitati,quia
2300 5277 2558 5332 horribile
2583 5285 2666 5333 est
2687 5275 2872 5334 videre
2900 5283 3229 5345 serpentem,
3254 5285 3310 5332 et
3334 5289 3446 5330 non

1861 5377 1945 5424 est
1974 5367 2235 5422 horribile
2266 5367 2521 5438 lapidem.
2540 5367 2694 5422 Ratio
2729 5381 2859 5421 vero
2887 5375 3192 5436 serpentem
3223 5363 3446 5437 praefert

1861 5459 2163 5530 quamlibet
2191 5460 2430 5530 pretioso
2464 5459 2648 5529 lapidi.
2682 5456 2891 5514 Sensus
2931 5457 3152 5532 praefert
3180 5458 3441 5528 optimam

1861 5551 2083 5606 domum
2124 5549 2399 5622 frugifera:
2424 5550 2636 5616 arbori,
2671 5557 2730 5604 ut
2757 5550 2910 5605 malit
2938 5551 3186 5605 arborem
3230 5549 3443 5606 succidi

1863 5657 2027 5712 quam
2051 5640 2275 5696 domum
2294 5641 2561 5696 comburi.
2590 5637 2750 5695 Ratio
2768 5641 3234 5709 veroinanimata:
3254 5639 3442 5696 domui

1859 5734 2109 5793 arborem
2151 5733 2451 5803 auimatam.
2477 5728 2720 5808 praefert;
2746 5733 2928 5811 mallet
2961 5732 3199 5794 rusticus
3238 5731 3441 5791 multa:
3503 5780 3509 5785 .
