3946 6306
459 297 481 328 r
508 218 654 341 tiu

1564 268 1577 274 ”
1646 271 1650 276 ’
1713 261 1777 318 Β.
1815 260 2068 321 090le
2092 256 2361 319 CAMER.
2392 256 2614 318 EIISC.

3656 254 3762 313 illi

513 382 658 437 teras
689 378 866 450 pet-ire
900 377 955 432 in
1002 377 1137 434 silva
1167 386 1342 448 quam
1358 393 1526 433 unum
1547 378 1613 432 de
1639 378 2096 454 marsuplodena-

2207 393 2343 444 rem,
2366 376 2684 448 spurcitiam
2726 371 2929 451 refugit
2959 356 3159 429 tactis.
3660 384 3761 427 aea-

512 473 657 527 rium
680 512 700 537 ,
753 485 881 526 cum
925 477 1108 529 tamen
1152 470 1295 526 ratio
1343 480 1451 528 non
1486 468 1695 540 iudicet
1730 469 1903 533 ullum
1925 469 2094 525 dena-

510 563 659 619 rium
712 562 957 619 animali-
988 562 1442 632 comparandum.
1504 562 1795 634 Malletque
1850 561 2101 620 rusticus

509 657 694 717 mures
754 656 941 713 stellas
1001 656 1182 728 perire
1256 656 1325 712 de
1369 656 1512 712 coelo
1556 671 1723 727 quam
1778 668 1948 711 unam
2000 672 2092 711 ar-

510 748 800 807 busculam
886 749 955 805 de
1034 763 1174 820 agro
1198 788 1214 816 ,
1285 755 1618 804 cumtamen
1675 746 1919 804 coelestia
1980 754 2094 802 ter-

468 892 469 895 η
511 837 663 894 renis
703 837 854 909 iuste
902 847 1189 910 praeponat
1235 839 1396 895 ratio.
1456 840 1550 896 Sic
1607 853 1806 895 sensus
1843 839 2096 910 pudenda

509 937 703 985 nostra
749 938 805 985 et
848 931 1060 987 viscera
1114 930 1402 1002 vilipendit
1434 941 1490 986 et
1543 941 1785 987 stercora
1814 972 1833 996 ,
1885 940 1941 986 et
1986 930 2095 985 im-

476 1020 717 1087 .munda
749 1020 985 1092 iudicat.
1023 1021 1187 1081 Ratio
1228 1031 1411 1078 autem
1453 1023 1591 1079 nihil
1616 1022 1830 1093 judieat
1858 1024 2098 1077 immun—

476 1188 477 1195 γ
506 1116 639 1171 dum
661 1123 859 1187 praeter
885 1126 1193 1187 peccatum,
1222 1117 1352 1189 quia
1377 1118 1563 1173 omnia
1589 1118 1793 1174 creavit
1829 1116 1974 1174 Dens
1997 1118 2098 1173 bo-

506 1223 578 1263 na
608 1205 761 1278 (Gen.
787 1206 850 1277 t).
882 1206 998 1265 Hoc
1020 1209 1217 1277 ipsum
1248 1217 1481 1267 testatur
1498 1209 1852 1283 Evangelium
1878 1208 2097 1265 Domini

506 1297 641 1375 Jesu
690 1317 702 1353 :
746 1298 871 1355 Non
916 1300 1040 1355 lotis
1069 1302 1313 1357 manibus
1351 1302 1674 1358 manducare
1719 1318 1823 1358 non
1864 1301 2101 1374 coinqui-

507 1399 601 1443 nat
636 1390 920 1446 hominem.
964 1391 1131 1448 Omne
1175 1394 1317 1464 quod
1369 1395 1536 1448 intrat
1575 1394 1634 1448 in
1676 1410 1733 1449 os
1777 1395 1836 1448 in
1870 1402 2100 1449 ventrem

504 1481 675 1548 cadit,
711 1490 760 1537 et
794 1482 851 1537 in
884 1499 1145 1539 secessum
1187 1485 1509 1552 demittitur,
1557 1494 1607 1540 et
1652 1501 1758 1539 non
1795 1486 2100 1558 coinquinat

507 1573 795 1629 hominem.
832 1572 965 1640 Quae
993 1584 1173 1632 autem
1199 1575 1265 1630 de
1295 1575 1453 1630 corde
1484 1585 1695 1644 exeunt,
1720 1562 1890 1647 furta,
1932 1576 2104 1632 homi-

501 1664 668 1732 cidia,
695 1665 984 1733 adulteria,
1008 1666 1120 1723 hac
1144 1675 1266 1722 sunt
1292 1668 1785 1739 quw‘coinquinant
1831 1668 2096 1725 hominem
2118 1738 2121 1739 ν

501 1755 724 1828 (Matth.
771 1757 887 1828 xv).
922 1756 1021 1815 llis
1048 1760 1349 1816 concordat
1390 1760 1686 1832 Apostolus
1726 1768 1935 1829 noster,
1983 1762 2099 1833 pri-

498 1864 654 1906 mum
676 1857 857 1907 vester
878 1848 1101 1907 Judaens
1118 1858 1182 1907 et
1204 1850 1260 1907 in
1288 1851 1408 1924 lege
1441 1852 1658 1919 doctus,
1700 1851 1864 1909 modo
1904 1866 1965 1908 se
1989 1851 2098 1908 eri—

498 1956 635 2013 gens
656 1950 847 1999 contra
889 1958 1011 2011 vos,
1056 1942 1154 2015 qui
1183 1943 1451 2014 quosdam
1479 1943 1634 2000 cibos
1676 1943 1977 2000 secundum
2027 1943 2100 2000 le-

492 2047 629 2105 gem
655 2033 918 2103 judicatis
943 2035 1259 2093 immundos
1290 2052 1305 2088 :
1334 2035 1529 2111 Omnis
1554 2045 1804 2091 creatura
1839 2035 1945 2091 Dei
1961 2036 2103 2091 bona

498 2135 581 2179 est
609 2166 626 2192 ,
666 2134 725 2180 et
763 2126 906 2180 niltit
943 2127 1289 2197 reﬁciendum
1328 2128 1472 2199 quod
1501 2144 1623 2182 cum
1664 2128 1979 2201 gratiarum
2008 2144 2100 2182 aa

501 2217 643 2291 tione
681 2217 972 2290 percipitur
1000 2216 1053 2291 (Ι
1086 2217 1355 2291 Τξηπηιν).
1405 2217 1578 2274 Porro
1619 2235 1745 2279 cum
1793 2220 1880 2278 lex
1925 2220 2097 2275 multa

498 2309 706 2375 iudicet
738 2296 1039 2378 secundum
1077 2326 1304 2366 sensum
1341 2310 1656 2378 immunda,
1685 2326 1813 2367 ecce
1851 2310 2100 2383 Evange-

500 2401 637 2459 lium
684 2400 901 2458 Domini
946 2400 1098 2469 Iesu,
1136 2412 1201 2472 et
1236 2403 1364 2474 ejus
1405 2403 1780 2474 apostolorum
1825 2396 2097 2472 doctrina,

497 2493 707 2569 judicio
740 2491 971 2555 rationis
1005 2509 1222 2557 omnem
1266 2504 1574 2552 creaturam
1621 2495 1823 2552 bonam
1869 2496 2005 2552 dicit
2045 2504 2101 2551 et

501 2586 793 2649 mundam.
844 2585 1005 2653 Ratio
1034 2585 1323 2658 pralertur
1361 2588 1571 2656 sensui,
1619 2597 1676 2645 et
1724 2589 1793 2646 de
1843 2588 2099 2649 sensibus

498 2676 730 2750 indicat.
768 2677 978 2738 Sensus
1007 2688 1187 2735 autem
1218 2679 1465 2750 aspirare
1491 2679 1682 2751 nequit
1701 2679 1767 2735 ad
1804 2674 2096 2748 rationem,

500 2770 597 2835 sed
618 2768 819 2825 subtile
849 2769 1082 2826 rationis
1109 2768 1407 2840 judicmm,
1443 2771 1671 2827 stultum
1699 2786 1843 2842 stupe
1867 2780 2021 2842 putat
2044 2780 2099 2829 et

500 2862 777 2920 insanum.
800 2859 911 2917 Nos
931 2870 1136 2929 autem,
1162 2861 1467 2933 postposito
1484 2862 1675 2919 carnis.
1694 2877 1883 2930 sensu,
1905 2863 1973 2918 de
1995 2863 2095 2918 hn-

499 2970 672 3027 mano
690 2970 922 3025 corpore
940 2955 1089 3011 duce
1100 2956 1315 3012 ratione
1351 2955 1768 3012 consideramus
1797 2955 1944 3027 quod
1971 2955 2097 3009 uni--

501 3053 612 3103 tate
630 3059 878 3114 persona:
898 3045 1069 3101 menti
1085 3044 1337 3116 junctum
1360 3053 1563 3120 etcum
1591 3059 1656 3100 ea
1684 3052 1946 3100 aeternam
1970 3045 2094 3099 uni-
2121 3085 2167 3143 ϐ

501 3144 668 3209 tatem
692 3135 1031 3204 habiturum,
1067 3137 1296 3194 honoris
1324 3152 1544 3208 semper
1567 3136 1841 3207 particeps
1885 3136 1971 3191 vel
1992 3136 2079 3191 de-

498 3227 715 3284 decoris
747 3228 899 3297 omni
945 3227 1165 3299 corpori
1217 3228 1588 3300 praeponimus
1628 3226 1905 3287 mundius.
1938 3222 2090 3294 lima,

501 3319 617 3379 sole
644 3320 961 3392 pretiosius,
982 3332 1275 3385 venturum
1321 3320 1391 3376 ad
1430 3320 1722 3395 judicium,
1751 3328 1807 3376 et
1830 3332 1956 3376 cum
1992 3335 2092 3377 sua

500 3419 683 3483 mente
709 3411 939 3482 gloriam
960 3413 1056 3468 vel
1078 3428 1270 3484 ptenas
1298 3412 1630 3480 subiturum,
1659 3418 1919 3468 aeternam
1950 3411 2006 3468 in
2035 3428 2096 3469 se

500 3501 605 3558 Dei
625 3504 717 3559 vel
733 3504 1032 3563 ostendens
1057 3504 1513 3569 misericordiam,
1538 3504 1642 3559 vel
1679 3502 1893 3574 patiens
1925 3504 2092 3574 justi-

498 3596 655 3661 tiam,
685 3597 1133 3665 animale-modo,
1164 3597 1261 3654 sed
1286 3597 1570 3668 spirituale
1592 3596 1838 3652 futurum
1863 3596 1920 3651 in
1945 3593 2094 3667 judi-

501 3689 607 3745 cio.
637 3689 778 3757 Quid
819 3706 1051 3761 usquam
1098 3691 1240 3748 inter
1284 3704 1519 3762 corpora
1569 3688 1898 3746 sublimatur
1939 3680 2107 3749 tanta

498 3782 897 3853 praerogativa?
928 3781 987 3837 Si
1014 3782 1237 3841 emtum.
1259 3797 1549 3854 comparo,
1582 3797 1694 3841 non
1728 3780 2003 3838 convenit.
2035 3779 2094 3837 Si

500 3872 1057 3945 solissteflarumque
1071 3873 1339 3947 fulgorem
1367 3873 1544 3939 oculis
1564 3873 1869 3944 pretiosum
1908 3872 2096 3928 consi-

500 3963 662 4032 dero,
710 3965 897 4025 minus
933 3967 1194 4041 occurrit.
1228 3963 1373 4032 Quid
1401 3979 1531 4021 vero
1565 3964 1803 4021 sensus?
1847 3962 1905 4017 In
1945 3970 2098 4017 tanto

502 4070 617 4119 non
644 4056 802 4113 timet
821 4057 1053 4122 stolidus
1076 4057 1389 4127 vituperare
1421 4055 1570 4127 quod
1594 4054 1863 4127 displicet.
1900 4052 2101 4110 Horret

499 4147 665 4217 visus.
680 4148 1068 4218 pudendorum.
1097 4151 1351 4220 ﬁguram,
1374 4162 1556 4207 nares
1593 4147 1932 4206 subsannant
1963 4147 2097 4203 odo-

624 4288 627 4289 ⁷
704 4312 707 4315 _
3466 4274 3481 4309 ,η
3532 4250 3701 4379 15°“.

962 4636 979 4647 .
1072 4520 1204 4647 liti
1256 4514 1916 4649 BLASl’llElilA
1966 4513 2078 4641 u
2134 4512 2651 4643 unum
2708 4428 3179 4647 suum
3280 4406 3541 4465 έ

2197 482 2297 523 sus
2320 467 2429 523 tale
2452 475 2539 522 est
2567 467 2635 522 de
2663 481 2744 534 re,
2773 464 2867 521 cui
2904 474 3008 520 nec
3033 462 3234 520 cmlum
3261 459 3578 533 comparari
3600 470 3760 533 potest.

2199 559 2260 615 Si
2288 568 2541 617 nostrum
2571 574 2773 631 corpus
2795 544 3033 615 tantum
3064 569 3172 629 est,
3216 561 3313 632 qni
3363 566 3670 631 peccatores
3688 574 3764 615 sa-

2195 669 2343 722 mus,
2374 655 2505 726 quid
2533 655 2602 710 de
2634 669 2865 725 corpore
2893 654 3120 726 virginis
3153 637 3436 720 dicemus,
3470 652 3541 708 de
3566 666 3663 722 qua
3686 668 3764 707 na-

2194 750 2286 798 tus
2308 748 2394 798 est
2426 740 2711 800 Dominus.
2741 742 2901 800 Certe
2931 744 2999 799 de
3029 744 3119 799 illa
3142 745 3281 800 dixit
3313 743 3553 815 angelus
3584 752 3768 800 sanet“

2197 834 2415 911 Gabriel
2451 852 2466 889 :
2507 833 2700 890 Gratia
2728 835 2886 906 plena
2911 834 3064 906 (Luc.
3091 838 3155 907 t).
3202 835 3260 892 Si
3307 837 3503 911 plena,
3532 832 3767 904 nihilcias

2196 927 2424 982 omnino
2453 938 2572 983 erat
2594 942 2829 984 vacuum
2860 929 3055 1000 gratia.
3084 928 3231 984 Nihil
3255 943 3395 1001 ergo
3419 927 3546 998 ejus
3584 937 3769 998 pecus

2197 1020 2447 1089 vacabat,
2478 1021 2638 1092 cujus
2665 1028 2843 1077 totum
2869 1023 3043 1094 gratia
3075 1023 3358 1094 implebat.
3408 1021 3582 1093 igitur
3600 1020 3766 1091 gloria

2198 1130 2296 1172 sus
2326 1130 2513 1184 sexus,
2556 1116 2834 1186 gloriosus
2868 1126 3080 1186 venter,
3129 1117 3374 1189 gloriosa
3410 1115 3645 1181 viscera,
3679 1113 3771 1188 glo-

2199 1207 2410 1265 riosum
2439 1217 2636 1279 totum,
2667 1209 2815 1282 quod
2842 1218 3016 1266 totum
3041 1210 3216 1281 gratia
3247 1210 3503 1280 plenum.
3526 1205 3772 1263 Veteran-

2200 1300 2304 1357 lier
2329 1301 2421 1357 illa
2447 1314 2671 1359 sensum
2699 1300 3016 1368 excedebat,
3038 1302 3264 1358 cordata
3289 1308 3442 1366 erat,
3472 1313 3596 1369 qua:
3614 1297 3767 1357 dixit:

2201 1392 2399 1449 Beatus
2426 1402 2605 1449 center
2634 1395 2726 1466 qui
2756 1402 2806 1449 te
2847 1395 3100 1466 portavit,
3156 1403 3209 1449 et
3236 1392 3404 1448 ubera
3445 1407 3569 1462 qua
3609 1389 3774 1445 antisti

2205 1484 2359 1554 (Luc.
2387 1484 2473 1557 ll).
2505 1483 2609 1542 Ubi
2636 1494 2722 1543 est
2748 1486 2896 1558 quod
2918 1485 3125 1553 dixisti,
3157 1483 3522 1541 immunditia
3550 1480 3772 1547 feminea.

2204 1577 2477 1635 obscenus
2507 1592 2716 1646 career,
2759 1585 2951 1633 venter
2991 1576 3226 1633 ietidus?
3265 1573 3581 1640 Conﬁtere,
3615 1572 3773 1638 miser,

2206 1668 2491 1727 stultitiam
2524 1677 2698 1724 tuam.
2742 1666 3001 1742 Nunquid
3034 1677 3166 1725 tunc
3202 1675 3329 1723 erat
3367 1664 3642 1725 sensualis
3672 1678 3773 1720 (ut

2198 1759 2549 1828 animalibus,
2570 1760 2693 1817 sine
2718 1760 2933 1817 ratione
2956 1775 3081 1817 eum
3112 1759 3481 1823 hominibus?
3506 1755 3630 1812 liae
3648 1755 3775 1826 virgo

2198 1851 2340 1909 facta
2388 1862 2473 1909 est
2518 1853 2573 1908 in
2605 1863 2870 1927 conceptu
2918 1869 3045 1922 suo,
3089 1853 3372 1909 thalamus
3417 1846 3776 1921 omnipotentis

2196 1944 2315 2012 Dei,
2342 1944 2649 2002 sacrarium
2681 1945 2921 2016 Spiritus
2958 1944 3157 2001 sancti.
3205 1943 3267 2001 In
3307 1959 3425 2014 qua
3453 1940 3776 2013 singularia:

2196 2044 2256 2093 et
2276 2037 2389 2092 alio
2409 2037 2582 2092 modo
2607 2036 2877 2092 habitavit
2900 2030 3048 2093 Deus
3066 2052 3234 2109 quam
3265 2035 3443 2092 etiam
3487 2034 3549 2101 in
3574 2030 3779 2088 smnia

2196 2127 2503 2185 calestium
2538 2129 2803 2184 virtutum
2856 2129 3165 2199 spiritibus.
3198 2127 3375 2199 Cujus
3409 2127 3690 2183 beatorum
3710 2123 3776 2177 vi-

2197 2234 2419 2279 scerum
2445 2226 2652 2276 secreta
2685 2229 2837 2276 tanto
2866 2222 3140 2277 sanctiora
3162 2228 3344 2287 erant,
3376 2219 3496 2274 imo
3517 2216 3774 2277 divinim.

2197 2320 2406 2382 quanto
2435 2310 2765 2369 familiarius
2808 2312 2884 2368 ibi
2920 2312 3264 2384 pullulabant
3290 2312 3483 2368 divina
3524 2308 3773 2382 mysteria.

2197 2402 2365 2459 Beata
2393 2404 2575 2480 virgo,
2599 2405 2668 2462 de
2696 2405 2859 2476 cujus
2886 2404 3191 2462 visceribus
3225 2404 3599 2466 sumebantur
3634 2400 3775 2458 semi-

2198 2495 2346 2550 nalia
2377 2510 2503 2566 qua:
2537 2496 2733 2552 ﬁerent
2771 2495 2936 2553 Deus.
2965 2496 3109 2566 Quid
3136 2496 3193 2551 in
3228 2505 3343 2552 tota
3385 2503 3643 2551 creatura
3670 2508 3777 2548 saa-

2196 2586 2362 2654 ctius,
2383 2586 2515 2656 quid
2540 2587 2822 2655 mundius,
2848 2588 2982 2659 quid
3000 2588 3196 2659 purius
3219 2603 3390 2661 quam
3407 2584 3583 2657 Virgo
3602 2584 3665 2639 de
3686 2597 3775 2657 qua

2197 2679 2520 2734 sumebatur
2556 2679 2705 2750 quod
2754 2678 2911 2735 ﬁeret
2958 2677 3463 2745 Deus?0venter,
3498 2693 3534 2732 ο
3571 2678 3773 2743 viscera,

2197 2767 2252 2825 in
2284 2768 2485 2840 quibus
2507 2778 2565 2826 et
2591 2770 2659 2826 de
2698 2770 2902 2841 quibus
2929 2769 3160 2828 Creator
3200 2770 3530 2835 creabatur,
3550 2767 3685 2824 Deus
3709 2767 3777 2821 ia-

2197 2862 2547 2917 carnabatur.
2579 2860 2741 2919 Certe
2764 2870 2962 2919 caetera
2994 2862 3282 2919 hominum
3329 2876 3573 2933 corpora
3602 2868 3774 2933 pram-

2196 2954 2362 3013 limns
2390 2955 2650 3013 omnibus
2677 2954 3029 3027 corporibus.
3049 2954 3227 3027 Hujus
3256 2964 3442 3012 autem
3474 2953 3775 3011 beatissime

2195 3047 2425 3121 virginis
2465 3063 2665 3120 corpus
2720 3049 2887 3119 etiam
2921 3049 3185 3120 angelicis
3230 3047 3475 3127 praefero
3519 3044 3776 3122 spiritibus

2198 3140 2266 3201 de
2287 3157 2401 3212 quo
2432 3141 2606 3198 voluit
2630 3139 2783 3196 Deus
2798 3139 2943 3214 unde
2982 3140 3139 3211 fieret
3166 3155 3385 3207 sumere
3407 3140 3485 3196 de
3505 3154 3620 3212 quo
3636 3135 3779 3207 cepit

2199 3234 2347 3305 quod
2378 3234 2822 3305 inseparabiliter
2843 3234 3067 3291 sibimet
3099 3235 3303 3303 uniret,
3330 3234 3487 3291 unde
3512 3244 3678 3293 terras
3696 3247 3772 3287 re.

2199 3326 2459 3395 dimeret,
2501 3327 2702 3384 etnlum
2745 3327 3082 3398 restitueret,
3104 3320 3263 3384 unde
3298 3328 3668 3403 spoliarentur
3699 3323 3771 3381 il-

2201 3417 2366 3498 ferni,
2386 3426 2535 3475 terra
2579 3419 2970 3488 medicaretur,
3007 3421 3403 3491 perﬁcerentur
3429 3419 3688 3489 coelestia,
3713 3412 3769 3470 ad

2200 3512 2347 3583 quod
2370 3512 2580 3567 nullum
2610 3512 2775 3584 elegit
2813 3513 3124 3579 etelestium
3164 3514 3489 3584 spirituum.
3525 3512 3655 3567 Leo.
3676 3508 3769 3563 Διί-ε

2198 3603 2313 3671 dio,
2345 3601 2493 3675 quod
2514 3604 2751 3677 amplius
2775 3618 2887 3659 non
2914 3604 3121 3683 audivi,
3152 3605 3421 3665 hactenus
3449 3602 3654 3676 nescivi
3690 3612 3773 3655 vos

2199 3695 2366 3752 tantis
2390 3695 2699 3751 rationibus
2724 3694 2912 3752 fultos.
2959 3694 3095 3753 Ono.
3129 3695 3243 3753 Cur
3275 3712 3409 3769 ergo
3448 3714 3566 3753 non
3588 3688 3767 3751 credis?

2200 3784 2333 3841 Leo.
2379 3783 2522 3852 Quia
2554 3784 2837 3841 veritatem
2888 3785 2971 3842 rei
3024 3795 3229 3843 nostra
3276 3802 3389 3845 non
3409 3788 3593 3843 audeo
3643 3797 3758 3841 con-

2201 3876 2419 3933 mittere
2466 3875 2652 3933 verbis
2691 3876 2913 3935 restris.
2969 3874 3107 3934 000.
3162 3875 3306 3943 llas.
3349 3876 3560 3945 frater,
3624 3877 3763 3931 Acar-

2201 3964 2290 4034 de,
2325 3965 2516 4023 Iudaeo
2570 3965 2781 4023 reddidi
2831 3966 3073 4037 rationes
3130 3969 3199 4037 dp
3248 3960 3507 4031 adventu
3572 3962 3765 4045 Christi.

2197 4057 2522 4129 cogentibus
2553 4072 2642 4115 me
2684 4057 2936 4128 quaedam
2964 4056 3221 4115 subtilius
3246 4058 3537 4130 disputare
3570 4043 3763 4130 quibus:

2196 4152 2323 4207 dam
2344 4148 2653 4213 Catholicis
2677 4150 2773 4222 qui
2795 4150 3096 4213 intererant
3114 4166 3226 4241 pro
3241 4149 3420 4237 ἔπειῳί

1936 4742 2334 4759 -Ψ-

1165 4892 1438 4965 Prologus.

2123 4895 2176 4954 ι)
2200 4878 2557 4949 consecratus
2580 4889 2650 4945 ab
2673 4887 2919 4946 Ecclesia
2944 4903 3288 4965 acceperam,
3315 4889 3473 4947 dono
3498 4891 3754 4963 imperato-

572 4987 649 5042 De
672 4985 1013 5057 blasphemia
1052 4985 1233 5040 sancti
1261 4940 1501 5056 spiritus
1520 5000 1579 5040 se
1602 4983 2003 5057 conscripsisse
2026 4982 2094 5038 li-
2198 4980 2277 5039 ris
2306 4981 2503 5038 iterum
2531 4980 2780 5053 accipere
2806 4997 2916 5037 non
2940 4940 3379 5052 acquiescebam.
3410 4940 3655 5054 Cumqrue
3673 4978 3753 5033 ira-

499 5079 703 5137 bellutn
731 5077 866 5135 dicit
908 5076 969 5133 in
1012 5075 1335 5133 Eneh'tridio
1371 5076 1567 5132 beatus
1595 5075 1955 5148 Augustinus.
1982 5073 2091 5131 Sed

503 5172 599 5228 hic
636 5169 781 5227 liber
817 5170 877 5225 in
921 5185 1076 5227 meas
1102 5184 1302 5224 manus
1338 5184 1449 5224 non
1478 5169 1689 5237 incidit,
1718 5183 1821 5225 nec
1854 5167 2091 5238 aliquem

501 5262 621 5319 scio
644 5277 734 5318 me
744 5261 957 5319 vidisse
979 5262 1077 5334 qui
1101 5261 1310 5334 legerit.
1343 5259 1498 5317 Unde
1524 5261 1958 5331 conquerebatnr
1980 5275 2096 5316 me-

499 5353 727 5411 cumvir
737 5353 1062 5412 venerabilis
1082 5353 1879 5429 Amandus‘Acquicinotensis
1899 5369 2094 5411 mona-

499 5445 660 5514 chus,
683 5446 830 5518 quod
853 5454 1018 5505 tantae
1037 5446 1359 5518 quaestionis
1384 5445 1585 5503 solutio
1612 5461 1726 5503 non
1755 5446 2093 5507 inveniretur

502 5538 721 5595 anxius.
755 5536 888 5593 Erat
915 5538 1063 5593 enim
1100 5538 1238 5593 mihi
1258 5546 1389 5595 tunc
1417 5537 1811 5610 Acqnicinot’us
1836 5539 1995 5594 dulce
2009 5553 2089 5593 re-

500 5627 714 5699 fugium
756 5628 938 5685 exsilii
983 5628 1112 5699 mei,
1147 5630 1278 5699 quia
1320 5637 1587 5702 potestate
1612 5629 1762 5700 regia
1791 5628 2029 5699 pellebar
2058 5645 2090 5683 a

503 5717 637 5775 sede
671 5716 1075 5790 Cameracensi,
1124 5719 1270 5791 quod
1310 5721 1535 5791 virgam,
1561 5728 1613 5776 et
1652 5719 1936 5788 annulum,
1972 5734 2092 5791 qua:

2199 5083 2280 5131 ter
2304 5073 2620 5145 praedictus,
2644 5072 2860 5128 mecum
2885 5086 3029 5148 saepe
3048 5071 3281 5145 loquens
3298 5071 3368 5127 de
3392 5070 3755 5144 spiritualium

2197 5166 2470 5239 praedictae
2495 5164 3173 5238 quaestionissolutionem
3198 5179 3231 5219 a
3253 5178 3343 5219 me
3360 5163 3598 5220 devotus
3617 5161 3753 5231 exige-

2197 5267 2299 5327 ret,
2328 5258 2609 5314 mittebam
2637 5272 2766 5313 eum
2817 5256 2887 5313 ad
2932 5256 3308 5329 expositiones
3356 5257 3751 5313 orthodoxam!

2197 5353 2443 5410 Patrum.
2470 5352 2577 5410 Sed
2604 5351 2820 5408 dicebat
2840 5365 2937 5408 eos
2958 5366 3070 5407 non
3093 5358 3331 5408 tractare
3353 5351 3652 5415 secunan
3668 5357 3754 5402 no-

2192 5448 2295 5505 dos
2319 5447 2678 5507 dubitationis
2713 5462 2829 5503 sua;
2870 5461 2974 5503 nec
3021 5462 3122 5518 per
3154 5461 3348 5502 eorum
3390 5444 3751 5517 expositio-en

2194 5539 2396 5597 auferri
2440 5540 2544 5598 sibi
2566 5554 2730 5610 posse
2756 5537 3177 5595 dubitationem.
3212 5535 3403 5608 Itaque
3420 5537 3628 5594 melius
3650 5527 3748 5589 mihi

2195 5635 2376 5695 visum
2406 5643 2493 5689 est
2524 5647 2668 5688 onus
2694 5631 2995 5701 suscipere,
3034 5631 3186 5703 (licet
3215 5628 3287 5687 sit
3304 5629 3602 5697 ruentium)
3622 5634 3765 5698 φιβ’

2197 5723 2413 5795 penitus
2444 5722 2713 5796 negando,
2743 5720 3054 5793 superbiam
3079 5729 3252 5793 putet,
3266 5710 3360 5779 ’γει
3392 5724 3751 5790 contemptum
