3946 6306
131 340 248 421 nus

1139 340 1244 403 DE
1284 345 1737 410 BL'ASPHEMIA’
1762 351 1831 408 lN
1869 352 1927 408 S.
1967 347 2317 408 SPIRITUM.

3214 324 3355 409 itit

124 490 172 538 et
191 476 323 534 malo
345 480 402 529 ut
421 470 597 529 videat
626 488 711 528 me
733 487 839 528 non
863 488 1019 544 posse
1041 469 1299 530 sudando
1328 466 1670 530 fatiscentem
1698 475 1746 532 Α
1772 488 1935 527 num.
1984 464 2123 525 Nam
2151 463 2269 543 quis
2315 466 2663 540 participatio
2695 468 2803 523 laet
2835 468 2907 522 ad
2950 468 3230 526 tenebras?
3265 470 3370 539 (11·

117 558 265 641 quam
287 580 344 622 se
367 562 594 634 repulsae
620 564 840 635 pudeat,
885 580 973 619 me
1006 573 1370 636 postponente
1396 565 1665 622 laborem.

1773 562 1896 618 Cor.
1930 565 2067 633 xw.)
2097 561 2240 629 Quid
2266 557 2592 631 templo'Dei
2621 569 2677 615 et
2707 559 2900 616 idolis?

116 657 364 715 Animavit
377 657 541 712 etiam
566 654 797 712 multum
812 656 1026 712 libellus
1042 655 1117 712 De
1146 656 1397 728 originali
1424 666 1666 729 peccato,
1772 676 1926 742 Quod
1951 677 2196 745 quantum
2231 677 2367 731 bona
2400 674 2538 729 ηεαδ
2566 673 2756 729 habent
2779 692 2898 746 qua,
2922 676 3033 745 ερη
3056 675 3230 745 [πετο
3249 692 3356 731 mm

110 766 255 823 quem
277 748 484 805 naviter
510 748 965 820 conscripseram,
998 749 1053 804 in
1083 764 1198 821 quo
1238 749 1493 807 aestuanti
1533 748 1669 804 mihi

109 848 447 899 occurrerunt
474 840 642 895 multa
669 855 791 911 quas
828 840 1158 896 nesciebam.

107 935 266 1001 Quale
285 947 502 999 canone,
539 933 714 1003 quatis
740 931 992 1003 capituljs
1013 932 1276 986 invenitur
1297 932 1354 986 in
1382 929 1668 1002 Evangelia

513 1031 516 1034 ~
551 998 896 1073 'blasplternia
918 998 1172 1073 Spiritus.

162 1094 226 1149 Et
240 1093 478 1165 primum
496 1094 848 1166 proponenda
870 1102 997 1152 sunt
1018 1094 1192 1166 ipsius
1206 1093 1482 1166 Evangelii
1502 1092 1668 1149 verba

99 1202 210 1258 quae
226 1185 437 1245 faciunt
454 1186 834 1257 quaestionem,
860 1186 1055 1243 deinde
1094 1186 1383 1243 ditiicultas
1410 1184 1670 1256 quaestio—

97 1276 179 1332 ni‘s
205 1274 355 1346 prius
381 1282 470 1332 est
503 1276 840 1333 ostendenda
867 1291 1032 1347 quam
1058 1278 1412 1348 accingamur
1430 1275 1500 1330 ad
1525 1275 1670 1331 solu-

95 1367 306 1424 tionem.
339 1365 707 1454 continentur
751 1378 932 1427 autem
960 1369 1016 1424 in
1042 1368 1289 1425 secundo
1309 1381 1543 1435 canone,
1574 1381 1668 1422 ca-

93 1459 256 1529 pitulo
273 1457 541 1528 Matthzei,
562 1475 682 1532 cap.
714 1475 813 1527 xu,
840 1468 895 1516 et
915 1460 1101 1527 Marci,
1126 1476 1311 1527 xxxw,
1332 1458 1493 1515 Lucae
1514 1473 1664 1525 vero,

92 1566 248 1606 XLVII.
279 1549 573 1623 lauimus
596 1551 678 1608 sic
705 1552 784 1607 ait
814 1570 829 1606 :
860 1551 1028 1608 Omne
1054 1560 1327 1623 peccatum
1344 1560 1396 1607 et
1426 1549 1669 1620 blasphe-

91 1641 195 1701 mia
214 1642 518 1696 remittetur
538 1641 856 1709 hominibus,
880 1641 1114 1713 Spiritus
1137 1650 1317 1697 autem
1340 1640 1667 1712 blasphemia

93 1750 188 1787 non
209 1734 529 1789 remittetur.
566 1733 635 1789 Et
671 1735 964 1807 quicunque
1002 1735 1200 1790 dixerit
1242 1735 1453 1790 verbum
1482 1744 1667 1788 contra

2467 752 2658 815 potest.

1840 834 1897 895 Si
1917 855 2046 910 ergo
2058 836 2417 908 impmnitenti
2429 835 2699 891 dimittere
2712 842 2892 905 potest
2905 836 3091 901 homo,
3107 844 3160 890 et
3172 835 3356 891 dimit-

1769 941 1881 987 tere
1896 947 2004 986 non
2026 939 2199 1000 potest
2232 926 2395 994 Deus,
2408 928 2612 983 bonum
2630 943 2760 999 ergo
2787 926 2965 982 facere
2989 936 3167 997 potest
3188 927 3352 985 homo

1766 1024 1910 1094 quod
1924 1023 2219 1079 facerenon
2240 1029 2417 1093 potest
2427 1019 2588 1076 Deus.
2610 1019 2717 1075 Sed
2739 1020 2882 1075 unde
2895 1019 3057 1073 habet
3077 1018 3241 1074 homo
3255 1019 3355 1076 bo—

1766 1133 1900 1173 num
1929 1116 2033 1171 nisi
2055 1116 2124 1172 ab
2144 1131 2211 1171 eo
2233 1115 2328 1185 qui
2350 1123 2434 1170 est
2456 1129 2730 1169 summum
2746 1113 2950 1167 bonum
2965 1112 2990 1165 ?
3005 1109 3177 1165 [labet
3192 1112 3357 1167 homo

1766 1224 2026 1281 magnum
2042 1209 2269 1274 bonum,
2287 1205 2649 1277 impaenitenti
2666 1205 2958 1269 dimittere,
2983 1219 3240 1274 magnum
3265 1203 3357 1259 bo-

1766 1321 1920 1372 num,
1940 1312 1996 1361 et
2005 1302 2151 1374 quod
2164 1301 2450 1358 conveniat
2460 1298 2714 1371 perfectis
2729 1307 2937 1354 tantum
2946 1339 2959 1352 .
2976 1296 3083 1352 Sed
3098 1296 3241 1351 unde
3253 1297 3356 1352 hoc

1766 1398 1950 1463 habet,
1981 1396 2028 1453 si
2063 1395 2204 1451 Deus
2247 1394 2428 1450 facere
2465 1409 2573 1448 non
2609 1402 2787 1464 potest
2811 1392 3026 1463 ipsum?
3051 1388 3211 1444 Certe
3248 1405 3353 1442 non
3382 1402 3385 1407 ·

1766 1491 1930 1548 habet
1956 1491 2124 1546 homo
2170 1505 2202 1545 a
2247 1505 2309 1546 se
2336 1496 2547 1543 tantum
2578 1482 2805 1553 bonum,
2839 1486 2930 1541 sed
2967 1501 2998 1539 a
3022 1482 3155 1549 Deo,
3184 1500 3214 1537 a
3245 1498 3358 1554 quo

1764 1588 1853 1638 est
1875 1595 2041 1637 omne
2078 1579 2307 1635 bonum.
2338 1575 2512 1633 Habet
2548 1577 2696 1632 enim
2734 1574 2879 1630 Deus
2902 1583 2958 1629 et
2991 1574 3098 1629 hoc
3125 1572 3355 1640 bonum,

1765 1671 1869 1728 etsi
1894 1687 2000 1727 non
2028 1668 2159 1725 facit
2180 1668 2384 1739 ipsum.
2410 1665 2469 1721 In
2497 1683 2557 1724 se
2584 1666 2770 1732 habet,
2793 1673 2849 1722 et
2881 1668 2912 1719 a
2936 1680 2996 1719 se
3024 1662 3118 1718 dat
3146 1660 3356 1718 homini

1765 1762 1913 1834 quod
1944 1762 2126 1817 habet.
2159 1759 2334 1815 Habet
2360 1758 2505 1815 Deus
2533 1767 2596 1813 ut
2615 1758 2826 1829 iubeat,
2857 1755 3057 1825 accipit
3093 1756 3261 1810 homo
3296 1762 3360 1809 ut

92 1824 287 1882 Filium
329 1826 591 1893 hominis,
640 1827 940 1883 remittetur
977 1827 1068 1881 ei:
1095 1825 1201 1893 Qui
1246 1834 1423 1880 autem
1468 1825 1663 1880 dixerit

1771 1824 1949 1908 faciat.
1974 1849 2095 1907 Non
2136 1851 2300 1909 habet
2330 1849 2385 1904 in
2421 1864 2483 1905 se
2508 1824 2652 1904 Deus
2670 1863 2771 1918 pro
2793 1824 2874 1915 se,
2897 1824 3062 1902 habet
3087 1846 3225 1901 inse
3255 1861 3357 1915 pro

89 1924 267 1971 contra
291 1914 558 1989 Spiritum
579 1927 844 1986 sanctum,
875 1933 979 1972 non
1002 1919 1299 1973 remittetur
1324 1919 1395 1985 ei,
1423 1933 1586 1989 neque
1609 1918 1666 1972 in

88 2005 177 2060 hoc
200 2006 421 2074 statuto,
442 2022 606 2079 neque
628 2009 684 2062 in
713 2007 917 2078 futuro.
945 2006 1162 2065 Marcus
1187 2008 1270 2064 sic
1299 2026 1312 2063 :
1346 2007 1514 2062 Amen
1545 2007 1666 2063 dico

87 2096 220 2152 vobis
246 2098 373 2169 quia
396 2097 591 2152 omnia.
617 2098 954 2153 dimittentur
973 2098 1106 2169 ﬁliis
1129 2098 1401 2153 hominum
1425 2105 1663 2168 peccata,

87 2196 131 2241 et
171 2187 514 2258 blasphemia:
546 2191 735 2261 quibus
793 2189 1288 2261 blasphemaoerint.
1327 2190 1434 2257 Qui
1487 2199 1665 2245 autem

88 2277 518 2349 blasphemacerit
541 2281 597 2334 in
620 2279 1161 2351 Spiritum'sanctum,
1182 2297 1288 2335 non
1305 2281 1459 2335 habet
1482 2281 1668 2335 remis—

86 2372 273 2425 sionem
296 2373 352 2426 in
385 2381 664 2439 wtcrnum,
695 2374 791 2428 sed
812 2390 930 2428 reus
951 2375 1055 2429 erit
1079 2374 1263 2429 (sterni
1294 2372 1495 2428 delicti.
1526 2372 1667 2439 Quia

87 2465 319 2522 dicebant
345 2482 367 2520 :
389 2464 657 2538 Spiritum
682 2467 1017 2526 immundum
1057 2466 1235 2521 habet.
1272 2464 1454 2521 Lucas
1482 2474 1665 2521 autem

87 2555 161 2610 sic
180 2574 199 2610 τ
226 2555 415 2612 Omnis
434 2559 527 2629 qui
542 2558 676 2613 dicit
698 2556 906 2615 verbum
921 2558 979 2611 in
1001 2555 1205 2612 Filium
1228 2557 1457 2611 hominis
1480 2558 1669 2611 remit-

88 2652 218 2699 tetur
238 2645 344 2703 illi.
368 2644 444 2702 Ei
471 2656 651 2702 autem
667 2648 758 2719 qui
779 2648 837 2702 in
870 2645 1135 2719 Spiritum
1154 2657 1399 2705 sanctum
1424 2647 1669 2719 blasphe-

86 2739 293 2792 nmrerit
315 2754 424 2794 non
463 2740 779 2794 remittetur.

1769 1941 2020 2007 homine;
2064 1954 2173 1996 non
2213 1939 2381 1995 habet
2422 1938 2478 1993 in
2514 1953 2575 1994 se
2608 1938 2744 2003 sibi,
2783 1937 2947 1993 habet
2974 1936 3028 1991 in
3070 1951 3131 1991 se
3158 1934 3354 2001 nobis;

1768 2030 1934 2086 habet
1955 2029 2009 2085 in
2038 2045 2119 2095 se,
2149 2036 2206 2084 et
2226 2027 2461 2084 facimus
2488 2043 2622 2095 nos;
2668 2028 2834 2083 habet
2854 2027 2909 2081 in
2932 2041 3013 2093 se,
3037 2034 3093 2082 et
3123 2025 3360 2096 pertinet

1767 2121 1836 2178 ad
1865 2137 1987 2176 nos.
2015 2119 2157 2176 Sunt
2187 2134 2320 2191 ergo
2370 2119 2515 2174 bona
2556 2134 2700 2190 quae,
2727 2118 2979 2188 quamvis
3016 2123 3252 2189 nequeat
3276 2115 3359 2171 fa-

1767 2229 1894 2271 cere
1920 2212 2089 2279 Deus,
2114 2211 2277 2267 habet
2310 2210 2430 2281 ipsa
2457 2216 2640 2266 tamen
2666 2209 2840 2276 Deus;
2864 2209 3031 2265 habet
3057 2208 3198 2279 ipsa,
3227 2207 3356 2277 quia

1768 2304 2067 2363 aliter'non
2095 2303 2425 2368 faceremus,
2456 2301 2564 2357 nisi
2588 2302 2659 2356 ab
2688 2301 2810 2372 ipso
2839 2301 3189 2356 haberemus.
3218 2295 3356 2352 Sunt

1767 2388 1899 2469 ergo
1928 2397 2071 2452 bona
2097 2410 2341 2468 congrua
2377 2394 2656 2449 Creatoris
2695 2392 2992 2462 maiestati,
3041 2397 3171 2447 sunt
3214 2391 3385 2466 bona~

1718 2498 1726 2504 '
1768 2503 2010 2559 congrua
2035 2489 2305 2541 creaturae
2336 2483 2604 2540 servituti.
2636 2481 2704 2538 Et
2726 2483 2842 2538 hmo
2874 2490 3056 2537 tamen
3084 2490 3139 2536 et
3164 2480 3255 2536 illa
3289 2479 3385 2535 ab

89 2826 231 2892 Quod
254 2830 513 2901 quadam
536 2839 753 2900 peccata
781 2830 984 2885 dimitti
1004 2830 1229 2900 possint,
1267 2830 1513 2901 quietiam
1539 2846 1663 2885 non.
1697 2866 1700 2870 λ

151 2918 291 2977 Ecce
338 2922 457 2977 tria»
484 2921 606 2979 haec
635 2921 872 2992 capitula
922 2921 1146 2978 secundi
1184 2921 1435 2988 canonis,
1475 2921 1668 2977 dicunt

87 3025 241 3067 omne
254 3021 544 3082 peccatum
561 3028 727 3084 posse
738 3013 936 3068 dimitti
956 3000 1154 3084 praeter
1170 3028 1342 3069 unum
1359 3031 1374 3079 ;
1390 3029 1561 3068 unum
1580 3026 1668 3068 so.
1694 3056 1697 3059 .

84 3103 188 3159 lum
214 3104 367 3159 nullo
384 3105 554 3161 modo
572 3105 836 3176 consequi
860 3118 1020 3175 posse
1038 3104 1428 3175 indulgentiam
1444 3146 1460 3170 ,
1505 3120 1669 3160 omne

85 3193 223 3257 aliud
244 3196 625 3267 aliquomodo
652 3197 944 3268 impetrare
979 3198 1153 3255 venite
1190 3198 1663 3264 misericordiam;

82 3286 244 3343 unum
272 3289 462 3349 solum
489 3289 717 3346 omnino
739 3289 1051 3357 insolubile,
1084 3304 1250 3351 omne
1270 3290 1418 3349 aliud
1447 3290 1662 3346 absolvi

80 3392 252 3447 posse.
278 3378 463 3453 Super
488 3397 660 3438 unum
684 3382 864 3439 solum
891 3392 1089 3454 puteus
1108 3391 1269 3454 urget
1293 3398 1358 3439 os
1382 3398 1544 3441 suum
1563 3425 1579 3450 ,
1607 3392 1668 3438 ut

80 3480 277 3529 aeterna
304 3473 598 3530 claudatur
616 3475 926 3544 oblivione;
962 3491 1127 3547 super
1153 3490 1319 3531 ornne
1340 3474 1493 3536 aliud
1519 3484 1670 3547 patet

80 3579 141 3620 os
165 3567 336 3635 putei,
369 3576 435 3625 ut
453 3583 678 3639 quoquo
706 3569 871 3626 modo
899 3569 1077 3640 possit
1095 3569 1265 3624 exim.
1290 3567 1399 3625 Sed
1425 3568 1664 3639 primum

76 3655 359 3719 videamus
416 3660 699 3729 quomodo
736 3660 1099 3717 remissibilia
1155 3668 1379 3731 peccata
1427 3659 1669 3723 diarium

78 3742 239 3805 Deus.

158 3840 317 3908 Quod
344 3845 697 3915 imimuiwmi
726 3861 832 3898 non
857 3854 1027 3915 potest
1052 3854 1326 3916 peccatum
1354 3846 1577 3902 dimitti.

138 3933 248 3993 Aut
296 3937 592 4007 paenitenti
620 3938 867 3995 dimittit
919 3936 1086 4006 Deus,
1144 3948 1241 3995 aut
1278 3936 1663 4010 impmnitenti.

68 4022 244 4083 Porro
262 4028 852 4101 imminuti—nequit
878 4029 1152 4086 dimittere
1177 4039 1459 4100 peccatum
1486 4029 1664 4098 Deus;

70 4134 170 4180 nec
197 4122 352 4176 enim
386 4130 565 4192 potest
589 4122 827 4194 iniustus
852 4138 975 4179 esse
998 4122 1163 4179 Deus.
1194 4122 1393 4179 Peccat
1418 4122 1584 4178 homo
1609 4123 1666 4178 in

69 4208 381 4279 hominem,
403 4221 594 4283 peccat
610 4219 672 4270 et
694 4211 752 4268 in
769 4212 962 4269 Deum.
984 4211 1350 4283 lnrpmnitens
1374 4222 1460 4269 est
1486 4212 1541 4268 in
1566 4212 1668 4269 ho-

68 4304 301 4372 minem,
335 4304 689 4376 imptenitens
724 4315 811 4362 est
838 4315 894 4363 et
942 4306 998 4362 in
1055 4306 1246 4363 Deum.
1297 4307 1665 4380 lmpmnitcnti

65 4394 227 4452 debet
258 4396 432 4453 homo
460 4397 752 4467 dimittere,
779 4414 881 4456 nec
911 4399 1069 4456 debet
1108 4399 1275 4468 Deus,
1306 4401 1439 4473 quia
1474 4418 1669 4473 pecca-

1690 3132 1736 3235 (ι

1767 2595 1836 2636 eo
1865 2588 1995 2636 sunt
2020 2594 2051 2634 a
2080 2592 2192 2649 quo
2221 2585 2276 2632 et
2302 2576 2499 2647 in'quo
2526 2583 2659 2632 sunt
2697 2573 2883 2630 omnia
2908 2573 3072 2630 bona.

1770 2691 1925 2758 Quod
1960 2677 2125 2747 etiam
2144 2680 2501 2774 impwnitenti
2534 2689 2702 2814 possit
2735 2688 2938 2744 dimitti
2965 2694 3260 2758 peccatum,
3310 2682 3360 2738 si

2304 2772 2310 2777 ‘
2429 2772 2566 2814 omni
2593 2777 2655 2814 ea
2685 2800 2699 2814 .
3022 2774 3027 2777 ν

2429 2774 2699 2832 paeniteat.
3022 2774 3027 2777 ν

1824 2841 2192 2910 Ἐῑείἰιιιιιυιη
2221 2862 2529 2925 peccatum,
2562 2861 2624 2907 ut
2656 2860 2940 2907 ostensum
2964 2858 3069 2915 est,
3097 2847 3358 2919 impaeni-

1745 2939 1924 3012 'tenti,
1947 2945 2241 3008 dimmitur
2263 2956 2428 3002 omne
2460 2952 2744 3016 peccatum
2766 2941 3073 3014 pmnitenti.
3098 2939 3164 2996 Et
3193 2939 3361 2996 ἴοι-εἰσ

1769 3046 1863 3092 tan
1886 3038 2005 3107 ipsa
2026 3037 2445 3107 impmnitentia,
2471 3036 2602 3107 quia
2628 3034 3027 3091 irremissihilis
3048 3041 3154 3097 est,
3172 3031 3360 3107 Spiri-

1767 3137 1859 3185 tus
1883 3137 1969 3185 est
2000 3128 2360 3199 blasphemia.
2388 3126 2495 3183 Sed
2535 3127 2705 3197 quid?
2724 3127 2773 3182 si
2802 3126 2979 3197 ipsius
3005 3125 3360 3195 impaeniten-

1769 3217 1860 3275 tite
1900 3227 2241 3289 peccatorcm
2266 3217 2549 3288 paeniteat,
2588 3223 2644 3271 et
2672 3229 2837 3286 quam
2868 3215 2963 3270 diu
3004 3214 3391 3283 pertinaciter-

1768 3308 1945 3364 tenuit
1962 3307 2183 3363 tandem
2207 3306 2467 3373 dimittat,
2492 3304 2741 3375 nunquid
2771 3302 2986 3358 veniam
3013 3308 3277 3368 meretur,
3305 3307 3364 3356 et

1766 3400 1886 3455 haec
1929 3397 2247 3469 paenitentis
2280 3395 2684 3466 imptenitentia
2720 3389 3201 3450 dimittituri~Diu
3255 3390 3363 3445 im-

1766 3492 2041 3564 ptenitens
2065 3488 2186 3557 fuit,
2202 3497 2261 3546 et
2279 3489 2443 3544 modo
2462 3488 2709 3559 poenitet,
2727 3495 2780 3542 et
2800 3486 3020 3555 longam
3047 3482 3234 3540 cordis
3258 3481 3363 3538 du-

1766 3584 1951 3641 ritiam
1978 3598 2129 3640 nunc
2152 3580 2439 3648 emollivit,‘
2484 3581 2735 3637 videmus
2777 3579 3075 3651 lacrymas,
3105 3576 3363 3632 audimus

1767 3673 2021 3747 gemitus,
2047 3680 2103 3728 et
2122 3670 2598 3742 compunctionem
2612 3688 2617 3691 ‘
2629 3668 2815 3725 cordis
2836 3666 2983 3723 Deus
3000 3665 3152 3722 videt
3178 3665 3360 3731 intus;

1767 3765 1821 3829 ai
1847 3763 1977 3819 huic
2001 3761 2275 3818 clauditur
2316 3758 2711 3816 misericordiae
2732 3757 2925 3829 ianua,
2955 3755 3045 3812 cui
3078 3754 3365 3827 aperitur?

1692 3874 1701 3879 ‘
1765 3856 1933 3917 Absit
1957 3862 2020 3910 ut
2048 3855 2196 3910 hunc
2227 3852 2372 3909 Deus
2393 3851 2645 3922 repellat,
2688 3858 2752 3907 ut
2783 3851 2933 3906 hunc
2955 3846 3363 3905 misericordis-

1767 3950 1942 4007 simus
1966 3957 2236 4013 amarent,
2263 3960 2390 4002 cum
2416 3944 2683 4014 scriptum
2714 3942 2786 3999 sit
2812 3942 3195 4012 :Quaeunque
3216 3939 3364 3994 hora

1766 4040 2098 4117 ingemuerit
2116 4045 2395 4111 peccator,
2415 4037 2679 4108 recipiam
2700 4036 2857 4092 eum!
2883 4032 3102 4107 (Each.
3135 4030 3361 4101 nant.)

1766 4134 1928 4191 Absit
1946 4142 2009 4190 ut
2017 4132 2126 4187 ulla
2136 4132 2297 4202 culpa
2313 4127 2630 4202 pauitantia
2640 4125 2785 4198 apud
2796 4140 3075 4183 summum
3088 4121 3364 4199 medicum

1766 4227 1841 4283 sit
1873 4223 2224 4283 insanabilis!
2258 4220 2317 4277 Si
2342 4235 2497 4293 ergo
2524 4217 2947 4291 impaenitentia,
2977 4229 3102 4287 quae
3146 4212 3366 4271 videtur
3432 4220 3433 4227 ‘

1767 4314 2188 4380 irremissibilis,
2217 4329 2317 4385 per
2344 4312 2726 4386 pmnitentiam
2749 4311 2869 4382 ipsa
2894 4308 3216 4378 remittitur,
3242 4322 3375 4380 quas

1766 4417 1854 4466 est
1875 4407 2033 4479 culpa
2058 4422 2182 4477 quae
2208 4406 2438 4463 omnino
2460 4418 2572 4460 non
2600 4403 2927 4470 remittitur,
2952 4416 3077 4473 qua:
3110 4400 3376 4472 blasphe-x

63 4494 151 4540 tor
170 4486 459 4545 dimittere
479 4488 640 4546 debet
671 4490 965 4560 peccateri,
994 4489 1138 4548 Deus
1163 4501 1346 4549 autem
1369 4508 1479 4548 non
1506 4491 1669 4550 debet
1700 4545 1743 4574 η
1768 4504 1879 4559 mia
1909 4502 2148 4574 spiritus
2179 4499 2440 4557 vocetur?

64 4578 465 4651 impmnitemi.
512 4578 774 4637 Peccator
819 4580 1047 4638 dimittit
1080 4583 1244 4638 etiam
1275 4582 1662 4653 impmnitenti,

60 4670 195 4740 quia
231 4671 401 4727 timet
425 4670 658 4742 desuper
681 4688 749 4729 ne
779 4673 883 4729 sibi
906 4689 1016 4730 non
1031 4674 1339 4731 dimittatur
1363 4676 1528 4732 etiam
1548 4691 1666 4747 poe-

64 4763 296 4831 nitenti;
335 4778 451 4819 non
473 4765 701 4821 dimittit
721 4764 1084 4835 impmnitenti
1116 4765 1282 4834 Deus,
1305 4769 1435 4838 quia
1455 4781 1565 4822 non
1592 4767 1664 4822 ti-

61 4863 177 4911 met
204 4871 280 4910 ne
326 4855 431 4911 sibi
476 4871 586 4911 non
625 4854 951 4914 dimittatur.
990 4857 1270 4916 Peccatori
1302 4859 1666 4931 imposnitenti

1700 4545 1743 4601 Ι)

60 4945 231 5003 debet
251 4948 427 5009 homo
445 4949 738 5016 dimittere,
758 4949 888 5021 quia
907 4959 963 5006 et
977 4951 1094 5021 ipse
1113 4961 1198 5008 est
1215 4961 1494 5022 peccator;
1520 4952 1665 5010 Deus
1699 4975 1703 4979 ’

59 5053 173 5092 non
209 5038 411 5105 debet,
448 5040 576 5110 quia
623 5056 731 5095 non
757 5049 843 5096 est
873 5048 1147 5111 peccator.
1183 5042 1456 5112 Amplius,
1483 5042 1664 5099 omnis

60 5130 480 5201 imptnniteutia
502 5140 587 5189 est
617 5132 895 5204 superbia,
937 5142 992 5189 ct
1018 5133 1200 5189 omnis
1228 5133 1487 5205 superbia
1512 5134 1667 5205 prin-

59 5222 333 5292 cipaliter
354 5232 439 5279 est
465 5223 579 5281 Deo
605 5226 900 5282 contraria.
951 5224 1009 5281 Si
1049 5240 1182 5297 ergo
1226 5225 1373 5282 Deus
1414 5225 1671 5298 impaeni-

60 5315 205 5369 tcnti
244 5315 482 5373 dimittit
509 5318 821 5388 superbiam
849 5318 956 5374 sibi
1002 5317 1247 5385 dimittit,
1272 5326 1330 5373 et
1356 5318 1410 5374 id
1439 5319 1543 5375 sibi
1570 5319 1641 5374 ad
1661 5347 1673 5360 ο

59 5407 253 5479 iungit
274 5410 427 5478 quod
454 5424 489 5464 a
520 5425 580 5466 se
605 5410 809 5466 bonum
853 5424 1020 5466 omne
1059 5410 1347 5483 disiungit,
1373 5410 1538 5482 idque
1564 5411 1669 5468 sibi

60 5501 372 5557 consociat
395 5503 482 5559 cui
508 5504 714 5561 bonum
739 5518 905 5560 omne
947 5512 1235 5575 repugnat.
1263 5502 1369 5561 Sed
1409 5504 1669 5575 impossi-

59 5591 179 5650 bile
208 5600 308 5651 est
338 5604 401 5650 ut
433 5605 657 5653 Summo
678 5596 827 5654 bono
857 5612 1139 5655 summum
1167 5599 1372 5654 malum
1395 5597 1675 5657 cortinule-

1945 4593 2232 4667 Inquisitio
2269 4590 2410 4663 quod
2435 4597 2711 4660 peccatum
2740 4586 2815 4642 sit
2834 4585 3185 4656 blasphemia.

1838 4685 1977 4742 Ecce
2002 4685 2131 4741 hinc
2154 4682 2508 4755 Evangelium
2538 4679 2934 4752 blasphemiam
2976 4675 3218 4749 Spiritus
3245 4692 3368 4733 om-

1767 4778 1902 4834 nino
1935 4774 2319 4833 irremissibile
2347 4774 2572 4840 clamat,
2604 4771 2737 4828 hinc
2776 4768 3024 4826 Ecclesia
3044 4767 3375 4825 ﬁrmissima

1764 4869 2014 4926 veritatis
2037 4867 2319 4933 columna,
2350 4876 2542 4922 contra
2578 4878 2743 4920 omne
2766 4869 3056 4934 peceatum
3096 4859 3369 4932 pmnlten—

1768 4959 1902 5016 tiam
1947 4957 2228 5031 praedicat.
2282 4956 2423 5014 Hinc
2469 4953 2822 5027 Evangelium
2876 4950 3077 5023 triplici
3124 4947 3378 5020 capitqu

1771 5051 2047 5122 quoddam
2076 5057 2363 5122 peccatum
2394 5047 2623 5106 omnino
2641 5061 2751 5103 non
2784 5060 2950 5117 posse
2977 5043 3204 5102 dissolvi
3234 5056 3378 5098 com

1769 5144 1976 5213 ﬁrmat,
2007 5144 2138 5200 hinc
2163 5142 2407 5201 Ecclesia
2431 5157 2532 5215 per
2555 5140 2935 5212 pmnitentiam
2960 5138 3030 5195 de
3059 5135 3212 5192 omni
3239 5148 3393 5206 pec-v
3448 5146 3451 5151 '

1769 5245 1894 5294 cato
1922 5243 2130 5291 certam
2173 5233 2446 5306 promittit
2488 5232 2729 5289 veniam.
2777 5226 3074 5299 Evangelio
3102 5224 3260 5282 nefas
3288 5232 3397 5281 est:

1769 5327 2166 5393 contradicere,
2202 5334 2258 5383 et
2294 5325 2598 5383 Ecclesiam
2644 5321 2770 5394 quis
2799 5320 2998 5377 audeat
3043 5316 3399 5377 falsiﬁcare?

1771 5421 2058 5489 Quoddam
2107 5419 2465 5491 Evangelium
2496 5410 2692 5488 ‘negat,
2737 5429 2903 5470 omne
2933 5412 3185 5470 Ecclesia"
3231 5410 3378 5467 atllr‘

1773 5521 1908 5570 mat.
1949 5511 2411 5571 Contradictorlte
2452 5517 2600 5576 sunt,
2644 5522 2751 5563 nec
2792 5514 3028 5578 possunt
3050 5505 3217 5564 sitnul
3249 5514 3379 5560 esse

1775 5621 1938 5672 verte,
1971 5605 2018 5662 si
2049 5604 2360 5661 intellwtus
2410 5602 2556 5660 idem
2596 5606 2847 5657 servetur
2888 5597 3112 5668 ubique.
3149 5595 3383 5651 Diverso

60 5696 227 5744 retur.
255 5685 376 5742 ullo
397 5689 580 5755 modo,
620 5697 679 5745 et
717 5689 816 5747 ulli
854 5690 1002 5745 malo
1035 5691 1362 5762 astipuletur
1390 5705 1673 5749 summum
1699 5704 1709 5711 ’
1779 5699 1946 5772 igitur
1966 5697 2130 5755 modo
2162 5692 2533 5768 intelligenda;
2571 5698 2722 5759 sunt,
2758 5700 2822 5748 ut
2853 5689 3019 5746 simul
3063 5701 3211 5743 verte
3242 5683 3374 5739 sit.

59 5778 319 5847 bonum,
348 5782 548 5838 nedum
593 5782 647 5839 ei
679 5782 825 5855 quod
853 5781 1226 5856 principaliter
1265 5784 1436 5842 habet
1462 5793 1679 5842 contra-

1784 5789 2096 5849 lnve'niatur
2120 5789 2292 5862 igitur
2315 5785 2537 5855 modus,
2568 5783 2730 5857 cuius
2755 5781 3248 5840 identitate'verum
3272 5772 3383 5830 sibi
