3946 6306
558 316 736 373 illii-

1779 315 1838 370 Β.
1871 313 2120 372 ODONIS
2140 317 2400 378 CAMER.
2435 319 2649 378 EPlSC.

3667 337 3764 396 illi

555 433 843 490 diViduant
881 440 935 486 et
958 431 1178 497 l‘alSum,
1205 439 1262 485 et
1300 429 1460 500 cujus
1497 428 1810 486 diversitate
1832 431 1943 487 sint
1977 433 2142 489 simul
2172 436 2218 493 Α
2239 450 2369 498 rum
2393 436 2748 504 obscuritate,
2777 451 3012 510 quartus
3053 457 3155 496 nos
3185 444 3418 514 explicat
3446 448 3528 502 sui
3553 456 3766 512 sermonis

558 540 721 581 verm.
764 524 830 580 Et
859 525 1185 580 universalis
1213 524 1503 580 allirmatio
1548 523 1823 594 Ecclesiae,
1863 543 1987 597 quae
2010 543 2139 597 pec-

556 626 739 674 catum
771 634 934 672 omne
955 633 1117 688 posse
1144 617 1276 672 dicit
1307 617 1536 683 remitti,
1559 632 1686 674 vera
1717 625 1822 683 est,
1859 617 1906 673 si
1936 617 2140 673 intelli-

557 720 716 782 gatur
737 711 1070 782 pmnitentia:
1098 710 1311 765 modus.
1343 709 1508 777 Quid,
1545 711 1591 765 si
1623 710 1955 782 intelligatur
1980 711 2138 766 simi-

553 801 680 856 liter
707 802 760 855 in
792 802 1059 873 singulari
1081 800 1368 872 negatione
1392 799 1692 871 Evangelii,
1723 816 1848 871 qua:
1867 800 2001 856 dicit
2018 799 2141 871 Spi-

554 891 700 947 ritus
732 893 1131 964 blasphemiam
1159 909 1270 948 non
1300 908 1462 963 posse
1504 893 1711 949 remitti
1752 909 1848 964 per
1870 894 2141 964 paeniten-

555 983 689 1038 tiam
716 983 852 1040 falsa
887 986 1004 1040 est?
1028 983 1163 1051 Quae
1200 993 1261 1040 ut
1297 1000 1426 1039 vera
1461 985 1550 1051 sit,
1586 1001 1694 1040 non
1725 993 1810 1040 est
1837 985 2140 1056 intelligen-

552 1075 657 1130 dus
687 1075 1020 1145 paenitentia:
1059 1077 1292 1143 modus;
1335 1093 1462 1131 nam
1507 1077 1628 1132 sine
1663 1076 1979 1147 paenitentia
2027 1091 2138 1130 non

551 1175 731 1236 potest
757 1167 959 1222 remitti
986 1167 1222 1238 Spiritus
1250 1169 1608 1239 blasphemia.
1635 1167 1703 1222 Ut
1727 1183 1857 1223 vero
1879 1167 2043 1224 simul
2068 1167 2164 1222 sit.

552 1276 742 1315 verum
768 1277 893 1316 cum
941 1261 1188 1318 Ecetesia
1225 1261 1600 1333 Evangelium,
1644 1261 2013 1332 intelligamus
2059 1259 2139 1314 al-

553 1351 826 1408 trinsecus
857 1353 1136 1408 diversum
1163 1353 1496 1424 pmnitentia:
1520 1351 1767 1418 modum,
1794 1358 1874 1418 ut,
1904 1367 2030 1406 cum
2051 1349 2136 1406 af-

549 1443 857 1499 ﬁrmatione
876 1443 1119 1501 Ecclesia
1138 1447 1291 1515 ponit
1312 1445 1642 1500 intellectum
1665 1443 2016 1514 poenitentize,
2040 1459 2138 1498 au-

548 1531 691 1589 ferat
724 1533 1078 1606 Evangelium
1110 1552 1141 1591 a
1168 1552 1267 1591 sua
1299 1536 1606 1607 negatione,
1637 1546 1691 1590 et
1713 1535 1877 1613 simul
1906 1534 2013 1590 erit
2040 1551 2135 1589 ve-

548 1640 696 1690 rum,
727 1628 955 1696 etquod
1003 1628 1338 1698 blasphemia
1379 1627 1616 1698 Spiritus
1657 1626 1776 1682 sine
1813 1626 2136 1698 poenitentia

545 1731 655 1771 non
689 1718 1006 1786 remittitur,
1053 1728 1106 1774 et
1139 1719 1284 1790 quod
1310 1730 1477 1774 omne
1505 1726 1788 1790 peccatum
1828 1734 1926 1788 per
1959 1717 2136 1788 poeni-

2242 526 2478 587 evidenti
2526 525 2988 585 maniicstatione.
3025 529 3167 587 Dicit
3195 534 3340 589 enim
3378 534 3512 590 :Est
3549 550 3764 608 peccatum

2243 619 2312 680 ad
2341 628 2583 687 mortem,
2605 638 2701 691 pro
2728 639 2831 693 quo
2851 623 2971 677 dico
2995 634 3052 678 ut
3077 641 3180 680 non
3202 636 3313 681 oret
3333 629 3452 698 quis
3486 629 3536 700 (1
3555 629 3690 687 locu.
3711 637 3764 705 vi.

2241 710 2353 765 Cur
2411 727 2513 782 pro
2549 728 2615 768 eo
2665 714 2987 783 prohibetur
3020 719 3311 787 orandum,
3350 720 3460 776 nisi
3507 723 3622 792 quia
3657 727 3768 783 nullo

2241 803 2406 858 modo
2430 811 2514 860 est
2544 805 2968 862 remittendum?
3006 807 3116 864 Pro
3139 824 3208 866 eo
3229 819 3378 866 certe
3410 814 3655 869 orandum
3689 835 3768 873 non

2240 903 2325 950 est
2343 896 2492 964 quod
2513 897 2740 954 omnino
2774 898 2973 954 dimitti
3007 915 3116 956 non
3145 911 3345 972 potest.
3373 902 3443 957 Et
3466 905 3564 960 hoc
3592 924 3770 979 cvange-

2240 987 2364 1043 lista
2388 997 2550 1044 vocat
2582 984 3088 1062 peccatum'usque
3127 994 3194 1048 ad
3228 1003 3488 1063 mortem,
3536 1007 3592 1051 ut
3631 1000 3707 1068 qui
3731 1003 3768 1055 in

2239 1068 2464 1149 peccato
2489 1082 2695 1138 claudit
2713 1092 3021 1138 extremum
3044 1085 3209 1154 diem,
3234 1087 3456 1158 culpam
3478 1087 3655 1144 habeat
3672 1091 3772 1146 irre-

2239 1171 2584 1240 missibilem,
2612 1190 2715 1246 pro
2741 1191 2852 1246 qua
2887 1177 3100 1233 nullum
3129 1176 3275 1234 Deus
3313 1179 3556 1235 admittit
3577 1187 3773 1240 orantem

2239 1263 2366 1320 Haec
2403 1273 2487 1321 est
2524 1267 2861 1337 blasphemia
2889 1267 3168 1340 Spiritus,
3203 1286 3329 1341 qua:
3357 1287 3472 1326 non
3512 1275 3772 1343 remittitur,

2240 1371 2364 1410 cum
2388 1357 2513 1426 quis
2540 1373 2716 1428 usque
2742 1360 2809 1414 ad
2840 1361 3002 1415 ﬁnem
3031 1366 3257 1431 peccato
3297 1371 3536 1430 tenetur,
3582 1375 3634 1420 ut
3661 1366 3772 1422 illum

2238 1449 2476 1519 excipiat
2495 1458 2697 1505 aeterna
2721 1467 2903 1522 pccna,
2933 1469 3096 1524 quem
3113 1470 3238 1509 cum
3264 1454 3546 1511 voluntate
3568 1458 3773 1527 peccandi

2237 1541 2441 1596 deserit
2479 1543 2594 1598 haec
2630 1543 2762 1598 vita.
2793 1542 2941 1599 Talis
2970 1555 3224 1615 peccator
3257 1547 3314 1600 in
3357 1547 3466 1603 hoc
3486 1549 3668 1604 Siccqu
3693 1565 3774 1604 non

2238 1632 2560 1701 absolvitur,
2602 1634 2732 1705 quia
2773 1635 2831 1690 in
2869 1636 3155 1694 voluntate
3193 1639 3501 1708 permansit
3544 1641 3773 1709 peccandi,

2238 1727 2481 1798 neque'rn
2504 1727 2710 1797 futuro,
2737 1730 2867 1800 quia
2877 1745 3004 1785 cum
3021 1731 3296 1787 voluntate
3308 1733 3572 1802 peccandi
3587 1733 3772 1788 transiit.

546 1809 773 1864 tentiam
798 1780 1072 1879 deleatur;
1098 1780 1270 1868 et.eas
1290 1828 1433 1868 unus
1449 1780 1667 1880 modus,
1684 1821 1740 1868 et
1760 1811 2004 1867 dividere
2026 1811 2130 1867 sibi
2165 1780 2208 1838 Β
2233 1817 2301 1874 Ει
2317 1780 2471 1890 iuste
2492 1780 2719 1889 punitur
2742 1780 2962 1892 semper
3000 1822 3095 1893 qui
3144 1780 3556 1895 velletrpeccare
3588 1841 3774 1895 semper.

545 1916 736 1956 verum
762 1910 816 1958 et
841 1901 1041 1959 falsum
1065 1903 1229 1960 faciet
1249 1905 1416 1972 idem,
1449 1914 1505 1960 et
1529 1905 1694 1962 simul
1717 1921 1840 1962 esse
1869 1919 2029 1959 veras
2051 1902 2133 1958 ia-

544 1991 651 2047 ciet
670 1991 941 2049 diversus.
972 1993 1201 2066 Talique
1232 1996 1399 2051 modo
1425 2012 1533 2051 non
1564 1997 1744 2052 dill‘ert
1774 1995 2130 2067 Evangelium

542 2083 612 2138 ab
652 2083 918 2153 Ecclesia,
964 2102 1089 2141 cum
1129 2087 1261 2142 dicit
1299 2088 1694 2158 blasphemiam
1739 2086 1976 2158 Spiritus
2019 2103 2131 2142 non

543 2191 706 2248 posse
733 2177 961 2242 remitti,
989 2179 1448 2250 subiutelligendo
1473 2179 1593 2236 sine
1625 2179 1968 2250 poenitentia,
2003 2195 2130 2235 cum

541 2270 648 2324 hoc
671 2268 814 2324 idem
835 2269 902 2325 de
917 2270 1066 2326 omni
1090 2280 1312 2343 peccato
1333 2271 1481 2327 dicat
1506 2271 1766 2328 Ecclesia.
1796 2269 1902 2326 Sed
1929 2271 2130 2326 mirum

536 2367 626 2416 est
641 2375 740 2416 cur
767 2360 1119 2433 Evangelium
1141 2363 1212 2418 ab
1241 2363 1389 2418 omni
1415 2372 1642 2433 peccato
1662 2363 1864 2434 excipit
1882 2363 2126 2433 blasphe-

541 2452 734 2520 miam,
760 2470 909 2521 cum,
951 2455 1094 2510 sicut
1143 2471 1305 2511 omne
1352 2465 1658 2526 peccatum,
1705 2455 1910 2512 remitti
1955 2455 2131 2526 possit
2211 2470 2219 2476 ·

539 2559 641 2614 per
666 2545 1068 2614 paenitentiam,
1095 2545 1204 2602 sed
1249 2547 1437 2615 credo,
1477 2547 1606 2618 quia
1635 2546 1768 2602 ideo
1790 2555 1876 2604 est
1903 2546 2126 2612 mirum,

536 2639 668 2710 quia
699 2640 943 2696 nondum
971 2641 1105 2698 mihi
1127 2649 1212 2699 est
1233 2651 1485 2714 apertum
1506 2644 1730 2700 ostium.
1754 2643 1940 2716 Aperi,
1964 2645 2128 2700 Chri-

537 2740 642 2799 ste,
679 2733 940 2802 pulsanti,
963 2735 1144 2791 revela
1175 2737 1436 2807 mysteria
1463 2737 1798 2792 sanctissimi
1833 2737 2006 2793 verbi.
2033 2737 2130 2792 Di-

535 2825 620 2879 cis
654 2839 818 2880 omne
847 2834 1133 2896 peccatum
1181 2843 1346 2898 posse
1382 2829 1611 2896 remitti,
1650 2837 1851 2899 praeter
1888 2829 2130 2899 Spiritus

537 2910 960 2985 blasphemiam,
990 2932 1092 2974 nec
1111 2919 1282 2974 ullum
1304 2929 1484 2991 potest
1506 2921 1728 2988 dimitti,
1756 2922 1862 2978 nisi
1893 2937 1990 2992 per
2011 2936 2129 2992 pm-

537 3007 845 3075 nitentiam,
889 3009 1138 3081 nunquid
1184 3020 1239 3067 et
1280 3009 1692 3083 blasphemiam
1723 3015 2128 3086 non-sequitur

2233 1911 2280 1966 si
2302 1911 2509 1966 viveret
2528 1911 2583 1966 in
2617 1913 2720 1968 hoc
2745 1914 2947 1969 saeculo
2976 1923 3298 1984 semper,_ut
3331 1917 3658 1973 voluntatem
3679 1932 3776 1987 pec-

2233 2002 2394 2058 candi
2422 2004 2814 2074 sempiternam
2853 2022 3018 2076 pmna
3046 2007 3340 2064 comitetur
3384 2011 3715 2081 sempiterna,
3735 2019 3778 2065 ut

2232 2110 2340 2149 non
2359 2095 2576 2152 deﬁciat
2599 2097 2656 2152 in
2677 2113 2744 2154 eo
2763 2113 2940 2169 paenae
2956 2100 3121 2169 iustae
3151 2103 3458 2159 necessitas
3495 2104 3550 2158 in
3581 2119 3677 2176 quo
3697 2119 3778 2159 non

2230 2186 2413 2242 deﬁcit
2436 2190 2698 2258 peccandi
2726 2190 3003 2247 voluntas.
3211 2189 3216 2192 ’
3335 2197 3338 2200 ’

2233 2296 2506 2362 Quomodo
2527 2309 2801 2378 peccatum
2827 2303 2905 2378 ad
2924 2313 3148 2378 mortem
3164 2322 3327 2378 unum
3367 2307 3539 2360 solum
3556 2316 3779 2378 peccatu!

2569 2372 2663 2439 sit,
2690 2373 2827 2426 sicut
2865 2371 3099 2449 Spiritus
3129 2374 3482 2445 blasphemia.

2302 2457 2401 2516 Hic
2421 2461 2601 2540 oritur
2620 2466 2852 2536 quaestio
2896 2465 3054 2543 valde
3081 2466 3335 2534 diliicilis,
3373 2467 3523 2538 quod
3550 2467 3779 2545 evangeli-

2230 2560 2330 2607 stm
2351 2561 2464 2610 tres
2493 2571 2664 2610 unum
2697 2557 2872 2612 solum
2900 2541 3181 2627 peccatum
3216 2559 3271 2613 in
3308 2543 3607 2630 Evangelia
3633 2561 3782 2613 dicunt

2229 2642 2627 2712 irremissibile,
2658 2645 2868 2702 scilicet
2913 2647 3310 2718 blasphemiam
3359 2649 3620 2721 Spiritus,
3658 2666 3781 2720 sepa-

2224 2743 2414 2791 rantes
2435 2752 2556 2792 eam
2587 2738 2657 2793 ab
2675 2739 2933 2795 omnibus
2963 2741 3104 2815 aliis,
3140 2742 3482 2814 evangelista
3504 2760 3630 2799 vero
3649 2741 3773 2798 Joan-

2229 2844 2328 2884 nes
2355 2829 2410 2883 in
2433 2828 2677 2900 Epistola
2708 2831 2918 2886 nullum
2937 2820 3231 2903 separatim
3257 2834 3392 2890 dicit
3416 2835 3779 2899 irremissibile,

2181 2915 2186 2921 ’
2229 2917 2323 2973 sed
2348 2927 2634 2988 peccatum
2656 2935 2831 2990 usque
2855 2930 3085 2977 mortem
3110 2921 3518 2994 qualecunque.
3540 2922 3780 2991 Quomo'lo

2227 3009 2560 3065 conveniunt
2594 3009 2838 3093 Epistola
2867 3010 3096 3069 Joannis
3121 3021 3175 3068 ct
3200 3008 3582 3086 Evangelium,
3606 3016 3646 3071 si
3667 3014 3780 3084 (ιι-»(1

534 3099 896 3169 paenitentia?
949 3100 1160 3159 Forsan
1221 3104 1327 3161 hoc
1380 3107 1524 3161 dicet
1567 3107 1790 3177 aliquis,
1835 3107 1979 3178 quia‘
2009 3118 2120 3162 tam

2228 3098 2581 3174 Evangelium
2605 3103 2674 3158 de
2694 3104 2846 3158 omni
2863 3113 3234 3177 negatpraeter
3259 3123 3428 3162 unum
3458 3108 3780 3172 nominatum.

484 3247 491 3254 ,
535 3193 742 3263 grande
770 3203 1056 3264 peccatum
1104 3205 1188 3251 est
1234 3195 1472 3267 Spiritus
1503 3199 1842 3269 blasphemia
1889 3208 1951 3255 ut
2003 3199 2123 3270 ejus
2227 3191 2332 3248 hoc
2359 3190 2598 3249 Joannes
2635 3195 2704 3250 de
2733 3195 2979 3276 Quolibet
3001 3196 3256 3276 allirmat,
3281 3214 3392 3254 non
3429 3198 3634 3256 deuno
3654 3216 3779 3269 sepa-

532 3283 682 3338 nulla
709 3286 886 3354 possit
920 3288 1076 3359 sequi
1110 3289 1451 3358 pmnitentia.
1488 3289 1554 3345 Et
1597 3291 1722 3347 licet
1767 3291 1966 3363 aliquis
2001 3291 2124 3348 bla-

533 3373 798 3444 sphemus
812 3377 1063 3433 videatur
1083 3387 1273 3450 pectus
1294 3382 1546 3449 tundere,
1574 3383 1832 3438 audiatur
1857 3391 1912 3438 et
1938 3383 2123 3455 suspi-

533 3470 679 3530 rare,
713 3465 925 3521 dicetur
947 3466 1177 3524 forsitan
1204 3465 1334 3541 quia
1358 3487 1465 3526 non
1499 3471 1558 3526 ﬁt
1589 3473 1791 3528 boc‘ex
1817 3473 2002 3542 corde,
2026 3474 2120 3531 sed

539 3555 621 3611 sic
647 3555 715 3610 ad
743 3557 1017 3614 inﬁnitum
1056 3551 1346 3629 mittimur,
1382 3571 1444 3618 ut
1487 3563 1695 3620 incerta
1733 3565 2045 3635 iudicemus
2069 3565 2129 3621 et

530 3645 816 3722 scientiam
846 3645 1232 3709 ‘inscrutabilis
1269 3655 1471 3731 abyssi
1496 3653 1680 3713 cordis
1717 3658 1946 3713 humani
1985 3676 2118 3730 prae-

530 3733 852 3808 sumptuose
893 3741 1188 3810 iactemus,
1225 3729 1302 3798 'ct
1351 3729 1622 3800 Occultam
1670 3729 2120 3816 profunditatem,

527 3845 694 3899 quam
721 3832 866 3887 scire
897 3833 1068 3889 solius
1095 3844 1178 3890 est
1202 3834 1296 3890 Dei
1339 3852 1439 3892 nos
1482 3847 1767 3907 penetrare
1798 3840 2118 3896 clamamus.

532 3920 670 3976 Cum
703 3922 1007 3994 blasphemi
1031 3914 1316 3982 videamus
1340 3929 1627 3984 tu'nsioncs
1671 3930 1930 4000 pectoris,
1962 3941 2016 3986 et
2037 3932 2121 3987 la-

529 4021 770 4082 crymas‘,
807 4023 862 4070 et
905 4015 1195 4072 audiamus
1243 4018 1546 4087 profundos
1582 4022 1818 4090 gemitus
1860 4031 1915 4078 et
1960 4021 2154 4096 longa?

526 4105 784 4173 susiiiria,
816 4107 939 4175 quis
967 4107 1164 4162 audeat
1205 4109 1458 4166 dolosam
1498 4111 1700 4179 dicere,
1737 4129 1839 4169 nec
1861 4129 1928 4170 ex
1955 4117 2120 4172 corde

523 4194 828 4261 pmnitere?
849 4194 967 4250 Non
986 4197 1152 4251 credo
1175 4189 1446 4253 Summam
1477 4201 1798 4270 sapientiam
1827 4203 1930 4258 hoc
1951 4203 2116 4259 scribi

525 4285 766 4340 voluisse
799 4287 854 4340 in
883 4281 1175 4360 Evangelio
1195 4291 1342 4361 quod
1367 4307 1564 4362 capere
1592 4309 1700 4348 non
1727 4290 1904 4364 po'ssit
1926 4296 2112 4363 homo,
2151 4297 2155 4300 ’

526 4391 627 4431 nec
650 4376 703 4431 id
731 4378 1010 4435 hominem
1033 4373 1230 4438 docere
1252 4383 1400 4453 quod
1432 4381 1597 4440 homo
1627 4399 1736 4440 non
1758 4385 2110 4456 possitscire.

2223 3284 2425 3338 ratim?
2451 3283 2590 3340 Dicit
2620 3272 2975 3359 Evangelium
3014 3308 3025 3343 ε
3060 3272 3189 3344 Sola
3217 3290 3558 3362 blasphemia
3587 3291 3781 3362 Spiritus

2223 3381 2309 3430 est
2368 3375 2767 3434 irremissibilis
2807 3397 2822 3442 ;
2855 3378 2988 3435 dicit
3034 3378 3326 3438 Joannes:
3367 3381 3653 3450 Quodlibet
3690 3398 3780 3452 pec-

2225 3473 2408 3538 catum
2438 3475 2614 3538 usque
2638 3470 2707 3525 ad
2735 3474 2966 3526 mortem
2985 3473 3190 3528 nullam
3219 3482 3468 3544 meretur
3493 3475 3775 3530 orationem.

2294 3559 2651 3632 Evangelium
2707 3563 3074 3635 singulariter
3113 3567 3363 3621 nominat
3415 3567 3777 3638 blasphemiam

2226 3649 2464 3721 Spiritus
2515 3660 2570 3708 et
2625 3653 3005 3728 determinate,
3043 3654 3290 3727 Epistola
3332 3658 3413 3713 nil
3468 3658 3778 3730 singulariter

2222 3743 2491 3810 nominat,
2519 3744 2619 3800 'sed
2642 3754 2925 3816 peccatum
2958 3763 3136 3818 usque
3166 3749 3232 3804 ad
3256 3757 3495 3805 mortem
3512 3751 3637 3806 dicit
3658 3749 3775 3804 inde-

2221 3823 2532 3891 terminate.
2570 3836 2860 3893 Peccatum
2902 3840 2970 3895 ad
3004 3849 3236 3898 mortem
3279 3842 3689 3923 indeterminaie
3713 3840 3777 3895 di-

2223 3933 2369 3982 ctum
2416 3928 2772 4000 intelligimus
2809 3931 3108 4000 .quodlibet
3145 3947 3317 3987 unum
3357 3933 3653 3999 indeﬁnite,
3687 3933 3775 3986 bla-

2222 4019 2470 4089 sphemia
2491 4019 2716 4090 spiritus
2731 4020 3054 4094 intelligitur
3074 4012 3358 4094 peccatum
3383 4042 3501 4082 non
3514 4026 3772 4099 quodlibet,

2221 4109 2318 4164 sed
2345 4125 2516 4164 unum
2538 4110 2779 4166 delinite.

2291 4199 2358 4256 Et
2398 4200 2640 4272 Epistola
2671 4200 2900 4258 Joannis
2930 4202 3039 4259 hoc
3081 4204 3242 4260 modo
3266 4204 3570 4261 dissentire
3599 4207 3774 4260 videtur

2219 4293 2290 4347 ab
2319 4291 2634 4364 Evangelio,
2658 4310 2783 4350 cum
2831 4295 3073 4365 Epistola
3113 4297 3259 4351 dicat
3296 4299 3581 4366 quodlibet
3617 4312 3772 4368 pem

2219 4393 2336 4439 tum
2360 4385 2429 4440 ad
2458 4395 2723 4452 mortem,
2736 4403 2837 4457 pro
2855 4403 2968 4457 quo
2991 4404 3099 4443 non
3128 4389 3198 4443 sit
3219 4390 3493 4444 orandum
3517 4410 3530 4458 ;
3561 4401 3610 4445 et
3633 4389 3772 4442 Evan-

528 4466 595 4522 Et
631 4467 752 4524 ideo
786 4471 1029 4527 nondum
1062 4475 1546 4544 comprehendisse
1575 4493 1663 4533 me
1683 4477 2118 4549 arbitror'Spiri-
2148 4482 2195 4540 Ι)
2221 4477 2421 4548 gelium
2445 4478 2592 4533 dicat
2613 4479 2786 4534 solam
2811 4479 3209 4550 blasphemiam
3233 4481 3474 4551 Spiritus
3518 4481 3770 4537 immissi-

523 4568 615 4615 tus
637 4561 1032 4633 blasphemiam
1059 4559 1182 4637 quae
1219 4582 1328 4622 non
1367 4569 1681 4636 dimittitur,
1705 4586 1776 4625 ne
1801 4570 2004 4642 ﬁngere
2029 4589 2117 4627 co-

521 4665 620 4721 gar
648 4653 831 4708 cordis
857 4653 1466 4730 impmnitentiam'qute
1494 4661 1760 4717 nescitur.

557 4742 714 4808 Quod
734 4756 1006 4814 peccatum
1031 4749 1100 4803 ad
1132 4760 1351 4806 mortem
1366 4754 1438 4806 sit
1464 4753 1789 4823 blasphemia
1821 4754 2075 4826 Spiritus.

592 4833 696 4889 Sed
723 4836 1038 4906 requiratur
1075 4839 1302 4898 Joannis
1359 4845 1705 4916 evangelista:
1746 4847 1924 4917 prima
1979 4847 2109 4919 Epi-

517 4927 679 4994 stola,
712 4943 835 4997 quae
851 4931 1243 4988 canonicarum
1266 4934 1634 5006 Epistolarum
1657 4947 1743 4994 est
1765 4955 1893 5005 una,
1917 4940 1972 4994 in
1999 4957 2107 5011 qua
2145 4955 2149 4960 '

517 5019 718 5074 dicitur
760 5021 965 5093 aliquid
1005 5022 1300 5096 Evangelio
1341 5027 1540 5084 simile.
1581 5028 1807 5086 Videtur
1836 5032 1983 5086 cnim
2013 5048 2109 5102 per

519 5109 820 5181 Epistolam
865 5117 1234 5173 concordasse
1277 5120 1456 5176 tribus
1505 5123 1854 5194 evangelistis
1904 5123 1959 5178 in
2003 5125 2108 5182 hoc

519 5204 706 5269 verbo,
735 5206 803 5260 de
823 5223 934 5277 quo
958 5209 1094 5263 nihil
1119 5220 1378 5280 posuerat
1401 5211 1455 5266 in
1478 5210 1770 5285 Evangelio
1797 5230 1919 5281 suo,
1947 5218 2107 5286 quasi

515 5292 571 5352 in
599 5294 840 5365 Epistola
857 5301 1106 5370 suppleat
1149 5303 1314 5373 quod
1334 5299 1516 5360 minus
1552 5305 1606 5360 in
1639 5305 1932 5377 Evangelio
1961 5308 2111 5364 dixe-

2217 4569 2325 4625 bile
2346 4562 2652 4640 peccatum.
2699 4570 2804 4627 Sed
2848 4572 2991 4627 hanc
3011 4573 3372 4642 quaestiunem
3400 4574 3549 4629 sicut
3568 4574 3769 4644 implicat

2215 4661 2617 4718 inconsiderata
2642 4664 3131 4732 rerum'confusio,
3181 4667 3261 4720 sic
3301 4667 3540 4737 explicat
3564 4682 3672 4722 eam
3705 4680 3769 4718 re-

2216 4769 2338 4807 rum
2380 4753 2671 4824 diligenter
2695 4754 3042 4810 considerata
3085 4755 3366 4810 discretio.
3395 4757 3622 4826 Adiacet
3651 4754 3766 4809 enim

2215 4843 2436 4900 cuilibet
2457 4855 2684 4916 peccato
2706 4847 3050 4917 paenitentia,
3075 4847 3159 4901 vel
3173 4848 3507 4917 pertinacia;
3539 4847 3767 4919 pmnitcnv

2214 4936 2286 4991 tia
2308 4937 2536 5003 bonum,
2560 4945 2844 5007 peccatum
2870 4938 3058 5008 ipsum
3086 4938 3323 5006 malum;
3354 4940 3646 5009 pertinacia
3665 4949 3765 5008 pec-

2215 5029 2322 5084 cati
2351 5029 2420 5086 ad
2443 5037 2678 5100 tempus,
2709 5030 2900 5100 peius;
2933 5031 3232 5101 pertinacia
3261 5031 3330 5086 ad
3365 5043 3594 5087 mortem
3621 5027 3764 5100 pessi-

2215 5136 2388 5188 mum,
2429 5129 2483 5176 et
2518 5121 2773 5176 ultimum
2821 5121 3049 5177 malum.
3100 5120 3290 5192 itaque
3340 5123 3610 5178 malorum
3646 5116 3762 5175 aliud

2214 5206 2388 5284 prius,
2433 5213 2581 5269 aliud
2617 5215 2914 5284 posterius,
2943 5215 3091 5272 aliud
3119 5225 3481 5286 postremum.
3531 5215 3693 5278 Prius,
3719 5218 3762 5263 ut

2212 5297 2525 5373 fornicatio,
2550 5304 2781 5373 furtum,
2803 5308 3017 5376 rapina,
3045 5307 3254 5375 odium,
3285 5309 3490 5364 invidia
3513 5317 3568 5364 et
3585 5305 3760 5362 aliain-

516 5393 622 5450 rat,
648 5396 709 5442 ut
731 5388 848 5444 haec
869 5394 1136 5448 sententia
1165 5410 1329 5465 quam
1357 5395 1656 5475 quaerimus
1679 5413 1744 5452 ex
1767 5397 1871 5454 hoc
1899 5399 2108 5455 sciatur
2209 5396 2398 5464 ﬁnita;
2429 5398 2727 5469 posterius,
2753 5407 2813 5453 ut
2844 5399 3240 5469 impmnitcntia
3265 5401 3332 5455 ad
3364 5409 3608 5472 tempus;
3640 5403 3755 5468 posi-

521 5475 735 5531 lirmior
758 5494 869 5549 quo
891 5481 1216 5539 Conﬁrmata
1253 5495 1339 5567 est
1365 5486 1435 5540 ab
1471 5488 1817 5558 eva’ngelistis
1844 5499 2101 5560 quatuor.

514 5565 850 5625 Audivimus
885 5581 997 5628 tres
1033 5565 1394 5646 evangelistas
1421 5578 1552 5648 quid
1589 5579 1827 5635 dixerint
1863 5581 2007 5636 unde
2046 5581 2106 5637 ﬁt

516 5663 771 5729 quaestio.
804 5665 1111 5722 Audiamus
1137 5667 1404 5726 Joannem
1419 5674 1687 5742 ‘quartum
1715 5673 1845 5742 quid
1881 5673 2100 5743 dixerit,
2131 5675 2135 5678 ’

517 5749 661 5805 unde
685 5752 780 5824 Iiat
801 5754 1021 5811 solutio.
1038 5755 1185 5832 Tres
1212 5758 1493 5831 implicant
1520 5777 1622 5820 nos
1651 5777 1881 5821 suorum
1907 5765 2100 5824 verbo-

2206 5505 2444 5558 remum,
2469 5483 2530 5545 ut
2557 5491 2955 5561 impmnitentia
2983 5492 3049 5546 ad
3076 5491 3352 5546 ultimum.

2276 5580 2344 5636 Et
2395 5582 2577 5652 priora
2612 5584 2928 5653 praseedunt
2963 5583 3123 5654 quasi
3152 5583 3429 5654 capitalia,
3459 5583 3527 5639 de
3567 5579 3753 5652 quibus,

2207 5674 2474 5730 habeatur
2517 5675 2840 5746 poenitentia
2879 5675 2963 5730 vel
3030 5675 3451 5746 impganitentia.
3497 5673 3605 5730 Nisi
3634 5671 3751 5728 enim

2207 5768 2444 5838 primum
2482 5778 2764 5840 peccatum
2802 5769 2917 5839 ﬁat,
2957 5784 3065 5826 non
3105 5777 3189 5825 est
3212 5766 3371 5840 cuius
3407 5761 3751 5840 pmnitratalio
