3946 6306
168 363 286 421 ΗΠ

1377 353 1464 408 DE
1497 347 1894 408 CANONIBUS
1931 347 2178 407 EVANG.

3262 357 3414 415 1118-

164 495 324 552 quem,
356 475 432 530 vel
458 471 615 542 cujus
645 473 992 543 impwnitens
1019 476 1254 527 maneat.
1288 469 1368 526 Ab
1394 470 1541 526 omni
1574 468 1795 525 malo'A
1821 465 2170 537 evangelistis
2197 473 2252 520 et
2283 464 2336 520 in
2373 465 2605 535 Joanne,
2642 467 2970 540 appellatum
3013 471 3068 526 in
3109 471 3424 545 Evangelio

155 573 213 628 ad
248 569 470 641 primum
514 565 718 620 bonum
748 566 900 636 prius
931 565 1271 636 diriguntur,
1305 563 1358 619 id
1385 577 1488 630 est,
1535 563 1712 634 paeni-

154 661 374 723 tentiam,
397 672 560 727 quam
594 657 840 726 sequitur
865 657 1137 712 remissio.
1171 658 1210 709 A
1239 656 1416 726 primo
1443 655 1588 710 malo
1615 671 1712 710 ca-

147 755 281 807 ditur
312 751 363 804 in
395 748 687 820 posterius,
719 748 844 803 inde
867 748 932 802 ad
964 757 1324 818 postremum,
1361 749 1506 818 quod
1528 757 1612 802 est
1643 747 1710 802 ad

147 839 715 910 linemimpcenitentia,
740 856 903 910 quam
925 840 1500 910 sequiturirremissio.
1520 838 1575 894 In
1590 855 1713 910 quae

143 937 256 998 duo,
285 933 337 987 id
363 941 445 987 est
483 933 758 1001 posterius
812 939 866 986 et
907 940 1269 1001 postremum,
1307 942 1554 1003 peccator
1590 948 1710 985 cum

140 1026 354 1090 venerit,
371 1024 659 1077 contemnit
678 1023 858 1094 (Prov.
893 1021 1073 1094 xvm).

200 1161 292 1216 Hic
325 1161 744 1216 considerantur
791 1171 1027 1232 quatuor
1071 1162 1368 1228 contraria,
1405 1163 1515 1216 duo
1544 1161 1707 1222 bona,

135 1253 335 1316 duobus
365 1253 526 1308 malis
565 1254 836 1323 opposita.
871 1252 1116 1321 Quorum
1145 1254 1284 1308 ratio
1309 1263 1370 1308 ut
1402 1253 1708 1310 evidentius

133 1353 407 1414 appareat,
462 1343 544 1399 sic
572 1358 636 1397 ea
673 1344 940 1414 quadrata
978 1343 1215 1398 formula
1255 1345 1510 1414 disponat
1555 1354 1615 1397 ut
1646 1345 1710 1397 li-

133 1451 224 1489 nea
253 1433 504 1503 superior
544 1450 575 1490 e
620 1434 842 1504 regione
877 1435 987 1489 duo
1024 1435 1320 1501 contineat,
1355 1445 1410 1490 et
1447 1435 1588 1490 linea
1625 1435 1710 1488 in-

132 1525 288 1580 ferior
314 1540 344 1579 e
373 1525 598 1595 regione
636 1525 746 1581 duo
771 1525 1022 1581 similiter
1054 1527 1266 1581 habeat.
1317 1525 1386 1581 Et
1417 1527 1499 1582 sic
1541 1543 1710 1598 appa-

130 1626 206 1670 ret
242 1617 294 1670 in
339 1615 593 1686 utrisque
635 1617 796 1673 lineis
839 1632 1032 1672 eorum
1063 1618 1238 1688 prima
1278 1616 1460 1673 fronte
1485 1628 1708 1674 contra-

130 1708 303 1763 rietas.
331 1703 593 1764 Et‘siciu
633 1708 883 1779 utrisque
923 1709 1185 1764 lateribus
1226 1710 1599 1778 inveniuntur,
1649 1720 1709 1766 ut

129 1799 189 1852 ad
217 1815 274 1855 se
295 1799 534 1856 invicem
563 1809 885 1870 sequantur.
918 1799 1056 1855 Hinc
1077 1799 1188 1855 duo
1222 1801 1364 1857 bona
1402 1818 1497 1872 per
1537 1802 1706 1857 mise-
1741 1821 1786 1880 η

130 1891 432 1959 ricordiam,
473 1891 705 1947 inferius
729 1892 969 1958 virtutis,
1011 1893 1267 1962 superius
1315 1894 1541 1963 palmae;
1569 1894 1708 1960 inde

126 1981 226 2035 duo
255 1981 398 2036 mala
454 1997 553 2052 per
598 1982 892 2051 justitiam,
937 1981 1170 2038 inferius
1220 1985 1414 2054 culpm,
1456 1986 1708 2056 superius

127 2087 318 2140 paenae;
347 2075 687 2145 augulariter
727 2090 857 2130 vero
895 2074 976 2130 sic
1012 2076 1270 2146 utrinque
1308 2087 1610 2149 repuguant
1649 2088 1710 2134 ut

125 2166 277 2220 simul
292 2183 414 2222 esse
428 2175 721 2238 nequeant,
745 2167 855 2223 duo
876 2168 1316 2225 immutabilitate
1332 2171 1581 2240 justitiae,
1598 2171 1708 2227 duo

122 2260 436 2316 ccrtitudine
485 2260 894 2328 misericordiae,
949 2269 1008 2316 ut
1041 2261 1286 2332 subjecta
1321 2273 1593 2319 monstrat
1613 2264 1709 2320 de-

123 2353 354 2422 scriptio.

1647 2880 1669 2921 Ξ

1647 3136 1666 3181 ζ

1647 3329 1665 3358 =

1647 3361 1664 3391 ε

1647 3397 1664 3444 Ξ

1647 3707 1658 3742 ι

181 2576 376 2627 bonum
411 2575 606 2643 palum:

244 2669 520 2723 “emissio

123 2561 132 2677 Ι
181 2576 376 2627 bonum
411 2575 606 2643 palum:
639 2579 648 2648 |

1309 2673 1609 2725 irremissit)

622 2747 1181 2765 __*—

139 2747 515 2761 m

1314 2751 1674 2764 Μ

613 2835 649 2860 ..
1169 2780 1246 2856 εξ

1049 2926 1126 3026 ἑςδ

715 2985 806 3096 ἐξ(

733 3389 794 3466 εἳ
1004 3381 1084 3464 θὲς

651 3448 750 3566 δέ
898 3319 1162 3667 \

135 3665 515 3679 ἦ

1288 3668 1655 3684 _—______..

144 2871 190 2918 Ξ
219 2871 290 2918 ξι
577 2871 739 2918 \‘2-\
1065 2871 1224 2918 /.-.°‘/
1528 2871 1598 2918 I';
1633 2880 1669 2918 Z-

153 2909 188 2968 Ξ.
205 2909 255 2967 5:
278 2909 288 2973 Ι
604 2909 777 2973 ἶέρλ
1025 2909 1197 2973 /.'¢"/
1528 2909 1536 2973 l
1561 2909 1598 2973 ἔξ
1616 2910 1667 2973 Ξῖ

154 3001 187 3042 ε
218 2982 252 3042 ἐ
277 2982 288 3042 l
654 2982 824 3042 ἵῖθλ
974 2982 1142 3042 Αρν
1528 2982 1614 3042 |'-:-"
1633 2982 1668 3042 ἓ

152 3129 288 3181 ΞξΙ
755 3129 803 3181 \
872 3129 917 3181 >’
980 3129 1032 3181 /
1528 3129 1666 3181 εει-ς

150 3174 288 3226 5.}.l
785 3174 886 3226 \/
951 3174 996 3226 /
1527 3174 1680 3226 l2;

772 3222 1024 3316 1A
1525 3222 1666 3316 Ι³Ξ

135 3690 462 3750 ι’ωηὶιειιιίει
638 3693 647 3761 |
768 3697 1045 3747 contraria
1163 3695 1177 3764 ι
1265 3691 1658 3760 itnpmnitentia

759 3772 1032 3780 -————___

138 3782 335 3854 ionttm
362 3785 584 3837 virtutis
638 3771 752 3852 ί*
1039 3773 1129 3779 ﬂ“
1161 3789 1170 3854 |
1233 3775 1436 3840 malum
1475 3784 1645 3852 culpze

178 4050 294 4106 Hoc
327 4069 462 4124 ergo
511 4070 673 4107 mmo
727 4053 1074 4110 considerata
1123 4053 1455 4108 discretione
1498 4068 1704 4116 rerum,

107 4159 232 4197 cum
278 4144 335 4198 in
389 4144 686 4217 Evangelio
728 4145 932 4200 dicitur
970 4161 1133 4201 omne
1168 4145 1367 4216 dimitti
1399 4154 1702 4216 peccatum,

106 4236 494 4308 intelliguntur
526 4238 643 4307 ipsa
671 4246 890 4308 peccata
913 4251 1035 4308 qua:
1061 4245 1189 4293 sunt
1223 4237 1398 4308 prima,
1431 4246 1485 4291 et
1519 4237 1709 4306 impae-

104 4324 340 4380 nitentia
373 4326 439 4382 ad
465 4335 700 4396 tempus,
732 4344 854 4398 quae
883 4340 966 4383 est
992 4328 1284 4398 posterius.
1304 4328 1545 4397 Spiritus
1582 4342 1706 4381 vero

101 4417 472 4487 blasphemia,
529 4436 650 4492 (ιυιε
694 4421 896 4474 remitti
952 4436 1060 4474 non
1100 4407 1297 4490 potest,
1337 4428 1420 4473 est
1448 4418 1705 4488 impmni-

1165 2579 1175 2643 |
1245 2579 1442 2628 malum
1476 2593 1647 2643 [tuane
1693 2575 1703 2643 I
1741 2575 1744 2578 i

1820 555 2063 628 Spiritus
2085 560 2462 631 blasphemia,
2505 561 2560 616 in
2588 561 2825 633 Epistola
2855 580 2986 620 vero
3011 575 3289 636 peccatum
3329 570 3399 623 ad

1816 666 2066 724 mortem,
2106 657 2159 712 id
2188 666 2272 712 est
2304 657 2706 728 impmnitentia
2728 657 2793 713 ad
2834 657 3017 714 finem.

1816 764 1925 823 Cur
1946 767 2331 822 irremissibilis
2361 767 2685 838 blasphemia
2709 770 2880 839 magis
2914 772 3137 839 pertinet
3167 771 3239 826 ad
3261 767 3402 830 Ιδεῖ·

2081 787 2331 821 miseratus
2361 787 2685 838 otaspnemta
2709 787 2880 839 magis
2949 787 3123 825 ertmet

2081 839 2242 892 ritum
2263 855 2424 909 quam
2447 839 2518 892 ad
2541 839 2758 892 Patrem
2797 840 2874 893 vel
2899 787 3123 896 ilium.

1887 929 1992 985 Sed
2030 945 2156 985 cum
2179 929 2234 984 in
2256 929 2468 985 Joanne
2502 931 2782 1002 signanter
2799 940 2853 985 et
2873 933 3090 1001 proprie
3113 945 3396 1002 peceatum

1819 1023 1880 1080 td
1913 1031 2144 1078 mortem
2179 1033 2423 1088 vocetur,
2447 1023 2714 1094 quaeritur
2737 1023 2792 1077 in
2817 1023 3110 1095 Evangelio
3140 1043 3239 1080 cur
3282 1027 3397 1083 bia-

1813 1116 2059 1185 sphemia
2087 1117 2199 1178 neu
2233 1113 2436 1180 Patris,
2458 1116 2544 1170 vel
2579 1115 2728 1182 Filii,
2770 1117 2863 1172 sed
2915 1114 3153 1187 Spiritus
3183 1125 3396 1173 tantum

1811 1208 2045 1263 dicatur.
2078 1207 2160 1261 Ad
2196 1207 2344 1277 quod
2380 1209 2742 1278 respondetur
2777 1209 2928 1277 quia,
2965 1224 3090 1264 cum
3139 1209 3402 1278 majestas

1811 1313 2041 1354 summae
2088 1299 2376 1354 Trinitatis
2419 1307 2532 1354 tota
2590 1299 2661 1354 sit
2713 1299 2956 1355 charitas
2991 1307 3046 1355 et
3089 1300 3145 1354 in
3182 1315 3399 1356 summa

1811 1389 2078 1446 Trinitate
2100 1391 2316 1462 singula
2333 1406 2568 1462 quaeque
2587 1405 2822 1461 persona
2855 1391 3162 1454 certissime
3184 1393 3256 1448 sit
3275 1392 3405 1447 cha-

1809 1482 1964 1548 ritas,
2000 1492 2181 1539 tamen
2225 1483 2463 1554 Spiritus
2498 1492 2725 1538 sanctus
2766 1482 3074 1553 specialiter
3092 1493 3147 1538 et
3181 1485 3404 1553 proprio

1811 1584 1917 1641 est,
1947 1575 2210 1642 Charitas,
2240 1574 2369 1645 quia
2391 1574 2573 1629 Patris
2603 1583 2658 1628 et
2679 1572 2858 1636 ,Verhi
2887 1582 2972 1628 est
2992 1573 3118 1629 vera
3147 1590 3404 1630 commu-

1809 1665 1922 1731 nio,
1951 1674 2006 1720 et
2033 1665 2214 1721 dulcis
2250 1667 2540 1735 utriusque
2563 1665 2629 1718 ad
2661 1664 2895 1719 invicem
2919 1673 2973 1719 et
3004 1665 3072 1720 ad
3098 1666 3285 1728 omnia
3315 1667 3402 1722 di-

1809 1757 1991 1813 lectio.
2020 1756 2233 1812 Etcum
2260 1757 2374 1827 ipsa
2399 1756 2640 1811 eharitas
2662 1763 2898 1826 nequeat
2925 1755 3213 1812 admittere
3235 1773 3399 1811 suum

1811 1847 2168 1914 contrarium,
2214 1862 2324 1902 non
2363 1856 2547 1918 potest
2597 1847 2780 1902 odisse
2817 1847 3115 1916 quidquam
3150 1847 3403 1918 quod-sit

1811 1948 2078 2006 creatum,
2117 1941 2211 1995 sed
2267 1939 2444 2010 diligit
2495 1939 2702 2005 omnia,
2742 1953 2866 2008 quae
2903 1947 3079 1993 totum
3131 1939 3399 2009 quidquid

1809 2039 1913 2099 est,
1944 2048 2072 2086 vera
2121 2031 2341 2086 dilectio
2384 2040 2488 2096 est,
2517 2031 2624 2086 nisi
2667 2031 3131 2086 enim-essentiam
3178 2030 3399 2088 amnem

1809 2121 2076 2192 diligeret,
2134 2137 2306 2177 unum
2337 2137 2558 2192 quoque
2605 2123 2750 2178 sicut
2782 2130 2867 2177 est
2897 2137 3022 2177 esse
3045 2137 3154 2176 non
3195 2131 3395 2192 potest.

1810 2213 2069 2279 Quaedam
2103 2221 2285 2268 autem
2309 2213 2566 2268 essentia:
2591 2212 2806 2281 culpam
2840 2211 3198 2278 admiserunt,
3226 2211 3320 2266 sed
3342 2219 3402 2266 et

1811 2305 1958 2376 ipsas
1979 2321 2109 2364 vera
2135 2305 2379 2362 charitas
2411 2305 2588 2376 diligit
2615 2320 2739 2375 qua:
2779 2312 3161 2374 peccaverunt,
3208 2313 3396 2375 parata

1809 2399 1878 2452 ad
1922 2398 2336 2470 indulgentiam,
2386 2398 2434 2453 si
2457 2407 2629 2468 agant
2662 2397 3062 2467 paenitentiam.
3105 2395 3242 2451 Nam
3273 2412 3398 2466 quae

1810 2509 1936 2548 vere
1963 2492 2159 2564 diligit,
2189 2493 2425 2548 libenter
2452 2490 2719 2547 oﬂ‘ensam
2751 2489 2996 2546 dimittit.

1878 2585 1978 2641 Est
2005 2585 2152 2640 enim
2191 2599 2335 2640 verae
2387 2583 2676 2640 charitatis
2705 2581 2965 2646 ofﬁcium,
2992 2587 3173 2651 optata
3203 2579 3404 2636 remis—

1810 2677 1895 2730 sio
1911 2684 2282 2746 peccatorum.
2306 2672 2392 2740 Et,
2425 2673 2571 2730 sicut
2595 2671 2650 2726 in
2681 2687 2896 2728 summa
2920 2669 3189 2725 Trinitate
3211 2669 3398 2726 chari-

1810 2777 1895 2824 tas
1919 2768 2140 2840 proprie
2167 2765 2406 2822 refertur
2445 2765 2514 2820 ad
2545 2762 2837 2833 Spiritum,
2869 2763 2944 2818 ita
2973 2762 3194 2832 proprie
3220 2760 3414 2815 ascri-'

1808 2861 1958 2914 bitur
1989 2857 2218 2930 Spiritui
2236 2854 2494 2924 remissio
2527 2860 2900 2925 peccatorum,
2936 2859 3122 2922 utpote
3162 2851 3402 2907 charita-

1811 2954 1880 3008 tis
1908 2952 2176 3012 ndicium:
2204 2948 2459 3022 quamvis
2491 2946 2549 3002 in
2578 2954 2694 3002 tota
2719 2943 2986 3000 Trinitate
3008 2956 3299 3000 commune
3329 2941 3406 2998 sit

1808 3053 2031 3117 peccata
2059 3044 2354 3099 dimittere.

1734 3163 1776 3220 ρ
1882 3137 1940 3192 Si
1974 3150 2104 3208 ergo
2130 3134 2369 3205 Spiritus
2391 3138 2617 3188 sanctus
2645 3127 2866 3200 proprie
2892 3133 3118 3198 peccata
3150 3122 3400 3220 dimittit,

1812 3231 1866 3286 id
1908 3238 2055 3286 certe
2093 3237 2282 3284 contra
2331 3225 2596 3296 Spiritum
2637 3229 2888 3278 sanctum
2923 3234 2984 3274 se
3029 3217 3205 3287 magis
3239 3214 3405 3286 erigit

1810 3324 1957 3394 quod
1988 3321 2367 3378 remissionem
2389 3325 2740 3390 peccatorum
2763 3312 2940 3385 magis
2961 3309 3228 3373 excludit,
3243 3316 3298 3362 et
3322 3306 3403 3360 in-

1806 3417 1950 3488 juria
1975 3415 2172 3486 majori
2196 3405 2450 3470 sanctum
2485 3410 2743 3465 molestat
2783 3405 3047 3476 Spiritum
3092 3398 3239 3472 quod
3283 3413 3402 3454 ma-

1807 3508 1914 3580 jori
1950 3506 2191 3576 nequitia
2239 3503 2454 3560 veniam
2509 3499 2723 3572 repellit
2763 3504 3138 3568 peccatorum.
3173 3489 3242 3545 Et
3276 3489 3400 3546 ideo

1811 3608 1958 3654 recte
1999 3607 2229 3652 voratur
2268 3593 2613 3664 blasphemia
2661 3589 2901 3660 Spiritus
2937 3584 3070 3668 illud
3112 3590 3398 3654 peccatum

1810 3690 1956 3763 quod
1981 3688 2268 3744 charitatis
2292 3686 2451 3742 dulce
2490 3682 2696 3739 refutat
2724 3680 2985 3744 otiicium,
3021 3690 3122 3734 nec
3152 3673 3417 3742 accipere

1811 3790 1968 3846 curat
2010 3795 2214 3836 munus
2259 3778 2452 3844 venite,
2502 3774 2648 3846 quod
2678 3771 2923 3832 Charitas
2964 3767 3226 3844 omnibus
3247 3772 3421 3854 optat.

1812 3875 2111 3947 impcrtire.
2147 3872 2212 3927 Et
2252 3873 2356 3927 hoc
2389 3877 2780 3940 estpeccatum
2813 3861 2894 3934 :ad
2934 3869 3192 3927 mortem,
3229 3858 3290 3913 id
3314 3865 3417 3914 est”

1812 3967 2216 4040 impmnitentia
2251 3964 2318 4020 ad
2350 3955 2535 4024 tinem.
2557 3970 2863 4016 extremum
2895 3955 3123 4020 maIUm,
3156 3950 3403 4007 irremis-

1811 4062 1970 4116 sibile
1999 4058 2198 4122 solum,
2244 4072 2370 4112 eum
2412 4053 2618 4110 remitti
2670 4049 2844 4122 possit
2890 4047 3036 4103 aliud
3070 4059 3233 4100 omne
3267 4055 3399 4112 pec-

1809 4164 2014 4209 eatum.
2048 4152 2114 4208 Et
2134 4153 2241 4207 hoc
2265 4159 2349 4204 est
2375 4155 2568 4204 contra
2597 4152 2851 4202 sanctum
2893 4139 3157 4210 Spiritum
3179 4137 3396 4201 dicere,

1809 4243 2016 4298 scilicet
2039 4241 2221 4295 divina
2245 4251 2420 4309 opera
2441 4233 2809 4305 vituperando
2834 4239 2899 4285 et
2920 4231 2973 4308 in
3011 4242 3234 4299 pravam
3272 4240 3399 4294 par-

1811 4345 1916 4390 tem
1946 4333 2216 4396 ducendo,
2256 4330 2524 4385 invidiose
2557 4339 2611 4382 et
2655 4325 2891 4396 superbe
2927 4338 3103 4392 usque
3142 4321 3196 4374 in
3235 4319 3397 4372 linem

1812 4425 2243 4497 imptenitentem
2285 4421 2599 4491 persistere,
2638 4417 2782 4470 sicut
2821 4425 2878 4468 et
2920 4411 3182 4466 malitiosi
3225 4408 3399 4462 Judwi

103 4507 273 4561 tentia
321 4508 391 4562 ad
444 4509 629 4574 finem,
677 4527 776 4579 pro
807 4527 914 4580 qua
953 4511 1098 4565 orari
1136 4526 1244 4566 non
1278 4509 1456 4564 debet.
1483 4509 1548 4563 Et
1578 4525 1702 4564 cum
1733 4504 1786 4564 D
1815 4527 1945 4573 tunc
1966 4513 2261 4579 faciebant,
2289 4511 2384 4582 qui
2436 4509 2652 4565 divinas
2689 4505 2810 4574 ejus
2843 4503 3074 4556 virtutes
3115 4497 3400 4553 immundo

101 4597 155 4650 in
185 4597 494 4669 Evangelio
535 4601 707 4655 multa
758 4601 869 4656 sint
911 4611 963 4657 et
1007 4600 1428 4656 innumerabilia
1459 4608 1704 4669 peccata,

99 4706 226 4758 quae
253 4701 495 4762 possunt
541 4693 762 4761 dimitti,
797 4710 905 4749 una
952 4705 1039 4750 est
1073 4693 1310 4764 Spiritus
1344 4691 1705 4762 blasphemia,

98 4797 226 4851 (ιιιεε
289 4801 402 4838 non
447 4794 626 4854 potest
665 4785 885 4852 dimitti,
937 4787 1025 4842 cui
1061 4797 1145 4842 est
1185 4787 1329 4842 idem
1368 4786 1422 4839 in
1462 4783 1706 4856 Epistola

96 4871 343 4930 Joannis
368 4887 647 4946 peccatum
681 4879 750 4934 ad
787 4887 1039 4946 mortem,
1085 4879 1136 4935 id
1169 4889 1253 4934 est
1304 4879 1704 4949 impmnitentia

97 4968 166 5022 ad
201 4969 396 5036 finem,
428 4986 528 5040 pro
571 4987 682 5042 quo
729 4971 848 5026 solo
882 4988 990 5027 non
1023 4971 1183 5026 debet
1217 4971 1386 5026 orari.
1418 4969 1484 5025 Et
1519 4971 1591 5025 ita
1621 4979 1705 5026 est

97 5077 280 5115 unum
331 5063 507 5118 solum
554 5073 837 5134 peccatum
899 5064 1278 5120 irrcmissibile
1339 5065 1483 5119 etin
1527 5066 1703 5122 tribus

1813 4609 2033 4681 spiritui
2061 4605 2430 4663 ascribebant.
2460 4600 2589 4656 Inde
2623 4595 2886 4654 divinitus
2935 4607 3167 4648 cernens
3204 4607 3398 4646 eorum

1811 4715 1988 4771 usque
2018 4698 2085 4754 ad
2123 4697 2286 4752 ﬁnem
2317 4690 2791 4764 impmnitentiam,
2827 4694 2882 4742 et
2909 4699 3008 4741 eos
3043 4683 3096 4737 in
3129 4691 3398 4738 mternum

1811 4791 2152 4850 damnandos
2187 4788 2425 4851 dicebat,
2457 4793 2511 4839 et
2551 4791 2802 4855 posteros
2839 4788 2900 4834 ut
2938 4785 3152 4834 tantum
3192 4774 3398 4829 malum

1814 4895 2046 4944 caveant
2073 4882 2401 4940 instruebat.
2431 4877 2744 4932 Invenimus
2768 4888 2837 4928 ex
2881 4872 2969 4926 his
3002 4867 3280 4940 Evangelii
3304 4882 3399 4919 ra-

1811 4979 2000 5052 pitulis
2036 4977 2194 5032 aliter
2213 4973 2361 5044 loqui
2387 4958 2588 5026 Patres
2613 4967 2982 5030 orthodoxos;
3007 4977 3130 5034 qua:
3163 4960 3257 5030 qui
3283 4959 3400 5016 vult

1812 5074 1952 5129 scire
1981 5069 2225 5140 requirat
2254 5064 2396 5136 apud
2439 5063 2582 5117 illos.

463 5220 702 5291 Emplicit
730 5222 1147 5299 reverendissimi
1177 5222 1378 5276 domini
1409 5222 1608 5278 Odonis
1644 5224 1719 5279 De
1741 5222 2069 5294 blasphemia
2109 5221 2166 5273 in
2198 5217 2461 5288 Spiritum
2490 5221 2731 5267 sanctum
2757 5212 3036 5260 tractatus.

104 5326 672 5352 III—v—v————--—-———-o——-

688 5311 3104 5350 Μ

3107 5301 3384 5327 -αι--υσια

616 5339 798 5548 in:
883 5432 1694 5613 CANONIBUS
1741 5339 2901 5551 EVANGiELIORUM

1524 5621 1889 5640 Ψ

174 5718 515 5780 Sanctorum
549 5723 973 5797 Evangeliorum
1027 5725 1189 5783 lectio
1231 5717 1406 5784 canon
1454 5726 1699 5800 quidam,

93 5812 152 5870 td
207 5822 301 5872 est
339 5817 623 5892 institutio
655 5819 741 5876 vel
777 5819 962 5892 regula
994 5830 1078 5877 est
1121 5819 1396 5894 religionis
1421 5819 1694 5892 perfectae.

1809 5727 1964 5784 Unde
1989 5721 2240 5782 canonici
2278 5723 2565 5781 vocantur,
2610 5713 2705 5785 qui
2743 5711 3046 5768 secundum
3095 5708 3398 5766 institutio-

1808 5839 1930 5880 nem
1958 5827 2278 5878 sanctorum
2305 5807 2726 5881 Evangeliorum
2754 5807 2963 5863 vivunt.
2996 5802 3267 5880 Singulas
3286 5800 3396 5876 igi-
