3946 6306
537 273 679 329 1119

537 398 628 440 tur
655 391 967 441 sanctorum
992 384 1410 456 Evangeliorum
1436 382 1736 440 sententias
1761 399 2001 439 canones
2031 397 2128 436 vo-

539 492 764 544 camus;
803 477 895 533 scd
919 477 1181 548 quoniam
1219 473 1639 551 Evangeliorum
1673 475 1878 547 regulae
1915 475 2001 530 vel
2029 488 2128 529 ca-

539 582 710 623 nones
732 569 786 622 in
809 579 1048 639 quatuor
1077 569 1233 624 libris
1246 578 1480 638 quatuor
1505 567 1974 639 Evangelistarum
1993 583 2128 623 con-

538 670 909 729 summantur,
980 663 1161 718 evenit
1223 672 1286 717 ut
1352 663 1408 718 in
1449 663 1780 732 quibusdam
1843 661 2128 718 sententiis

539 768 732 808 omnes
762 754 816 807 in
851 755 1018 810 simul
1045 755 1406 823 conveniant;
1443 737 1527 822 ut,
1565 755 1713 825 quod
1743 755 1799 810 in
1837 771 1950 811 uno
1971 770 2132 810 evan—

539 848 857 917 gclistarum
877 849 1084 904 dictum
1099 851 1203 913 «sit,
1233 850 1422 905 wdem
1454 851 1624 905 modo
1658 851 1744 905 vel
1785 849 2039 905 similiter
2072 850 2129 903 in

539 937 767 1008 reliquis
797 939 972 995 tribus
995 941 1336 1008 inveniatur;
1372 942 1427 996 in
1459 943 1789 1013 quibusdam
1832 958 1961 998 vero
2000 956 2129 998 sen-

537 1030 727 1084 tentiis
773 1040 885 1087 tres
938 1040 1180 1100 tantum;
1213 1042 1288 1102 .ut
1333 1034 1387 1088 in
1415 1042 1635 1104 quarto,
1674 1050 1786 1090 non
1817 1035 2129 1098 inveniatur

539 1120 685 1189 quod
723 1129 835 1176 tres
891 1123 1239 1193 evangelista;
1285 1124 1540 1180 similiter
1585 1124 1880 1193 dixerunt;
1917 1126 1970 1180 in
2007 1125 2131 1180 aliis

537 1226 670 1266 vero
691 1211 800 1266 duo
827 1221 1061 1281 tantum,
1089 1215 1316 1286 reliquis
1341 1217 1554 1271 duobus
1584 1217 1638 1274 id
1677 1218 1860 1287 ipsum
1901 1218 2132 1273 taeenti-

539 1300 678 1366 bus;
711 1301 766 1354 in
789 1301 912 1358 aliis
933 1319 1064 1359 vero
1089 1305 1290 1377 singuli
1316 1308 1664 1379 evangelista:
1703 1310 1955 1379 proprias
2003 1325 2130 1364 sen-

538 1391 740 1447 tentias
781 1395 1086 1462 enuntient,
1143 1399 1357 1453 cameris
1409 1400 1738 1468 tacentibus,
1785 1403 1933 1472 quod
1983 1417 2129 1458 unus

536 1480 757 1550 dixerit,
813 1493 874 1540 ut
922 1485 1038 1542 haec
1067 1487 1230 1557 plane
1272 1489 1448 1558 possit
1480 1490 1599 1546 ﬁeri
1649 1491 1846 1547 divisio
1889 1493 2126 1564 generis,

536 1573 695 1641 quasi
719 1575 776 1629 in
811 1578 1079 1646 quasdam
1099 1580 1310 1648 species
1339 1596 1634 1638 canonum.
1673 1582 1802 1651 Alii,
1834 1585 1889 1639 in
1924 1586 2127 1656 quibus

533 1675 774 1735 quatuor
830 1670 1178 1741 evangelista:
1226 1675 1592 1743 conveniunt;
1641 1677 1756 1744 alii,
1813 1677 1870 1732 in
1925 1679 2128 1748 quibus

533 1765 647 1812 tres
671 1775 686 1825 ;
710 1758 836 1827 alii,
862 1761 920 1816 in
935 1761 1137 1833 quibus
1167 1763 1440 1832 duo;alii,
1469 1765 1522 1821 in
1553 1768 1755 1838 quibus
1773 1770 1974 1840 singuli
1992 1787 2123 1842 pro-

532 1847 686 1918 prios
713 1864 979 1919 canones,
1005 1852 1058 1908 id
1084 1862 1169 1909 est
1189 1857 1407 1928 regulas
1432 1859 1806 1929 pronuntiant.
1834 1860 2123 1919 Canonum

533 1955 685 2008 vero,
756 1941 813 1996 in
872 1944 1074 2014 quibus
1125 1956 1364 2018 quatuor
1439 1951 1588 2006 nulla
1644 1962 1729 2008 est
1796 1954 2121 2010 subdivisio.

533 2029 739 2087 Eorum
767 2049 1064 2104 canonum,
1099 2037 1154 2091 in
1188 2039 1391 2108 quibus
1431 2049 1561 2107 tres,
1592 2043 1853 2113 quoniam
1889 2055 2126 2115 quatuor

533 2129 664 2177 sunt
683 2125 1048 2196 evangelista,
1071 2137 1308 2198 quatuor
1326 2141 1456 2187 sunt
1473 2132 1810 2204 differentiae,
1829 2137 1958 2206 quia
1983 2153 2122 2208 qua-

535 2223 663 2270 tuor
710 2216 888 2273 modis
934 2223 1265 2276 commutari
1317 2234 1497 2295 potest
1547 2242 1740 2284 eorum
1781 2231 1923 2286 trina
1973 2246 2126 2287 com-

533 2307 734 2376 plexio.
759 2307 823 2365 Et
853 2319 938 2366 est
961 2328 1103 2380 una;
1135 2330 1261 2370 cum
1284 2319 1615 2377 conveniunt
1642 2319 1951 2391 Matthaeus,
1979 2323 2126 2378 Mar-

533 2411 653 2463 cus,
692 2396 904 2467 Lucas;
941 2402 1069 2469 alia,
1107 2403 1413 2474 Matthzeus,
1442 2407 1679 2478 Marcus,
1704 2411 1974 2483 Joannes;
2012 2425 2124 2471 ter-

532 2487 630 2555 tia,
679 2488 988 2561 Matthreus,
1033 2493 1232 2565 Lucas,
1281 2498 1553 2570 Joannes;
1617 2513 1836 2575 quarta,
1885 2507 2122 2577 Marcus,

533 2579 733 2648 Lucas,
755 2581 1018 2642 Joannes.
1048 2585 1303 2646 Pluribus
1325 2593 1504 2650 modis
1533 2610 1640 2650 non
1663 2606 1844 2667 potest
1871 2614 2124 2654 commu-

540 2674 646 2728 tari
691 2675 836 2731 trina
893 2680 1200 2749 complexio
1241 2693 1482 2754 quatuor
1509 2701 1717 2743 rerum.
1776 2689 1883 2746 Sed
1924 2692 2120 2748 harum

533 2774 774 2833 quatuor
817 2771 1261 2839 complexionum
1313 2785 1532 2845 quarta,
1579 2795 1705 2850 quae
1748 2791 1834 2836 est
1879 2781 2120 2853 Marcus,

533 2854 736 2925 Lucas,
757 2857 998 2916 Joannes
1033 2863 1124 2918 hic
1161 2875 1339 2934 vacat,
1369 2868 1523 2939 quia,
1570 2872 1624 2926 in
1648 2881 1762 2928 toto
1790 2872 2121 2950 Evangelia-

532 2961 658 3004 rum
685 2957 858 3019 textu,
895 2961 1028 3022 puto
1057 2970 1165 3010 non
1189 2973 1352 3028 posse
1388 2960 1620 3018 inveniri
1653 2972 1765 3021 tres
1791 2967 1928 3023 istos
1953 2983 2120 3023 evan-

532 3039 754 3156 gelistas
773 3043 979 3115 aliquid
1004 3051 1372 3156 cammuniter
1391 3053 1598 3111 dixisse
1625 3057 1681 3111 in
1710 3074 1910 3129 genere
1929 3075 2120 3116 eorum
2151 3092 2197 3156 ο

532 3132 587 3187 in
626 3135 828 3204 quibus
871 3146 1008 3195 tres.
1045 3137 1254 3198 Eorum
1311 3160 1608 3217 canonum,
1653 3149 1707 3204 in
1755 3151 1957 3222 quibus
1990 3154 2120 3222 duo,

531 3226 792 3294 quoniam
834 3240 1070 3299 quatuor
1096 3243 1226 3288 sunt
1253 3239 1620 3309 evangelista,
1657 3257 1775 3308 sex,
1809 3260 1911 3300 nec
1938 3246 2124 3315 plures

531 3319 650 3372 ﬁeri
687 3331 922 3388 possunt
957 3324 1385 3396 complexiones.
1435 3330 1680 3390 Possunt
1714 3336 1860 3392 enim
1897 3338 1953 3392 in
1979 3355 2120 3410 qua-

536 3417 662 3466 tuor
688 3412 802 3468 bini
831 3416 1112 3488 conjungi,
1136 3429 1232 3475 aut
1247 3420 1562 3494 'Matthaeus,
1592 3425 1830 3496 Marcus,
1860 3439 1956 3499 aut
1975 3431 2122 3486 Mar-

533 3517 636 3558 cus
657 3501 857 3573 Lucas,
882 3515 979 3562 aut
1010 3507 1192 3567 Lucas
1220 3510 1482 3582 Joannes,
1509 3525 1606 3573 aut
1638 3517 1926 3576 Matthaeus
1954 3520 2122 3576 Joan-

534 3607 664 3660 nes,
677 3606 774 3652 aut
791 3597 1079 3658 Mattheus
1098 3603 1302 3673 Lucas,
1331 3606 1658 3667 autMarcus
1677 3610 1938 3670 Joannes.
1968 3613 2122 3682 Qua-

533 3699 657 3742 rum
685 3688 895 3760 ultima,
937 3709 1065 3766 quae
1113 3705 1202 3753 est
1257 3698 1477 3757 Marcus
1506 3700 1770 3773 Joannes,
1803 3707 1998 3762 iterum
2033 3709 2122 3765 hic

982 4151 1000 4225 Ι
1079 4156 1593 4186 ¹““““’“-···“·“““

867 4236 1143 4423 Ῑιῖηπι

867 4335 1097 4395 quatuor

860 4335 1097 4395 quatuor

1593 4169 1981 4188 *ξ

821 4407 1113 4419 -ι--ῄ

1925 5327 1940 5399 Ι

1922 5399 2244 5525 ΙΙΙ
2495 5399 2554 5524 II
2803 5399 3415 5552 ||__:__l_|_;_‘_:_

711 5160 748 5214 ιι
851 5127 1224 5226 ΙΙἿῙΓἾΙ
1316 5165 1384 5221 IV
1480 5127 1814 5226 HVacati
1933 5127 1944 5226 Ι
2047 5170 2091 5226 v

617 5228 800 5284 llutth.
849 5228 1104 5296 IIMatth.
1158 5228 1171 5296 Ι
1212 5228 1421 5296 IMatth.
1478 5228 1489 5296 Ι
1525 5228 1758 5296 IMarcus
1797 5228 1809 5296 Ι
1931 5228 2140 5296 iMatth.

611 5297 820 5370 1Marcus
849 5297 858 5370 Ι
891 5297 1092 5370 |Lucas
1157 5297 1170 5370 Ι
1209 5297 1487 5370 [Marcus]
1523 5297 1533 5370 Ι
1546 5308 1720 5366 Lucas
1793 5297 1808 5370 Ι
1927 5297 2121 5370 |Lucas

605 5366 778 5427 Lucas
849 5366 857 5438 Ι
891 5366 1168 5438 lJoannesl
1208 5366 1485 5438 [Joannes]
1523 5366 1780 5438 lJoanues

848 5095 860 5505 Ι

1521 5101 1538 5515 Ι

1724 267 1802 326 .B.
1836 267 2088 324 ODONIS
2126 266 2386 323 CAMER.
2423 265 2618 321 El’lSt‘.

3674 276 3769 326 ιιιυ

2159 388 2205 443 Α
2233 389 2409 446 vacat,
2443 379 2573 449 quia
2609 394 2884 449 nusquam
2925 383 3057 450 puto
3092 394 3192 436 eos
3219 366 3526 436 convenire
3545 379 3599 434 in
3623 397 3771 453 genae

2229 486 2421 526 eorum
2448 471 2501 524 in
2533 471 2736 541 quibus
2769 470 2901 526 duo.
2936 470 3193 527 Canones
3218 473 3272 527 in
3315 471 3527 543 quibus
3553 488 3700 541 unus,
3714 491 3770 532 se.

2229 561 2472 616 cundum
2517 569 2758 631 quatuor
2798 561 3193 633 evangelistas,
3236 561 3627 633 quadruplices
3665 578 3763 620 sunt

2230 653 2587 709 Inveniuntur
2645 655 2792 709 enim
2842 653 2898 711 in
2968 669 3307 725 unoquoque
3386 654 3776 725 Evangeliorun,

2230 747 2404 801 multa
2431 747 2505 801 ita
2535 747 2758 818 proprie
2785 747 2930 802 dicta
2965 755 3027 802 ut
3064 761 3259 802 eorum
3297 761 3584 801 canonum
3623 747 3766 802 simili-

2232 839 2362 894 tudo
2401 839 2456 892 in
2483 839 2607 894 aliis
2636 839 2785 894 nulla
2805 839 2894 894 sit.
2923 836 2991 893 Et
3027 838 3081 892 hi
3115 852 3387 902 canones,
3431 837 3687 906 quamvis,
3719 855 3762 892 se

2231 931 2473 988 cundum
2500 940 2738 1002 quatuor
2761 931 3124 1001 evangelistas
3149 929 3553 1001 quadruplices
3587 929 3699 994 sint,
3723 947 3766 986 re

2232 1034 2316 1081 cte
2342 1033 2523 1080 tamen
2548 1026 2602 1080 in
2631 1040 2798 1080 unam
2833 1024 3066 1080 formam
3095 1035 3458 1090 revocantur,
3493 1034 3578 1089 ut,
3610 1024 3718 1094 quia
3742 1027 3780 1078 in

2231 1133 2430 1190 genere
2459 1128 2589 1173 sunt
2618 1133 2810 1174 eorum
2844 1118 2899 1173 in
2932 1134 3041 1189 quo
3064 1134 3230 1182 unus,
3271 1126 3328 1172 et
3372 1117 3480 1188 ipsi
3516 1116 3668 1171 unius
3689 1135 3782 1187 spe-

2231 1214 2332 1268 ciei
2368 1229 2491 1270 esse
2521 1213 2794 1270 dicantur.
2846 1212 2986 1268 Sunt
3017 1229 3149 1285 ergo
3199 1229 3486 1278 canones,
3531 1212 3786 1266 secundum

2231 1307 2546 1377 praedictam
2588 1306 2911 1361 divisionem
2933 1348 2948 1372 ,
2981 1307 3191 1362 decem.
3223 1305 3424 1359 Canon
3461 1305 3518 1358 in
3563 1319 3664 1374 quo
3689 1321 3784 1375 qua-

2231 1407 2376 1466 tuor,
2393 1400 2632 1469 primus;
2651 1414 2827 1454 canon
2845 1415 2990 1454 unus
3011 1399 3064 1452 in
3089 1413 3200 1468 quo
3221 1407 3336 1452 tres
3360 1396 3457 1451 ille
3481 1397 3535 1450 in
3559 1411 3663 1466 quo
3682 1413 3785 1450 eon-

2230 1490 2456 1545 veniunt
2481 1489 2788 1558 Matthaaus,
2823 1489 3062 1556 Marcus,
3088 1488 3290 1556 Lucas,
3317 1487 3632 1554 secundus;
3651 1488 3724 1542 illc
3745 1487 3784 1541 i

2230 1597 2340 1652 quo
2365 1581 3022 1648 conveniuntMattbaeus,
3056 1581 3254 1647 Lucas,
3294 1578 3570 1644 Joannes,
3607 1581 3785 1645 tertius;

2229 1673 2538 1741 Matthazus,
2557 1673 2796 1742 Marcus,
2820 1673 3080 1741 Joannes,
3100 1683 3364 1746 quartus;
3387 1687 3606 1739 eorum,
3630 1672 3677 1725 in
3691 1671 3785 1742 qui-

2159 1735 2202 1790 Β
2228 1765 2332 1822 bus
2354 1767 2485 1835 duo,
2531 1765 2844 1835 Mattheus,
2881 1765 3082 1832 Lucas,
3116 1735 3400 1837 “quintus;
3448 1773 3636 1820 sextus
3681 1763 3788 1817 llat-

2227 1861 2425 1927 thaeus,
2447 1859 2694 1926 Marcus;
2722 1859 3011 1930 septimus,
3036 1857 3346 1924 Matthaaus,
3369 1853 3644 1921 Joannes;
3668 1865 3763 1910 octa

2224 1970 2350 2020 vus,
2400 1950 2640 2018 Marcus,
2669 1951 2874 2018 Lucas;
2913 1965 3114 2019 nonus,
3148 1948 3632 2017 Lucas,Joannes.
3659 1945 3786 2000 Decio

2226 2061 2352 2102 mus
2377 2055 2461 2101 est
2489 2061 2666 2100 canon
2689 2046 2744 2098 in
2775 2059 2887 2115 quo
2917 2057 3093 2110 unus,
3134 2042 3250 2114 qui,
3275 2041 3545 2112 quamvis
3571 2053 3660 2109 per
3680 2052 3786 2108 qua-

2229 2149 2354 2194 tuor
2375 2137 2669 2210 Evangelia
2700 2146 2909 2203 currat,
2938 2135 3230 2190 uniformis
3253 2133 3554 2204 accipitur,
3585 2140 3636 2186 et
3668 2130 3784 2184 deti--

2227 2248 2352 2287 mus
2380 2230 2440 2286 lit
2470 2230 2633 2302 primi
2665 2230 2896 2286 canonis
2935 2229 3178 2285 retinens
3210 2223 3632 2298 quodammodo
3665 2222 3788 2277 simi-

2227 2325 2537 2390 litudinem,
2594 2324 2849 2394 quamvis
2898 2323 3059 2394 longe
3102 2320 3287 2376 minus
3329 2318 3630 2389 perfectus,
3671 2316 3787 2386 quod

2228 2418 2392 2472 unius
2417 2416 2569 2472 solus
2594 2416 2943 2487 evangelista;
2959 2416 3164 2469 nitatur
3195 2412 3555 2468 auctoritate.
3587 2407 3689 2462 Hoc
3709 2423 3787 2460 a-

2229 2519 2337 2566 tem
2393 2509 2568 2564 miror
2614 2509 2884 2575 evenisse,
2939 2507 3094 2578 quod'
3123 2497 3460 2562 ‘secundum
3487 2502 3622 2557 duas
3666 2515 3786 2556 cout-

2228 2603 2510 2674 plexiones
2539 2601 2955 2657 similitudinem
2981 2599 3329 2670 evangelista
3361 2612 3478 2650 non
3519 2593 3784 2663 recipiunt;

2227 2704 2287 2748 ut
2335 2693 2391 2746 in
2434 2691 2663 2747 denario
2711 2706 2944 2745 numero
2971 2689 3103 2756 sint,
3160 2687 3310 2758 quod
3355 2687 3480 2741 sine
3509 2680 3786 2754 magisterio
3888 2687 3889 2690 ‘

2228 2799 2431 2855 magno
2451 2799 2574 2838 esse
2593 2797 2704 2837 non
2742 2783 2930 2848 credo,
2971 2781 3080 2836 nisi
3111 2780 3260 2851 quod
3304 2777 3559 2834 occurrit
3598 2773 3786 2830 mihist

2228 2877 2333 2933 hoc
2356 2877 2678 2946 ipsopatere
2707 2873 3039 2930 soliditatem
3094 2871 3150 2927 S.
3189 2870 3476 2942 Evangelii
3504 2869 3606 2924 sub
3641 2868 3784 2921 littera
3888 2871 3889 2906 Ι

2228 2967 2444 3024 Veteris
2492 2965 2877 3038 |Testamenti,
2928 2964 3089 3036 quasi
3131 2963 3236 3019 sub
3274 2961 3556 3016 velamine
3597 2959 3785 3011 latenter

2227 3055 2421 3126 fuisse,
2452 3066 2506 3115 et
2534 3059 2661 3117 inde
2696 3060 2764 3116 ad
2807 3059 2986 3112 lucem
3028 3053 3368 3126 intelligendi
3413 3068 3522 3124 per
3568 3049 3786 3122 gratiam,

2228 3151 2450 3208 Domini
2486 3151 2620 3208 Jesu
2663 3151 3034 3223 processisse;
3061 3134 3210 3220 quod
3257 3147 3403 3202 sicut
3453 3143 3619 3200 Vetus
3637 3139 3786 3196 Testa-

2227 3255 2473 3302 mentum
2505 3247 2559 3301 in
2589 3246 2857 3316 Decalogo
2891 3243 3145 3299 consistit
3175 3242 3362 3296 decem
3395 3246 3783 3310 praeceptorum.

2226 3338 2308 3394 sic
2335 3339 2636 3394 secundum
2663 3335 3018 3407 Evangelium
3055 3333 3213 3404 quasi
3237 3332 3366 3412 inde
3407 3329 3720 3403 procedens,
3743 3327 3784 3378 in

2226 3446 2460 3486 numero
2481 3431 2820 3500 compleatur
2839 3428 3026 3484 decem
3047 3424 3359 3482 canonum.
3375 3424 3467 3490 Et,
3488 3433 3548 3480 ut
3569 3424 3674 3478 hac
3690 3434 3784 3490 qua

2226 3524 2372 3579 dicta
2404 3532 2554 3590 sunt,
2607 3522 2782 3594 magis
2810 3530 3112 3592 appareant
3143 3520 3310 3576 etiam
3355 3517 3540 3573 oculis
3574 3512 3784 3571 ostendat

2223 3615 2470 3686 subjecta
2492 3613 2808 3686 descriptio.
3507 3599 3514 3604 ⁷

3192 4353 3336 4392 unus

2528 4727 2823 4740 ____..———

2531 4733 2815 4817 'Trrqnvo

2531 4792 2542 4902 Ι
2584 4819 2691 4873 duo
2825 4733 2842 4902 Ι

2495 5114 2552 5216 ΙΙ
2630 5171 2718 5216 vn
2925 5171 3038 5216 VIII
3251 5134 3318 5216 ix

2538 5117 2552 5363 Ι

2229 5100 2246 5516 ι

2801 5104 2816 5514 ὶ

3149 5111 3166 5519 ι

2841 5123 2858 5526 ι

2185 5150 2206 5525 Ι

2197 5101 2246 5512 Η
2342 5171 2406 5227 Vl
2630 5171 2722 5228 vu
2925 5171 3038 5229 vui
3251 5134 3320 5227 ix
3415 5101 3746 5512 “Vae-:43

2255 5241 2443 5297 Matth.
2562 5243 2750 5299 Matth.
2863 5242 3075 5299 Marcus
3171 5243 3348 5298 Lucas
3487 5243 3680 5298 Marem
3723 5263 3748 5284 τι

2253 5312 2466 5370 Marcus
2559 5313 2799 5372 Joannes
2861 5313 3098 5371 Joannes
3169 5313 3413 5408 Joannes
3485 5313 3646 5408 103m.
3713 5369 3746 5402 Δ,

2539 5368 2554 5512 l
3001 5455 3032 5492 ς
3193 5411 3248 5446 3‘
3295 5407 3308 5430 .'
3483 5505 3490 5510 -
3735 5459 3748 5490 ξ

2255 5241 2443 5297 Matth.
2497 5241 2507 5299 Ι
2538 5241 2750 5299 lMatth.
2805 5241 2814 5299 Ι
2844 5241 3075 5299 IMarcus
3107 5241 3117 5299 Ι
3152 5241 3348 5299 |Lucas
3421 5241 3432 5299 I
3465 5241 3764 5299 IMarcud'c

2253 5312 2466 5370 Marcus
2496 5312 2508 5402 Ι
2539 5312 2816 5402 μοθιιηεει
2843 5312 3117 5402 [Joannes]
3152 5312 3432 5402 [Joannes]
3463 5312 3762 5402 [Joatuujf

2539 5117 2552 5363 Ι
2630 5171 2722 5228 vu
2801 5104 2858 5525 Η
2925 5171 3038 5229 vui
3251 5134 3320 5227 ix
3415 5101 3746 5525 “Vae-:43

2562 5243 2750 5299 Matth.
2863 5242 3075 5299 Marcus
3171 5243 3348 5298 Lucas
3487 5243 3680 5298 Marem
3723 5255 3760 5284 -ε

2559 5313 2799 5372 Joannes
2861 5313 3098 5371 Joannes
3169 5313 3413 5408 Joannes
3485 5313 3646 5408 103m.
3713 5363 3760 5402 Α

2539 5368 2554 5523 l
3001 5455 3032 5492 ς
3193 5411 3248 5446 “.“
3295 5407 3308 5430 .'
3483 5505 3490 5510 -
3603 5399 3688 5504 ζ’.Ἷὲ
3735 5459 3760 5490 :-

3427 5673 3448 5702 ε

3029 5689 3034 5698 .
3367 5659 3388 5698 ε
3427 5627 3714 5708 tau—5&3
3785 5653 3790 5660 '
