3946 6306
137 325 250 386 “Si

202 434 329 504 Quid
352 434 550 488 numeri
575 448 857 504 canonum,
896 430 1022 504 quid
1055 429 1259 482 num-eri
1287 429 1588 498 signiﬁcent

704 500 1056 572 capitulorum
1123 509 1131 514 ‘

182 620 241 675 Et
264 613 512 688 quoniam
542 616 598 670 in
634 614 965 685 supradictis
987 613 1176 684 decem
1209 611 1517 668 canonibus
1551 626 1672 688 οιιιέ

121 713 198 768 nia
227 712 561 767 continentur
588 708 845 779 capitula,
877 707 962 762 vel
979 715 1238 777 quatuor,
1264 706 1351 760 vel
1372 705 1558 771 trium,
1585 704 1669 758 vel

114 805 346 870 duorum,
377 802 458 856 vel
489 800 831 872 singulorum
864 798 1316 870 Evangeliornm,
1357 804 1574 868 oportet
1612 805 1672 852 ut

113 892 342 964 capitulis
372 891 726 947 concordium
764 889 1216 946 sententiolarum
1265 888 1669 958 conjungantur

107 983 303 1040 numeri
339 997 641 1048 canonum,
675 991 734 1036 ut
768 998 833 1037 ex
867 981 1114 1036 numeris
1155 981 1542 1052 capitulorum,
1583 978 1668 1033 in-

106 1076 372 1130 veniantur
413 1074 728 1140 sementim;
760 1089 860 1146 per
891 1088 1154 1128 numeros
1191 1087 1321 1127 vero
1355 1088 1628 1128 canonum
1648 1113 1664 1139 ,

102 1168 184 1236 qui
207 1165 369 1220 rubeo
404 1164 586 1221 colore
618 1165 802 1221 solent
840 1164 1082 1236 adjungi,
1125 1164 1332 1220 sciatur
1376 1173 1560 1218 utrum
1597 1164 1667 1220 sit

99 1254 391 1314 communis
413 1255 679 1310 sententia
710 1269 834 1310 cum
856 1254 980 1309 aliis
1003 1270 1196 1319 necne,
1220 1265 1293 1321 et,
1332 1254 1379 1310 si
1409 1264 1495 1325 est
1514 1267 1664 1308 com-

96 1349 286 1415 munis,
321 1348 462 1401 inter
496 1355 648 1418 quot,
674 1354 728 1402 et
756 1347 898 1402 inter
927 1362 1067 1418 quos
1093 1354 1180 1401 est
1219 1344 1556 1401 communio.

154 1437 219 1495 Et
251 1449 308 1495 ut
351 1439 494 1494 ratio
529 1439 597 1494 ad
639 1439 877 1493 medium
932 1437 1252 1504 deducatur,
1291 1444 1664 1493 monstremus

91 1531 340 1602 exemplis
382 1531 534 1601 quod
581 1529 836 1585 dicimus.
894 1528 1190 1586 Sumamus
1243 1542 1409 1584 unam
1444 1538 1664 1584 senten-

88 1622 229 1688 tiam,
255 1620 495 1676 Matthaei
523 1637 642 1676 eam
666 1621 875 1676 scilicet
899 1637 1021 1692 qua:
1045 1629 1240 1676 octavo
1262 1620 1501 1691 capitulo
1523 1636 1664 1691 prae-

87 1723 316 1780 notatur,
356 1712 448 1768 cui
484 1713 530 1769 si
584 1714 990 1784 comparaveris
1037 1729 1159 1768 eam
1211 1712 1379 1770 Marci
1411 1729 1535 1784 qua:
1567 1728 1660 1769 se-

1213 303 1383 370 HOM.
1418 310 1508 367 DE
1535 309 1809 368 VlLLlCO
1845 308 2287 379 lNlQUlTATlS.

1707 431 1754 484 A
1779 426 2070 482 manifeste
2096 424 2384 482 Matthazus
2405 433 2460 480 et
2486 424 2664 482 Lucas
2687 427 3040 498 conveniunt,
3063 430 3253 487 scitur.
3278 431 3356 488 ita

3221 315 3362 374 H22

1777 517 2042 573 numeris.
2068 533 2365 587 canonum,
2421 534 2532 574 non
2595 520 2774 574 solum
2829 530 2962 592 quot
3013 524 3361 595 evangelista:

1773 609 2120 676 conveniant,
2149 608 2244 664 sed
2265 610 2430 665 etiam
2451 608 2675 664 nomina
2702 625 2895 668 eorum
2915 611 3142 680 scimus,
3165 629 3362 683 quam-

1771 701 1856 757 vis
1879 701 2104 756 nomina
2129 701 2588 774 evangelistarum
2633 703 2835 774 ubique
2862 704 3092 759 viderim
3120 706 3359 778 ascripta

1772 794 2016 850 numeris
2064 810 2363 850 canonum.
2426 793 2532 850 Sed
2586 796 2694 850 hoc
2752 804 2884 865 puto
2937 797 3055 852 ﬁeri
3105 797 3359 854 tarditate

1772 895 1975 942 nostrae
2019 886 2301 942 memoria:
2345 887 2520 957 magis
2575 902 2743 957 quam
2787 887 2892 942 alia
2940 887 3171 943 ratione.
3218 887 3358 942 Cum

1769 977 1915 1032 enim
1939 978 2312 1049 multipliciter
2332 977 2425 1033 ﬁat
2449 978 2734 1034 nominum
2765 978 3091 1049 complexio,
3123 995 3358 1050 quarum

1769 1085 2113 1141 unaquteque
2153 1070 2210 1128 in
2251 1085 2354 1126 suo
2396 1069 2734 1141 signiﬁcetur
2763 1084 3014 1126 numero.
3041 1069 3178 1126 Cum
3206 1070 3362 1126 vides

1769 1178 2083 1232 numerum,
2111 1163 2194 1219 vel
2215 1163 2376 1219 audis
2401 1178 2570 1235 quam
2591 1163 3025 1234 complexionem
3054 1162 3150 1218 tibi
3187 1163 3328 1234 signi
3347 1192 3363 1207 -

1767 1253 1912 1323 licet,
1943 1271 2052 1310 non
2078 1255 2189 1312 cito
2227 1255 2448 1323 recolis,
2477 1265 2532 1312 ct
2580 1255 2702 1311 ideo
2723 1271 2848 1310 cum
2871 1253 3100 1310 canonis
3131 1270 3362 1310 numero

1766 1347 1933 1401 etiam
1965 1347 2192 1402 nomina
2239 1346 2545 1418 signiﬁcata
2581 1346 2679 1402 tibi
2706 1361 2973 1416 propono.
3022 1346 3082 1401 In
3133 1363 3199 1403 eo
3229 1362 3361 1403 vero

1767 1455 1996 1508 canone,
2024 1440 2078 1495 in
2095 1455 2206 1512 quo
2237 1456 2403 1507 unus,
2426 1439 2651 1496 nomina
2679 1440 3141 1511 evangelistarum
3169 1442 3224 1496 in
3255 1458 3362 1496 ιλιι-ο

1767 1546 1923 1587 mero
1974 1531 2203 1588 canonis
2239 1545 2350 1585 non
2406 1531 2785 1602 intelligimus.
2833 1529 2993 1598 Nam,
3026 1532 3156 1602 quia
3195 1532 3361 1603 hujus

1764 1623 1965 1694 speciei
1989 1621 2302 1679 informitas
2325 1637 2394 1678 ex
2421 1623 2826 1693 multiplicitate
2857 1631 3095 1693 quatuor
3126 1638 3362 1694 evange-

1763 1713 2016 1768 listarum
2039 1713 2333 1781 adunatur,
2365 1713 2550 1770 nullus
2575 1713 2942 1769 determinare
2970 1713 3026 1768 in
3058 1715 3162 1769 hac
3203 1713 3362 1769 intel-

83 1801 274 1869 cundo,
308 1811 363 1857 et
406 1818 530 1858 eam
571 1781 750 1871 Luae,
773 1819 897 1874 qua:
924 1804 1176 1874 septimo,
1201 1813 1255 1860 et
1284 1820 1405 1860 eam
1428 1781 1658 1860 Joannis
1688 1781 1736 1842 Β
1764 1805 1972 1878 ligitur.
2003 1803 2312 1861 Ascribitur
2343 1821 2475 1878 ergo
2513 1805 2582 1861 ad
2632 1805 2934 1876 capitulum
2973 1805 3274 1871 sententize,
3306 1813 3363 1860 et

85 1910 196 1965 quae
219 1894 440 1950 decimo
467 1896 706 1967 capitulo
729 1904 1090 1966 praenotatur,
1115 1896 1313 1952 similis
1336 1905 1423 1952 est
1449 1897 1507 1951 in
1541 1912 1661 1952 om-

80 1987 252 2041 nibus.
285 1985 353 2041 Et
377 1987 502 2043 ideo
527 1988 854 2059 supradictis
876 1998 1115 2060 quatuor
1136 1989 1390 2060 capitulis
1420 1998 1661 2060 quatuor

79 2078 853 2148 evangelistarum-addendus
888 2088 974 2136 est
1004 2081 1216 2153 primus
1247 2096 1534 2149 numerus,
1569 2088 1656 2148 ut,

75 2169 337 2224 sententia
359 2171 638 2240 praedictis
660 2172 914 2242 capitulis
947 2182 1163 2241 notata,
1199 2173 1407 2230 sciatur
1439 2173 1507 2229 ad
1541 2172 1659 2244 pri-

76 2275 216 2314 mum
242 2276 517 2318 canonem
541 2265 836 2334 pertinere,
861 2273 1049 2336 utpote
1079 2265 1391 2321 communis
1420 2274 1660 2337 quatuor

70 2353 438 2424 evangelistis.
488 2355 621 2411 Item
675 2357 723 2412 si
764 2373 884 2413 eam
916 2357 1157 2413 Matthxi
1194 2375 1499 2427 sumamus,
1536 2375 1661 2430 qua:

70 2444 297 2513 septimo
321 2447 569 2515 capitulo
601 2447 917 2520 insignitur,
942 2458 995 2504 et
1023 2451 1072 2504 ei
1110 2465 1203 2505 eas
1227 2467 1350 2520 qua:
1386 2462 1514 2506 sunt
1547 2449 1658 2506 Lu-

70 2550 141 2589 cze
168 2545 331 2592 sexto
368 2548 426 2594 et
455 2537 683 2597 Joannis
730 2541 784 2595 in
817 2539 1058 2598 secundo
1105 2543 1342 2613 capitulo
1376 2558 1655 2614 compare.

67 2641 183 2683 mus
217 2629 435 2688 similes
473 2633 803 2690 invenimus.
1199 2707 1202 2709 λ
1284 2617 1287 2620 ’

133 2717 194 2775 Et
219 2730 278 2775 ut
309 2723 560 2779 sciamus
599 2724 694 2796 qui
716 2733 771 2780 et
801 2736 935 2796 quot
962 2725 1306 2797 evangelista:
1331 2727 1658 2783 conveniant

65 2811 114 2865 in
156 2816 437 2870 sententia
493 2818 875 2886 praedictorum
905 2819 1303 2890 capitulorum,
1352 2820 1656 2875 ternarium

64 2919 359 2962 numerum
397 2909 574 2964 rubeo
597 2910 780 2965 colore
802 2911 1150 2967 adnotamus.
1188 2910 1267 2966 Ex
1289 2927 1518 2966 numero
1550 2912 1657 2966 seio

61 3013 178 3053 mus
207 3009 264 3054 et
290 3008 415 3058 tres
458 3005 825 3074 evangelistas
853 3006 1169 3074 convenire,
1214 3013 1269 3060 et
1291 3005 1385 3076 qui
1428 3004 1657 3060 fuitno-

1762 1913 2031 1966 numerus
2061 1897 2290 1955 canonis
2320 1907 2376 1956 et
2401 1913 2601 1954 nomen
2638 1899 3010 1970 evangelista.
3034 1897 3141 1953 Per
3167 1914 3362 1954 nume-

1761 2003 1886 2042 rum
1917 1988 2145 2059 capituli
2175 1989 2447 2046 sententia
2473 1997 2712 2056 tenetur,
2732 2005 2830 2060 per
2869 2005 3164 2046 numerum
3186 2005 3358 2046 cano-

1761 2079 1870 2151 nis,
1895 2079 2043 2152 quod
2071 2095 2184 2137 non
2230 2083 2302 2137 sit
2347 2081 2659 2138 communis
2682 2082 2955 2141 sententia
2984 2082 3128 2138 inter
3148 2084 3356 2154 plures,

1762 2173 1858 2227 sed
1901 2172 2122 2242 propria
2150 2174 2315 2240 unius
2358 2174 2843 2247 evangelistarum,
2885 2175 3227 2246 intelligitur.
3261 2172 3360 2230 Est

1760 2271 1944 2319 autem
1976 2266 2142 2322 etiam
2171 2281 2374 2321 nomen
2404 2265 2799 2334 necessarium,
2851 2283 2950 2337 per
2995 2267 3143 2338 quod
3195 2267 3357 2338 cujus

1761 2357 1982 2426 proprie
2023 2358 2094 2413 sit
2123 2358 2396 2414 sententia
2425 2358 2750 2428 declaretur.
2795 2358 2938 2430 Ergo
2967 2359 3133 2413 etiam
3168 2359 3222 2414 in
3255 2375 3354 2414 su-

1761 2449 2077 2519 peribribus
2119 2449 2419 2506 ascribitur
2461 2466 2688 2519 nomen,
2736 2467 2848 2507 non
2904 2451 3081 2506 solum
3131 2460 3358 2520 propter

1758 2540 2075 2610 praedictam
2122 2541 2404 2598 memoriae
2447 2541 2781 2610 tarditatem,
2809 2543 2904 2599 sed
2943 2543 3111 2599 etiam
3134 2552 3358 2616 propter

1763 2631 1966 2702 horum
1993 2632 2432 2690 similitudinem.

1806 2721 1918 2777 Cur
1939 2724 2008 2777 ad
2029 2725 2206 2794 plures
2235 2742 2480 2781 numeros
2506 2727 2866 2798 capitulorum
2894 2729 3122 2782 iteratur
3141 2745 3300 2785 unus.

1828 2813 2073 2886 Contigit
2100 2815 2266 2872 etiam
2318 2816 2615 2888 aliquando
2639 2834 2987 2874 communem
3026 2821 3354 2876 sententiam

1758 2907 1903 2977 apud
1931 2924 2102 2963 unum
2133 2908 2526 2980 evangelistam
2552 2909 2607 2965 in
2639 2926 2752 2967 uno
2773 2920 2984 2966 tantum
3033 2911 3155 2966 loco
3202 2912 3356 2968 iuve-

1761 2997 1896 3059 niri,
1930 3007 1986 3054 et
2007 2999 2154 3068 apud
2181 2999 2348 3053 alium
2398 2999 2453 3053 in
2478 3000 2749 3070 pluribus,
2781 3002 2854 3057 ita
2887 3011 2945 3057 ut
2987 3003 3130 3072 apud
3159 3020 3352 3072 unum,

60 3089 330 3146 minatim.
393 3091 641 3150 Canonis
693 3096 838 3151 enim
891 3097 946 3152 in
1003 3112 1114 3168 quo
1148 3106 1280 3164 tres,
1323 3112 1385 3152 ea
1421 3097 1652 3168 species,

1762 3089 1961 3144 habeat
2013 3098 2229 3144 tantum
2288 3105 2460 3147 unum
2527 3092 2851 3162 capitulum,
2896 3102 2952 3148 et
2997 3095 3140 3162 apud
3183 3097 3354 3151 alium

59 3199 173 3250 quae
201 3183 524 3254 Mattbatus,
565 3187 762 3257 Lucas,
803 3189 1042 3247 Joannes
1076 3192 1428 3258 conveniunt,
1459 3194 1656 3249 tertius

59 3292 225 3330 ranon
258 3279 317 3333 in
352 3280 646 3350 superiore
676 3283 1046 3354 descriptione
1069 3283 1375 3340 dicebatur.
1409 3283 1500 3341 Sic
1521 3301 1654 3357 ergo

59 3385 142 3435 per
166 3369 418 3439 capitula
441 3375 728 3430 sentcntiae
749 3374 1029 3446 Evangelii
1053 3385 1234 3433 textus
1267 3377 1651 3448 requiruntur,

60 3461 440 3530 inveniuntur,
492 3475 780 3536 notantur;
833 3483 931 3538 per
992 3484 1284 3524 numerum
1355 3485 1652 3537 canonum,

60 3561 177 3620 [not
215 3556 599 3626 evangelista,
649 3566 704 3613 et
723 3559 818 3629 qui
849 3560 960 3615 sint
1001 3560 1325 3615 nominatim
1363 3561 1650 3632 cognosci-

60 3659 191 3698 uus.
243 3644 391 3703 lter.)
441 3649 509 3703 de
541 3665 770 3719 canone,
796 3652 852 3706 in
881 3668 994 3723 quo
1034 3654 1174 3721 duo,
1208 3653 1372 3709 tertio
1411 3653 1652 3724 capitulo

59 3733 314 3804 tlatthaai,
351 3752 707 3811 comparetur
730 3746 1032 3802 secundum
1057 3747 1359 3819 capitulum
1390 3745 1573 3814 Lucae,
1600 3755 1656 3802 et

59 3837 121 3880 :st
147 3829 364 3887 similis
397 3834 668 3889 sententia
700 3836 755 3891 in
781 3838 1036 3910 capitulis
1062 3839 1299 3897 inventa.
1336 3837 1463 3906 Sed,
1491 3839 1656 3894 innu-

59 3921 210 3976 neris
240 3924 626 3994 capitulorum
650 3943 745 3998 per
769 3944 829 3986 se
849 3931 1063 4001 positis,
1091 3933 1185 4004 qui
1213 3931 1578 4005 evangelista.
1597 3939 1653 3986 οι

59 4019 229 4067 utrum
257 4015 464 4084 plures
477 4034 644 4088 quam
673 4021 784 4078 duo
814 4025 1146 4081 conveniant
1174 4025 1510 4097 ignoramus.
1545 4021 1650 4077 Sed

59 4103 74 4156 i
102 4122 401 4163 numerus
423 4113 654 4169 canonis
685 4117 976 4186 quinarius
997 4119 1170 4174 rubeo
1207 4119 1390 4174 colore
1415 4115 1649 4187 apponi-

59 4212 140 4261 ur,
191 4212 396 4254 canon
457 4200 510 4256 in
537 4220 649 4274 quo
694 4207 825 4276 duo,
863 4210 1114 4280 quimus.
1146 4211 1458 4267 secundum
1485 4219 1649 4278 (ιιιθιιι

59 4355 722 4380 ———-———-—.—-———

723 4366 1862 4395 mw.

1755 3179 1938 3249 plura,
1970 3188 2033 3235 ut
2062 3196 2126 3236 ea
2153 3181 2500 3250 sententiola,
2524 3199 2647 3253 quae
2693 3185 2838 3255 apud
2883 3185 3196 3244 Matthaeum
3242 3197 3353 3244 ter—

1757 3271 2000 3327 minatur
2023 3273 2264 3344 capitulo
2286 3273 2598 3341 undecimo,
2617 3284 2671 3331 et
2691 3277 2835 3346 apud
2861 3277 3104 3334 Marcum
3131 3289 3352 3350 quarto,

1754 3371 1809 3417 et
1857 3363 2002 3434 apud
2045 3363 2251 3419 Lucam
2283 3364 2518 3436 decimo,
2546 3367 2690 3436 apud
2728 3366 2996 3424 Joannem
3030 3369 3084 3423 in
3112 3377 3352 3442 quatuor

1755 3455 2069 3511 inveniatur
2105 3457 2266 3523 locis,
2300 3466 2354 3513 et
2403 3466 2639 3528 quatuor
2702 3459 3028 3515 terminetur
3071 3461 3347 3532 capitulis.

1761 3546 1914 3603 Unde
1959 3548 2015 3603 in
2047 3547 2154 3621 jeaf
2180 3549 2436 3622 congerie
2485 3551 2873 3622 capitulorum,
2925 3553 2981 3607 in
3029 3570 3138 3624 qua
3183 3555 3352 3610 totius

1755 3638 2174 3714 Evangeliorum
2204 3651 2387 3700 textus
2415 3645 2600 3700 omnia
2630 3646 2869 3716 capitula
2893 3647 2998 3702 sub
3039 3647 3155 3702 suis
3185 3663 3352 3704 eano~

1757 3732 1919 3789 nibus
1955 3735 2303 3803 ordinantur,
2327 3736 2506 3792 evenit
2537 3735 2590 3808 in
2615 3737 2873 3806 praedicta
2897 3738 3169 3794 sententia
3195 3748 3256 3793 ut
3278 3739 3348 3796 ad

1755 3832 1996 3894 quatuor
2018 3825 2257 3896 capitula
2280 3825 2511 3883 Joannis
2532 3837 2725 3898 quater
2751 3839 3049 3900 repetatur,
3073 3829 3347 3886 decimum

1755 3916 2058 3988 capitulum
2090 3916 2271 3985 Lucae,
2303 3927 2358 3973 et
2385 3928 2643 3990 quartum
2698 3919 2886 3989 Marci,
2910 3930 2964 3976 et
2997 3922 3349 3978 undecimum

1756 4006 2016 4064 Matthxi.
2075 4008 2140 4065 Et
2165 4019 2300 4080 quot
2347 4011 2589 4083 capitula
2633 4013 2854 4068 habebit
2891 4013 2945 4068 in
2973 4030 3083 4069 uno
3113 4023 3334 4071 senten-

1757 4099 1854 4168 tia,
1877 4102 2040 4159 toties
2063 4102 2330 4172 repetitur
2351 4104 2407 4160 in
2441 4105 2570 4161 alio.

1865 4384 3040 4410 ._..__._____.______________

614 4512 1139 4606 HOMILIA
1212 4519 1360 4610 DE
1432 4472 1926 4619 VILLICO
2004 4531 2776 4641 INIQUITATIS

280 4703 367 4764 In
408 4720 595 4763 ILLUD
627 4702 840 4778 Luem,
877 4721 1020 4766 car.
1057 4703 1208 4766 XVI
1237 4726 1252 4767 :
1299 4705 1504 4768 Homo
1542 4707 1799 4788 quidam
1829 4720 1962 4773 erat
1998 4713 2167 4778 dior:
2197 4717 2309 4797 qui
2335 4717 2596 4782 habebat
2631 4721 2937 4801 villicum,
2971 4735 3084 4790 etc.

85 5003 288 5060 Homo
314 5004 545 5075 quidam
565 5017 678 5060 erat
704 5006 869 5076 dives,
902 5015 1006 5063 etc.
1031 5006 1169 5076 Quis
1190 5018 1274 5066 est
1302 5011 1458 5066 homo
1478 5012 1643 5082 dives,
1671 5015 1724 5078 Ι)
1749 5015 1858 5084 mi;
1891 5013 2240 5073 Christianus
2265 5017 2412 5073 enim
2453 5019 2836 5092 unusquisque
2865 5039 2974 5078 non
3008 5034 3217 5082 tantum
3250 5027 3344 5083 sui

59 5100 110 5155 si
135 5098 474 5165 Christus;
501 5098 653 5154 dives
699 5099 752 5154 in
783 5099 945 5169 ccelo,
991 5101 1145 5160 dives
1195 5102 1250 5157 in
1291 5111 1460 5171 terra,
1492 5105 1646 5163 dives

59 5191 257 5261 iique,
298 5187 490 5255 dives,
528 5189 723 5258 plenus
764 5192 952 5263 gratiae
983 5201 1040 5248 et
1081 5195 1332 5252 veritatis
1381 5195 1563 5264 (Joan.
1601 5214 1642 5267 ι,

62 5279 110 5352 ).
157 5278 242 5334 Et
307 5292 426 5333 nos
473 5293 664 5336 omnes
687 5281 753 5336 de
793 5282 1132 5353 plenitudine
1170 5285 1292 5356 ejus
1329 5287 1643 5356 accepimus

59 5389 202 5428 nan.
244 5388 298 5439 ι,
337 5369 456 5442 16).
484 5369 645 5429 Dives
689 5375 832 5445 apud
851 5391 1014 5446 quem
1038 5377 1343 5434 absconditi
1365 5387 1494 5434 sunt
1519 5395 1642 5434 om-

59 5485 86 5523 s
125 5463 429 5524 thesauri
457 5465 737 5536 sapientiae
761 5475 816 5522 ct
848 5469 1088 5524 scientia:
1128 5468 1266 5542 (Col.
1298 5487 1360 5540 ιι,
1392 5471 1468 5542 '5),
1494 5473 1646 5528 dives

73 5555 403 5610 omnibus
430 5564 490 5639 et
514 5557 568 5612 in
598 5560 909 5641 omnes'qui
932 5559 1190 5617 invocant
1212 5562 1364 5618 illum
1387 5562 1560 5634 (Rom.
1586 5581 1642 5630 ι,

59 5651 100 5714 ).
154 5647 433 5703 Villicus
460 5637 664 5718 autem,
696 5637 812 5707 est-
840 5656 1222 5726 unusquisque
1271 5654 1642 5724 Christianus,

60 5739 79 5791 i
127 5738 202 5792 in
231 5736 590 5806 baptismate
616 5743 1002 5800 villieationem
1031 5746 1119 5802 sui
1139 5748 1350 5820 accepit
1376 5758 1431 5804 et
1458 5748 1640 5820 prom-

1750 5122 1919 5164 causa
1955 5109 2109 5176 vivit,
2131 5109 2224 5165 sed
2255 5118 2309 5165 et
2331 5110 2589 5180 proximi.
2627 5111 2695 5167 Et
2720 5130 2828 5169 non
2856 5124 3070 5170 tantum
3095 5119 3341 5175 redditu-

1749 5215 1846 5257 rus
1867 5211 1954 5258 est
1977 5203 2248 5258 rationem
2281 5219 2382 5274 pro
2403 5204 2588 5260 anima
2610 5221 2730 5274 sna,
2755 5207 2846 5262 sed
2871 5217 2924 5262 et
2951 5223 3051 5277 pro
3072 5208 3192 5279 ejus
3212 5226 3342 5266 eum

1748 5308 1859 5363 quo
1892 5293 2028 5348 vivit
2054 5294 2108 5348 in
2138 5295 2241 5351 hac
2268 5297 2397 5363 vita,
2425 5313 2687 5355 exercens
2711 5313 2770 5354 se
2797 5314 3028 5370 corpore
3051 5308 3105 5356 et
3126 5302 3342 5372 animo,

1748 5394 1802 5439 et
1842 5384 2109 5456 adiuvans
2140 5387 2453 5456 proximum
2483 5389 2826 5444 documentis
2854 5399 2908 5444 et
2937 5391 3208 5462 exemplo,
3239 5409 3342 5451 nec

1748 5486 1960 5532 tantum
1997 5494 2249 5549 quaerens
2278 5497 2401 5551 quae
2431 5497 2532 5538 sua
2564 5491 2711 5547 sunt,
2736 5483 2828 5538 sed
2853 5492 2905 5538 et
2930 5500 3056 5554 qua:
3077 5485 3334 5541 aliorum.

1747 5565 1874 5623 Haec
1895 5577 1981 5623 est
1999 5567 2442 5626 Christianorum
2464 5587 2595 5627 cura
2613 5572 2812 5629 nobilis
2836 5582 2890 5629 ct
2915 5583 3105 5630 sancta
3125 5576 3336 5631 villica-

1746 5659 1843 5728 tio,
1875 5660 2002 5717 hinc
2025 5662 2393 5732 estjudicium
2423 5661 2516 5717 Dei
2549 5667 2895 5722 tremendum
2920 5678 2973 5722 et
2996 5665 3178 5722 futura
3206 5683 3336 5723 exa-

1747 5749 1878 5808 ctio.
1911 5750 1976 5806 Et
2015 5754 2100 5808 hic
2131 5755 2447 5824 dijamatus
2487 5767 2563 5812 est
2604 5760 2745 5828 apud
2782 5760 2954 5827 illum,
2983 5761 3138 5828 quasi
3180 5749 3362 5815 (lissi?
