3946 6306
628 253 768 310 “23

1854 247 1918 305 Β.
1959 246 2212 309 ουοΝιε
2237 248 2498 306 ωὶΙΕΒ.
2527 248 2747 309 EPISC.

3721 264 3813 327 liii

626 378 798 437 pauet
840 367 975 421 bona
1003 367 1192 438 ipsius.
1225 365 1477 434 Quotidie
1493 338 1844 423 diﬁatnamttr
1861 365 2006 435 apud
2033 365 2214 420 Domi-
2241 368 2284 423 Λ
2312 366 2682 437 exstirpamus
2709 364 2862 433 vitia,
2889 374 2952 422 ut
2986 366 3216 425 virtutes
3242 367 3579 441 inseramus;
3601 378 3718 446 quo'
3742 380 3815 435 ﬁeri

625 476 778 526 num,
805 459 933 529 quia
958 458 1135 531 angeli
1158 457 1333 513 nostri
1356 472 1572 528 semper
1603 456 1791 511 vident
1818 454 2014 513 faciem
2038 456 2217 514 Patris

625 550 845 623 (Matth.
872 566 1027 617 xvm,
1055 548 1144 620 l0)
1169 558 1225 605 et
1254 550 1509 605 nuntiant
1534 548 1584 604 ei
1606 549 1790 603 omnia
1829 557 2039 604 nostra.
2073 540 2217 617 Quid

624 659 753 713 ergo
781 641 1054 698 facimus?
1082 640 1185 698 Ubi
1208 641 1636 699 abscondimur?
1663 639 1744 695 llli
1776 657 1878 698 nos
1900 632 2212 709 diﬁ‘amant,

624 748 725 789 nos
753 733 1035 791 intuentur
1060 743 1118 790 et
1140 733 1331 803 Deum,
1377 734 1659 790 intuentur
1692 724 1877 789 omnia
1920 744 2109 789 nostra
2158 744 2215 795 et

626 822 818 895 Deum,
840 828 972 898 quia
1001 836 1189 883 nostra
1216 827 1481 882 intuendo
1524 822 1778 881 nuntiant
1823 825 1953 882 Deo.
1990 825 2105 881 Non
2132 836 2215 885 est

622 917 988 985 obstaculum,
1017 933 1128 972 non
1157 926 1285 973 sunt
1316 917 1571 984 tenebrae,
1615 917 1819 987 quibus
1846 911 2215 987 impediantur

624 1011 807 1066 videre
827 1012 1010 1066 omnia
1038 1021 1245 1079 nostra,
1274 1011 1402 1080 quia
1432 1009 1679 1064 divinam
1700 1008 1910 1076 lumen,
1941 1004 2052 1080 quo
2090 1002 2214 1071 illu-

623 1104 934 1169 minantur,
982 1111 1230 1174 penetrat
1273 1102 1497 1169 omnia,
1560 1102 1689 1171 quia
1739 1099 1835 1156 lus:
1879 1101 1938 1155 in
1985 1100 2212 1155 tenebris

620 1193 757 1246 lueet
803 1194 820 1263 (
842 1191 1002 1247 Joan.
1046 1209 1108 1260 ι,
1154 1192 1230 1263 5)
1268 1202 1323 1247 et
1351 1208 1455 1246 nos:
1492 1191 1630 1245 sicut
1668 1191 1779 1245 dies
1818 1187 2212 1245 illuminabitur

629 1280 808 1353 (Psal.
850 1283 1139 1353 cxxxvm).
1174 1282 1244 1336 Et
1270 1283 1356 1336 ltic
1385 1280 1700 1352 difarnatus
1741 1290 1817 1336 est
1854 1282 2010 1352 quasi
2050 1282 2213 1335 dissi-

620 1383 797 1444 passet
848 1374 982 1427 bona
1029 1374 1218 1444 ipsius.
1265 1371 1401 1439 Quis
1434 1372 1618 1440 omnia
1669 1372 1774 1426 sibi
1822 1372 2017 1427 tradita
2066 1372 2210 1427 bona

600 1458 760 1519 bene
799 1465 1080 1536 dispensat
1133 1466 1187 1518 in
1237 1463 1539 1519 omnibus?
1568 1462 1704 1539 Quis
1754 1479 1862 1516 non
1916 1462 2210 1534 aliquando

618 1555 919 1611 dormitat?
960 1556 1282 1626 Quandoque
1312 1556 1476 1609 bonus
1498 1554 1755 1608 dormitat
1793 1554 2053 1609 Homerus
2079 1552 2211 1627 (llo-

2316 474 2428 515 non
2456 468 2656 530 potest,
2673 468 2799 530 post
2826 458 2969 531 bane
2991 454 3181 516 vitam.
3209 461 3511 520 Hendicare
3527 469 3749 527 erubesco.
3765 473 3816 531 tie

2315 550 2451 605 mihi
2495 551 2713 606 dicatur
2741 552 2887 622 quod
2912 550 3078 608 fatuis
3106 553 3412 625 virginibus
3432 567 3515 613 est
3540 559 3716 616 dictum
3735 581 3747 616 :
3764 563 3816 618 Ne

2313 642 2451 711 forte
2484 659 2589 696 non
2614 644 2838 712 sufficiat
2873 643 3024 698 nobis
3067 655 3120 699 et
3147 648 3313 714 vobis,
3356 647 3429 702 ite
3458 651 3621 718 potius
3655 651 3711 704 ad
3738 670 3818 710 uas

2311 730 2519 799 dentes,
2545 744 2595 787 et
2622 735 2783 788 emite
2803 734 2947 788 vobis
2972 733 3194 806 (Matth.
3228 752 3359 803 xxv,
3382 737 3461 809 9).
3494 738 3583 793 Est
3621 744 3815 797 alendus-

2290 826 2386 889 Vtio
2434 826 2599 891 bona,
2621 836 2707 881 est
2727 826 3058 881 mendicatio
3079 828 3245 883 mala.
3271 826 3590 885 Mendicatio
3610 829 3725 886 bona
3743 834 3816 889 hEr.
3904 826 3905 891 ἲ

2312 911 2413 968 llic
2438 916 2578 971 bene
2608 917 3011 985 mendicamus,
3054 934 3087 972 a
3130 918 3311 974 doctor
3326 915 3451 975 ibus
3485 921 3756 991 sapientiam
3786 937 3820 980 et

2310 1007 2659 1075 doctrinam;
2705 1025 2736 1063 a
2782 1009 2993 1065 sanctis
3027 1010 3409 1065 mendicamus
3455 1012 3509 1065 in
3557 1008 3744 1081 litaniis,
3779 1024 3820 1071 si

2311 1107 2472 1153 orent
2497 1115 2600 1170 pro
2625 1099 2804 1155 nobis.
2819 1098 2879 1154 lu
2902 1100 3009 1154 alia
3025 1100 3133 1155 vita
3156 1101 3490 1156 mendicatio
3511 1104 3820 1159 erubescenda.

2311 1187 2448 1255 Quis
2477 1189 2624 1244 enim
2651 1207 2762 1245 non
2783 1191 3075 1245 erubescat
3097 1190 3282 1246 dicere
3314 1209 3328 1244 :
3361 1190 3487 1245 date
3511 1193 3644 1245 nobis
3671 1195 3722 1247 de
3746 1194 3823 1249 olea

2311 1278 2501 1347 vestro,
2527 1280 2653 1353 quia
2682 1281 2956 1353 lampades
2980 1291 3175 1337 nostra:
3193 1285 3602 1355 exstinguuntur
3626 1286 3824 1355 (ibid.,8).

2311 1368 2439 1434 ideo
2471 1379 2783 1435 mendicare
2813 1380 3104 1435 erubesco.
3132 1377 3274 1435 Vere
3329 1381 3648 1435 mendicatio
3682 1382 3824 1436 erute-

2310 1468 2537 1534 sceada,
2571 1466 2665 1523 ubi
2695 1467 2833 1522 nihil
2882 1466 3263 1538 recuperatur,
3317 1477 3372 1524 et
3417 1460 3626 1539 egestas
3644 1468 3824 1523 manium

2309 1561 2583 1617 bonorum
2618 1569 2885 1630 perpetua
2914 1556 3229 1615 comitatur.
3272 1556 3401 1614 ldeo
3441 1559 3714 1613 mendicare
3744 1575 3827 1611 m-

618 1662 815 1704 unus
863 1648 916 1703 in
961 1647 1089 1702 Arte
1126 1623 1263 1719 poet.
1299 1647 1425 1719 559)
1451 1689 1467 1715 ,
1512 1657 1566 1703 et
1608 1665 1620 1701 :
1656 1644 1722 1700 1η
1753 1646 1933 1700 multis
1978 1623 2206 1718 oll‘eudi—
2246 1722 2267 1723 ί
2300 1623 2482 1709 ἶνεςεο.
2516 1653 2594 1708 lbi
2618 1623 2739 1708 non
2752 1653 2977 1723 prodest
3017 1638 3177 1707 alieni
3224 1650 3354 1706 boni
3406 1650 3726 1715 mendicatio,
3765 1652 3825 1704 ubi

619 1760 735 1803 mus
776 1760 962 1801 vonines
1004 1742 1215 1815 (Jacob.
1248 1760 1348 1811 in,
1395 1743 1473 1815 2).
1503 1740 1569 1811 Et
1595 1761 1608 1797 :
1639 1740 1695 1796 Si
1745 1739 2057 1815 dixerimus
2081 1741 2209 1812 quia
2242 1722 2285 1783 Β
2311 1746 2533 1816 defecit.
2559 1760 2724 1801 omne
2754 1722 2988 1801 bonum"
3001 1758 3183 1809 suum,
3207 1757 3308 1797 nec
3331 1739 3512 1813 potest
3530 1742 3597 1795 ab
3615 1741 3706 1795 alio
3722 1741 3828 1812 quis-

562 1844 568 1850 ‘
615 1844 891 1905 peccatum
914 1851 1020 1890 non
1044 1828 1317 1902 habemus,
1343 1851 1436 1890 nos
1475 1834 1967 1909 ipsosqseducimus,
1997 1841 2047 1887 et
2081 1834 2211 1888 veri-
2309 1853 2476 1910 quam
2500 1845 2839 1907 exspectare,
2867 1837 3014 1907 quod
3040 1836 3161 1894 inse
3199 1851 3311 1891 non
3352 1833 3577 1900 meruit,
3598 1824 3707 1889 cum
3745 1835 3829 1887 nui-

570 1918 573 1923 ⁴
608 1935 700 1981 'tas
732 1927 787 1981 in
814 1928 964 1982 nobis
987 1943 1090 1981 non
1109 1936 1186 1981 est
1215 1922 1267 1998 (1
1290 1924 1450 1981 Joan.
1485 1924 1638 1998 1,3).

536 2021 545 2031 ’
606 2006 635 2041 ’λ
779 2019 983 2089 vocavit
1011 2018 1185 2085 illum,
1210 2028 1258 2074 et
1284 2021 1361 2073 ait
1385 2017 1514 2085 illi:
1545 2016 1687 2086 Quid
1718 2018 1816 2097 hoc
1840 2016 2002 2072 audio
2027 2018 2093 2071 de
2116 2016 2209 2073 te?

608 2107 873 2178 "Quotidie
895 2125 998 2169 nos
1038 2119 1199 2167 vocat
1249 2109 1516 2169 Dominus
1549 2128 1564 2165 ε
1602 2102 1807 2176 Venite,
1839 2108 1965 2178 filii,
2024 2109 2208 2163 audite

618 2216 701 2254 nte
723 2198 843 2272 (Ps.
860 2216 1056 2269 xxxm,
1083 2200 1192 2270 12).
1209 2198 1390 2255 Venite
1412 2200 1482 2254 ad
1503 2216 1584 2253 me
1605 2214 1804 2265 omnes,
1823 2198 1915 2269 qui
1944 2196 2205 2252 laboratis

542 2351 546 2357 ,
614 2301 666 2347 et
692 2288 898 2348 onerati
917 2293 1043 2348 estis
1058 2292 1286 2366 (Matth.
1314 2308 1391 2360 xl,
1421 2291 1537 2364 28).
1564 2289 1649 2359 Et,
1672 2305 1706 2345 o
1728 2290 1853 2358 viri,
1870 2289 1939 2345 ad
1964 2305 2063 2346 vos
2093 2285 2208 2346 cla;

619 2384 775 2453 mito,
804 2391 862 2440 et
900 2400 1007 2441 vox
1032 2400 1154 2441 mea
1190 2385 1260 2441 ad
1294 2384 1437 2440 ﬁlios
1476 2367 1782 2439 libniinum.
1827 2382 2093 2451 Quotidie,
2124 2383 2197 2437 Ιοο

607 2475 987 2554 ’quitur'nobis
1008 2491 1106 2547 per
1132 2477 1459 2548 prepbetas;
1486 2475 1733 2547 loquitur
1755 2474 1849 2546 per
1884 2475 2201 2547 apostolos}

615 2567 862 2640 loquitur
908 2584 1007 2640 per
1063 2568 1307 2640 seipsum
1348 2568 1405 2624 in
1434 2566 1767 2640 Evangelio;
1816 2567 2062 2639 loquitur
2107 2582 2206 2640 per

614 2659 904 2735 doctores;
939 2659 1183 2731 loquitur
1222 2660 1277 2715 in
1308 2659 1644 2716 conscientia
1672 2678 1686 2714 :
1712 2657 1854 2725 Quid
1896 2658 1993 2712 hoc
2040 2657 2204 2714 audio

613 2738 1068 2821 dete.’increpa't
1090 2750 1231 2806 male
1275 2750 1599 2823 cogitantes,
1636 2741 1881 2821 increpat
1924 2759 2068 2811 male
2115 2748 2201 2804 lo-

621 2834 877 2919 quentes,
900 2848 1150 2920 increpat
1182 2847 1326 2907 male
1359 2855 1605 2919 agentes,
1634 2838 1890 2917 increpat
1943 2847 2085 2902 male
2118 2843 2204 2913 vi:

611 2924 825 2996 senties.
854 2930 997 3006 Quid
1028 2938 1126 3007 hoc
1156 2936 1318 2996 audio
1354 2938 1421 2993 de
1442 2939 1532 2994 te?
1551 2936 1729 2993 Redde
1768 2938 2028 2992 rationem
2057 2933 2203 2991 villi—

614 3032 840 3093 eationis
869 3042 993 3087 ture.
1022 3030 1162 3099 Quia
1191 3032 1259 3091 de
1282 3031 1436 3088 omni
1460 3029 1629 3087 verbo
1649 3029 1828 3086 otioso
1851 3029 2008 3128 quod‘
2036 3023 2199 3083 locuti
2227 3067 2275 3128 ο

613 3123 813 3193 fuerint
868 3123 1126 3191 homines,
1183 3122 1401 3178 reddent
1448 3121 1712 3176 rationem
1746 3119 1803 3175 in
1843 3120 1929 3175 die
1976 3116 2197 3191 judieii.

614 3213 833 3287 (Matth.
875 3232 975 3283 xu,
1016 3214 1129 3287 36).
1168 3213 1347 3275 Redde
1380 3210 1640 3270 rationem
1679 3211 2025 3277 villicationis
2072 3221 2197 3268 tuae.

611 3306 753 3381 Quid
780 3324 911 3383 agas
938 3307 1085 3379 apud
1113 3307 1208 3380 te?
1235 3307 1368 3380 quid
1393 3305 1537 3377 apud
1565 3305 1923 3381 proximum?
1949 3304 2081 3378 quid
2102 3321 2199 3362 eo-

608 3398 756 3468 gitcs
779 3397 835 3453 in
865 3397 1068 3468 corde?
1103 3397 1267 3475 quale
1316 3396 1562 3469 proferas
1601 3396 1876 3452 verbum?
1906 3390 2065 3465 Quid
2097 3388 2201 3452 au-

612 3490 730 3546 ditu
755 3490 1004 3569 delectet,
1028 3499 1084 3546 et
1103 3490 1192 3548 cui
1221 3490 1417 3565 inﬁgas
1443 3488 1708 3564 oculum?
1732 3487 1911 3545 Redde
1938 3490 2201 3557 rationem

610 3580 961 3639 rillicationis
1001 3582 1316 3656 tute.ABona
1369 3598 1490 3656 mea
1532 3582 1792 3654 dissipas,
1845 3581 2009 3638 bonis
2058 3584 2200 3640 meis

613 3673 756 3729 male
777 3672 970 3741 uteris,
1004 3652 1146 3728 bona
1181 3687 1301 3729 mea
1342 3652 1443 3728 das
1470 3652 1770 3728 extraneis.
1805 3669 1958 3728 Voco
1994 3679 2049 3728 et
2088 3687 2199 3728 non

614 3765 931 3835 respondes,
955 3763 1178 3835 porrigo
1217 3778 1466 3831 manum,
1495 3770 1551 3818 et
1584 3779 1695 3818 non
1734 3763 1982 3835 reSpicis.
2024 3761 2199 3818 Redde

608 3854 868 3911 rationem
897 3852 1238 3908 villicationis
1260 3860 1386 3908 tum.
1410 3851 1536 3906 1am
1557 3852 1697 3906 enim
1736 3869 1841 3906 non
1866 3854 2064 3923 poteris
2100 3853 2200 3907 vil-

605 3944 790 4001 licare.
821 3944 905 4001 Ad
936 3944 1099 4002 ﬁnem
1124 3943 1442 4016 pervenisti,
1473 3952 1688 4014 tempus
1729 3951 1815 4000 est
1842 3941 2062 4014 judieii,
2101 3961 2197 3998 ra-

607 4028 802 4092 tionem
832 4034 1010 4102 redde,
1024 4033 1143 4105 jam
1170 4050 1274 4088 non
1294 4034 1493 4105 poteris
1515 4033 1773 4089 villicare.
1804 4031 1928 4089 Cito
1951 4033 2080 4091 hinc
2106 4035 2200 4090 ab-

609 4128 811 4192 iturus,
830 4128 942 4184 cito
960 4116 1274 4182 moriturus
1291 4140 1374 4185 es.
1397 4123 1517 4180 1am
1550 4140 1660 4181 non
1699 4127 1903 4197 poteris
1929 4126 2191 4185 villicare.

606 4219 738 4276 Post
766 4219 911 4275 hanc
947 4219 1117 4275 vitam
1159 4233 1271 4274 non
1307 4227 1393 4274 est
1433 4217 1715 4274 villicatio.
1755 4217 1858 4277 Hic
1905 4220 2196 4276 villieando

606 4310 905 4389 servimus;
938 4310 1014 4367 ibi
1043 4310 1436 4383 requiescendo
1466 4311 1775 4378 mercedem
1797 4310 2066 4384 capimus.
2093 4309 2194 4370 Hic

2312 1920 2508 2002 tuique
2530 1930 2620 1985 vix
2650 1945 2753 1986 sua
2797 1928 3088 1997 sufﬁcient,
3129 1938 3186 1985 et
3222 1929 3315 1984 vix
3342 1928 3534 1999 justus
3573 1923 3823 1981 salvabitur.

2308 2019 2434 2076 Ideo
2461 2020 2774 2078 mendicare
2801 2016 3087 2077 erubesco.
3118 2018 3242 2076 Scio
3263 2020 3391 2093 quid
3419 2020 3640 2090 faciam,
3678 2028 3725 2071 nt
3752 2034 3830 2070 rm

2306 2104 2517 2168 auratus
2546 2114 2696 2184 fuero
2735 2131 2770 2168 a
2817 2112 3148 2167 villicatione
3190 2113 3455 2184 recipiant
3516 2128 3595 2165 nae
3628 2111 3677 2163 in
3703 2110 3832 2161 dona

2306 2221 2453 2259 suas.
2494 2196 2727 2260 Salubre
2754 2204 3047 2260 consilium
3071 2203 3275 2275 reperit
3295 2203 3365 2259 ad
3399 2202 3590 2267 ﬁnem,
3621 2196 3705 2272 qui
3736 2200 3834 2254 male

2306 2294 2643 2368 dispensavit
2663 2295 3074 2363 villicationem,
3105 2295 3316 2353 scilicet
3341 2304 3401 2350 ut
3436 2294 3593 2350 daret
3612 2306 3757 2363 pauca
3776 2304 3833 2342 re

2304 2399 2566 2469 cepturus
2594 2390 2752 2463 plura
2779 2407 2794 2455 ;
2822 2397 2876 2443 et
2903 2388 3239 2459 reciperetur
3265 2387 3321 2442 in
3350 2384 3611 2441 domibus
3635 2381 3833 2446 aliorum.

2307 2483 2394 2538 cui
2421 2482 2658 2554 propriae
2676 2480 3023 2537 deﬁciebant.

2378 2571 2692 2630 Convocatis
2721 2572 2903 2643 itaque
2925 2570 3149 2643 singulis
3175 2565 3511 2624 debitoribus
3555 2564 3734 2621 domini
3763 2563 3833 2625 ssi,

2304 2665 2514 2721 dicebat
2538 2665 2711 2735 primo
2746 2680 2766 2720 :
2790 2661 3063 2729 Quantum
3102 2661 3254 2716 debes
3282 2661 3503 2716 dontino
3527 2659 3675 2714 meo!
3697 2657 3752 2710 At
3774 2656 3834 2706 iL’t

2303 2757 2446 2812 dixit
2469 2772 2487 2811 :
2512 2755 2737 2812 Centum
2794 2756 2955 2810 cados
3004 2754 3129 2810 olei.
3176 2753 3547 2833 Communem
3598 2751 3831 2806 Domian

2304 2844 2596 2915 habemus,
2619 2846 2714 2919 qui
2747 2862 2919 2903 unum
2944 2846 3238 2902 Dominum
3278 2838 3544 2912 colimus,
3590 2844 3672 2900 cui
3693 2856 3833 2897 omnes

2301 2925 2567 2996 debemus
2596 2938 2863 3013 quidquid
2898 2938 3029 2994 boni
3061 2954 3379 3009 possumus.
3414 2936 3526 2994 Sed
3547 2928 3670 3009 quia
3691 2948 3833 2989 omnes

2302 3028 2467 3084 villici
2494 3043 2709 3096 sumus,
2738 3028 2805 3084 de
2831 3027 2956 3098 jure
2976 3025 3328 3083 villicationis
3355 3040 3566 3081 nosrra:
3590 3022 3833 3079 debitore:

2304 3118 2521 3173 Domini
2548 3133 2677 3190 pars
2699 3115 2769 3172 ad
2806 3132 2910 3173 nos
2937 3116 3195 3184 refertur,
3219 3125 3281 3171 ut
3310 3131 3419 3170 non
3446 3114 3625 3170 solum
3647 3109 3833 3166 invenia-

2301 3226 2426 3267 mur
2448 3210 2725 3268 debitores
2751 3208 2868 3278 Dei,
2903 3211 2998 3266 sed
3038 3217 3094 3265 et
3134 3208 3367 3264 invicem
3399 3206 3602 3279 nostri.
3643 3202 3754 3259 Non
3775 3218 3835 3256 so-

2299 3302 2414 3357 lum
2438 3302 2596 3357 enim
2602 3300 2864 3372 iubemur
2885 3299 3110 3372 diligere
3132 3297 3327 3367 Deum,
3352 3299 3450 3355 sed
3482 3307 3541 3355 et
3560 3298 3830 3370 proximum.

2301 3389 2585 3446 Debitores
2604 3404 2739 3461 ergo
2766 3402 2961 3445 sumus
2990 3388 3109 3456 Dei,
3128 3390 3403 3446 debitores
3426 3397 3685 3446 sumuset
3700 3384 3834 3458 pmi-

2302 3476 2397 3537 mi.
2428 3481 2541 3538 Deo
2570 3490 2758 3537 tamen
2805 3489 2982 3537 totum
3013 3468 3293 3559 (debemus
3324 3482 3499 3539 etiam
3541 3481 3595 3536 id
3627 3477 3751 3555 quod
3786 3474 3833 3528 ad

2298 3573 2613 3644 proximum
2653 3573 2968 3641 referimus,
3016 3583 3076 3629 ut
3122 3573 3390 3646 quidquid
3433 3572 3710 3637 debemus.
3754 3566 3831 3620 DN

2298 3665 2614 3722 debeamus.
2641 3664 2921 3724 Habemus
2955 3675 3137 3722 autem
3167 3665 3481 3736 spiritualia
3528 3665 3685 3728 bona,
3712 3659 3831 3716 habt-

2299 3772 2425 3813 mus
2449 3766 2505 3814 et
2531 3761 2861 3830 corporalia.
2887 3745 3228 3832 spiritualia,
3266 3765 3347 3824 ut,
3388 3757 3579 3825 ﬁdem,
3597 3752 3829 3827 justitiam.

2297 3834 2806 3921 eliaritatem‘,‘etc.,
2833 3836 2975 3924 quae
3004 3851 3117 3908 Deo
3154 3851 3455 3929 debemus,
3504 3859 3560 3905 et
3610 3845 3827 3919 proximo;

2296 3945 2604 4017 corporalia
2629 3987 2645 4014 ,
2707 3956 2770 4001 ut
2823 3960 3057 4013 aurum,
3108 3951 3430 4017 argentum,
3494 3941 3742 4005 triticum,
3777 3936 3832 3987 τὶο

2298 4045 2604 4107 num,'etc.,
2630 4024 2774 4092 unde
2800 4036 2915 4092 Deo
2938 4035 3210 4104 servimus
3242 4043 3298 4091 et
3316 4035 3633 4106 proximum
3658 4030 3828 4100 adjun-

2299 4128 2442 4184 muS.
2475 4126 2620 4196 Quid
2646 4128 2847 4184 melius
2879 4116 2997 4199 per.
3022 4117 3217 4184 oleum
3246 4126 3554 4199 pessumus
3586 4120 3829 4192 intelligere

2296 4228 2460 4291 quam
2487 4219 2820 4291 spiritualia,
2852 4221 2999 4293 quod
3027 4222 3211 4277 rarius
3240 4229 3326 4275 est
3358 4230 3416 4274 et
3452 4218 3635 4273 lenius
3675 4213 3829 4269 triticea

2296 4313 2597 4382 soliditate,
2627 4323 2684 4370 et
2704 4314 2890 4370 lumen
2918 4313 3085 4382 fovet,
3120 4314 3176 4369 id
3205 4320 3312 4380 est,
3353 4311 3522 4382 cujus
3563 4305 3831 4365 virtusills-

605 4404 942 4476 acquirimus
975 4404 1123 4476 quod
1169 4403 1245 4460 ibi
1293 4403 1685 4475 possidemus;
1736 4405 1829 4461 hic
1877 4405 2053 4475 labor,
2113 4406 2187 4462 ibi
2220 4410 2267 4472 υ
2295 4406 2467 4461 minat
2500 4414 2741 4462 mentem
2775 4406 2845 4462 ad
2872 4405 3193 4462 intuendam
3220 4403 3541 4471 veritatem,
3580 4409 3634 4457 et
3660 4404 3829 4471 pust-ﬁ

604 4496 910 4567 praemium.
1942 4556 1947 4561 .

671 4589 765 4645 Ait
798 4598 976 4646 autem
1006 4587 1216 4644 villicus
1246 4589 1390 4643 intra
1408 4605 1464 4643 se
1492 4601 1512 4640 :
1539 4578 1681 4654 Quid
1703 4588 1901 4659 faciant
1938 4590 2066 4661 quia
2089 4589 2188 4644 do-

603 4682 779 4737 minus
802 4698 947 4736 meus
976 4680 1151 4751 aufert
1182 4697 1216 4735 a
1241 4696 1322 4736 me
1344 4679 1772 4736 villicationem?
1807 4679 1961 4736 Felix
1994 4680 2092 4752 qui
2117 4681 2187 4747 de

602 4772 709 4829 line
730 4764 955 4843 cogitat,
987 4769 1138 4837 felix,
1163 4770 1259 4841 qui
1284 4786 1345 4826 se
1365 4770 1612 4842 quotidie
1641 4770 1992 4839 moriturum,
2029 4771 2182 4845 quia,

602 4861 789 4917 melior
806 4870 883 4917 est
909 4862 1033 4931 finis
1055 4862 1314 4916 orationis
1335 4878 1494 4933 quam
1516 4863 1836 4934 principium
1856 4863 2027 4935 (Eccl.
2048 4881 2185 4934 xvn,

2300 4498 2551 4553 omaibus
2578 4498 2824 4571 liquidis,
2855 4506 2919 4554 ut
2955 4497 3267 4578 spiritualia
3294 4495 3700 4572 corporalibus.
3729 4484 3828 4557 Qui

2294 4605 2391 4659 per
2421 4591 2684 4659 triticum,
2715 4591 2826 4647 nisi
2854 4591 3202 4661 corporalia?
3236 4589 3293 4644 Si
3341 4589 3572 4660 quidem
3617 4602 3706 4659 per
3739 4598 3826 4651 ενι·

2294 4682 2433 4737 ciem
2457 4696 2600 4753 saepe
2633 4697 2810 4754 genus
2831 4682 3281 4754 διὰ)ωῆεῆυῆ
3320 4680 3560 4738 Villicus
3600 4694 3720 4753 ergo
3748 4674 3827 4746 μί·

2252 4789 2444 4851 “mum
2461 4773 2692 4848 debitori
2710 4774 2954 4846 loquitur
2971 4774 3099 4843 olei,
3116 4775 3243 4846 quTa
3267 4774 3456 4846 priora
3479 4785 3612 4831 sunt
3623 4769 3826 4843 spiritu-

2293 4867 2364 4921 lia
2394 4867 2811 4937 corporalibus;
2838 4867 2935 4938 qui
2968 4866 3129 4923 debet
3154 4874 3378 4923 centum
3406 4868 3579 4924 cados
3598 4864 3714 4931 olei,
3734 4859 3825 4932 quia

600 4954 678 5025 9).
710 4950 852 5020 Quid
878 4950 1116 5030 faciam?
1144 4949 1436 5018 Quomodo
1472 4952 1539 5008 de
1566 4953 1709 5009 male
1745 4953 2186 5025 dispensatavil-
2210 5016 2213 5019 λ
2279 4959 2452 5017 debet
2472 4958 2584 5017 Deo
2607 4959 2875 5031 quidquid
2906 4958 3210 5031 spiritualis
3238 4959 3404 5015 habet
3431 4958 3585 5015 boni.
3614 4958 3699 5013 Sic
3718 4952 3823 5009 eli

600 5045 855 5117 licatione
875 5044 1145 5101 evadam?
1173 5042 1379 5100 Fodere
1421 5061 1525 5098 non
1550 5045 1696 5100 valeo
1725 5055 2016 5118 postquam
2047 5049 2213 5125 deli-3

599 5137 676 5194 cit
747 5138 873 5194 vitae
938 5137 1107 5208 hujus
1153 5136 1433 5211 villicatio.
1480 5134 1600 5193 Non
1656 5128 1999 5212 relinquitur:
2034 5141 2215 5205 actio_

596 5237 725 5301 post
742 5228 886 5286 hanc
918 5229 1108 5297 vitam,
1142 5243 1243 5300 pro
1280 5243 1389 5300 qua
1430 5243 1743 5286 mereamur
1785 5239 2044 5288 aeternam
2094 5233 2177 5288 vi-

599 5333 652 5379 ta
677 5339 730 5378 ιι.
760 5320 839 5378 lbi
856 5322 973 5393 jam
998 5336 1107 5377 non
1136 5320 1290 5376 valeo
1317 5317 1525 5388 fodere,
1550 5322 1681 5393 quia
1704 5322 1780 5379 ibi
1810 5340 1922 5380 non
1946 5333 2031 5381 est
2043 5340 2181 5396 pau-

597 5430 765 5495 peres
787 5428 1055 5480 recreare,
1097 5412 1346 5469 inﬁrmos
1375 5412 1617 5483 visitare,
1651 5413 1854 5489 vigiliis
1890 5417 2094 5474 sanctis
2125 5427 2180 5472 et

593 5508 940 5579 orationibus
995 5508 1268 5569 insistere.
1301 5511 1444 5581 Quid
1484 5522 1569 5570 est
1607 5514 1754 5571 enim
1790 5514 1939 5571 aliud
1977 5516 2176 5586 fodere,
2211 5551 2214 5554 ~

596 5593 702 5654 nisi
731 5607 1045 5664 sanctarum
1083 5601 1361 5659 exercitiis
1391 5602 1670 5659 actionum
1718 5613 1920 5660 terram
1976 5605 2177 5669 mentis

2290 5058 2420 5107 sunt
2446 5050 2554 5106 olei
2578 5050 2699 5106 cadi
2722 5050 2929 5123 plures,
2976 5049 3122 5105 sicut
3167 5048 3476 5120 spiritualis
3521 5047 3653 5104 boni
3686 5042 3822 5101 multa

2287 5130 2521 5213 species;
2544 5138 2654 5199 Vas
2674 5126 2831 5198 enim.
2848 5141 2954 5198 olei
2981 5124 3360 5198 centenarium
3386 5142 3602 5212 species
3626 5136 3823 5215 desit»al

2286 5224 2480 5293 omnes
2509 5230 2877 5313 spiritualium
2911 5236 3210 5291 bonorum.
3246 5232 3385 5290 Nam
3424 5243 3483 5290 et
3522 5228 3821 5305 centenum

2286 5327 2679 5400 plenitudinem
2714 5344 2857 5399 smpc
2883 5327 3175 5402 signiﬁcat,
3210 5335 3266 5383 et
3291 5326 3482 5401 ﬁnitus
3520 5340 3687 5403 saepe:
3710 5318 3819 5393 poni.

2286 5429 2375 5474 tur
2400 5435 2503 5490 pro
2527 5420 2759 5501 inﬁnito.
2790 5420 2961 5477 Debet
3003 5436 3136 5494 ergo
3162 5420 3391 5474 domino
3437 5427 3658 5479 centum
3694 5410 3818 5471 ad“

2284 5512 2412 5593 olei,
2460 5513 2557 5593 qui
2597 5508 2756 5571 debet
2799 5513 2912 5570 Deo
2952 5512 3345 5586 perfectionem
3388 5504 3815 5588 spirith

2285 5591 2391 5689 Si“!
2406 5591 2640 5675 πὶυίωιη
2664 5607 2899 5683 Pertinet
2920 5607 2985 5663 ad
3014 5609 3442 5689 proximum,‘de
3468 5610 3577 5667 hoc
3592 5602 3727 5678 quod
3745 5599 3815 5653 de-

592 5682 659 5746 εἰ
672 5691 919 5763 corporis
939 5692 1223 5750 excolere?
1255 5692 1471 5749 Terram
1498 5695 1752 5767 fodimus,
1784 5713 1910 5754 cum
1950 5714 1980 5752 a
2007 5684 2169 5786 nobis
2282 5684 2440 5784 betur
2482 5700 2631 5781 Deo;
2681 5696 2935 5780 Multum;
2963 5705 3115 5776 enim
3522 5703 3629 5782 nisi
3672 5698 3813 5756 Ialm.

2166 5823 2291 5853 ’Ἥ
2304 5845 2325 5856 ,.
