  <div class='ocr_page' id='page_1' title='image "/cluster/home/n/w/nwhite01/storage/ocr_20150623/160/hvd.32044015473846/564.png"; bbox 0 0 3946 6306; ppageno 0'>
   <div class='ocr_carea' id='block_1_1' title="bbox 183 321 319 380">
    <p class='ocr_par' dir='ltr' id='par_1_1' title="bbox 183 321 319 380">
     <span class='ocr_line' id='line_1_1' title="bbox 183 321 319 380; baseline 0.015 -2"><span class='ocrx_word' id='word_1_1' title='bbox 183 321 319 380; x_wconf 69' lang='grc'><strong>1125</strong></span> 
     </span>
    </p>
   </div>
   <div class='ocr_carea' id='block_1_2' title="bbox 1232 304 2400 378">
    <p class='ocr_par' dir='ltr' id='par_1_2' title="bbox 1232 304 2400 378">
     <span class='ocr_line' id='line_1_2' title="bbox 1232 304 2400 378; baseline 0.003 -16"><span class='ocrx_word' id='word_1_2' title='bbox 1232 304 1474 374; x_wconf 74' lang='grc' dir='ltr'><strong>ιιοΜιι..</strong></span> <span class='ocrx_word' id='word_1_3' title='bbox 1518 312 1607 368; x_wconf 88' lang='lat' dir='ltr'><strong>DE</strong></span> <span class='ocrx_word' id='word_1_4' title='bbox 1646 311 1918 373; x_wconf 74' lang='lat' dir='ltr'><strong>.VILLICO</strong></span> <span class='ocrx_word' id='word_1_5' title='bbox 1955 309 2400 378; x_wconf 78' lang='lat' dir='ltr'><strong>lNlQUlTATlS.</strong></span> 
     </span>
    </p>
   </div>
   <div class='ocr_carea' id='block_1_3' title="bbox 3307 317 3448 373">
    <p class='ocr_par' dir='ltr' id='par_1_3' title="bbox 3307 317 3448 373">
     <span class='ocr_line' id='line_1_3' title="bbox 3307 317 3448 373; baseline 0.014 -2"><span class='ocrx_word' id='word_1_6' title='bbox 3307 318 3328 371; x_wconf 84' lang='grc' dir='ltr'><strong>Ι</strong></span> <span class='ocrx_word' id='word_1_7' title='bbox 3343 317 3448 373; x_wconf 56' lang='lat' dir='ltr'><strong>liii</strong></span> 
     </span>
    </p>
   </div>
   <div class='ocr_carea' id='block_1_4' title="bbox 178 417 3451 506">
    <p class='ocr_par' dir='ltr' id='par_1_4' title="bbox 178 417 3451 506">
     <span class='ocr_line' id='line_1_4' title="bbox 178 417 3451 506; baseline -0.003 -15"><span class='ocrx_word' id='word_1_8' title='bbox 178 434 447 506; x_wconf 70' lang='lat' dir='ltr'><strong>justitiam</strong></span> <span class='ocrx_word' id='word_1_9' title='bbox 476 441 542 488; x_wconf 91' lang='lat' dir='ltr'><strong>.et</strong></span> <span class='ocrx_word' id='word_1_10' title='bbox 587 432 910 487; x_wconf 88' lang='lat' dir='ltr'><strong>charitatem</strong></span> <span class='ocrx_word' id='word_1_11' title='bbox 951 417 1201 502; x_wconf 77' lang='lat' dir='ltr'><strong>proximo</strong></span> <span class='ocrx_word' id='word_1_12' title='bbox 1257 429 1578 483; x_wconf 81' lang='lat' dir='ltr'><strong>reddamus.</strong></span> <span class='ocrx_word' id='word_1_13' title='bbox 1627 426 1767 482; x_wconf 85' lang='lat' dir='ltr'><strong>Cum</strong></span> <span class='ocrx_word' id='word_1_14' title='bbox 1795 429 1842 484; x_wconf 85' lang='lat' dir='ltr'><strong>A</strong></span> <span class='ocrx_word' id='word_1_15' title='bbox 1870 424 1981 478; x_wconf 87' lang='lat' dir='ltr'><strong>bita</strong></span> <span class='ocrx_word' id='word_1_16' title='bbox 2026 434 2230 490; x_wconf 80' lang='lat' dir='ltr'><strong>nostra,</strong></span> <span class='ocrx_word' id='word_1_17' title='bbox 2294 431 2435 477; x_wconf 77' lang='lat' dir='ltr'><strong>sicut</strong></span> <span class='ocrx_word' id='word_1_18' title='bbox 2491 431 2543 476; x_wconf 86' lang='lat' dir='ltr'><strong>et</strong></span> <span class='ocrx_word' id='word_1_19' title='bbox 2603 438 2697 477; x_wconf 86' lang='lat' dir='ltr'><strong>nos</strong></span> <span class='ocrx_word' id='word_1_20' title='bbox 2749 423 3074 478; x_wconf 85' lang='lat' dir='ltr'><strong>dimittimus</strong></span> <span class='ocrx_word' id='word_1_21' title='bbox 3129 425 3451 486; x_wconf 71' lang='lat' dir='ltr'><strong>debitoribut</strong></span> 
     </span>
    </p>
   </div>
   <div class='ocr_carea' id='block_1_5' title="bbox 181 518 1765 597">
    <p class='ocr_par' dir='ltr' id='par_1_5' title="bbox 181 518 1765 597">
     <span class='ocr_line' id='line_1_5' title="bbox 181 518 1765 597; baseline -0.006 -17"><span class='ocrx_word' id='word_1_22' title='bbox 181 526 341 597; x_wconf 89' lang='lat' dir='ltr'><strong>igitur</strong></span> <span class='ocrx_word' id='word_1_23' title='bbox 381 524 448 579; x_wconf 91' lang='lat' dir='ltr'><strong>de</strong></span> <span class='ocrx_word' id='word_1_24' title='bbox 493 532 712 578; x_wconf 88' lang='lat' dir='ltr'><strong>centum</strong></span> <span class='ocrx_word' id='word_1_25' title='bbox 741 523 893 578; x_wconf 84' lang='lat' dir='ltr'><strong>cadis</strong></span> <span class='ocrx_word' id='word_1_26' title='bbox 931 521 1144 576; x_wconf 82' lang='lat' dir='ltr'><strong>villicus</strong></span> <span class='ocrx_word' id='word_1_27' title='bbox 1175 519 1333 591; x_wconf 83' lang='lat' dir='ltr'><strong>jubet</strong></span> <span class='ocrx_word' id='word_1_28' title='bbox 1369 518 1765 590; x_wconf 85' lang='lat' dir='ltr'><strong>quinquaginta</strong></span> 
     </span>
    </p>
   </div>
   <div class='ocr_carea' id='block_1_6' title="bbox 180 612 1763 687">
    <p class='ocr_par' dir='ltr' id='par_1_6' title="bbox 180 612 1763 687">
     <span class='ocr_line' id='line_1_6' title="bbox 180 612 1763 687; baseline -0.005 -13"><span class='ocrx_word' id='word_1_29' title='bbox 180 618 362 684; x_wconf 87' lang='lat' dir='ltr'><strong>scribi,</strong></span> <span class='ocrx_word' id='word_1_30' title='bbox 393 616 537 687; x_wconf 88' lang='lat' dir='ltr'><strong>quod</strong></span> <span class='ocrx_word' id='word_1_31' title='bbox 568 616 795 671; x_wconf 82' lang='lat' dir='ltr'><strong>debetur</strong></span> <span class='ocrx_word' id='word_1_32' title='bbox 825 614 958 682; x_wconf 90' lang='lat' dir='ltr'><strong>Deo,</strong></span> <span class='ocrx_word' id='word_1_33' title='bbox 999 614 1357 670; x_wconf 87' lang='lat' dir='ltr'><strong>confirmatur</strong></span> <span class='ocrx_word' id='word_1_34' title='bbox 1382 614 1608 683; x_wconf 89' lang='lat' dir='ltr'><strong>scripto,</strong></span> <span class='ocrx_word' id='word_1_35' title='bbox 1635 612 1763 682; x_wconf 89' lang='lat' dir='ltr'><strong>quia</strong></span> 
     </span>
    </p>
   </div>
   <div class='ocr_carea' id='block_1_7' title="bbox 180 703 1760 775">
    <p class='ocr_par' dir='ltr' id='par_1_7' title="bbox 180 703 1760 775">
     <span class='ocr_line' id='line_1_7' title="bbox 180 703 1760 775; baseline -0.004 -12"><span class='ocrx_word' id='word_1_36' title='bbox 180 727 286 764; x_wconf 89' lang='lat' dir='ltr'><strong>non</strong></span> <span class='ocrx_word' id='word_1_37' title='bbox 312 707 619 763; x_wconf 83' lang='lat' dir='ltr'><strong>dimittitur.</strong></span> <span class='ocrx_word' id='word_1_38' title='bbox 651 707 807 773; x_wconf 83' lang='lat' dir='ltr'><strong>Quod</strong></span> <span class='ocrx_word' id='word_1_39' title='bbox 834 707 1060 764; x_wconf 84' lang='lat' dir='ltr'><strong>debetur</strong></span> <span class='ocrx_word' id='word_1_40' title='bbox 1084 706 1188 761; x_wconf 90' lang='lat' dir='ltr'><strong>sibi</strong></span> <span class='ocrx_word' id='word_1_41' title='bbox 1207 721 1316 759; x_wconf 91' lang='lat' dir='ltr'><strong>non</strong></span> <span class='ocrx_word' id='word_1_42' title='bbox 1328 705 1552 775; x_wconf 74' lang='lat' dir='ltr'><strong>iubetur</strong></span> <span class='ocrx_word' id='word_1_43' title='bbox 1575 703 1760 767; x_wconf 85' lang='lat' dir='ltr'><strong>scribi,</strong></span> 
     </span>
    </p>
   </div>
   <div class='ocr_carea' id='block_1_8' title="bbox 178 791 1763 868">
    <p class='ocr_par' dir='ltr' id='par_1_8' title="bbox 178 791 1763 868">
     <span class='ocr_line' id='line_1_8' title="bbox 178 791 1763 868; baseline -0.006 -14"><span class='ocrx_word' id='word_1_44' title='bbox 178 800 305 868; x_wconf 86' lang='lat' dir='ltr'><strong>quia</strong></span> <span class='ocrx_word' id='word_1_45' title='bbox 341 798 650 854; x_wconf 85' lang='lat' dir='ltr'><strong>dimittitur.</strong></span> <span class='ocrx_word' id='word_1_46' title='bbox 686 797 921 852; x_wconf 80' lang='lat' dir='ltr'><strong>Dimittit</strong></span> <span class='ocrx_word' id='word_1_47' title='bbox 951 796 1101 867; x_wconf 90' lang='lat' dir='ltr'><strong>quod</strong></span> <span class='ocrx_word' id='word_1_48' title='bbox 1147 811 1309 851; x_wconf 90' lang='lat' dir='ltr'><strong>suum</strong></span> <span class='ocrx_word' id='word_1_49' title='bbox 1349 802 1454 859; x_wconf 88' lang='lat' dir='ltr'><strong>est,</strong></span> <span class='ocrx_word' id='word_1_50' title='bbox 1504 791 1763 862; x_wconf 87' lang='lat' dir='ltr'><strong>relinquit</strong></span> 
     </span>
    </p>
   </div>
   <div class='ocr_carea' id='block_1_9' title="bbox 180 883 1764 959">
    <p class='ocr_par' dir='ltr' id='par_1_9' title="bbox 180 883 1764 959">
     <span class='ocr_line' id='line_1_9' title="bbox 180 883 1764 959; baseline -0.004 -15"><span class='ocrx_word' id='word_1_51' title='bbox 180 890 322 959; x_wconf 86' lang='lat' dir='ltr'><strong>quod</strong></span> <span class='ocrx_word' id='word_1_52' title='bbox 347 889 440 944; x_wconf 83' lang='lat' dir='ltr'><strong>Det</strong></span> <span class='ocrx_word' id='word_1_53' title='bbox 462 898 564 944; x_wconf 90' lang='lat' dir='ltr'><strong>est.</strong></span> <span class='ocrx_word' id='word_1_54' title='bbox 605 888 680 944; x_wconf 84' lang='lat' dir='ltr'><strong>De</strong></span> <span class='ocrx_word' id='word_1_55' title='bbox 709 895 812 944; x_wconf 88' lang='lat' dir='ltr'><strong>hoc</strong></span> <span class='ocrx_word' id='word_1_56' title='bbox 845 889 994 959; x_wconf 91' lang='lat' dir='ltr'><strong>quod</strong></span> <span class='ocrx_word' id='word_1_57' title='bbox 1023 888 1124 944; x_wconf 87' lang='lat' dir='ltr'><strong>sibi</strong></span> <span class='ocrx_word' id='word_1_58' title='bbox 1169 887 1416 954; x_wconf 86' lang='lat' dir='ltr'><strong>debetur,</strong></span> <span class='ocrx_word' id='word_1_59' title='bbox 1443 885 1601 940; x_wconf 87' lang='lat' dir='ltr'><strong>venia</strong></span> <span class='ocrx_word' id='word_1_60' title='bbox 1634 883 1764 938; x_wconf 81' lang='lat' dir='ltr'><strong>facit</strong></span> 
     </span>
    </p>
   </div>
   <div class='ocr_carea' id='block_1_10' title="bbox 181 977 1788 1050">
    <p class='ocr_par' dir='ltr' id='par_1_10' title="bbox 181 977 1788 1050">
     <span class='ocr_line' id='line_1_10' title="bbox 181 977 1788 1050; baseline -0.007 -14"><span class='ocrx_word' id='word_1_61' title='bbox 181 997 429 1037; x_wconf 90' lang='lat' dir='ltr'><strong>securum</strong></span> <span class='ocrx_word' id='word_1_62' title='bbox 453 1000 466 1047; x_wconf 90' lang='lat'><strong>;</strong></span> <span class='ocrx_word' id='word_1_63' title='bbox 494 981 561 1035; x_wconf 89' lang='lat' dir='ltr'><strong>de</strong></span> <span class='ocrx_word' id='word_1_64' title='bbox 589 997 655 1036; x_wconf 89' lang='lat' dir='ltr'><strong>eo</strong></span> <span class='ocrx_word' id='word_1_65' title='bbox 680 981 824 1050; x_wconf 89' lang='lat' dir='ltr'><strong>quod</strong></span> <span class='ocrx_word' id='word_1_66' title='bbox 855 980 966 1036; x_wconf 89' lang='lat' dir='ltr'><strong>Deo</strong></span> <span class='ocrx_word' id='word_1_67' title='bbox 993 981 1222 1035; x_wconf 85' lang='lat' dir='ltr'><strong>debetur</strong></span> <span class='ocrx_word' id='word_1_68' title='bbox 1250 979 1453 1049; x_wconf 90' lang='lat' dir='ltr'><strong>scripto</strong></span> <span class='ocrx_word' id='word_1_69' title='bbox 1488 977 1617 1032; x_wconf 89' lang='lat' dir='ltr'><strong>facit</strong></span> <span class='ocrx_word' id='word_1_70' title='bbox 1647 977 1788 1032; x_wconf 88' lang='lat' dir='ltr'><strong>sol-,</strong></span> 
     </span>
    </p>
   </div>
   <div class='ocr_carea' id='block_1_11' title="bbox 176 1071 905 1143">
    <p class='ocr_par' dir='ltr' id='par_1_11' title="bbox 176 1071 905 1143">
     <span class='ocr_line' id='line_1_11' title="bbox 176 1071 905 1143; baseline -0.004 -14"><span class='ocrx_word' id='word_1_71' title='bbox 176 1073 406 1130; x_wconf 88' lang='lat' dir='ltr'><strong>licitum.</strong></span> <span class='ocrx_word' id='word_1_72' title='bbox 438 1071 594 1128; x_wconf 87' lang='lat' dir='ltr'><strong>Unde</strong></span> <span class='ocrx_word' id='word_1_73' title='bbox 616 1073 866 1143; x_wconf 88' lang='lat' dir='ltr'><strong>sequitur</strong></span> <span class='ocrx_word' id='word_1_74' title='bbox 890 1090 905 1126; x_wconf 87' lang='lat'><strong>:</strong></span> 
     </span>
    </p>
   </div>
   <div class='ocr_carea' id='block_1_12' title="bbox 254 1162 1760 1234">
    <p class='ocr_par' dir='ltr' id='par_1_12' title="bbox 254 1162 1760 1234">
     <span class='ocr_line' id='line_1_12' title="bbox 254 1162 1760 1234; baseline -0.001 -16"><span class='ocrx_word' id='word_1_75' title='bbox 254 1163 499 1234; x_wconf 75' lang='lat' dir='ltr'><strong>Dixitque</strong></span> <span class='ocrx_word' id='word_1_76' title='bbox 525 1163 610 1216; x_wconf 79' lang='lat' dir='ltr'><strong>illi</strong></span> <span class='ocrx_word' id='word_1_77' title='bbox 641 1179 659 1216; x_wconf 90' lang='lat'><em>:</em></span> <span class='ocrx_word' id='word_1_78' title='bbox 682 1163 872 1232; x_wconf 82' lang='lat' dir='ltr'><strong>Accipe</strong></span> <span class='ocrx_word' id='word_1_79' title='bbox 895 1162 1192 1216; x_wconf 82' lang='lat' dir='ltr'><strong>cautionem</strong></span> <span class='ocrx_word' id='word_1_80' title='bbox 1209 1170 1357 1215; x_wconf 88' lang='lat' dir='ltr'><strong>tuam</strong></span> <span class='ocrx_word' id='word_1_81' title='bbox 1374 1171 1421 1214; x_wconf 90' lang='lat' dir='ltr'><strong>et</strong></span> <span class='ocrx_word' id='word_1_82' title='bbox 1443 1162 1564 1216; x_wconf 81' lang='lat' dir='ltr'><strong>sede</strong></span> <span class='ocrx_word' id='word_1_83' title='bbox 1586 1163 1693 1215; x_wconf 89' lang='lat' dir='ltr'><strong>cito</strong></span> <span class='ocrx_word' id='word_1_84' title='bbox 1712 1171 1760 1216; x_wconf 85' lang='lat' dir='ltr'><strong>et</strong></span> 
     </span>
    </p>
   </div>
   <div class='ocr_carea' id='block_1_13' title="bbox 176 1253 1758 1327">
    <p class='ocr_par' dir='ltr' id='par_1_13' title="bbox 176 1253 1758 1327">
     <span class='ocr_line' id='line_1_13' title="bbox 176 1253 1758 1327; baseline -0.002 -17"><span class='ocrx_word' id='word_1_85' title='bbox 176 1255 345 1310; x_wconf 81' lang='lat' dir='ltr'><strong>scribe</strong></span> <span class='ocrx_word' id='word_1_86' title='bbox 364 1254 782 1327; x_wconf 87' lang='lat' dir='ltr'><strong>quinquaginta;</strong></span> <span class='ocrx_word' id='word_1_87' title='bbox 808 1270 872 1308; x_wconf 92' lang='lat' dir='ltr'><strong>ac</strong></span> <span class='ocrx_word' id='word_1_88' title='bbox 895 1254 938 1310; x_wconf 90' lang='lat' dir='ltr'><strong>si</strong></span> <span class='ocrx_word' id='word_1_89' title='bbox 967 1255 1171 1310; x_wconf 85' lang='lat' dir='ltr'><strong>diceret</strong></span> <span class='ocrx_word' id='word_1_90' title='bbox 1195 1272 1207 1307; x_wconf 92' lang='lat'>:</span> <span class='ocrx_word' id='word_1_91' title='bbox 1236 1253 1393 1320; x_wconf 87' lang='lat' dir='ltr'><strong>Quod</strong></span> <span class='ocrx_word' id='word_1_92' title='bbox 1413 1253 1580 1308; x_wconf 88' lang='lat' dir='ltr'><strong>debes</strong></span> <span class='ocrx_word' id='word_1_93' title='bbox 1604 1253 1758 1321; x_wconf 88' lang='lat' dir='ltr'><strong>mihi,</strong></span> 
     </span>
    </p>
   </div>
   <div class='ocr_carea' id='block_1_14' title="bbox 177 1345 1763 1417">
    <p class='ocr_par' dir='ltr' id='par_1_14' title="bbox 177 1345 1763 1417">
     <span class='ocr_line' id='line_1_14' title="bbox 177 1345 1763 1417; baseline -0.001 -14"><span class='ocrx_word' id='word_1_94' title='bbox 177 1349 391 1404; x_wconf 78' lang='lat' dir='ltr'><strong>dimitto</strong></span> <span class='ocrx_word' id='word_1_95' title='bbox 421 1348 553 1414; x_wconf 90' lang='lat' dir='ltr'><strong>tibi;</strong></span> <span class='ocrx_word' id='word_1_96' title='bbox 579 1348 725 1417; x_wconf 87' lang='lat' dir='ltr'><strong>quod</strong></span> <span class='ocrx_word' id='word_1_97' title='bbox 756 1347 924 1402; x_wconf 88' lang='lat' dir='ltr'><strong>debes</strong></span> <span class='ocrx_word' id='word_1_98' title='bbox 966 1345 1078 1402; x_wconf 89' lang='lat' dir='ltr'><strong>Deo</strong></span> <span class='ocrx_word' id='word_1_99' title='bbox 1119 1347 1385 1401; x_wconf 80' lang='lat' dir='ltr'><strong>cautelam</strong></span> <span class='ocrx_word' id='word_1_100' title='bbox 1431 1361 1672 1414; x_wconf 83' lang='lat' dir='ltr'><strong>assume,</strong></span> <span class='ocrx_word' id='word_1_101' title='bbox 1708 1355 1763 1401; x_wconf 91' lang='lat' dir='ltr'><strong>et</strong></span> 
     </span>
    </p>
   </div>
   <div class='ocr_carea' id='block_1_15' title="bbox 176 1437 1758 1510">
    <p class='ocr_par' dir='ltr' id='par_1_15' title="bbox 176 1437 1758 1510">
     <span class='ocr_line' id='line_1_15' title="bbox 176 1437 1758 1510; baseline -0.002 -15"><span class='ocrx_word' id='word_1_102' title='bbox 176 1441 273 1510; x_wconf 91' lang='lat' dir='ltr'><strong>qui</strong></span> <span class='ocrx_word' id='word_1_103' title='bbox 301 1440 568 1510; x_wconf 89' lang='lat' dir='ltr'><strong>superbus</strong></span> <span class='ocrx_word' id='word_1_104' title='bbox 598 1439 805 1504; x_wconf 85' lang='lat' dir='ltr'><strong>stabas,</strong></span> <span class='ocrx_word' id='word_1_105' title='bbox 832 1438 958 1494; x_wconf 86' lang='lat' dir='ltr'><strong>sede</strong></span> <span class='ocrx_word' id='word_1_106' title='bbox 980 1438 1092 1493; x_wconf 92' lang='lat' dir='ltr'><strong>cito</strong></span> <span class='ocrx_word' id='word_1_107' title='bbox 1117 1447 1172 1494; x_wconf 88' lang='lat' dir='ltr'><strong>et</strong></span> <span class='ocrx_word' id='word_1_108' title='bbox 1191 1439 1502 1505; x_wconf 89' lang='lat' dir='ltr'><strong>humiliarc,</strong></span> <span class='ocrx_word' id='word_1_109' title='bbox 1533 1447 1588 1492; x_wconf 88' lang='lat' dir='ltr'><strong>ct</strong></span> <span class='ocrx_word' id='word_1_110' title='bbox 1613 1437 1758 1509; x_wconf 92' lang='lat' dir='ltr'><strong>quod</strong></span> 
     </span>
    </p>
   </div>
   <div class='ocr_carea' id='block_1_16' title="bbox 176 1528 1757 1600">
    <p class='ocr_par' dir='ltr' id='par_1_16' title="bbox 176 1528 1757 1600">
     <span class='ocr_line' id='line_1_16' title="bbox 176 1528 1757 1600; baseline 0 -16"><span class='ocrx_word' id='word_1_111' title='bbox 176 1530 604 1600; x_wconf 88' lang='lat' dir='ltr'><strong>parvipendebas</strong></span> <span class='ocrx_word' id='word_1_112' title='bbox 646 1529 732 1584; x_wconf 88' lang='lat' dir='ltr'><strong>vel</strong></span> <span class='ocrx_word' id='word_1_113' title='bbox 770 1528 1064 1596; x_wconf 88' lang='lat' dir='ltr'><strong>oblivione,</strong></span> <span class='ocrx_word' id='word_1_114' title='bbox 1121 1545 1222 1600; x_wconf 90' lang='lat' dir='ltr'><strong>pro</strong></span> <span class='ocrx_word' id='word_1_115' title='bbox 1275 1529 1448 1584; x_wconf 89' lang='lat' dir='ltr'><strong>nihilo</strong></span> <span class='ocrx_word' id='word_1_116' title='bbox 1495 1528 1757 1596; x_wconf 89' lang='lat' dir='ltr'><strong>ducebas,</strong></span> 
     </span>
    </p>
   </div>
   <div class='ocr_carea' id='block_1_17' title="bbox 176 1620 1762 1690">
    <p class='ocr_par' dir='ltr' id='par_1_17' title="bbox 176 1620 1762 1690">
     <span class='ocr_line' id='line_1_17' title="bbox 176 1620 1762 1690; baseline -0.001 -11"><span class='ocrx_word' id='word_1_117' title='bbox 176 1622 353 1679; x_wconf 88' lang='lat' dir='ltr'><strong>scribe</strong></span> <span class='ocrx_word' id='word_1_118' title='bbox 385 1623 438 1676; x_wconf 89' lang='lat' dir='ltr'><strong>in</strong></span> <span class='ocrx_word' id='word_1_119' title='bbox 462 1621 666 1676; x_wconf 77' lang='lat' dir='ltr'><strong>tabulis</strong></span> <span class='ocrx_word' id='word_1_120' title='bbox 691 1622 871 1677; x_wconf 88' lang='lat' dir='ltr'><strong>cordis</strong></span> <span class='ocrx_word' id='word_1_121' title='bbox 889 1630 944 1676; x_wconf 88' lang='lat' dir='ltr'><strong>et</strong></span> <span class='ocrx_word' id='word_1_122' title='bbox 964 1622 1230 1677; x_wconf 83' lang='lat' dir='ltr'><strong>memoria</strong></span> <span class='ocrx_word' id='word_1_123' title='bbox 1261 1630 1402 1688; x_wconf 90' lang='lat' dir='ltr'><strong>tene,</strong></span> <span class='ocrx_word' id='word_1_124' title='bbox 1429 1630 1488 1676; x_wconf 94' lang='lat' dir='ltr'><strong>ut</strong></span> <span class='ocrx_word' id='word_1_125' title='bbox 1509 1620 1762 1690; x_wconf 83' lang='lat' dir='ltr'><strong>frequen-</strong></span> 
     </span>
    </p>
   </div>
   <div class='ocr_carea' id='block_1_18' title="bbox 171 1713 1758 1784">
    <p class='ocr_par' dir='ltr' id='par_1_18' title="bbox 171 1713 1758 1784">
     <span class='ocr_line' id='line_1_18' title="bbox 171 1713 1758 1784; baseline 0.002 -18"><span class='ocrx_word' id='word_1_126' title='bbox 171 1721 260 1768; x_wconf 89' lang='lat' dir='ltr'><strong>.ter</strong></span> <span class='ocrx_word' id='word_1_127' title='bbox 282 1715 548 1784; x_wconf 64' lang='lat' dir='ltr'><strong>plenitcas</strong></span> <span class='ocrx_word' id='word_1_128' title='bbox 586 1721 640 1768; x_wconf 90' lang='lat' dir='ltr'><strong>et</strong></span> <span class='ocrx_word' id='word_1_129' title='bbox 672 1714 880 1784; x_wconf 79' lang='lat' dir='ltr'><strong>expies,</strong></span> <span class='ocrx_word' id='word_1_130' title='bbox 927 1713 1104 1769; x_wconf 88' lang='lat' dir='ltr'><strong>donec</strong></span> <span class='ocrx_word' id='word_1_131' title='bbox 1136 1722 1192 1769; x_wconf 92' lang='lat' dir='ltr'><strong>et</strong></span> <span class='ocrx_word' id='word_1_132' title='bbox 1235 1716 1415 1784; x_wconf 89' lang='lat' dir='ltr'><strong>ipsum</strong></span> <span class='ocrx_word' id='word_1_133' title='bbox 1448 1713 1758 1769; x_wconf 87' lang='lat' dir='ltr'><strong>dimittatur</strong></span> 
     </span>
    </p>
   </div>
   <div class='ocr_carea' id='block_1_19' title="bbox 175 1789 1754 1871">
    <p class='ocr_par' dir='ltr' id='par_1_19' title="bbox 175 1789 1754 1871">
     <span class='ocr_line' id='line_1_19' title="bbox 175 1789 1754 1871; baseline 0.001 -13"><span class='ocrx_word' id='word_1_134' title='bbox 175 1804 296 1858; x_wconf 88' lang='lat' dir='ltr'><strong>tibi.</strong></span> <span class='ocrx_word' id='word_1_135' title='bbox 333 1802 465 1860; x_wconf 87' lang='lat' dir='ltr'><strong>Sede</strong></span> <span class='ocrx_word' id='word_1_136' title='bbox 507 1805 636 1871; x_wconf 88' lang='lat' dir='ltr'><strong>cito,</strong></span> <span class='ocrx_word' id='word_1_137' title='bbox 696 1804 752 1858; x_wconf 91' lang='lat' dir='ltr'><strong>id</strong></span> <span class='ocrx_word' id='word_1_138' title='bbox 786 1814 871 1860; x_wconf 91' lang='lat' dir='ltr'><strong>est</strong></span> <span class='ocrx_word' id='word_1_139' title='bbox 898 1821 967 1860; x_wconf 88' lang='lat' dir='ltr'><strong>ne</strong></span> <span class='ocrx_word' id='word_1_140' title='bbox 1018 1789 1240 1860; x_wconf 74' lang='lat' dir='ltr'><strong>differas</strong></span> <span class='ocrx_word' id='word_1_141' title='bbox 1269 1806 1336 1861; x_wconf 89' lang='lat' dir='ltr'><strong>de</strong></span> <span class='ocrx_word' id='word_1_142' title='bbox 1358 1805 1446 1860; x_wconf 89' lang='lat' dir='ltr'><strong>die</strong></span> <span class='ocrx_word' id='word_1_143' title='bbox 1491 1806 1548 1860; x_wconf 92' lang='lat' dir='ltr'><strong>in</strong></span> <span class='ocrx_word' id='word_1_144' title='bbox 1588 1805 1754 1861; x_wconf 90' lang='lat' dir='ltr'><strong>diem.</strong></span> 
     </span>
    </p>
   </div>
   <div class='ocr_carea' id='block_1_20' title="bbox 183 1892 1765 1968">
    <p class='ocr_par' dir='ltr' id='par_1_20' title="bbox 183 1892 1765 1968">
     <span class='ocr_line' id='line_1_20' title="bbox 183 1892 1765 1968; baseline 0.004 -20"><span class='ocrx_word' id='word_1_145' title='bbox 183 1892 364 1948; x_wconf 84' lang='lat' dir='ltr'><strong>Scribe</strong></span> <span class='ocrx_word' id='word_1_146' title='bbox 411 1895 817 1966; x_wconf 82' lang='lat' dir='ltr'><strong>quinquaginta.</strong></span> <span class='ocrx_word' id='word_1_147' title='bbox 874 1894 1150 1952; x_wconf 86' lang='lat' dir='ltr'><strong>Numerus</strong></span> <span class='ocrx_word' id='word_1_148' title='bbox 1192 1897 1294 1952; x_wconf 89' lang='lat' dir='ltr'><strong>iste</strong></span> <span class='ocrx_word' id='word_1_149' title='bbox 1335 1896 1670 1968; x_wconf 69' lang='lat' dir='ltr'><strong>paenitentia:</strong></span> <span class='ocrx_word' id='word_1_150' title='bbox 1709 1907 1765 1954; x_wconf 91' lang='lat' dir='ltr'><strong>et</strong></span> 
     </span>
    </p>
   </div>
   <div class='ocr_carea' id='block_1_21' title="bbox 172 1985 1761 2060">
    <p class='ocr_par' dir='ltr' id='par_1_21' title="bbox 172 1985 1761 2060">
     <span class='ocr_line' id='line_1_21' title="bbox 172 1985 1761 2060; baseline 0.004 -21"><span class='ocrx_word' id='word_1_151' title='bbox 172 1985 516 2042; x_wconf 71' lang='lat' dir='ltr'><strong>remissionis</strong></span> <span class='ocrx_word' id='word_1_152' title='bbox 559 1995 682 2052; x_wconf 91' lang='lat' dir='ltr'><strong>cst,</strong></span> <span class='ocrx_word' id='word_1_153' title='bbox 719 1995 779 2040; x_wconf 91' lang='lat' dir='ltr'><strong>ut</strong></span> <span class='ocrx_word' id='word_1_154' title='bbox 827 1995 883 2042; x_wconf 90' lang='lat' dir='ltr'><strong>et</strong></span> <span class='ocrx_word' id='word_1_155' title='bbox 919 2003 1097 2043; x_wconf 89' lang='lat' dir='ltr'><strong>annus</strong></span> <span class='ocrx_word' id='word_1_156' title='bbox 1138 1988 1626 2060; x_wconf 86' lang='lat' dir='ltr'><strong>quinquagesimus</strong></span> <span class='ocrx_word' id='word_1_157' title='bbox 1671 2004 1761 2045; x_wconf 89' lang='lat' dir='ltr'><strong>re-</strong></span> 
     </span>
    </p>
   </div>
   <div class='ocr_carea' id='block_1_22' title="bbox 174 2077 1759 2150">
    <p class='ocr_par' dir='ltr' id='par_1_22' title="bbox 174 2077 1759 2150">
     <span class='ocr_line' id='line_1_22' title="bbox 174 2077 1759 2150; baseline 0.004 -18"><span class='ocrx_word' id='word_1_158' title='bbox 174 2077 475 2144; x_wconf 88' lang='lat' dir='ltr'><strong>missionis,</strong></span> <span class='ocrx_word' id='word_1_159' title='bbox 502 2089 556 2133; x_wconf 90' lang='lat' dir='ltr'><strong>et</strong></span> <span class='ocrx_word' id='word_1_160' title='bbox 579 2078 825 2149; x_wconf 86' lang='lat' dir='ltr'><strong>psalmus</strong></span> <span class='ocrx_word' id='word_1_161' title='bbox 844 2078 1759 2150; x_wconf 73' lang='lat' dir='ltr'><strong>quinquagesimuspmnitcnt&#39;alis.</strong></span> 
     </span>
    </p>
   </div>
   <div class='ocr_carea' id='block_1_23' title="bbox 172 2169 1760 2243">
    <p class='ocr_par' dir='ltr' id='par_1_23' title="bbox 172 2169 1760 2243">
     <span class='ocr_line' id='line_1_23' title="bbox 172 2169 1760 2243; baseline 0.004 -21"><span class='ocrx_word' id='word_1_162' title='bbox 172 2169 581 2240; x_wconf 79' lang='lat' dir='ltr'><strong>Quinquaginta</strong></span> <span class='ocrx_word' id='word_1_163' title='bbox 607 2171 926 2226; x_wconf 89' lang='lat' dir='ltr'><strong>scribuntur</strong></span> <span class='ocrx_word' id='word_1_164' title='bbox 946 2179 1000 2225; x_wconf 93' lang='lat' dir='ltr'><strong>et</strong></span> <span class='ocrx_word' id='word_1_165' title='bbox 1028 2172 1426 2243; x_wconf 81' lang='lat' dir='ltr'><strong>quinquaginta</strong></span> <span class='ocrx_word' id='word_1_166' title='bbox 1472 2173 1760 2229; x_wconf 89' lang='lat' dir='ltr'><strong>dimittun-</strong></span> 
     </span>
    </p>
   </div>
   <div class='ocr_carea' id='block_1_24' title="bbox 173 2261 1760 2335">
    <p class='ocr_par' dir='ltr' id='par_1_24' title="bbox 173 2261 1760 2335">
     <span class='ocr_line' id='line_1_24' title="bbox 173 2261 1760 2335; baseline 0.004 -19"><span class='ocrx_word' id='word_1_167' title='bbox 173 2271 285 2316; x_wconf 85' lang='lat' dir='ltr'><strong>t-ur.</strong></span> <span class='ocrx_word' id='word_1_168' title='bbox 317 2261 525 2316; x_wconf 89' lang='lat' dir='ltr'><strong>Similis</strong></span> <span class='ocrx_word' id='word_1_169' title='bbox 547 2277 811 2317; x_wconf 89' lang='lat' dir='ltr'><strong>numerus</strong></span> <span class='ocrx_word' id='word_1_170' title='bbox 839 2263 1073 2318; x_wconf 87' lang='lat' dir='ltr'><strong>similem</strong></span> <span class='ocrx_word' id='word_1_171' title='bbox 1100 2263 1375 2335; x_wconf 77' lang='lat' dir='ltr'><strong>significat</strong></span> <span class='ocrx_word' id='word_1_172' title='bbox 1401 2264 1760 2322; x_wconf 77' lang='lat' dir='ltr'><strong>offensionem</strong></span> 
     </span>
    </p>
   </div>
   <div class='ocr_carea' id='block_1_25' title="bbox 173 2351 1761 2412">
    <p class='ocr_par' dir='ltr' id='par_1_25' title="bbox 173 2351 1761 2412">
     <span class='ocr_line' id='line_1_25' title="bbox 173 2351 1761 2412; baseline 0.004 -6"><span class='ocrx_word' id='word_1_173' title='bbox 173 2354 228 2407; x_wconf 90' lang='lat' dir='ltr'><strong>in</strong></span> <span class='ocrx_word' id='word_1_174' title='bbox 255 2351 422 2408; x_wconf 90' lang='lat' dir='ltr'><strong>Deum</strong></span> <span class='ocrx_word' id='word_1_175' title='bbox 450 2364 504 2408; x_wconf 91' lang='lat' dir='ltr'><strong>et</strong></span> <span class='ocrx_word' id='word_1_176' title='bbox 525 2353 825 2410; x_wconf 88' lang='lat' dir='ltr'><strong>hominem.</strong></span> <span class='ocrx_word' id='word_1_177' title='bbox 854 2353 1008 2410; x_wconf 90' lang='lat' dir='ltr'><strong>Unde</strong></span> <span class='ocrx_word' id='word_1_178' title='bbox 1034 2355 1298 2411; x_wconf 86' lang='lat' dir='ltr'><strong>Dominus</strong></span> <span class='ocrx_word' id='word_1_179' title='bbox 1326 2356 1460 2412; x_wconf 88' lang='lat' dir='ltr'><strong>dicit</strong></span> <span class='ocrx_word' id='word_1_180' title='bbox 1501 2357 1554 2412; x_wconf 93' lang='lat' dir='ltr'><strong>in</strong></span> <span class='ocrx_word' id='word_1_181' title='bbox 1581 2357 1761 2412; x_wconf 83' lang='lat' dir='ltr'><strong>Evan-</strong></span> 
     </span>
    </p>
   </div>
   <div class='ocr_carea' id='block_1_26' title="bbox 73 2445 1762 2517">
    <p class='ocr_par' dir='ltr' id='par_1_26' title="bbox 73 2445 1762 2517">
     <span class='ocr_line' id='line_1_26' title="bbox 73 2445 1762 2517; baseline 0.004 -18"><span class='ocrx_word' id='word_1_182' title='bbox 73 2447 78 2450; x_wconf 84' lang='grc'><strong>’</strong></span> <span class='ocrx_word' id='word_1_183' title='bbox 170 2446 314 2517; x_wconf 86' lang='lat' dir='ltr'><strong>gelio</strong></span> <span class='ocrx_word' id='word_1_184' title='bbox 345 2464 358 2500; x_wconf 89' lang='lat'><strong>:</strong></span> <span class='ocrx_word' id='word_1_185' title='bbox 389 2445 590 2517; x_wconf 84' lang='lat' dir='ltr'><strong>Diliges</strong></span> <span class='ocrx_word' id='word_1_186' title='bbox 625 2445 911 2501; x_wconf 89' lang='lat' dir='ltr'><strong>Dominum</strong></span> <span class='ocrx_word' id='word_1_187' title='bbox 953 2447 1119 2502; x_wconf 90' lang='lat' dir='ltr'><strong>Deum</strong></span> <span class='ocrx_word' id='word_1_188' title='bbox 1159 2459 1308 2504; x_wconf 90' lang='lat' dir='ltr'><strong>tuum</strong></span> <span class='ocrx_word' id='word_1_189' title='bbox 1346 2467 1412 2505; x_wconf 78' lang='lat' dir='ltr'><strong>ea:</strong></span> <span class='ocrx_word' id='word_1_190' title='bbox 1457 2460 1566 2505; x_wconf 92' lang='lat' dir='ltr'><strong>toto</strong></span> <span class='ocrx_word' id='word_1_191' title='bbox 1606 2451 1762 2506; x_wconf 88' lang='lat' dir='ltr'><strong>corde</strong></span> 
     </span>
    </p>
   </div>
   <div class='ocr_carea' id='block_1_27' title="bbox 171 2539 1794 2630">
    <p class='ocr_par' dir='ltr' id='par_1_27' title="bbox 171 2539 1794 2630">
     <span class='ocr_line' id='line_1_27' title="bbox 171 2539 1794 2630; baseline 0.002 -34"><span class='ocrx_word' id='word_1_192' title='bbox 171 2551 287 2610; x_wconf 79' lang='lat' dir='ltr'><strong>tuo,</strong></span> <span class='ocrx_word' id='word_1_193' title='bbox 311 2550 360 2597; x_wconf 88' lang='lat' dir='ltr'><strong>et</strong></span> <span class='ocrx_word' id='word_1_194' title='bbox 381 2558 446 2597; x_wconf 79' lang='lat' dir='ltr'><strong>ex</strong></span> <span class='ocrx_word' id='word_1_195' title='bbox 473 2551 585 2596; x_wconf 88' lang='lat' dir='ltr'><strong>tota</strong></span> <span class='ocrx_word' id='word_1_196' title='bbox 619 2543 799 2596; x_wconf 88' lang='lat' dir='ltr'><strong>anima</strong></span> <span class='ocrx_word' id='word_1_197' title='bbox 829 2551 922 2596; x_wconf 86' lang='lat' dir='ltr'><strong>tua</strong></span> <span class='ocrx_word' id='word_1_198' title='bbox 937 2553 1000 2630; x_wconf 32' lang='lat' dir='ltr'><strong>tet</strong></span> <span class='ocrx_word' id='word_1_199' title='bbox 1023 2559 1089 2598; x_wconf 78' lang='lat' dir='ltr'><strong>ea:</strong></span> <span class='ocrx_word' id='word_1_200' title='bbox 1125 2547 1236 2598; x_wconf 79' lang='lat' dir='ltr'><strong>tota</strong></span> <span class='ocrx_word' id='word_1_201' title='bbox 1277 2552 1446 2598; x_wconf 82' lang='lat' dir='ltr'><strong>mente</strong></span> <span class='ocrx_word' id='word_1_202' title='bbox 1484 2553 1596 2597; x_wconf 87' lang='lat' dir='ltr'><strong>tua.</strong></span> <span class='ocrx_word' id='word_1_203' title='bbox 1646 2543 1759 2600; x_wconf 85' lang='lat' dir='ltr'><strong>Hoc</strong></span> <span class='ocrx_word' id='word_1_204' title='bbox 1789 2539 1794 2548; x_wconf 75' lang='grc'><em>’</em></span> 
     </span>
    </p>
   </div>
   <div class='ocr_carea' id='block_1_28' title="bbox 167 2630 1761 2703">
    <p class='ocr_par' dir='ltr' id='par_1_28' title="bbox 167 2630 1761 2703">
     <span class='ocr_line' id='line_1_28' title="bbox 167 2630 1761 2703; baseline 0.002 -17"><span class='ocrx_word' id='word_1_205' title='bbox 167 2640 250 2686; x_wconf 88' lang='lat' dir='ltr'><strong>est</strong></span> <span class='ocrx_word' id='word_1_206' title='bbox 285 2631 517 2701; x_wconf 87' lang='lat' dir='ltr'><strong>primum</strong></span> <span class='ocrx_word' id='word_1_207' title='bbox 539 2641 589 2685; x_wconf 90' lang='lat' dir='ltr'><strong>et</strong></span> <span class='ocrx_word' id='word_1_208' title='bbox 612 2647 864 2703; x_wconf 85' lang='lat' dir='ltr'><strong>magnum</strong></span> <span class='ocrx_word' id='word_1_209' title='bbox 893 2633 1228 2688; x_wconf 88' lang='lat' dir='ltr'><strong>mandatum.</strong></span> <span class='ocrx_word' id='word_1_210' title='bbox 1258 2630 1557 2688; x_wconf 88' lang='lat' dir='ltr'><strong>Secundum</strong></span> <span class='ocrx_word' id='word_1_211' title='bbox 1585 2635 1761 2690; x_wconf 79' lang='lat' dir='ltr'><strong>simile</strong></span> 
     </span>
    </p>
   </div>
   <div class='ocr_carea' id='block_1_29' title="bbox 166 2714 1759 2796">
    <p class='ocr_par' dir='ltr' id='par_1_29' title="bbox 166 2714 1759 2796">
     <span class='ocr_line' id='line_1_29' title="bbox 166 2714 1759 2796; baseline 0.002 -19"><span class='ocrx_word' id='word_1_212' title='bbox 166 2732 250 2777; x_wconf 86' lang='lat' dir='ltr'><strong>est</strong></span> <span class='ocrx_word' id='word_1_213' title='bbox 304 2723 427 2776; x_wconf 84' lang='lat' dir='ltr'><strong>huic</strong></span> <span class='ocrx_word' id='word_1_214' title='bbox 481 2738 499 2776; x_wconf 93' lang='lat'><em>:</em></span> <span class='ocrx_word' id='word_1_215' title='bbox 555 2721 759 2794; x_wconf 80' lang='lat' dir='ltr'><strong>Diliges</strong></span> <span class='ocrx_word' id='word_1_216' title='bbox 803 2725 1106 2794; x_wconf 77' lang='lat' dir='ltr'><strong>proximum</strong></span> <span class='ocrx_word' id='word_1_217' title='bbox 1156 2720 1305 2779; x_wconf 82' lang='lat' dir='ltr'><strong>tuum</strong></span> <span class='ocrx_word' id='word_1_218' title='bbox 1344 2714 1481 2778; x_wconf 80' lang='lat' dir='ltr'><strong>sicut</strong></span> <span class='ocrx_word' id='word_1_219' title='bbox 1536 2728 1759 2796; x_wconf 83' lang='lat' dir='ltr'><strong>teipsum</strong></span> 
     </span>
    </p>
   </div>
   <div class='ocr_carea' id='block_1_30' title="bbox 168 2814 1754 2888">
    <p class='ocr_par' dir='ltr' id='par_1_30' title="bbox 168 2814 1754 2888">
     <span class='ocr_line' id='line_1_30' title="bbox 168 2814 1754 2888; baseline 0.003 -19"><span class='ocrx_word' id='word_1_220' title='bbox 168 2815 396 2886; x_wconf 79' lang='lat' dir='ltr'><strong>(Matth.</strong></span> <span class='ocrx_word' id='word_1_221' title='bbox 432 2831 569 2884; x_wconf 80' lang='lat' dir='ltr'><strong>xm,</strong></span> <span class='ocrx_word' id='word_1_222' title='bbox 593 2814 974 2887; x_wconf 76' lang='lat' dir='ltr'><strong>57-39)..Nam</strong></span> <span class='ocrx_word' id='word_1_223' title='bbox 1002 2833 1238 2888; x_wconf 90' lang='lat' dir='ltr'><strong>quorum</strong></span> <span class='ocrx_word' id='word_1_224' title='bbox 1266 2817 1460 2874; x_wconf 88' lang='lat' dir='ltr'><strong>similis</strong></span> <span class='ocrx_word' id='word_1_225' title='bbox 1496 2825 1581 2873; x_wconf 93' lang='lat' dir='ltr'><strong>cst</strong></span> <span class='ocrx_word' id='word_1_226' title='bbox 1625 2819 1754 2875; x_wconf 78' lang='lat' dir='ltr'><strong>dile-</strong></span> 
     </span>
    </p>
   </div>
   <div class='ocr_carea' id='block_1_31' title="bbox 167 2896 1664 2979">
    <p class='ocr_par' dir='ltr' id='par_1_31' title="bbox 167 2896 1664 2979">
     <span class='ocr_line' id='line_1_31' title="bbox 167 2896 1664 2979; baseline 0.002 -17"><span class='ocrx_word' id='word_1_227' title='bbox 167 2907 308 2973; x_wconf 91' lang='lat' dir='ltr'><strong>ctio,</strong></span> <span class='ocrx_word' id='word_1_228' title='bbox 332 2907 528 2963; x_wconf 89' lang='lat' dir='ltr'><strong>similis</strong></span> <span class='ocrx_word' id='word_1_229' title='bbox 554 2916 642 2963; x_wconf 92' lang='lat' dir='ltr'><strong>est</strong></span> <span class='ocrx_word' id='word_1_230' title='bbox 669 2896 1217 2979; x_wconf 44' lang='lat' dir='ltr'><strong>offensiofSequ-itur</strong></span> <span class='ocrx_word' id='word_1_231' title='bbox 1245 2929 1256 2964; x_wconf 95' lang='lat'>:</span> <span class='ocrx_word' id='word_1_232' title='bbox 1659 2931 1664 2935; x_wconf 63' lang='grc'><em>’</em></span> 
     </span>
    </p>
   </div>
   <div class='ocr_carea' id='block_1_32' title="bbox 243 2996 1758 3082">
    <p class='ocr_par' dir='ltr' id='par_1_32' title="bbox 243 2996 1758 3082">
     <span class='ocr_line' id='line_1_32' title="bbox 243 2996 1758 3082; baseline 0.001 -24"><span class='ocrx_word' id='word_1_233' title='bbox 243 3003 446 3059; x_wconf 84' lang='lat' dir='ltr'><strong>Deinde</strong></span> <span class='ocrx_word' id='word_1_234' title='bbox 468 3004 567 3058; x_wconf 85' lang='lat' dir='ltr'><strong>alii</strong></span> <span class='ocrx_word' id='word_1_235' title='bbox 595 3005 733 3059; x_wconf 78' lang='lat' dir='ltr'><strong>dixit</strong></span> <span class='ocrx_word' id='word_1_236' title='bbox 750 3020 767 3058; x_wconf 90' lang='lat'><strong><em>:</em></strong></span> <span class='ocrx_word' id='word_1_237' title='bbox 781 3014 838 3058; x_wconf 88' lang='lat' dir='ltr'><strong>tu</strong></span> <span class='ocrx_word' id='word_1_238' title='bbox 869 2996 989 3082; x_wconf 76' lang='lat' dir='ltr'><strong>vero</strong></span> <span class='ocrx_word' id='word_1_239' title='bbox 1015 3013 1273 3076; x_wconf 89' lang='lat' dir='ltr'><strong>quantum</strong></span> <span class='ocrx_word' id='word_1_240' title='bbox 1301 3005 1452 3060; x_wconf 80' lang='lat' dir='ltr'><strong>debes</strong></span> <span class='ocrx_word' id='word_1_241' title='bbox 1478 3007 1612 3077; x_wconf 85' lang='lat' dir='ltr'><strong>?qui</strong></span> <span class='ocrx_word' id='word_1_242' title='bbox 1637 3008 1713 3060; x_wconf 86' lang='lat' dir='ltr'><strong>ait</strong></span> <span class='ocrx_word' id='word_1_243' title='bbox 1739 3021 1758 3060; x_wconf 90' lang='lat'><strong><em>:</em></strong></span> 
     </span>
    </p>
   </div>
   <div class='ocr_carea' id='block_1_33' title="bbox 163 3088 1830 3180">
    <p class='ocr_par' dir='ltr' id='par_1_33' title="bbox 163 3088 1830 3180">
     <span class='ocr_line' id='line_1_33' title="bbox 163 3088 1830 3180; baseline 0.002 -32"><span class='ocrx_word' id='word_1_244' title='bbox 163 3103 379 3149; x_wconf 84' lang='lat' dir='ltr'><strong>centum</strong></span> <span class='ocrx_word' id='word_1_245' title='bbox 417 3110 565 3148; x_wconf 88' lang='lat' dir='ltr'><strong>coras</strong></span> <span class='ocrx_word' id='word_1_246' title='bbox 601 3095 791 3148; x_wconf 85' lang='lat' dir='ltr'><strong>tritici.</strong></span> <span class='ocrx_word' id='word_1_247' title='bbox 822 3093 1005 3149; x_wconf 90' lang='lat' dir='ltr'><strong>Cadus</strong></span> <span class='ocrx_word' id='word_1_248' title='bbox 1036 3088 1370 3164; x_wconf 89' lang='lat' dir='ltr'><strong>liquidorum</strong></span> <span class='ocrx_word' id='word_1_249' title='bbox 1393 3111 1652 3151; x_wconf 90' lang='lat' dir='ltr'><strong>mensura</strong></span> <span class='ocrx_word' id='word_1_250' title='bbox 1676 3105 1760 3152; x_wconf 92' lang='lat' dir='ltr'><strong>est</strong></span> <span class='ocrx_word' id='word_1_251' title='bbox 1781 3117 1830 3180; x_wconf 74' lang='grc' dir='ltr'>ο</span> 
     </span>
    </p>
   </div>
   <div class='ocr_carea' id='block_1_34' title="bbox 162 3186 1792 3260">
    <p class='ocr_par' dir='ltr' id='par_1_34' title="bbox 162 3186 1792 3260">
     <span class='ocr_line' id='line_1_34' title="bbox 162 3186 1792 3260; baseline -0.001 -18"><span class='ocrx_word' id='word_1_252' title='bbox 162 3197 226 3243; x_wconf 89' lang='lat' dir='ltr'><strong>et</strong></span> <span class='ocrx_word' id='word_1_253' title='bbox 267 3202 428 3242; x_wconf 91' lang='lat' dir='ltr'><strong>corus</strong></span> <span class='ocrx_word' id='word_1_254' title='bbox 454 3187 746 3243; x_wconf 90' lang='lat' dir='ltr'><strong>seminum.</strong></span> <span class='ocrx_word' id='word_1_255' title='bbox 794 3186 961 3242; x_wconf 82' lang='lat' dir='ltr'><strong>Valde</strong></span> <span class='ocrx_word' id='word_1_256' title='bbox 1004 3187 1301 3243; x_wconf 88' lang='lat' dir='ltr'><strong>timendum</strong></span> <span class='ocrx_word' id='word_1_257' title='bbox 1339 3200 1424 3244; x_wconf 87' lang='lat' dir='ltr'><strong>est</strong></span> <span class='ocrx_word' id='word_1_258' title='bbox 1463 3191 1634 3246; x_wconf 20' lang='lat' dir='ltr'><strong>nobis.</strong></span> <span class='ocrx_word' id='word_1_259' title='bbox 1661 3191 1759 3260; x_wconf 88' lang='lat' dir='ltr'><strong>qui</strong></span> <span class='ocrx_word' id='word_1_260' title='bbox 1790 3237 1792 3240; x_wconf 77' lang='grc'>,</span> 
     </span>
    </p>
   </div>
   <div class='ocr_carea' id='block_1_35' title="bbox 161 3277 1759 3354">
    <p class='ocr_par' dir='ltr' id='par_1_35' title="bbox 161 3277 1759 3354">
     <span class='ocr_line' id='line_1_35' title="bbox 161 3277 1759 3354; baseline 0.004 -22"><span class='ocrx_word' id='word_1_261' title='bbox 161 3277 562 3350; x_wconf 83' lang='lat' dir='ltr'><strong>plenitudinem</strong></span> <span class='ocrx_word' id='word_1_262' title='bbox 587 3278 954 3350; x_wconf 87' lang='lat' dir='ltr'><strong>corporalium</strong></span> <span class='ocrx_word' id='word_1_263' title='bbox 985 3280 1254 3336; x_wconf 88' lang='lat' dir='ltr'><strong>bonorum</strong></span> <span class='ocrx_word' id='word_1_264' title='bbox 1267 3281 1550 3350; x_wconf 91' lang='lat' dir='ltr'><strong>debemus,</strong></span> <span class='ocrx_word' id='word_1_265' title='bbox 1572 3285 1759 3354; x_wconf 79' lang='lat' dir='ltr'><strong>proxi-</strong></span> 
     </span>
    </p>
   </div>
   <div class='ocr_carea' id='block_1_36' title="bbox 163 3375 1757 3445">
    <p class='ocr_par' dir='ltr' id='par_1_36' title="bbox 163 3375 1757 3445">
     <span class='ocr_line' id='line_1_36' title="bbox 163 3375 1757 3445; baseline 0.003 -14"><span class='ocrx_word' id='word_1_266' title='bbox 163 3375 278 3431; x_wconf 88' lang='lat' dir='ltr'><strong>mis</strong></span> <span class='ocrx_word' id='word_1_267' title='bbox 313 3375 596 3444; x_wconf 86' lang='lat' dir='ltr'><strong>debemus,</strong></span> <span class='ocrx_word' id='word_1_268' title='bbox 621 3384 674 3430; x_wconf 91' lang='lat' dir='ltr'><strong>et</strong></span> <span class='ocrx_word' id='word_1_269' title='bbox 698 3384 878 3432; x_wconf 89' lang='lat' dir='ltr'><strong>tamen</strong></span> <span class='ocrx_word' id='word_1_270' title='bbox 909 3392 1020 3432; x_wconf 90' lang='lat' dir='ltr'><strong>non</strong></span> <span class='ocrx_word' id='word_1_271' title='bbox 1046 3377 1350 3445; x_wconf 87' lang='lat' dir='ltr'><strong>solvimus;</strong></span> <span class='ocrx_word' id='word_1_272' title='bbox 1384 3377 1647 3435; x_wconf 87' lang='lat' dir='ltr'><strong>debemus</strong></span> <span class='ocrx_word' id='word_1_273' title='bbox 1669 3389 1757 3435; x_wconf 87' lang='lat' dir='ltr'><strong>to-</strong></span> 
     </span>
    </p>
   </div>
   <div class='ocr_carea' id='block_1_37' title="bbox 163 3453 1760 3541">
    <p class='ocr_par' dir='ltr' id='par_1_37' title="bbox 163 3453 1760 3541">
     <span class='ocr_line' id='line_1_37' title="bbox 163 3453 1760 3541; baseline 0.004 -19"><span class='ocrx_word' id='word_1_274' title='bbox 163 3477 312 3534; x_wconf 87' lang='lat' dir='ltr'><strong>tum,</strong></span> <span class='ocrx_word' id='word_1_275' title='bbox 342 3475 397 3523; x_wconf 90' lang='lat' dir='ltr'><strong>et</strong></span> <span class='ocrx_word' id='word_1_276' title='bbox 422 3467 514 3522; x_wconf 75' lang='lat' dir='ltr'><strong>vix</strong></span> <span class='ocrx_word' id='word_1_277' title='bbox 543 3468 809 3524; x_wconf 85' lang='lat' dir='ltr'><strong>solvimus</strong></span> <span class='ocrx_word' id='word_1_278' title='bbox 847 3485 1063 3540; x_wconf 86' lang='lat' dir='ltr'><strong>parum.</strong></span> <span class='ocrx_word' id='word_1_279' title='bbox 1107 3467 1250 3536; x_wconf 87' lang='lat' dir='ltr'><strong>Quid</strong></span> <span class='ocrx_word' id='word_1_280' title='bbox 1281 3479 1427 3541; x_wconf 80' lang='lat' dir='ltr'><strong>ergo</strong></span> <span class='ocrx_word' id='word_1_281' title='bbox 1458 3453 1760 3528; x_wconf 79' lang='lat' dir='ltr'><strong>faciemus?</strong></span> 
     </span>
    </p>
   </div>
   <div class='ocr_carea' id='block_1_38' title="bbox 165 3555 1820 3632">
    <p class='ocr_par' dir='ltr' id='par_1_38' title="bbox 165 3555 1820 3632">
     <span class='ocr_line' id='line_1_38' title="bbox 165 3555 1820 3632; baseline 0.007 -20"><span class='ocrx_word' id='word_1_282' title='bbox 165 3555 231 3612; x_wconf 90' lang='lat' dir='ltr'><strong>Si</strong></span> <span class='ocrx_word' id='word_1_283' title='bbox 263 3573 376 3632; x_wconf 85' lang='lat' dir='ltr'><strong>non</strong></span> <span class='ocrx_word' id='word_1_284' title='bbox 397 3573 692 3628; x_wconf 83' lang='lat' dir='ltr'><strong>possumus</strong></span> <span class='ocrx_word' id='word_1_285' title='bbox 714 3559 928 3621; x_wconf 87' lang='lat' dir='ltr'><strong>solvere</strong></span> <span class='ocrx_word' id='word_1_286' title='bbox 960 3568 1132 3615; x_wconf 89' lang='lat' dir='ltr'><strong>totum</strong></span> <span class='ocrx_word' id='word_1_287' title='bbox 1159 3561 1306 3630; x_wconf 87' lang='lat' dir='ltr'><strong>quod</strong></span> <span class='ocrx_word' id='word_1_288' title='bbox 1330 3561 1612 3631; x_wconf 88' lang='lat' dir='ltr'><strong>debemus,</strong></span> <span class='ocrx_word' id='word_1_289' title='bbox 1637 3565 1759 3622; x_wconf 90' lang='lat' dir='ltr'><strong>aliis</strong></span> <span class='ocrx_word' id='word_1_290' title='bbox 1813 3607 1820 3613; x_wconf 68' lang='grc' dir='ltr'><strong><em>ρ</em></strong></span> 
     </span>
    </p>
   </div>
   <div class='ocr_carea' id='block_1_39' title="bbox 1803 3638 3454 3719">
    <p class='ocr_par' dir='ltr' id='par_1_39' title="bbox 1803 3638 3454 3719">
     <span class='ocr_line' id='line_1_39' title="bbox 1803 3638 3454 3719; baseline -0.006 -17"><span class='ocrx_word' id='word_1_291' title='bbox 1803 3646 2176 3719; x_wconf 84' lang='lat' dir='ltr'><strong>&quot;poralibus?</strong></span> <span class='ocrx_word' id='word_1_292' title='bbox 2211 3644 2388 3700; x_wconf 85' lang='lat' dir='ltr'><strong>Citius</strong></span> <span class='ocrx_word' id='word_1_293' title='bbox 2409 3643 2740 3718; x_wconf 86' lang='lat' dir='ltr'><strong>dimittimus</strong></span> <span class='ocrx_word' id='word_1_294' title='bbox 2778 3641 3037 3712; x_wconf 72' lang='lat' dir='ltr'><strong>iniuriam</strong></span> <span class='ocrx_word' id='word_1_295' title='bbox 3063 3638 3259 3695; x_wconf 89' lang='lat' dir='ltr'><strong>factam</strong></span> <span class='ocrx_word' id='word_1_296' title='bbox 3285 3653 3454 3709; x_wconf 87' lang='lat' dir='ltr'><strong>quam</strong></span> 
     </span>
    </p>
   </div>
   <div class='ocr_carea' id='block_1_40' title="bbox 161 3648 1758 3728">
    <p class='ocr_par' dir='ltr' id='par_1_40' title="bbox 161 3648 1758 3728">
     <span class='ocr_line' id='line_1_40' title="bbox 161 3648 1758 3728; baseline 0.004 -25"><span class='ocrx_word' id='word_1_297' title='bbox 161 3648 515 3705; x_wconf 79' lang='lat' dir='ltr'><strong>dimittamus</strong></span> <span class='ocrx_word' id='word_1_298' title='bbox 543 3651 735 3707; x_wconf 82' lang='lat' dir='ltr'><strong>saltem</strong></span> <span class='ocrx_word' id='word_1_299' title='bbox 767 3653 912 3723; x_wconf 92' lang='lat' dir='ltr'><strong>quod</strong></span> <span class='ocrx_word' id='word_1_300' title='bbox 932 3652 1159 3708; x_wconf 78' lang='lat' dir='ltr'><strong>debetur</strong></span> <span class='ocrx_word' id='word_1_301' title='bbox 1183 3654 1360 3728; x_wconf 84' lang='lat' dir='ltr'><strong>nobis.</strong></span> <span class='ocrx_word' id='word_1_302' title='bbox 1389 3652 1544 3711; x_wconf 87' lang='lat' dir='ltr'><strong>Unde</strong></span> <span class='ocrx_word' id='word_1_303' title='bbox 1572 3656 1758 3727; x_wconf 84' lang='lat' dir='ltr'><strong>sequi-</strong></span> 
     </span>
    </p>
   </div>
   <div class='ocr_carea' id='block_1_41' title="bbox 161 3731 1754 3820">
    <p class='ocr_par' dir='ltr' id='par_1_41' title="bbox 161 3731 1754 3820">
     <span class='ocr_line' id='line_1_41' title="bbox 161 3731 1754 3820; baseline 0.008 -28"><span class='ocrx_word' id='word_1_304' title='bbox 161 3750 262 3813; x_wconf 74' lang='lat' dir='ltr'><strong>tur</strong></span> <span class='ocrx_word' id='word_1_305' title='bbox 285 3759 298 3794; x_wconf 93' lang='lat'><strong>:</strong></span> <span class='ocrx_word' id='word_1_306' title='bbox 320 3742 397 3794; x_wconf 91' lang='lat' dir='ltr'><strong>ait</strong></span> <span class='ocrx_word' id='word_1_307' title='bbox 425 3741 508 3796; x_wconf 89' lang='lat' dir='ltr'><strong>illi</strong></span> <span class='ocrx_word' id='word_1_308' title='bbox 537 3758 556 3795; x_wconf 89' lang='lat'><em>:</em></span> <span class='ocrx_word' id='word_1_309' title='bbox 581 3731 774 3815; x_wconf 75' lang='lat' dir='ltr'><strong>Accipe</strong></span> <span class='ocrx_word' id='word_1_310' title='bbox 798 3745 1006 3810; x_wconf 84' lang='lat' dir='ltr'><strong>litteras</strong></span> <span class='ocrx_word' id='word_1_311' title='bbox 1033 3755 1173 3813; x_wconf 82' lang='lat' dir='ltr'><strong>tuas,</strong></span> <span class='ocrx_word' id='word_1_312' title='bbox 1202 3756 1252 3802; x_wconf 92' lang='lat' dir='ltr'><strong>et</strong></span> <span class='ocrx_word' id='word_1_313' title='bbox 1271 3748 1441 3803; x_wconf 86' lang='lat' dir='ltr'><strong>scribe</strong></span> <span class='ocrx_word' id='word_1_314' title='bbox 1466 3751 1754 3820; x_wconf 83' lang='lat' dir='ltr'><strong>octoginta.</strong></span> 
     </span>
    </p>
   </div>
   <div class='ocr_carea' id='block_1_42' title="bbox 161 3829 1760 3912">
    <p class='ocr_par' dir='ltr' id='par_1_42' title="bbox 161 3829 1760 3912">
     <span class='ocr_line' id='line_1_42' title="bbox 161 3829 1760 3912; baseline 0.007 -28"><span class='ocrx_word' id='word_1_315' title='bbox 161 3830 277 3898; x_wconf 84' lang='lat' dir='ltr'><strong>Qui</strong></span> <span class='ocrx_word' id='word_1_316' title='bbox 310 3832 454 3887; x_wconf 91' lang='lat' dir='ltr'><strong>enim</strong></span> <span class='ocrx_word' id='word_1_317' title='bbox 478 3833 546 3888; x_wconf 88' lang='lat' dir='ltr'><strong>de</strong></span> <span class='ocrx_word' id='word_1_318' title='bbox 570 3845 788 3890; x_wconf 90' lang='lat' dir='ltr'><strong>centum</strong></span> <span class='ocrx_word' id='word_1_319' title='bbox 817 3836 1010 3892; x_wconf 83' lang='lat' dir='ltr'><strong>scribit</strong></span> <span class='ocrx_word' id='word_1_320' title='bbox 1034 3829 1329 3909; x_wconf 81' lang='lat' dir='ltr'><strong>octoginta,</strong></span> <span class='ocrx_word' id='word_1_321' title='bbox 1357 3839 1605 3910; x_wconf 86' lang='lat' dir='ltr'><strong>quintam</strong></span> <span class='ocrx_word' id='word_1_322' title='bbox 1627 3856 1760 3912; x_wconf 90' lang='lat' dir='ltr'><strong>par-</strong></span> 
     </span>
    </p>
   </div>
   <div class='ocr_carea' id='block_1_43' title="bbox 161 3916 1760 4000">
    <p class='ocr_par' dir='ltr' id='par_1_43' title="bbox 161 3916 1760 4000">
     <span class='ocr_line' id='line_1_43' title="bbox 161 3916 1760 4000; baseline 0.006 -22"><span class='ocrx_word' id='word_1_323' title='bbox 161 3932 281 3978; x_wconf 85' lang='lat' dir='ltr'><strong>tem</strong></span> <span class='ocrx_word' id='word_1_324' title='bbox 338 3923 596 3994; x_wconf 88' lang='lat' dir='ltr'><strong>dimittit,</strong></span> <span class='ocrx_word' id='word_1_325' title='bbox 651 3928 779 3998; x_wconf 88' lang='lat' dir='ltr'><strong>quia</strong></span> <span class='ocrx_word' id='word_1_326' title='bbox 827 3927 895 3982; x_wconf 90' lang='lat' dir='ltr'><strong>de</strong></span> <span class='ocrx_word' id='word_1_327' title='bbox 953 3931 1331 4000; x_wconf 89' lang='lat' dir='ltr'><strong>corporalibus</strong></span> <span class='ocrx_word' id='word_1_328' title='bbox 1377 3932 1482 3988; x_wconf 92' lang='lat' dir='ltr'><strong>hoc</strong></span> <span class='ocrx_word' id='word_1_329' title='bbox 1534 3916 1760 3989; x_wconf 81' lang='lat' dir='ltr'><strong>debetur</strong></span> 
     </span>
    </p>
   </div>
   <div class='ocr_carea' id='block_1_44' title="bbox 159 4014 1760 4095">
    <p class='ocr_par' dir='ltr' id='par_1_44' title="bbox 159 4014 1760 4095">
     <span class='ocr_line' id='line_1_44' title="bbox 159 4014 1760 4095; baseline 0.009 -28"><span class='ocrx_word' id='word_1_330' title='bbox 159 4014 427 4086; x_wconf 78' lang='lat' dir='ltr'><strong>proximo</strong></span> <span class='ocrx_word' id='word_1_331' title='bbox 455 4017 599 4087; x_wconf 89' lang='lat' dir='ltr'><strong>quod</strong></span> <span class='ocrx_word' id='word_1_332' title='bbox 622 4019 866 4090; x_wconf 91' lang='lat' dir='ltr'><strong>quinque</strong></span> <span class='ocrx_word' id='word_1_333' title='bbox 889 4021 1137 4091; x_wconf 89' lang='lat' dir='ltr'><strong>corporis</strong></span> <span class='ocrx_word' id='word_1_334' title='bbox 1164 4039 1362 4079; x_wconf 88' lang='lat' dir='ltr'><strong>sensus</strong></span> <span class='ocrx_word' id='word_1_335' title='bbox 1383 4025 1630 4095; x_wconf 83' lang='lat' dir='ltr'><strong>exigunt;</strong></span> <span class='ocrx_word' id='word_1_336' title='bbox 1653 4027 1760 4081; x_wconf 91' lang='lat' dir='ltr'><strong>hoc</strong></span> 
     </span>
    </p>
   </div>
   <div class='ocr_carea' id='block_1_45' title="bbox 160 4104 1760 4184">
    <p class='ocr_par' dir='ltr' id='par_1_45' title="bbox 160 4104 1760 4184">
     <span class='ocr_line' id='line_1_45' title="bbox 160 4104 1760 4184; baseline 0.009 -27"><span class='ocrx_word' id='word_1_337' title='bbox 160 4104 380 4175; x_wconf 75' lang='lat' dir='ltr'><strong>scripto</strong></span> <span class='ocrx_word' id='word_1_338' title='bbox 401 4110 972 4181; x_wconf 83' lang='lat' dir='ltr'><strong>commendaturquod</strong></span> <span class='ocrx_word' id='word_1_339' title='bbox 984 4111 1184 4168; x_wconf 79' lang='lat' dir='ltr'><strong>divinae</strong></span> <span class='ocrx_word' id='word_1_340' title='bbox 1204 4114 1394 4184; x_wconf 65' lang='lat' dir='ltr'><strong>gratiae</strong></span> <span class='ocrx_word' id='word_1_341' title='bbox 1415 4130 1512 4184; x_wconf 86' lang='lat' dir='ltr'><strong>per</strong></span> <span class='ocrx_word' id='word_1_342' title='bbox 1533 4125 1760 4171; x_wconf 90' lang='lat' dir='ltr'><strong>octona-</strong></span> 
     </span>
    </p>
   </div>
   <div class='ocr_carea' id='block_1_46' title="bbox 158 4195 1757 4277">
    <p class='ocr_par' dir='ltr' id='par_1_46' title="bbox 158 4195 1757 4277">
     <span class='ocr_line' id='line_1_46' title="bbox 158 4195 1757 4277; baseline 0.008 -27"><span class='ocrx_word' id='word_1_343' title='bbox 158 4195 317 4251; x_wconf 83' lang='lat' dir='ltr'><strong>rium</strong></span> <span class='ocrx_word' id='word_1_344' title='bbox 347 4199 692 4270; x_wconf 86' lang='lat' dir='ltr'><strong>relinquitur.</strong></span> <span class='ocrx_word' id='word_1_345' title='bbox 718 4200 968 4273; x_wconf 85' lang='lat' dir='ltr'><strong>Rapuisti</strong></span> <span class='ocrx_word' id='word_1_346' title='bbox 1007 4220 1212 4272; x_wconf 90' lang='lat' dir='ltr'><strong>meum,</strong></span> <span class='ocrx_word' id='word_1_347' title='bbox 1242 4205 1514 4262; x_wconf 87' lang='lat' dir='ltr'><strong>abstulisti</strong></span> <span class='ocrx_word' id='word_1_348' title='bbox 1544 4209 1757 4277; x_wconf 70' lang='lat' dir='ltr'><strong>praesti-</strong></span> 
     </span>
    </p>
   </div>
   <div class='ocr_carea' id='block_1_47' title="bbox 160 4291 1759 4369">
    <p class='ocr_par' dir='ltr' id='par_1_47' title="bbox 160 4291 1759 4369">
     <span class='ocr_line' id='line_1_47' title="bbox 160 4291 1759 4369; baseline 0.008 -27"><span class='ocrx_word' id='word_1_349' title='bbox 160 4298 313 4356; x_wconf 90' lang='lat' dir='ltr'><strong>tum,</strong></span> <span class='ocrx_word' id='word_1_350' title='bbox 342 4291 551 4360; x_wconf 81' lang='lat' dir='ltr'><strong>negasti</strong></span> <span class='ocrx_word' id='word_1_351' title='bbox 604 4293 1067 4350; x_wconf 83' lang='lat' dir='ltr'><strong>commendatam.</strong></span> <span class='ocrx_word' id='word_1_352' title='bbox 1105 4293 1162 4350; x_wconf 90' lang='lat' dir='ltr'><strong>Si</strong></span> <span class='ocrx_word' id='word_1_353' title='bbox 1202 4295 1418 4352; x_wconf 90' lang='lat' dir='ltr'><strong>dimitto</strong></span> <span class='ocrx_word' id='word_1_354' title='bbox 1463 4298 1559 4353; x_wconf 90' lang='lat' dir='ltr'><strong>tibi</strong></span> <span class='ocrx_word' id='word_1_355' title='bbox 1611 4300 1759 4369; x_wconf 88' lang='lat' dir='ltr'><strong>quod</strong></span> 
     </span>
    </p>
   </div>
   <div class='ocr_carea' id='block_1_48' title="bbox 157 4374 1758 4456">
    <p class='ocr_par' dir='ltr' id='par_1_48' title="bbox 157 4374 1758 4456">
     <span class='ocr_line' id='line_1_48' title="bbox 157 4374 1758 4456; baseline 0.007 -21"><span class='ocrx_word' id='word_1_356' title='bbox 157 4374 296 4436; x_wconf 73' lang='lat' dir='ltr'><strong>inea</strong></span> <span class='ocrx_word' id='word_1_357' title='bbox 325 4381 509 4450; x_wconf 83' lang='lat' dir='ltr'><strong>refert,</strong></span> <span class='ocrx_word' id='word_1_358' title='bbox 538 4384 706 4438; x_wconf 76' lang='lat' dir='ltr'><strong>scribe</strong></span> <span class='ocrx_word' id='word_1_359' title='bbox 728 4387 1015 4456; x_wconf 80' lang='lat' dir='ltr'><strong>octoginta,</strong></span> <span class='ocrx_word' id='word_1_360' title='bbox 1041 4387 1113 4456; x_wconf 75' lang='lat' dir='ltr'><strong>id</strong></span> <span class='ocrx_word' id='word_1_361' title='bbox 1155 4395 1240 4444; x_wconf 89' lang='lat' dir='ltr'><strong>est</strong></span> <span class='ocrx_word' id='word_1_362' title='bbox 1270 4389 1591 4444; x_wconf 88' lang='lat' dir='ltr'><strong>commenda</strong></span> <span class='ocrx_word' id='word_1_363' title='bbox 1639 4405 1758 4446; x_wconf 91' lang='lat' dir='ltr'><strong>me-</strong></span> 
     </span>
    </p>
   </div>
   <div class='ocr_carea' id='block_1_49' title="bbox 1867 513 3452 591">
    <p class='ocr_par' dir='ltr' id='par_1_49' title="bbox 1867 513 3452 591">
     <span class='ocr_line' id='line_1_49' title="bbox 1867 513 3452 591; baseline 0.004 -21"><span class='ocrx_word' id='word_1_364' title='bbox 1867 518 2065 572; x_wconf 81' lang='lat' dir='ltr'><strong>nostris</strong></span> <span class='ocrx_word' id='word_1_365' title='bbox 2117 515 2340 586; x_wconf 79' lang='lat' dir='ltr'><strong>(Matth.</strong></span> <span class='ocrx_word' id='word_1_366' title='bbox 2386 530 2464 582; x_wconf 79' lang='lat' dir='ltr'><strong>vr,</strong></span> <span class='ocrx_word' id='word_1_367' title='bbox 2498 514 2608 584; x_wconf 74' lang='lat' dir='ltr'><strong>l2).</strong></span> <span class='ocrx_word' id='word_1_368' title='bbox 2643 513 2847 570; x_wconf 85' lang='lat' dir='ltr'><strong>Verum</strong></span> <span class='ocrx_word' id='word_1_369' title='bbox 2877 517 3173 586; x_wconf 87' lang='lat' dir='ltr'><strong>prudenter</strong></span> <span class='ocrx_word' id='word_1_370' title='bbox 3199 519 3327 589; x_wconf 86' lang='lat' dir='ltr'><strong>egit,</strong></span> <span class='ocrx_word' id='word_1_371' title='bbox 3353 521 3452 591; x_wconf 91' lang='lat' dir='ltr'><strong>qui</strong></span> 
     </span>
    </p>
   </div>
   <div class='ocr_carea' id='block_1_50' title="bbox 1879 607 3453 682">
    <p class='ocr_par' dir='ltr' id='par_1_50' title="bbox 1879 607 3453 682">
     <span class='ocr_line' id='line_1_50' title="bbox 1879 607 3453 682; baseline 0.003 -20"><span class='ocrx_word' id='word_1_372' title='bbox 1879 608 2050 664; x_wconf 84' lang='lat' dir='ltr'><strong>Deum</strong></span> <span class='ocrx_word' id='word_1_373' title='bbox 2088 607 2266 663; x_wconf 90' lang='lat' dir='ltr'><strong>facere</strong></span> <span class='ocrx_word' id='word_1_374' title='bbox 2299 607 2522 663; x_wconf 90' lang='lat' dir='ltr'><strong>molitur</strong></span> <span class='ocrx_word' id='word_1_375' title='bbox 2541 607 2840 663; x_wconf 87' lang='lat' dir='ltr'><strong>debitorem</strong></span> <span class='ocrx_word' id='word_1_376' title='bbox 2862 619 3044 675; x_wconf 88' lang='lat' dir='ltr'><strong>suum,</strong></span> <span class='ocrx_word' id='word_1_377' title='bbox 3086 618 3147 664; x_wconf 90' lang='lat' dir='ltr'><strong>ut</strong></span> <span class='ocrx_word' id='word_1_378' title='bbox 3176 611 3356 682; x_wconf 77' lang='lat' dir='ltr'><strong>exigat</strong></span> <span class='ocrx_word' id='word_1_379' title='bbox 3381 613 3453 667; x_wconf 89' lang='lat' dir='ltr'><strong>ab</strong></span> 
     </span>
    </p>
   </div>
   <div class='ocr_carea' id='block_1_51' title="bbox 1865 699 3452 770">
    <p class='ocr_par' dir='ltr' id='par_1_51' title="bbox 1865 699 3452 770">
     <span class='ocr_line' id='line_1_51' title="bbox 1865 699 3452 770; baseline 0.002 -15"><span class='ocrx_word' id='word_1_380' title='bbox 1865 717 1930 755; x_wconf 89' lang='lat' dir='ltr'><strong>co</strong></span> <span class='ocrx_word' id='word_1_381' title='bbox 1964 701 2203 756; x_wconf 87' lang='lat' dir='ltr'><strong>debitam</strong></span> <span class='ocrx_word' id='word_1_382' title='bbox 2252 699 2814 770; x_wconf 33' lang='lat' dir='ltr'><strong>remissionemhquia</strong></span> <span class='ocrx_word' id='word_1_383' title='bbox 2867 702 3095 756; x_wconf 89' lang='lat' dir='ltr'><strong>remisit.</strong></span> <span class='ocrx_word' id='word_1_384' title='bbox 3147 702 3452 758; x_wconf 86' lang='lat' dir='ltr'><strong>Prudenter</strong></span> 
     </span>
    </p>
   </div>
   <div class='ocr_carea' id='block_1_52' title="bbox 1865 792 3454 867">
    <p class='ocr_par' dir='ltr' id='par_1_52' title="bbox 1865 792 3454 867">
     <span class='ocr_line' id='line_1_52' title="bbox 1865 792 3454 867; baseline 0.002 -19"><span class='ocrx_word' id='word_1_385' title='bbox 1865 793 1994 864; x_wconf 85' lang='lat' dir='ltr'><strong>egit,</strong></span> <span class='ocrx_word' id='word_1_386' title='bbox 2045 793 2172 863; x_wconf 89' lang='lat' dir='ltr'><strong>quia</strong></span> <span class='ocrx_word' id='word_1_387' title='bbox 2223 792 2311 867; x_wconf 84' lang='lat' dir='ltr'><strong>cui</strong></span> <span class='ocrx_word' id='word_1_388' title='bbox 2362 792 2632 848; x_wconf 79' lang='lat' dir='ltr'><strong>obnoxius</strong></span> <span class='ocrx_word' id='word_1_389' title='bbox 2662 801 2801 849; x_wconf 7' lang='lat' dir='ltr'><strong>(erat</strong></span> <span class='ocrx_word' id='word_1_390' title='bbox 2828 793 3007 862; x_wconf 89' lang='lat' dir='ltr'><strong>ipsum</strong></span> <span class='ocrx_word' id='word_1_391' title='bbox 3037 794 3140 849; x_wconf 87' lang='lat' dir='ltr'><strong>sibi</strong></span> <span class='ocrx_word' id='word_1_392' title='bbox 3185 793 3316 850; x_wconf 88' lang='lat' dir='ltr'><strong>facit</strong></span> <span class='ocrx_word' id='word_1_393' title='bbox 3353 793 3454 851; x_wconf 72' lang='lat' dir='ltr'><strong>olc-</strong></span> 
     </span>
    </p>
   </div>
   <div class='ocr_carea' id='block_1_53' title="bbox 1864 882 3503 953">
    <p class='ocr_par' dir='ltr' id='par_1_53' title="bbox 1864 882 3503 953">
     <span class='ocr_line' id='line_1_53' title="bbox 1864 882 3503 953; baseline 0.003 -14"><span class='ocrx_word' id='word_1_394' title='bbox 1864 884 2112 940; x_wconf 80' lang='lat' dir='ltr'><strong>noxium.</strong></span> <span class='ocrx_word' id='word_1_395' title='bbox 2151 882 2219 938; x_wconf 85' lang='lat' dir='ltr'><strong>Et</strong></span> <span class='ocrx_word' id='word_1_396' title='bbox 2247 899 2409 953; x_wconf 89' lang='lat' dir='ltr'><strong>quem</strong></span> <span class='ocrx_word' id='word_1_397' title='bbox 2440 884 2674 939; x_wconf 84' lang='lat' dir='ltr'><strong>habebat</strong></span> <span class='ocrx_word' id='word_1_398' title='bbox 2711 884 2908 938; x_wconf 88' lang='lat' dir='ltr'><strong>durum</strong></span> <span class='ocrx_word' id='word_1_399' title='bbox 2938 895 3273 952; x_wconf 77' lang='lat' dir='ltr'><strong>exactorem,</strong></span> <span class='ocrx_word' id='word_1_400' title='bbox 3303 901 3451 940; x_wconf 87' lang='lat' dir='ltr'><strong>nunc</strong></span> <span class='ocrx_word' id='word_1_401' title='bbox 3502 942 3503 945; x_wconf 42' lang='grc' dir='ltr'><strong>η</strong></span> 
     </span>
    </p>
   </div>
   <div class='ocr_carea' id='block_1_54' title="bbox 1865 976 3450 1056">
    <p class='ocr_par' dir='ltr' id='par_1_54' title="bbox 1865 976 3450 1056">
     <span class='ocr_line' id='line_1_54' title="bbox 1865 976 3450 1056; baseline 0.003 -26"><span class='ocrx_word' id='word_1_402' title='bbox 1865 976 2028 1032; x_wconf 90' lang='lat' dir='ltr'><strong>habet</strong></span> <span class='ocrx_word' id='word_1_403' title='bbox 2052 977 2201 1048; x_wconf 91' lang='lat' dir='ltr'><strong>pium</strong></span> <span class='ocrx_word' id='word_1_404' title='bbox 2226 977 2548 1044; x_wconf 83' lang='lat' dir='ltr'><strong>debitorem,</strong></span> <span class='ocrx_word' id='word_1_405' title='bbox 2574 976 2975 1056; x_wconf 80' lang='lat' dir='ltr'><strong>utfiducialitcr</strong></span> <span class='ocrx_word' id='word_1_406' title='bbox 2995 976 3141 1047; x_wconf 82' lang='lat' dir='ltr'><strong>dicat</strong></span> <span class='ocrx_word' id='word_1_407' title='bbox 3166 996 3178 1032; x_wconf 89' lang='lat'>:</span> <span class='ocrx_word' id='word_1_408' title='bbox 3206 977 3450 1047; x_wconf 89' lang='lat' dir='ltr'><strong>Dimitte,</strong></span> 
     </span>
    </p>
   </div>
   <div class='ocr_carea' id='block_1_55' title="bbox 1864 1069 3452 1144">
    <p class='ocr_par' dir='ltr' id='par_1_55' title="bbox 1864 1069 3452 1144">
     <span class='ocr_line' id='line_1_55' title="bbox 1864 1069 3452 1144; baseline 0.003 -22"><span class='ocrx_word' id='word_1_409' title='bbox 1864 1069 1993 1139; x_wconf 90' lang='lat' dir='ltr'><strong>quia</strong></span> <span class='ocrx_word' id='word_1_410' title='bbox 2027 1069 2256 1135; x_wconf 86' lang='lat' dir='ltr'><strong>dimisi;</strong></span> <span class='ocrx_word' id='word_1_411' title='bbox 2307 1069 2472 1124; x_wconf 86' lang='lat' dir='ltr'><strong>redde</strong></span> <span class='ocrx_word' id='word_1_412' title='bbox 2514 1074 2680 1138; x_wconf 79' lang='lat' dir='ltr'><strong>qeam</strong></span> <span class='ocrx_word' id='word_1_413' title='bbox 2722 1069 2888 1124; x_wconf 88' lang='lat' dir='ltr'><strong>dches</strong></span> <span class='ocrx_word' id='word_1_414' title='bbox 2926 1069 3162 1132; x_wconf 88' lang='lat' dir='ltr'><strong>veniam,</strong></span> <span class='ocrx_word' id='word_1_415' title='bbox 3196 1072 3322 1141; x_wconf 85' lang='lat' dir='ltr'><strong>quia</strong></span> <span class='ocrx_word' id='word_1_416' title='bbox 3349 1087 3452 1144; x_wconf 85' lang='lat' dir='ltr'><strong>ego</strong></span> 
     </span>
    </p>
   </div>
   <div class='ocr_carea' id='block_1_56' title="bbox 1863 1159 3448 1230">
    <p class='ocr_par' dir='ltr' id='par_1_56' title="bbox 1863 1159 3448 1230">
     <span class='ocr_line' id='line_1_56' title="bbox 1863 1159 3448 1230; baseline 0.003 -17"><span class='ocrx_word' id='word_1_417' title='bbox 1863 1159 1983 1214; x_wconf 89' lang='lat' dir='ltr'><strong>dedi</strong></span> <span class='ocrx_word' id='word_1_418' title='bbox 2028 1159 2263 1213; x_wconf 87' lang='lat' dir='ltr'><strong>veniam.</strong></span> <span class='ocrx_word' id='word_1_419' title='bbox 2311 1159 2452 1225; x_wconf 82' lang='lat' dir='ltr'><strong>Quin</strong></span> <span class='ocrx_word' id='word_1_420' title='bbox 2495 1159 2596 1228; x_wconf 81' lang='lat' dir='ltr'><strong>ﬁlii</strong></span> <span class='ocrx_word' id='word_1_421' title='bbox 2643 1159 2800 1228; x_wconf 85' lang='lat' dir='ltr'><strong>hujus</strong></span> <span class='ocrx_word' id='word_1_422' title='bbox 2849 1160 3034 1214; x_wconf 65' lang='lat' dir='ltr'><strong>seaculi</strong></span> <span class='ocrx_word' id='word_1_423' title='bbox 3079 1163 3448 1230; x_wconf 83' lang='lat' dir='ltr'><strong>prudentiores</strong></span> 
     </span>
    </p>
   </div>
   <div class='ocr_carea' id='block_1_57' title="bbox 1863 1251 3454 1322">
    <p class='ocr_par' dir='ltr' id='par_1_57' title="bbox 1863 1251 3454 1322">
     <span class='ocr_line' id='line_1_57' title="bbox 1863 1251 3454 1322; baseline 0.004 -18"><span class='ocrx_word' id='word_1_424' title='bbox 1863 1261 1986 1304; x_wconf 83' lang='lat' dir='ltr'><strong>sunt</strong></span> <span class='ocrx_word' id='word_1_425' title='bbox 2009 1251 2140 1321; x_wconf 82' lang='lat' dir='ltr'><strong>[iliis</strong></span> <span class='ocrx_word' id='word_1_426' title='bbox 2174 1251 2308 1304; x_wconf 88' lang='lat' dir='ltr'><strong>lucis</strong></span> <span class='ocrx_word' id='word_1_427' title='bbox 2359 1253 2416 1304; x_wconf 89' lang='lat' dir='ltr'><strong>in</strong></span> <span class='ocrx_word' id='word_1_428' title='bbox 2448 1253 2783 1322; x_wconf 80' lang='lat' dir='ltr'><strong>generatione</strong></span> <span class='ocrx_word' id='word_1_429' title='bbox 2811 1270 2951 1306; x_wconf 80' lang='lat' dir='ltr'><strong>sua.</strong></span> <span class='ocrx_word' id='word_1_430' title='bbox 2985 1252 3454 1310; x_wconf 81' lang='lat' dir='ltr'><strong>Filiilucis-laho—</strong></span> 
     </span>
    </p>
   </div>
   <div class='ocr_carea' id='block_1_58' title="bbox 1863 1343 3454 1414">
    <p class='ocr_par' dir='ltr' id='par_1_58' title="bbox 1863 1343 3454 1414">
     <span class='ocr_line' id='line_1_58' title="bbox 1863 1343 3454 1414; baseline 0.003 -17"><span class='ocrx_word' id='word_1_431' title='bbox 1863 1351 2025 1409; x_wconf 68' lang='lat' dir='ltr'><strong>rant,</strong></span> <span class='ocrx_word' id='word_1_432' title='bbox 2059 1352 2114 1398; x_wconf 89' lang='lat' dir='ltr'><strong>et</strong></span> <span class='ocrx_word' id='word_1_433' title='bbox 2149 1343 2238 1397; x_wconf 84' lang='lat' dir='ltr'><strong>vix</strong></span> <span class='ocrx_word' id='word_1_434' title='bbox 2284 1352 2564 1398; x_wconf 87' lang='lat' dir='ltr'><strong>merentur</strong></span> <span class='ocrx_word' id='word_1_435' title='bbox 2591 1344 2860 1414; x_wconf 85' lang='lat' dir='ltr'><strong>pretium;</strong></span> <span class='ocrx_word' id='word_1_436' title='bbox 2905 1354 3136 1400; x_wconf 90' lang='lat' dir='ltr'><strong>currunt</strong></span> <span class='ocrx_word' id='word_1_437' title='bbox 3175 1355 3229 1400; x_wconf 91' lang='lat' dir='ltr'><strong>et</strong></span> <span class='ocrx_word' id='word_1_438' title='bbox 3267 1347 3357 1405; x_wconf 75' lang='lat' dir='ltr'><strong>vix</strong></span> <span class='ocrx_word' id='word_1_439' title='bbox 3384 1348 3454 1402; x_wconf 83' lang='lat' dir='ltr'><strong>ad</strong></span> 
     </span>
    </p>
   </div>
   <div class='ocr_carea' id='block_1_59' title="bbox 1862 1436 3452 1507">
    <p class='ocr_par' dir='ltr' id='par_1_59' title="bbox 1862 1436 3452 1507">
     <span class='ocr_line' id='line_1_59' title="bbox 1862 1436 3452 1507; baseline 0.001 -16"><span class='ocrx_word' id='word_1_440' title='bbox 1862 1437 2109 1491; x_wconf 81' lang='lat' dir='ltr'><strong>bravium</strong></span> <span class='ocrx_word' id='word_1_441' title='bbox 2131 1436 2477 1506; x_wconf 83' lang='lat' dir='ltr'><strong>perveniunt,</strong></span> <span class='ocrx_word' id='word_1_442' title='bbox 2502 1438 2818 1507; x_wconf 85' lang='lat' dir='ltr'><strong>parturiunt</strong></span> <span class='ocrx_word' id='word_1_443' title='bbox 2843 1447 2896 1492; x_wconf 91' lang='lat' dir='ltr'><strong>et</strong></span> <span class='ocrx_word' id='word_1_444' title='bbox 2923 1439 3012 1493; x_wconf 75' lang='lat' dir='ltr'><strong>vix</strong></span> <span class='ocrx_word' id='word_1_445' title='bbox 3047 1439 3302 1494; x_wconf 83' lang='lat' dir='ltr'><strong>evadunt.</strong></span> <span class='ocrx_word' id='word_1_446' title='bbox 3331 1439 3452 1494; x_wconf 86' lang='lat' dir='ltr'><strong>Filii</strong></span> 
     </span>
    </p>
   </div>
   <div class='ocr_carea' id='block_1_60' title="bbox 1863 1530 3453 1602">
    <p class='ocr_par' dir='ltr' id='par_1_60' title="bbox 1863 1530 3453 1602">
     <span class='ocr_line' id='line_1_60' title="bbox 1863 1530 3453 1602; baseline 0 -14"><span class='ocrx_word' id='word_1_447' title='bbox 1863 1530 2044 1588; x_wconf 69' lang='lat' dir='ltr'><strong>saeculi</strong></span> <span class='ocrx_word' id='word_1_448' title='bbox 2090 1541 2214 1602; x_wconf 86' lang='lat' dir='ltr'><strong>post</strong></span> <span class='ocrx_word' id='word_1_449' title='bbox 2260 1532 2451 1586; x_wconf 86' lang='lat' dir='ltr'><strong>laudes</strong></span> <span class='ocrx_word' id='word_1_450' title='bbox 2506 1541 2560 1586; x_wconf 86' lang='lat' dir='ltr'><strong>ct</strong></span> <span class='ocrx_word' id='word_1_451' title='bbox 2589 1533 2871 1588; x_wconf 64' lang='lat' dir='ltr'><strong>illecebras</strong></span> <span class='ocrx_word' id='word_1_452' title='bbox 2894 1541 2946 1587; x_wconf 89' lang='lat' dir='ltr'><strong>et</strong></span> <span class='ocrx_word' id='word_1_453' title='bbox 2987 1533 3206 1588; x_wconf 88' lang='lat' dir='ltr'><strong>illicitos</strong></span> <span class='ocrx_word' id='word_1_454' title='bbox 3238 1549 3453 1588; x_wconf 80' lang='lat' dir='ltr'><strong>amores</strong></span> 
     </span>
    </p>
   </div>
   <div class='ocr_carea' id='block_1_61' title="bbox 1861 1618 3451 1691">
    <p class='ocr_par' dir='ltr' id='par_1_61' title="bbox 1861 1618 3451 1691">
     <span class='ocr_line' id='line_1_61' title="bbox 1861 1618 3451 1691; baseline -0.001 -13"><span class='ocrx_word' id='word_1_455' title='bbox 1861 1625 2204 1679; x_wconf 89' lang='lat' dir='ltr'><strong>solummodo</strong></span> <span class='ocrx_word' id='word_1_456' title='bbox 2225 1623 2529 1690; x_wconf 86' lang='lat' dir='ltr'><strong>dimittunt,</strong></span> <span class='ocrx_word' id='word_1_457' title='bbox 2583 1631 2638 1677; x_wconf 90' lang='lat' dir='ltr'><strong>ct</strong></span> <span class='ocrx_word' id='word_1_458' title='bbox 2668 1623 2838 1678; x_wconf 85' lang='lat' dir='ltr'><strong>Deum</strong></span> <span class='ocrx_word' id='word_1_459' title='bbox 2884 1618 3185 1678; x_wconf 78' lang='lat' dir='ltr'><strong>debitorem</strong></span> <span class='ocrx_word' id='word_1_460' title='bbox 3234 1634 3451 1691; x_wconf 76' lang='lat' dir='ltr'><strong>tenent;</strong></span> 
     </span>
    </p>
   </div>
   <div class='ocr_carea' id='block_1_62' title="bbox 1860 1713 3454 1787">
    <p class='ocr_par' dir='ltr' id='par_1_62' title="bbox 1860 1713 3454 1787">
     <span class='ocr_line' id='line_1_62' title="bbox 1860 1713 3454 1787; baseline -0.003 -17"><span class='ocrx_word' id='word_1_461' title='bbox 1860 1725 2094 1787; x_wconf 83' lang='lat' dir='ltr'><strong>parcunt</strong></span> <span class='ocrx_word' id='word_1_462' title='bbox 2119 1723 2173 1770; x_wconf 90' lang='lat' dir='ltr'><strong>et</strong></span> <span class='ocrx_word' id='word_1_463' title='bbox 2196 1713 2440 1786; x_wconf 89' lang='lat' dir='ltr'><strong>parcitur</strong></span> <span class='ocrx_word' id='word_1_464' title='bbox 2470 1715 2572 1780; x_wconf 86' lang='lat' dir='ltr'><strong>eis,</strong></span> <span class='ocrx_word' id='word_1_465' title='bbox 2602 1715 2914 1770; x_wconf 85' lang='lat' dir='ltr'><strong>condonant</strong></span> <span class='ocrx_word' id='word_1_466' title='bbox 2945 1723 2999 1768; x_wconf 90' lang='lat' dir='ltr'><strong>et</strong></span> <span class='ocrx_word' id='word_1_467' title='bbox 3041 1715 3294 1768; x_wconf 88' lang='lat' dir='ltr'><strong>donatur.</strong></span> <span class='ocrx_word' id='word_1_468' title='bbox 3328 1715 3454 1769; x_wconf 82' lang='lat' dir='ltr'><strong>ideo</strong></span> 
     </span>
    </p>
   </div>
   <div class='ocr_carea' id='block_1_63' title="bbox 1865 1805 3455 1879">
    <p class='ocr_par' dir='ltr' id='par_1_63' title="bbox 1865 1805 3455 1879">
     <span class='ocr_line' id='line_1_63' title="bbox 1865 1805 3455 1879; baseline 0 -18"><span class='ocrx_word' id='word_1_469' title='bbox 1865 1808 2250 1879; x_wconf 84' lang='lat' dir='ltr'><strong>prudentiores</strong></span> <span class='ocrx_word' id='word_1_470' title='bbox 2294 1817 2425 1862; x_wconf 92' lang='lat' dir='ltr'><strong>sunt</strong></span> <span class='ocrx_word' id='word_1_471' title='bbox 2468 1806 2562 1860; x_wconf 80' lang='lat' dir='ltr'><strong>filii</strong></span> <span class='ocrx_word' id='word_1_472' title='bbox 2600 1806 2784 1861; x_wconf 68' lang='lat' dir='ltr'><strong>saeculi</strong></span> <span class='ocrx_word' id='word_1_473' title='bbox 2815 1805 2943 1860; x_wconf 81' lang='lat' dir='ltr'><strong>ﬁliis</strong></span> <span class='ocrx_word' id='word_1_474' title='bbox 2976 1806 3116 1861; x_wconf 87' lang='lat' dir='ltr'><strong>lucis</strong></span> <span class='ocrx_word' id='word_1_475' title='bbox 3145 1807 3197 1860; x_wconf 95' lang='lat' dir='ltr'><strong>in</strong></span> <span class='ocrx_word' id='word_1_476' title='bbox 3230 1822 3455 1876; x_wconf 84' lang='lat' dir='ltr'><strong>genera-</strong></span> 
     </span>
    </p>
   </div>
   <div class='ocr_carea' id='block_1_64' title="bbox 1865 1885 3453 1966">
    <p class='ocr_par' dir='ltr' id='par_1_64' title="bbox 1865 1885 3453 1966">
     <span class='ocr_line' id='line_1_64' title="bbox 1865 1885 3453 1966; baseline -0.003 -12"><span class='ocrx_word' id='word_1_477' title='bbox 1865 1898 2015 1954; x_wconf 90' lang='lat' dir='ltr'><strong>tione</strong></span> <span class='ocrx_word' id='word_1_478' title='bbox 2043 1914 2164 1964; x_wconf 91' lang='lat' dir='ltr'><strong>sua,</strong></span> <span class='ocrx_word' id='word_1_479' title='bbox 2189 1897 2244 1952; x_wconf 92' lang='lat' dir='ltr'><strong>id</strong></span> <span class='ocrx_word' id='word_1_480' title='bbox 2283 1906 2368 1952; x_wconf 92' lang='lat' dir='ltr'><strong>est</strong></span> <span class='ocrx_word' id='word_1_481' title='bbox 2392 1896 2612 1966; x_wconf 87' lang='lat' dir='ltr'><strong>quando</strong></span> <span class='ocrx_word' id='word_1_482' title='bbox 2634 1904 3030 1966; x_wconf 88' lang='lat' dir='ltr'><strong>regenerantur</strong></span> <span class='ocrx_word' id='word_1_483' title='bbox 3059 1885 3190 1962; x_wconf 85' lang='lat' dir='ltr'><strong>Deo,</strong></span> <span class='ocrx_word' id='word_1_484' title='bbox 3216 1905 3270 1949; x_wconf 86' lang='lat' dir='ltr'><strong>et</strong></span> <span class='ocrx_word' id='word_1_485' title='bbox 3291 1911 3453 1950; x_wconf 86' lang='lat' dir='ltr'><strong>reno-</strong></span> 
     </span>
    </p>
   </div>
   <div class='ocr_carea' id='block_1_65' title="bbox 1863 1986 2943 2058">
    <p class='ocr_par' dir='ltr' id='par_1_65' title="bbox 1863 1986 2943 2058">
     <span class='ocr_line' id='line_1_65' title="bbox 1863 1986 2943 2058; baseline -0.004 -16"><span class='ocrx_word' id='word_1_486' title='bbox 1863 1997 2065 2043; x_wconf 91' lang='lat' dir='ltr'><strong>vantur</strong></span> <span class='ocrx_word' id='word_1_487' title='bbox 2089 1986 2361 2058; x_wconf 85' lang='lat' dir='ltr'><strong>spirituali</strong></span> <span class='ocrx_word' id='word_1_488' title='bbox 2387 1987 2520 2041; x_wconf 81' lang='lat' dir='ltr'><strong>vita.</strong></span> <span class='ocrx_word' id='word_1_489' title='bbox 2941 2005 2943 2008; x_wconf 60' lang='grc' dir='ltr'>ί</span> 
     </span>
    </p>
   </div>
   <div class='ocr_carea' id='block_1_66' title="bbox 1936 2077 3451 2152">
    <p class='ocr_par' dir='ltr' id='par_1_66' title="bbox 1936 2077 3451 2152">
     <span class='ocr_line' id='line_1_66' title="bbox 1936 2077 3451 2152; baseline -0.004 -18"><span class='ocrx_word' id='word_1_490' title='bbox 1936 2080 2007 2134; x_wconf 83' lang='grc' dir='ltr'><strong>Ει</strong></span> <span class='ocrx_word' id='word_1_491' title='bbox 2025 2097 2118 2152; x_wconf 87' lang='lat' dir='ltr'><strong>ego</strong></span> <span class='ocrx_word' id='word_1_492' title='bbox 2137 2080 2256 2134; x_wconf 84' lang='lat' dir='ltr'><strong>dico</strong></span> <span class='ocrx_word' id='word_1_493' title='bbox 2271 2079 2452 2145; x_wconf 62' lang='lat' dir='ltr'><strong>nobis,</strong></span> <span class='ocrx_word' id='word_1_494' title='bbox 2477 2079 2640 2149; x_wconf 77' lang='lat' dir='ltr'><strong>facite</strong></span> <span class='ocrx_word' id='word_1_495' title='bbox 2666 2078 2808 2132; x_wconf 77' lang='lat' dir='ltr'><strong>vobis</strong></span> <span class='ocrx_word' id='word_1_496' title='bbox 2836 2077 3037 2131; x_wconf 84' lang='lat' dir='ltr'><strong>amicos</strong></span> <span class='ocrx_word' id='word_1_497' title='bbox 3063 2077 3132 2131; x_wconf 84' lang='lat' dir='ltr'><strong>de</strong></span> <span class='ocrx_word' id='word_1_498' title='bbox 3146 2092 3451 2130; x_wconf 80' lang='lat' dir='ltr'><strong>mammona</strong></span> 
     </span>
    </p>
   </div>
   <div class='ocr_carea' id='block_1_67' title="bbox 1861 2168 3454 2245">
    <p class='ocr_par' dir='ltr' id='par_1_67' title="bbox 1861 2168 3454 2245">
     <span class='ocr_line' id='line_1_67' title="bbox 1861 2168 3454 2245; baseline -0.003 -18"><span class='ocrx_word' id='word_1_499' title='bbox 1861 2174 2184 2245; x_wconf 88' lang='lat' dir='ltr'><strong>iniquitatis.</strong></span> <span class='ocrx_word' id='word_1_500' title='bbox 2217 2171 2546 2238; x_wconf 83' lang='lat' dir='ltr'><strong>Mammona,</strong></span> <span class='ocrx_word' id='word_1_501' title='bbox 2573 2170 2626 2225; x_wconf 90' lang='lat' dir='ltr'><strong>id</strong></span> <span class='ocrx_word' id='word_1_502' title='bbox 2659 2178 2744 2225; x_wconf 89' lang='lat' dir='ltr'><strong>est</strong></span> <span class='ocrx_word' id='word_1_503' title='bbox 2777 2169 2998 2234; x_wconf 65' lang='lat' dir='ltr'><strong>divitiae,</strong></span> <span class='ocrx_word' id='word_1_504' title='bbox 3029 2184 3152 2238; x_wconf 69' lang='lat' dir='ltr'><strong>qua:</strong></span> <span class='ocrx_word' id='word_1_505' title='bbox 3191 2168 3454 2238; x_wconf 85' lang='lat' dir='ltr'><strong>iniquita-</strong></span> 
     </span>
    </p>
   </div>
   <div class='ocr_carea' id='block_1_68' title="bbox 1862 2254 3453 2335">
    <p class='ocr_par' dir='ltr' id='par_1_68' title="bbox 1862 2254 3453 2335">
     <span class='ocr_line' id='line_1_68' title="bbox 1862 2254 3453 2335; baseline -0.006 -14"><span class='ocrx_word' id='word_1_506' title='bbox 1862 2266 1934 2321; x_wconf 91' lang='lat' dir='ltr'><strong>tis</strong></span> <span class='ocrx_word' id='word_1_507' title='bbox 1959 2265 2242 2331; x_wconf 87' lang='lat' dir='ltr'><strong>dicuntur,</strong></span> <span class='ocrx_word' id='word_1_508' title='bbox 2270 2263 2402 2335; x_wconf 87' lang='lat' dir='ltr'><strong>quia</strong></span> <span class='ocrx_word' id='word_1_509' title='bbox 2434 2263 2570 2319; x_wconf 85' lang='lat' dir='ltr'><strong>sine</strong></span> <span class='ocrx_word' id='word_1_510' title='bbox 2613 2254 2900 2332; x_wconf 86' lang='lat' dir='ltr'><strong>iniquitate</strong></span> <span class='ocrx_word' id='word_1_511' title='bbox 2925 2276 3035 2316; x_wconf 89' lang='lat' dir='ltr'><strong>non</strong></span> <span class='ocrx_word' id='word_1_512' title='bbox 3063 2269 3375 2330; x_wconf 86' lang='lat' dir='ltr'><strong>captantur,</strong></span> <span class='ocrx_word' id='word_1_513' title='bbox 3398 2267 3453 2313; x_wconf 85' lang='lat' dir='ltr'><strong>ct</strong></span> 
     </span>
    </p>
   </div>
   <div class='ocr_carea' id='block_1_69' title="bbox 1861 2351 3454 2428">
    <p class='ocr_par' dir='ltr' id='par_1_69' title="bbox 1861 2351 3454 2428">
     <span class='ocr_line' id='line_1_69' title="bbox 1861 2351 3454 2428; baseline -0.004 -17"><span class='ocrx_word' id='word_1_514' title='bbox 1861 2356 1991 2428; x_wconf 86' lang='lat' dir='ltr'><strong>quia</strong></span> <span class='ocrx_word' id='word_1_515' title='bbox 2037 2356 2286 2426; x_wconf 89' lang='lat' dir='ltr'><strong>iniquum</strong></span> <span class='ocrx_word' id='word_1_516' title='bbox 2333 2362 2418 2410; x_wconf 83' lang='lat' dir='ltr'><strong>est</strong></span> <span class='ocrx_word' id='word_1_517' title='bbox 2453 2369 2548 2408; x_wconf 91' lang='lat' dir='ltr'><strong>cas</strong></span> <span class='ocrx_word' id='word_1_518' title='bbox 2593 2367 2857 2408; x_wconf 88' lang='lat' dir='ltr'><strong>revocare</strong></span> <span class='ocrx_word' id='word_1_519' title='bbox 2907 2352 2962 2406; x_wconf 91' lang='lat' dir='ltr'><strong>in</strong></span> <span class='ocrx_word' id='word_1_520' title='bbox 3007 2351 3259 2422; x_wconf 90' lang='lat' dir='ltr'><strong>proprios</strong></span> <span class='ocrx_word' id='word_1_521' title='bbox 3296 2365 3454 2418; x_wconf 88' lang='lat' dir='ltr'><strong>usus,</strong></span> 
     </span>
    </p>
   </div>
   <div class='ocr_carea' id='block_1_70' title="bbox 1861 2433 3454 2518">
    <p class='ocr_par' dir='ltr' id='par_1_70' title="bbox 1861 2433 3454 2518">
     <span class='ocr_line' id='line_1_70' title="bbox 1861 2433 3454 2518; baseline -0.001 -16"><span class='ocrx_word' id='word_1_522' title='bbox 1861 2461 2002 2518; x_wconf 88' lang='lat' dir='ltr'><strong>quas</strong></span> <span class='ocrx_word' id='word_1_523' title='bbox 2029 2433 2237 2502; x_wconf 62' lang='lat' dir='ltr'><strong>cr&#39;cavit</strong></span> <span class='ocrx_word' id='word_1_524' title='bbox 2272 2454 2598 2508; x_wconf 87' lang='lat' dir='ltr'><strong>communes</strong></span> <span class='ocrx_word' id='word_1_525' title='bbox 2660 2444 2944 2500; x_wconf 91' lang='lat' dir='ltr'><strong>Dominus.</strong></span> <span class='ocrx_word' id='word_1_526' title='bbox 2985 2442 3141 2500; x_wconf 90' lang='lat' dir='ltr'><strong>Unde</strong></span> <span class='ocrx_word' id='word_1_527' title='bbox 3188 2445 3454 2514; x_wconf 85' lang='lat' dir='ltr'><strong>scriptum</strong></span> 
     </span>
    </p>
   </div>
   <div class='ocr_carea' id='block_1_71' title="bbox 1861 2535 3452 2610">
    <p class='ocr_par' dir='ltr' id='par_1_71' title="bbox 1861 2535 3452 2610">
     <span class='ocr_line' id='line_1_71' title="bbox 1861 2535 3452 2610; baseline -0.003 -15"><span class='ocrx_word' id='word_1_528' title='bbox 1861 2547 1942 2594; x_wconf 78' lang='lat' dir='ltr'><strong>est</strong></span> <span class='ocrx_word' id='word_1_529' title='bbox 1965 2559 1977 2594; x_wconf 87' lang='lat'><strong>:</strong></span> <span class='ocrx_word' id='word_1_530' title='bbox 2000 2537 2107 2595; x_wconf 85' lang='lat' dir='ltr'><strong>Oro</strong></span> <span class='ocrx_word' id='word_1_531' title='bbox 2122 2539 2404 2610; x_wconf 86' lang='lat' dir='ltr'><strong>iniquitate</strong></span> <span class='ocrx_word' id='word_1_532' title='bbox 2421 2537 2530 2592; x_wconf 79' lang='lat' dir='ltr'><strong>ridi</strong></span> <span class='ocrx_word' id='word_1_533' title='bbox 2551 2537 2780 2591; x_wconf 89' lang='lat' dir='ltr'><strong>tentoria</strong></span> <span class='ocrx_word' id='word_1_534' title='bbox 2805 2535 3100 2606; x_wconf 63' lang='lat' dir='ltr'><strong>Ethiopiae</strong></span> <span class='ocrx_word' id='word_1_535' title='bbox 3117 2535 3348 2606; x_wconf 74' lang='lat' dir='ltr'><strong>(Hebae.</strong></span> <span class='ocrx_word' id='word_1_536' title='bbox 3370 2552 3452 2602; x_wconf 88' lang='lat' dir='ltr'><strong>ut,</strong></span> 
     </span>
    </p>
   </div>
   <div class='ocr_carea' id='block_1_72' title="bbox 1864 2626 3454 2701">
    <p class='ocr_par' dir='ltr' id='par_1_72' title="bbox 1864 2626 3454 2701">
     <span class='ocr_line' id='line_1_72' title="bbox 1864 2626 3454 2701; baseline 0.001 -19"><span class='ocrx_word' id='word_1_537' title='bbox 1864 2630 1940 2700; x_wconf 85' lang='lat'><strong>7),</strong></span> <span class='ocrx_word' id='word_1_538' title='bbox 1965 2630 2018 2686; x_wconf 88' lang='lat' dir='ltr'><strong>id</strong></span> <span class='ocrx_word' id='word_1_539' title='bbox 2046 2639 2131 2685; x_wconf 88' lang='lat' dir='ltr'><strong>est</strong></span> <span class='ocrx_word' id='word_1_540' title='bbox 2151 2645 2253 2701; x_wconf 88' lang='lat' dir='ltr'><strong>pro</strong></span> <span class='ocrx_word' id='word_1_541' title='bbox 2282 2629 2493 2685; x_wconf 88' lang='lat' dir='ltr'><strong>divitiis</strong></span> <span class='ocrx_word' id='word_1_542' title='bbox 2518 2627 2805 2699; x_wconf 90' lang='lat' dir='ltr'><strong>captandis</strong></span> <span class='ocrx_word' id='word_1_543' title='bbox 2842 2627 2954 2683; x_wconf 92' lang='lat' dir='ltr'><strong>vidi</strong></span> <span class='ocrx_word' id='word_1_544' title='bbox 2995 2628 3246 2684; x_wconf 89' lang='lat' dir='ltr'><strong>homines</strong></span> <span class='ocrx_word' id='word_1_545' title='bbox 3276 2626 3454 2684; x_wconf 84' lang='lat' dir='ltr'><strong>factos</strong></span> 
     </span>
    </p>
   </div>
   <div class='ocr_carea' id='block_1_73' title="bbox 1862 2709 3452 2794">
    <p class='ocr_par' dir='ltr' id='par_1_73' title="bbox 1862 2709 3452 2794">
     <span class='ocr_line' id='line_1_73' title="bbox 1862 2709 3452 2794; baseline -0.002 -17"><span class='ocrx_word' id='word_1_546' title='bbox 1862 2723 2216 2778; x_wconf 85' lang='lat' dir='ltr'><strong>tabernacula</strong></span> <span class='ocrx_word' id='word_1_547' title='bbox 2233 2709 2554 2794; x_wconf 86' lang='lat' dir='ltr'><strong>nigredinis,</strong></span> <span class='ocrx_word' id='word_1_548' title='bbox 2572 2721 2628 2776; x_wconf 88' lang='lat' dir='ltr'><strong>id</strong></span> <span class='ocrx_word' id='word_1_549' title='bbox 2648 2729 2734 2776; x_wconf 89' lang='lat' dir='ltr'><strong>est</strong></span> <span class='ocrx_word' id='word_1_550' title='bbox 2756 2720 3014 2776; x_wconf 84' lang='lat' dir='ltr'><strong>vitiorum</strong></span> <span class='ocrx_word' id='word_1_551' title='bbox 3039 2729 3094 2776; x_wconf 91' lang='lat' dir='ltr'><strong>et</strong></span> <span class='ocrx_word' id='word_1_552' title='bbox 3115 2720 3452 2786; x_wconf 71' lang='lat' dir='ltr'><strong>daemonum,</strong></span> 
     </span>
    </p>
   </div>
   <div class='ocr_carea' id='block_1_74' title="bbox 1861 2813 3452 2886">
    <p class='ocr_par' dir='ltr' id='par_1_74' title="bbox 1861 2813 3452 2886">
     <span class='ocr_line' id='line_1_74' title="bbox 1861 2813 3452 2886; baseline -0.003 -16"><span class='ocrx_word' id='word_1_553' title='bbox 1861 2825 1920 2871; x_wconf 92' lang='lat' dir='ltr'><strong>ut</strong></span> <span class='ocrx_word' id='word_1_554' title='bbox 1944 2815 2038 2886; x_wconf 89' lang='lat' dir='ltr'><strong>qui</strong></span> <span class='ocrx_word' id='word_1_555' title='bbox 2068 2824 2324 2885; x_wconf 81' lang='lat' dir='ltr'><strong>poterant</strong></span> <span class='ocrx_word' id='word_1_556' title='bbox 2352 2829 2482 2870; x_wconf 83' lang='lat' dir='ltr'><strong>esse</strong></span> <span class='ocrx_word' id='word_1_557' title='bbox 2509 2813 2862 2869; x_wconf 88' lang='lat' dir='ltr'><strong>tabernacula</strong></span> <span class='ocrx_word' id='word_1_558' title='bbox 2920 2813 3181 2870; x_wconf 82' lang='lat' dir='ltr'><strong>sectanda</strong></span> <span class='ocrx_word' id='word_1_559' title='bbox 3213 2827 3452 2883; x_wconf 61' lang='lat' dir='ltr'><strong>pauper-o</strong></span> 
     </span>
    </p>
   </div>
   <div class='ocr_carea' id='block_1_75' title="bbox 1769 2906 3456 2976">
    <p class='ocr_par' dir='ltr' id='par_1_75' title="bbox 1769 2906 3456 2976">
     <span class='ocr_line' id='line_1_75' title="bbox 1769 2906 3456 2976; baseline -0.001 -14"><span class='ocrx_word' id='word_1_560' title='bbox 1769 2929 1821 2939; x_wconf 56' lang='grc' dir='ltr'><strong>ι-</strong></span> <span class='ocrx_word' id='word_1_561' title='bbox 1862 2907 2048 2975; x_wconf 86' lang='lat' dir='ltr'><strong>tatem,</strong></span> <span class='ocrx_word' id='word_1_562' title='bbox 2102 2907 2233 2963; x_wconf 88' lang='lat' dir='ltr'><strong>facti</strong></span> <span class='ocrx_word' id='word_1_563' title='bbox 2292 2915 2423 2962; x_wconf 85' lang='lat' dir='ltr'><strong>sunt</strong></span> <span class='ocrx_word' id='word_1_564' title='bbox 2453 2906 2687 2961; x_wconf 90' lang='lat' dir='ltr'><strong>tentoria</strong></span> <span class='ocrx_word' id='word_1_565' title='bbox 2729 2906 2997 2961; x_wconf 76' lang='lat' dir='ltr'><strong>vitiorum“</strong></span> <span class='ocrx_word' id='word_1_566' title='bbox 3029 2921 3130 2976; x_wconf 89' lang='lat' dir='ltr'><strong>pro</strong></span> <span class='ocrx_word' id='word_1_567' title='bbox 3165 2906 3456 2976; x_wconf 82' lang='lat' dir='ltr'><strong>iniquitate</strong></span> 
     </span>
    </p>
   </div>
   <div class='ocr_carea' id='block_1_76' title="bbox 1861 2996 3454 3070">
    <p class='ocr_par' dir='ltr' id='par_1_76' title="bbox 1861 2996 3454 3070">
     <span class='ocr_line' id='line_1_76' title="bbox 1861 2996 3454 3070; baseline -0.002 -17"><span class='ocrx_word' id='word_1_568' title='bbox 1861 2999 2263 3070; x_wconf 78' lang='lat' dir='ltr'><strong>congreganda.</strong></span> <span class='ocrx_word' id='word_1_569' title='bbox 2315 2998 2452 3064; x_wconf 85' lang='lat' dir='ltr'><strong>Quis</strong></span> <span class='ocrx_word' id='word_1_570' title='bbox 2501 3013 2611 3052; x_wconf 90' lang='lat' dir='ltr'><strong>non</strong></span> <span class='ocrx_word' id='word_1_571' title='bbox 2655 2996 2837 3052; x_wconf 81' lang='lat' dir='ltr'><strong>videat</strong></span> <span class='ocrx_word' id='word_1_572' title='bbox 2892 2997 3100 3052; x_wconf 89' lang='lat' dir='ltr'><strong>multos</strong></span> <span class='ocrx_word' id='word_1_573' title='bbox 3146 2996 3454 3067; x_wconf 72' lang='lat' dir='ltr'><strong>periurium</strong></span> 
     </span>
    </p>
   </div>
   <div class='ocr_carea' id='block_1_77' title="bbox 1863 3079 3455 3158">
    <p class='ocr_par' dir='ltr' id='par_1_77' title="bbox 1863 3079 3455 3158">
     <span class='ocr_line' id='line_1_77' title="bbox 1863 3079 3455 3158; baseline -0.001 -13"><span class='ocrx_word' id='word_1_574' title='bbox 1863 3085 2171 3158; x_wconf 80' lang='lat' dir='ltr'><strong>incurrere,</strong></span> <span class='ocrx_word' id='word_1_575' title='bbox 2195 3089 2492 3146; x_wconf 90' lang='lat' dir='ltr'><strong>homicidia</strong></span> <span class='ocrx_word' id='word_1_576' title='bbox 2529 3079 2729 3154; x_wconf 85' lang='lat' dir='ltr'><strong>facere,</strong></span> <span class='ocrx_word' id='word_1_577' title='bbox 2756 3089 2912 3144; x_wconf 89' lang='lat' dir='ltr'><strong>dolos</strong></span> <span class='ocrx_word' id='word_1_578' title='bbox 2937 3088 3244 3144; x_wconf 89' lang='lat' dir='ltr'><strong>machinari</strong></span> <span class='ocrx_word' id='word_1_579' title='bbox 3263 3101 3455 3144; x_wconf 84' lang='lat' dir='ltr'><strong>contra</strong></span> 
     </span>
    </p>
   </div>
   <div class='ocr_carea' id='block_1_78' title="bbox 1859 3179 3456 3255">
    <p class='ocr_par' dir='ltr' id='par_1_78' title="bbox 1859 3179 3456 3255">
     <span class='ocr_line' id='line_1_78' title="bbox 1859 3179 3456 3255; baseline -0.004 -15"><span class='ocrx_word' id='word_1_580' title='bbox 1859 3185 2162 3255; x_wconf 76' lang='lat' dir='ltr'><strong>proximos,</strong></span> <span class='ocrx_word' id='word_1_581' title='bbox 2210 3199 2396 3238; x_wconf 89' lang='lat' dir='ltr'><strong>rerum</strong></span> <span class='ocrx_word' id='word_1_582' title='bbox 2419 3182 2762 3253; x_wconf 90' lang='lat' dir='ltr'><strong>publicarum</strong></span> <span class='ocrx_word' id='word_1_583' title='bbox 2807 3189 2862 3236; x_wconf 89' lang='lat' dir='ltr'><strong>ct</strong></span> <span class='ocrx_word' id='word_1_584' title='bbox 2887 3179 3240 3235; x_wconf 88' lang='lat' dir='ltr'><strong>dominorum</strong></span> <span class='ocrx_word' id='word_1_585' title='bbox 3269 3180 3456 3250; x_wconf 89' lang='lat' dir='ltr'><strong>prodi-</strong></span> 
     </span>
    </p>
   </div>
   <div class='ocr_carea' id='block_1_79' title="bbox 1861 3272 3457 3348">
    <p class='ocr_par' dir='ltr' id='par_1_79' title="bbox 1861 3272 3457 3348">
     <span class='ocr_line' id='line_1_79' title="bbox 1861 3272 3457 3348; baseline -0.003 -15"><span class='ocrx_word' id='word_1_586' title='bbox 1861 3286 2008 3333; x_wconf 90' lang='lat' dir='ltr'><strong>tores</strong></span> <span class='ocrx_word' id='word_1_587' title='bbox 2048 3291 2172 3332; x_wconf 86' lang='lat' dir='ltr'><strong>esse</strong></span> <span class='ocrx_word' id='word_1_588' title='bbox 2198 3284 2420 3348; x_wconf 87' lang='lat' dir='ltr'><strong>propter</strong></span> <span class='ocrx_word' id='word_1_589' title='bbox 2449 3274 2690 3330; x_wconf 86' lang='lat' dir='ltr'><strong>divitias.</strong></span> <span class='ocrx_word' id='word_1_590' title='bbox 2740 3272 2805 3328; x_wconf 81' lang='lat' dir='ltr'><strong>Hi</strong></span> <span class='ocrx_word' id='word_1_591' title='bbox 2851 3273 2991 3328; x_wconf 86' lang='lat' dir='ltr'><strong>fiunt</strong></span> <span class='ocrx_word' id='word_1_592' title='bbox 3029 3290 3125 3344; x_wconf 88' lang='lat' dir='ltr'><strong>pro</strong></span> <span class='ocrx_word' id='word_1_593' title='bbox 3170 3273 3457 3344; x_wconf 62' lang='lat' dir='ltr'><strong>iniquitate</strong></span> 
     </span>
    </p>
   </div>
   <div class='ocr_carea' id='block_1_80' title="bbox 1840 3363 3455 3439">
    <p class='ocr_par' dir='ltr' id='par_1_80' title="bbox 1840 3363 3455 3439">
     <span class='ocr_line' id='line_1_80' title="bbox 1840 3363 3455 3439; baseline -0.001 -15"><span class='ocrx_word' id='word_1_594' title='bbox 1840 3371 2093 3425; x_wconf 78' lang='lat' dir='ltr'><strong>tentoria</strong></span> <span class='ocrx_word' id='word_1_595' title='bbox 2120 3366 2434 3439; x_wconf 50' lang='lat' dir='ltr'><strong>«Ethiopian</strong></span> <span class='ocrx_word' id='word_1_596' title='bbox 2467 3366 2592 3434; x_wconf 88' lang='lat' dir='ltr'><strong>Sed,</strong></span> <span class='ocrx_word' id='word_1_597' title='bbox 2617 3380 2744 3422; x_wconf 90' lang='lat' dir='ltr'><strong>cum</strong></span> <span class='ocrx_word' id='word_1_598' title='bbox 2772 3366 2989 3421; x_wconf 89' lang='lat' dir='ltr'><strong>villicus</strong></span> <span class='ocrx_word' id='word_1_599' title='bbox 3021 3364 3211 3421; x_wconf 84' lang='lat' dir='ltr'><strong>fecerit</strong></span> <span class='ocrx_word' id='word_1_600' title='bbox 3244 3363 3455 3426; x_wconf 85' lang='lat' dir='ltr'><strong>amicos</strong></span> 
     </span>
    </p>
   </div>
   <div class='ocr_carea' id='block_1_81' title="bbox 1839 3457 3456 3532">
    <p class='ocr_par' dir='ltr' id='par_1_81' title="bbox 1839 3457 3456 3532">
     <span class='ocr_line' id='line_1_81' title="bbox 1839 3457 3456 3532; baseline -0.005 -14"><span class='ocrx_word' id='word_1_601' title='bbox 1839 3462 2135 3532; x_wconf 85' lang='lat' dir='ltr'><strong>superius,</strong></span> <span class='ocrx_word' id='word_1_602' title='bbox 2163 3460 2308 3517; x_wconf 87' lang='lat' dir='ltr'><strong>etde</strong></span> <span class='ocrx_word' id='word_1_603' title='bbox 2347 3458 2724 3530; x_wconf 90' lang='lat' dir='ltr'><strong>spiritualibus</strong></span> <span class='ocrx_word' id='word_1_604' title='bbox 2749 3467 2804 3514; x_wconf 93' lang='lat' dir='ltr'><strong>et</strong></span> <span class='ocrx_word' id='word_1_605' title='bbox 2830 3457 2896 3513; x_wconf 90' lang='lat' dir='ltr'><strong>de</strong></span> <span class='ocrx_word' id='word_1_606' title='bbox 2919 3457 3322 3528; x_wconf 90' lang='lat' dir='ltr'><strong>corporalibus,</strong></span> <span class='ocrx_word' id='word_1_607' title='bbox 3355 3471 3456 3512; x_wconf 88' lang='lat' dir='ltr'><strong>cur</strong></span> 
     </span>
    </p>
   </div>
   <div class='ocr_carea' id='block_1_82' title="bbox 1861 3548 3455 3620">
    <p class='ocr_par' dir='ltr' id='par_1_82' title="bbox 1861 3548 3455 3620">
     <span class='ocr_line' id='line_1_82' title="bbox 1861 3548 3455 3620; baseline -0.004 -13"><span class='ocrx_word' id='word_1_608' title='bbox 1861 3553 2127 3609; x_wconf 90' lang='lat' dir='ltr'><strong>Dominus</strong></span> <span class='ocrx_word' id='word_1_609' title='bbox 2157 3551 2434 3607; x_wconf 78' lang='lat' dir='ltr'><strong>concludit</strong></span> <span class='ocrx_word' id='word_1_610' title='bbox 2455 3551 2616 3604; x_wconf 88' lang='lat' dir='ltr'><strong>finem</strong></span> <span class='ocrx_word' id='word_1_611' title='bbox 2641 3549 2915 3620; x_wconf 70' lang='lat' dir='ltr'><strong>parabolae</strong></span> <span class='ocrx_word' id='word_1_612' title='bbox 2945 3563 3060 3604; x_wconf 60' lang='lat' dir='ltr'><strong>sua!</strong></span> <span class='ocrx_word' id='word_1_613' title='bbox 3074 3548 3141 3603; x_wconf 90' lang='lat' dir='ltr'><strong>de</strong></span> <span class='ocrx_word' id='word_1_614' title='bbox 3169 3548 3302 3602; x_wconf 86' lang='lat' dir='ltr'><strong>solis</strong></span> <span class='ocrx_word' id='word_1_615' title='bbox 3330 3561 3455 3602; x_wconf 86' lang='lat' dir='ltr'><strong>eor-</strong></span> 
     </span>
    </p>
   </div>
   <div class='ocr_carea' id='block_1_83' title="bbox 1861 3735 3456 3812">
    <p class='ocr_par' dir='ltr' id='par_1_83' title="bbox 1861 3735 3456 3812">
     <span class='ocr_line' id='line_1_83' title="bbox 1861 3735 3456 3812; baseline -0.005 -16"><span class='ocrx_word' id='word_1_616' title='bbox 1861 3741 2134 3812; x_wconf 70' lang='lat' dir='ltr'><strong>praestitas</strong></span> <span class='ocrx_word' id='word_1_617' title='bbox 2157 3741 2453 3811; x_wconf 85' lang='lat' dir='ltr'><strong>pecunias;</strong></span> <span class='ocrx_word' id='word_1_618' title='bbox 2484 3737 2702 3793; x_wconf 87' lang='lat' dir='ltr'><strong>facilius</strong></span> <span class='ocrx_word' id='word_1_619' title='bbox 2732 3737 2932 3792; x_wconf 87' lang='lat' dir='ltr'><strong>damus</strong></span> <span class='ocrx_word' id='word_1_620' title='bbox 2955 3735 3115 3790; x_wconf 81' lang='lat' dir='ltr'><strong>ﬁdem</strong></span> <span class='ocrx_word' id='word_1_621' title='bbox 3134 3748 3300 3804; x_wconf 90' lang='lat' dir='ltr'><strong>quam</strong></span> <span class='ocrx_word' id='word_1_622' title='bbox 3326 3748 3456 3803; x_wconf 85' lang='lat' dir='ltr'><strong>pos-</strong></span> 
     </span>
    </p>
   </div>
   <div class='ocr_carea' id='block_1_84' title="bbox 1861 3825 3452 3904">
    <p class='ocr_par' dir='ltr' id='par_1_84' title="bbox 1861 3825 3452 3904">
     <span class='ocr_line' id='line_1_84' title="bbox 1861 3825 3452 3904; baseline -0.006 -14"><span class='ocrx_word' id='word_1_623' title='bbox 1861 3834 2197 3897; x_wconf 84' lang='lat' dir='ltr'><strong>sessionem;</strong></span> <span class='ocrx_word' id='word_1_624' title='bbox 2233 3833 2520 3904; x_wconf 89' lang='lat' dir='ltr'><strong>proniores</strong></span> <span class='ocrx_word' id='word_1_625' title='bbox 2570 3845 2764 3886; x_wconf 87' lang='lat' dir='ltr'><strong>sumus</strong></span> <span class='ocrx_word' id='word_1_626' title='bbox 2806 3826 3094 3883; x_wconf 79' lang='lat' dir='ltr'><strong>dimittere</strong></span> <span class='ocrx_word' id='word_1_627' title='bbox 3134 3825 3260 3880; x_wconf 90' lang='lat' dir='ltr'><strong>odia</strong></span> <span class='ocrx_word' id='word_1_628' title='bbox 3285 3840 3452 3895; x_wconf 89' lang='lat' dir='ltr'><strong>quam</strong></span> 
     </span>
    </p>
   </div>
   <div class='ocr_carea' id='block_1_85' title="bbox 1860 3916 3454 3997">
    <p class='ocr_par' dir='ltr' id='par_1_85' title="bbox 1860 3916 3454 3997">
     <span class='ocr_line' id='line_1_85' title="bbox 1860 3916 3454 3997; baseline -0.005 -17"><span class='ocrx_word' id='word_1_629' title='bbox 1860 3922 2167 3997; x_wconf 72' lang='lat' dir='ltr'><strong>erpendere</strong></span> <span class='ocrx_word' id='word_1_630' title='bbox 2195 3936 2402 3979; x_wconf 89' lang='lat' dir='ltr'><strong>nostra.</strong></span> <span class='ocrx_word' id='word_1_631' title='bbox 2442 3921 2567 3978; x_wconf 85' lang='lat' dir='ltr'><strong>Ideo</strong></span> <span class='ocrx_word' id='word_1_632' title='bbox 2619 3919 2909 3987; x_wconf 85' lang='lat' dir='ltr'><strong>Dominus,</strong></span> <span class='ocrx_word' id='word_1_633' title='bbox 2952 3917 3264 3990; x_wconf 86' lang='lat' dir='ltr'><strong>parabolice</strong></span> <span class='ocrx_word' id='word_1_634' title='bbox 3293 3916 3454 3972; x_wconf 80' lang='lat' dir='ltr'><strong>nobis</strong></span> 
     </span>
    </p>
   </div>
   <div class='ocr_carea' id='block_1_86' title="bbox 1861 4003 3453 4082">
    <p class='ocr_par' dir='ltr' id='par_1_86' title="bbox 1861 4003 3453 4082">
     <span class='ocr_line' id='line_1_86' title="bbox 1861 4003 3453 4082; baseline -0.006 -10"><span class='ocrx_word' id='word_1_635' title='bbox 1861 4019 1931 4072; x_wconf 88' lang='lat' dir='ltr'><strong>ad</strong></span> <span class='ocrx_word' id='word_1_636' title='bbox 1953 4003 2390 4073; x_wconf 87' lang='lat' dir='ltr'><strong>misericordiam</strong></span> <span class='ocrx_word' id='word_1_637' title='bbox 2419 4014 2724 4080; x_wconf 86' lang='lat' dir='ltr'><strong>instructis,</strong></span> <span class='ocrx_word' id='word_1_638' title='bbox 2773 4013 2828 4068; x_wconf 90' lang='lat' dir='ltr'><strong>in</strong></span> <span class='ocrx_word' id='word_1_639' title='bbox 2855 4027 2919 4068; x_wconf 88' lang='lat' dir='ltr'><strong>ea</strong></span> <span class='ocrx_word' id='word_1_640' title='bbox 2949 4019 3102 4082; x_wconf 89' lang='lat' dir='ltr'><strong>parte</strong></span> <span class='ocrx_word' id='word_1_641' title='bbox 3131 4009 3453 4065; x_wconf 53' lang='lat' dir='ltr'><strong>misericora</strong></span> 
     </span>
    </p>
   </div>
   <div class='ocr_carea' id='block_1_87' title="bbox 1860 4100 3454 4184">
    <p class='ocr_par' dir='ltr' id='par_1_87' title="bbox 1860 4100 3454 4184">
     <span class='ocr_line' id='line_1_87' title="bbox 1860 4100 3454 4184; baseline -0.008 -18"><span class='ocrx_word' id='word_1_642' title='bbox 1860 4111 1964 4166; x_wconf 73' lang='lat' dir='ltr'><strong>dia:</strong></span> <span class='ocrx_word' id='word_1_643' title='bbox 2006 4109 2286 4165; x_wconf 86' lang='lat' dir='ltr'><strong>concludit</strong></span> <span class='ocrx_word' id='word_1_644' title='bbox 2312 4121 2623 4164; x_wconf 88' lang='lat' dir='ltr'><strong>sermonem</strong></span> <span class='ocrx_word' id='word_1_645' title='bbox 2649 4107 2834 4181; x_wconf 83' lang='lat' dir='ltr'><strong>quam</strong></span> <span class='ocrx_word' id='word_1_646' title='bbox 2861 4103 3012 4158; x_wconf 91' lang='lat' dir='ltr'><strong>novit</strong></span> <span class='ocrx_word' id='word_1_647' title='bbox 3034 4101 3176 4179; x_wconf 88' lang='lat' dir='ltr'><strong>apud</strong></span> <span class='ocrx_word' id='word_1_648' title='bbox 3200 4100 3454 4184; x_wconf 85' lang='lat' dir='ltr'><strong>homines</strong></span> 
     </span>
    </p>
   </div>
   <div class='ocr_carea' id='block_1_88' title="bbox 1860 4191 3455 4277">
    <p class='ocr_par' dir='ltr' id='par_1_88' title="bbox 1860 4191 3455 4277">
     <span class='ocr_line' id='line_1_88' title="bbox 1860 4191 3455 4277; baseline -0.008 -21"><span class='ocrx_word' id='word_1_649' title='bbox 1860 4201 2218 4277; x_wconf 77' lang='lat' dir='ltr'><strong>difﬁciliorem</strong></span> <span class='ocrx_word' id='word_1_650' title='bbox 2235 4214 2254 4268; x_wconf 78' lang='lat'><strong>&#39;;</strong></span> <span class='ocrx_word' id='word_1_651' title='bbox 2288 4208 2343 4257; x_wconf 92' lang='lat' dir='ltr'><strong>et</strong></span> <span class='ocrx_word' id='word_1_652' title='bbox 2367 4200 2433 4256; x_wconf 90' lang='lat' dir='ltr'><strong>ad</strong></span> <span class='ocrx_word' id='word_1_653' title='bbox 2456 4215 2578 4255; x_wconf 90' lang='lat' dir='ltr'><strong>eam</strong></span> <span class='ocrx_word' id='word_1_654' title='bbox 2602 4213 2704 4254; x_wconf 89' lang='lat' dir='ltr'><strong>nos</strong></span> <span class='ocrx_word' id='word_1_655' title='bbox 2730 4196 2950 4254; x_wconf 74' lang='lat' dir='ltr'><strong>enixius</strong></span> <span class='ocrx_word' id='word_1_656' title='bbox 2985 4194 3239 4249; x_wconf 87' lang='lat' dir='ltr'><strong>hortatur</strong></span> <span class='ocrx_word' id='word_1_657' title='bbox 3266 4191 3321 4246; x_wconf 91' lang='lat' dir='ltr'><strong>in</strong></span> <span class='ocrx_word' id='word_1_658' title='bbox 3346 4191 3455 4245; x_wconf 81' lang='lat' dir='ltr'><strong>line</strong></span> 
     </span>
    </p>
   </div>
   <div class='ocr_carea' id='block_1_89' title="bbox 1861 4283 3459 4364">
    <p class='ocr_par' dir='ltr' id='par_1_89' title="bbox 1861 4283 3459 4364">
     <span class='ocr_line' id='line_1_89' title="bbox 1861 4283 3459 4364; baseline -0.007 -14"><span class='ocrx_word' id='word_1_659' title='bbox 1861 4296 1930 4349; x_wconf 89' lang='lat' dir='ltr'><strong>ad</strong></span> <span class='ocrx_word' id='word_1_660' title='bbox 1965 4310 2130 4364; x_wconf 89' lang='lat' dir='ltr'><strong>quam</strong></span> <span class='ocrx_word' id='word_1_661' title='bbox 2155 4293 2300 4348; x_wconf 90' lang='lat' dir='ltr'><strong>videt</strong></span> <span class='ocrx_word' id='word_1_662' title='bbox 2343 4309 2445 4348; x_wconf 92' lang='lat' dir='ltr'><strong>nos</strong></span> <span class='ocrx_word' id='word_1_663' title='bbox 2468 4290 2744 4348; x_wconf 73' lang='lat' dir='ltr'><strong>difﬁcilius</strong></span> <span class='ocrx_word' id='word_1_664' title='bbox 2772 4287 3048 4352; x_wconf 88' lang='lat' dir='ltr'><strong>inclinari,</strong></span> <span class='ocrx_word' id='word_1_665' title='bbox 3095 4286 3224 4356; x_wconf 90' lang='lat' dir='ltr'><strong>quia</strong></span> <span class='ocrx_word' id='word_1_666' title='bbox 3263 4283 3459 4339; x_wconf 82' lang='lat' dir='ltr'><strong>melior</strong></span> 
     </span>
    </p>
   </div>
   <div class='ocr_carea' id='block_1_90' title="bbox 1862 4374 3450 4455">
    <p class='ocr_par' dir='ltr' id='par_1_90' title="bbox 1862 4374 3450 4455">
     <span class='ocr_line' id='line_1_90' title="bbox 1862 4374 3450 4455; baseline -0.007 -15"><span class='ocrx_word' id='word_1_667' title='bbox 1862 4394 1940 4440; x_wconf 84' lang='lat' dir='ltr'><strong>est</strong></span> <span class='ocrx_word' id='word_1_668' title='bbox 1987 4386 2112 4455; x_wconf 81' lang='lat' dir='ltr'><strong>ﬁnis</strong></span> <span class='ocrx_word' id='word_1_669' title='bbox 2139 4385 2400 4439; x_wconf 88' lang='lat' dir='ltr'><strong>orationis</strong></span> <span class='ocrx_word' id='word_1_670' title='bbox 2429 4398 2588 4454; x_wconf 88' lang='lat' dir='ltr'><strong>quam</strong></span> <span class='ocrx_word' id='word_1_671' title='bbox 2631 4381 2954 4451; x_wconf 80' lang='lat' dir='ltr'><strong>principium</strong></span> <span class='ocrx_word' id='word_1_672' title='bbox 2981 4377 3211 4448; x_wconf 79' lang='lat' dir='ltr'><strong>(Eccles.</strong></span> <span class='ocrx_word' id='word_1_673' title='bbox 3241 4391 3338 4442; x_wconf 82' lang='lat' dir='ltr'><strong>vn,</strong></span> <span class='ocrx_word' id='word_1_674' title='bbox 3369 4374 3450 4446; x_wconf 82' lang='lat'><strong>9).</strong></span> 
     </span>
    </p>
   </div>
   <div class='ocr_carea' id='block_1_91' title="bbox 158 4468 3456 4554">
    <p class='ocr_par' dir='ltr' id='par_1_91' title="bbox 158 4468 3456 4554">
     <span class='ocr_line' id='line_1_91' title="bbox 158 4468 3456 4554; baseline -0.001 -28"><span class='ocrx_word' id='word_1_675' title='bbox 158 4473 367 4528; x_wconf 67' lang='lat' dir='ltr'><strong>moria:</strong></span> <span class='ocrx_word' id='word_1_676' title='bbox 409 4476 554 4544; x_wconf 86' lang='lat' dir='ltr'><strong>quod</strong></span> <span class='ocrx_word' id='word_1_677' title='bbox 591 4475 770 4532; x_wconf 89' lang='lat' dir='ltr'><strong>adhuc</strong></span> <span class='ocrx_word' id='word_1_678' title='bbox 820 4491 948 4548; x_wconf 86' lang='lat' dir='ltr'><strong>eges</strong></span> <span class='ocrx_word' id='word_1_679' title='bbox 981 4478 1140 4534; x_wconf 89' lang='lat' dir='ltr'><strong>venia</strong></span> <span class='ocrx_word' id='word_1_680' title='bbox 1183 4479 1382 4536; x_wconf 70' lang='lat' dir='ltr'><strong>divinae</strong></span> <span class='ocrx_word' id='word_1_681' title='bbox 1428 4483 1653 4554; x_wconf 60' lang='lat' dir='ltr'><strong>gratiae;</strong></span> <span class='ocrx_word' id='word_1_682' title='bbox 1711 4483 1756 4540; x_wconf 91' lang='lat' dir='ltr'><strong>si</strong></span> <span class='ocrx_word' id='word_1_683' title='bbox 1792 4473 2155 4535; x_wconf 86' lang='lat' dir='ltr'><strong>DFaciamus</strong></span> <span class='ocrx_word' id='word_1_684' title='bbox 2198 4491 2330 4547; x_wconf 86' lang='lat' dir='ltr'><strong>ergo</strong></span> <span class='ocrx_word' id='word_1_685' title='bbox 2371 4475 2440 4530; x_wconf 92' lang='lat' dir='ltr'><strong>de</strong></span> <span class='ocrx_word' id='word_1_686' title='bbox 2465 4473 2672 4530; x_wconf 89' lang='lat' dir='ltr'><strong>divitiis</strong></span> <span class='ocrx_word' id='word_1_687' title='bbox 2720 4468 3027 4542; x_wconf 86' lang='lat' dir='ltr'><strong>iniquitatis</strong></span> <span class='ocrx_word' id='word_1_688' title='bbox 3056 4468 3288 4534; x_wconf 84' lang='lat' dir='ltr'><strong>amicos,</strong></span> <span class='ocrx_word' id='word_1_689' title='bbox 3316 4483 3456 4537; x_wconf 87' lang='lat' dir='ltr'><strong>pau-</strong></span> 
     </span>
    </p>
   </div>
   <div class='ocr_carea' id='block_1_92' title="bbox 157 4563 1750 4643">
    <p class='ocr_par' dir='ltr' id='par_1_92' title="bbox 157 4563 1750 4643">
     <span class='ocr_line' id='line_1_92' title="bbox 157 4563 1750 4643; baseline 0.009 -26"><span class='ocrx_word' id='word_1_690' title='bbox 157 4563 395 4634; x_wconf 90' lang='lat' dir='ltr'><strong>quidem</strong></span> <span class='ocrx_word' id='word_1_691' title='bbox 419 4564 694 4636; x_wconf 81' lang='lat' dir='ltr'><strong>Evangelii</strong></span> <span class='ocrx_word' id='word_1_692' title='bbox 717 4569 892 4638; x_wconf 86' lang='lat' dir='ltr'><strong>gratia</strong></span> <span class='ocrx_word' id='word_1_693' title='bbox 913 4569 1250 4640; x_wconf 86' lang='lat' dir='ltr'><strong>significatur</strong></span> <span class='ocrx_word' id='word_1_694' title='bbox 1266 4587 1362 4642; x_wconf 89' lang='lat' dir='ltr'><strong>per</strong></span> <span class='ocrx_word' id='word_1_695' title='bbox 1382 4576 1750 4643; x_wconf 77' lang='lat' dir='ltr'><strong>octonarium,</strong></span> 
     </span>
    </p>
   </div>
   <div class='ocr_carea' id='block_1_93' title="bbox 155 4655 1756 4730">
    <p class='ocr_par' dir='ltr' id='par_1_93' title="bbox 155 4655 1756 4730">
     <span class='ocr_line' id='line_1_93' title="bbox 155 4655 1756 4730; baseline 0.008 -20"><span class='ocrx_word' id='word_1_696' title='bbox 155 4655 317 4710; x_wconf 84' lang='lat' dir='ltr'><strong>sicut</strong></span> <span class='ocrx_word' id='word_1_697' title='bbox 339 4657 632 4713; x_wconf 89' lang='lat' dir='ltr'><strong>austeritas</strong></span> <span class='ocrx_word' id='word_1_698' title='bbox 656 4657 812 4730; x_wconf 86' lang='lat' dir='ltr'><strong>legis,</strong></span> <span class='ocrx_word' id='word_1_699' title='bbox 843 4675 939 4730; x_wconf 91' lang='lat' dir='ltr'><strong>per</strong></span> <span class='ocrx_word' id='word_1_700' title='bbox 963 4663 1353 4730; x_wconf 89' lang='lat' dir='ltr'><strong>septenarium.</strong></span> <span class='ocrx_word' id='word_1_701' title='bbox 1385 4664 1490 4720; x_wconf 91' lang='lat' dir='ltr'><strong>Sed</strong></span> <span class='ocrx_word' id='word_1_702' title='bbox 1513 4676 1756 4724; x_wconf 88' lang='lat' dir='ltr'><strong>meretur</strong></span> 
     </span>
    </p>
   </div>
   <div class='ocr_carea' id='block_1_94' title="bbox 155 4747 1755 4830">
    <p class='ocr_par' dir='ltr' id='par_1_94' title="bbox 155 4747 1755 4830">
     <span class='ocr_line' id='line_1_94' title="bbox 155 4747 1755 4830; baseline 0.008 -27"><span class='ocrx_word' id='word_1_703' title='bbox 155 4747 446 4803; x_wconf 81' lang='lat' dir='ltr'><strong>octonarii</strong></span> <span class='ocrx_word' id='word_1_704' title='bbox 502 4750 733 4820; x_wconf 80' lang='lat' dir='ltr'><strong>gratiam</strong></span> <span class='ocrx_word' id='word_1_705' title='bbox 787 4753 883 4822; x_wconf 91' lang='lat' dir='ltr'><strong>qui</strong></span> <span class='ocrx_word' id='word_1_706' title='bbox 947 4763 1217 4825; x_wconf 77' lang='lat' dir='ltr'><strong>pnecepta</strong></span> <span class='ocrx_word' id='word_1_707' title='bbox 1279 4758 1559 4826; x_wconf 90' lang='lat' dir='ltr'><strong>custodit,</strong></span> <span class='ocrx_word' id='word_1_708' title='bbox 1632 4775 1755 4830; x_wconf 65' lang='lat' dir='ltr'><strong>quae</strong></span> 
     </span>
    </p>
   </div>
   <div class='ocr_carea' id='block_1_95' title="bbox 153 4837 1750 4922">
    <p class='ocr_par' dir='ltr' id='par_1_95' title="bbox 153 4837 1750 4922">
     <span class='ocr_line' id='line_1_95' title="bbox 153 4837 1750 4922; baseline 0.008 -27"><span class='ocrx_word' id='word_1_709' title='bbox 153 4837 552 4910; x_wconf 87' lang='lat' dir='ltr'><strong>significantur</strong></span> <span class='ocrx_word' id='word_1_710' title='bbox 573 4857 669 4912; x_wconf 90' lang='lat' dir='ltr'><strong>per</strong></span> <span class='ocrx_word' id='word_1_711' title='bbox 694 4843 901 4912; x_wconf 91' lang='lat' dir='ltr'><strong>decem,</strong></span> <span class='ocrx_word' id='word_1_712' title='bbox 925 4855 983 4901; x_wconf 89' lang='lat' dir='ltr'><strong>ut</strong></span> <span class='ocrx_word' id='word_1_713' title='bbox 1002 4862 1100 4916; x_wconf 90' lang='lat' dir='ltr'><strong>per</strong></span> <span class='ocrx_word' id='word_1_714' title='bbox 1136 4849 1479 4904; x_wconf 90' lang='lat' dir='ltr'><strong>octonarium</strong></span> <span class='ocrx_word' id='word_1_715' title='bbox 1495 4850 1750 4922; x_wconf 85' lang='lat' dir='ltr'><strong>junctum</strong></span> 
     </span>
    </p>
   </div>
   <div class='ocr_carea' id='block_1_96' title="bbox 151 4931 1757 5014">
    <p class='ocr_par' dir='ltr' id='par_1_96' title="bbox 151 4931 1757 5014">
     <span class='ocr_line' id='line_1_96' title="bbox 151 4931 1757 5014; baseline 0.009 -28"><span class='ocrx_word' id='word_1_716' title='bbox 151 4931 422 4996; x_wconf 88' lang='lat' dir='ltr'><strong>denario,</strong></span> <span class='ocrx_word' id='word_1_717' title='bbox 452 4935 682 5014; x_wconf 82' lang='lat' dir='ltr'><strong>gratiam</strong></span> <span class='ocrx_word' id='word_1_718' title='bbox 726 4935 999 5010; x_wconf 89' lang='lat' dir='ltr'><strong>illigamus</strong></span> <span class='ocrx_word' id='word_1_719' title='bbox 1028 4940 1353 5010; x_wconf 89' lang='lat' dir='ltr'><strong>acquisitam</strong></span> <span class='ocrx_word' id='word_1_720' title='bbox 1382 4953 1672 5014; x_wconf 66' lang='lat' dir='ltr'><strong>praecepto,</strong></span> <span class='ocrx_word' id='word_1_721' title='bbox 1695 4954 1757 5000; x_wconf 93' lang='lat' dir='ltr'><strong>ut</strong></span> 
     </span>
    </p>
   </div>
   <div class='ocr_carea' id='block_1_97' title="bbox 152 5024 1754 5108">
    <p class='ocr_par' dir='ltr' id='par_1_97' title="bbox 152 5024 1754 5108">
     <span class='ocr_line' id='line_1_97' title="bbox 152 5024 1754 5108; baseline 0.01 -32"><span class='ocrx_word' id='word_1_722' title='bbox 152 5024 265 5094; x_wconf 85' lang='lat' dir='ltr'><strong>qui</strong></span> <span class='ocrx_word' id='word_1_723' title='bbox 298 5025 491 5079; x_wconf 88' lang='lat' dir='ltr'><strong>scribit</strong></span> <span class='ocrx_word' id='word_1_724' title='bbox 517 5027 787 5098; x_wconf 86' lang='lat' dir='ltr'><strong>octoginta</strong></span> <span class='ocrx_word' id='word_1_725' title='bbox 840 5045 936 5098; x_wconf 89' lang='lat' dir='ltr'><strong>per</strong></span> <span class='ocrx_word' id='word_1_726' title='bbox 973 5029 1225 5104; x_wconf 87' lang='lat' dir='ltr'><strong>Decalogi</strong></span> <span class='ocrx_word' id='word_1_727' title='bbox 1273 5035 1598 5103; x_wconf 82' lang='lat' dir='ltr'><strong>custodiam,</strong></span> <span class='ocrx_word' id='word_1_728' title='bbox 1627 5053 1754 5108; x_wconf 86' lang='lat' dir='ltr'><strong>per-</strong></span> 
     </span>
    </p>
   </div>
   <div class='ocr_carea' id='block_1_98' title="bbox 152 5116 1013 5192">
    <p class='ocr_par' dir='ltr' id='par_1_98' title="bbox 152 5116 1013 5192">
     <span class='ocr_line' id='line_1_98' title="bbox 152 5116 1013 5192; baseline 0.007 -21"><span class='ocrx_word' id='word_1_729' title='bbox 152 5116 357 5171; x_wconf 79' lang='lat' dir='ltr'><strong>veniat</strong></span> <span class='ocrx_word' id='word_1_730' title='bbox 383 5117 448 5172; x_wconf 82' lang='lat' dir='ltr'><strong>ad</strong></span> <span class='ocrx_word' id='word_1_731' title='bbox 474 5120 741 5174; x_wconf 82' lang='lat' dir='ltr'><strong>octonarii</strong></span> <span class='ocrx_word' id='word_1_732' title='bbox 765 5123 1013 5192; x_wconf 86' lang='lat' dir='ltr'><strong>gratiam.</strong></span> 
     </span>
    </p>
   </div>
   <div class='ocr_carea' id='block_1_99' title="bbox 195 5205 1768 5288">
    <p class='ocr_par' dir='ltr' id='par_1_99' title="bbox 195 5205 1768 5288">
     <span class='ocr_line' id='line_1_99' title="bbox 195 5205 1768 5288; baseline 0.008 -26"><span class='ocrx_word' id='word_1_733' title='bbox 195 5205 276 5262; x_wconf 82' lang='lat' dir='ltr'><strong>Et</strong></span> <span class='ocrx_word' id='word_1_734' title='bbox 300 5207 540 5263; x_wconf 81' lang='lat' dir='ltr'><strong>laudarit</strong></span> <span class='ocrx_word' id='word_1_735' title='bbox 555 5211 798 5266; x_wconf 84' lang='lat' dir='ltr'><strong>dominus</strong></span> <span class='ocrx_word' id='word_1_736' title='bbox 819 5213 1054 5268; x_wconf 85' lang='lat' dir='ltr'><strong>villicum</strong></span> <span class='ocrx_word' id='word_1_737' title='bbox 1069 5215 1369 5286; x_wconf 81' lang='lat' dir='ltr'><strong>iniquitatis</strong></span> <span class='ocrx_word' id='word_1_738' title='bbox 1389 5219 1514 5288; x_wconf 88' lang='lat' dir='ltr'><strong>quia</strong></span> <span class='ocrx_word' id='word_1_739' title='bbox 1525 5220 1768 5288; x_wconf 78' lang='lat' dir='ltr'><strong>pruden--</strong></span> 
     </span>
    </p>
   </div>
   <div class='ocr_carea' id='block_1_100' title="bbox 154 5296 1753 5379">
    <p class='ocr_par' dir='ltr' id='par_1_100' title="bbox 154 5296 1753 5379">
     <span class='ocr_line' id='line_1_100' title="bbox 154 5296 1753 5379; baseline 0.01 -27"><span class='ocrx_word' id='word_1_740' title='bbox 154 5296 250 5377; x_wconf 76' lang='lat' dir='ltr'><strong>ter</strong></span> <span class='ocrx_word' id='word_1_741' title='bbox 282 5300 512 5369; x_wconf 80' lang='lat' dir='ltr'><strong>fecisset.</strong></span> <span class='ocrx_word' id='word_1_742' title='bbox 553 5301 690 5358; x_wconf 82' lang='lat' dir='ltr'><strong>Mira</strong></span> <span class='ocrx_word' id='word_1_743' title='bbox 711 5319 832 5372; x_wconf 91' lang='lat' dir='ltr'><strong>res;</strong></span> <span class='ocrx_word' id='word_1_744' title='bbox 852 5308 1030 5363; x_wconf 90' lang='lat' dir='ltr'><strong>malus</strong></span> <span class='ocrx_word' id='word_1_745' title='bbox 1051 5317 1135 5362; x_wconf 91' lang='lat' dir='ltr'><strong>est</strong></span> <span class='ocrx_word' id='word_1_746' title='bbox 1159 5308 1370 5364; x_wconf 84' lang='lat' dir='ltr'><strong>villicus</strong></span> <span class='ocrx_word' id='word_1_747' title='bbox 1385 5318 1440 5364; x_wconf 90' lang='lat' dir='ltr'><strong>et</strong></span> <span class='ocrx_word' id='word_1_748' title='bbox 1470 5311 1753 5379; x_wconf 88' lang='lat' dir='ltr'><strong>laudatur;</strong></span> 
     </span>
    </p>
   </div>
   <div class='ocr_carea' id='block_1_101' title="bbox 155 5388 1754 5474">
    <p class='ocr_par' dir='ltr' id='par_1_101' title="bbox 155 5388 1754 5474">
     <span class='ocr_line' id='line_1_101' title="bbox 155 5388 1754 5474; baseline 0.008 -28"><span class='ocrx_word' id='word_1_749' title='bbox 155 5391 318 5446; x_wconf 84' lang='lat' dir='ltr'><strong>male</strong></span> <span class='ocrx_word' id='word_1_750' title='bbox 362 5392 699 5462; x_wconf 82' lang='lat' dir='ltr'><strong>dispensavit</strong></span> <span class='ocrx_word' id='word_1_751' title='bbox 731 5405 784 5450; x_wconf 91' lang='lat' dir='ltr'><strong>et</strong></span> <span class='ocrx_word' id='word_1_752' title='bbox 831 5399 1104 5468; x_wconf 90' lang='lat' dir='ltr'><strong>parcitur;</strong></span> <span class='ocrx_word' id='word_1_753' title='bbox 1140 5415 1248 5455; x_wconf 89' lang='lat' dir='ltr'><strong>non</strong></span> <span class='ocrx_word' id='word_1_754' title='bbox 1279 5388 1586 5458; x_wconf 82' lang='lat' dir='ltr'><strong>emendavit</strong></span> <span class='ocrx_word' id='word_1_755' title='bbox 1607 5403 1754 5474; x_wconf 89' lang='lat' dir='ltr'><strong>quod</strong></span> 
     </span>
    </p>
   </div>
   <div class='ocr_carea' id='block_1_102' title="bbox 151 5482 1755 5566">
    <p class='ocr_par' dir='ltr' id='par_1_102' title="bbox 151 5482 1755 5566">
     <span class='ocr_line' id='line_1_102' title="bbox 151 5482 1755 5566; baseline 0.009 -29"><span class='ocrx_word' id='word_1_756' title='bbox 151 5482 323 5550; x_wconf 87' lang='lat' dir='ltr'><strong>fecit,</strong></span> <span class='ocrx_word' id='word_1_757' title='bbox 366 5493 421 5539; x_wconf 90' lang='lat' dir='ltr'><strong>et</strong></span> <span class='ocrx_word' id='word_1_758' title='bbox 460 5484 788 5558; x_wconf 84' lang='lat' dir='ltr'><strong>indulgetur.</strong></span> <span class='ocrx_word' id='word_1_759' title='bbox 839 5487 1040 5545; x_wconf 87' lang='lat' dir='ltr'><strong>Verum</strong></span> <span class='ocrx_word' id='word_1_760' title='bbox 1096 5493 1389 5562; x_wconf 88' lang='lat' dir='ltr'><strong>prudenter</strong></span> <span class='ocrx_word' id='word_1_761' title='bbox 1442 5487 1570 5566; x_wconf 85' lang='lat' dir='ltr'><strong>egit,</strong></span> <span class='ocrx_word' id='word_1_762' title='bbox 1623 5495 1755 5565; x_wconf 90' lang='lat' dir='ltr'><strong>quia</strong></span> 
     </span>
    </p>
   </div>
   <div class='ocr_carea' id='block_1_103' title="bbox 149 5569 1756 5658">
    <p class='ocr_par' dir='ltr' id='par_1_103' title="bbox 149 5569 1756 5658">
     <span class='ocr_line' id='line_1_103' title="bbox 149 5569 1756 5658; baseline 0.006 -26"><span class='ocrx_word' id='word_1_763' title='bbox 149 5575 383 5632; x_wconf 86' lang='lat' dir='ltr'><strong>dimisit</strong></span> <span class='ocrx_word' id='word_1_764' title='bbox 410 5593 605 5649; x_wconf 87' lang='lat' dir='ltr'><strong>pauca,</strong></span> <span class='ocrx_word' id='word_1_765' title='bbox 631 5588 691 5635; x_wconf 92' lang='lat' dir='ltr'><strong>ut</strong></span> <span class='ocrx_word' id='word_1_766' title='bbox 711 5569 975 5652; x_wconf 82' lang='lat' dir='ltr'><strong>reciperet</strong></span> <span class='ocrx_word' id='word_1_767' title='bbox 1019 5585 1204 5654; x_wconf 86' lang='lat' dir='ltr'><strong>plura;</strong></span> <span class='ocrx_word' id='word_1_768' title='bbox 1235 5586 1440 5643; x_wconf 87' lang='lat' dir='ltr'><strong>dimisit</strong></span> <span class='ocrx_word' id='word_1_769' title='bbox 1477 5595 1756 5658; x_wconf 88' lang='lat' dir='ltr'><strong>tempora-</strong></span> 
     </span>
    </p>
   </div>
   <div class='ocr_carea' id='block_1_104' title="bbox 150 5665 1757 5745">
    <p class='ocr_par' dir='ltr' id='par_1_104' title="bbox 150 5665 1757 5745">
     <span class='ocr_line' id='line_1_104' title="bbox 150 5665 1757 5745; baseline 0.006 -19"><span class='ocrx_word' id='word_1_770' title='bbox 150 5665 270 5737; x_wconf 70' lang='lat' dir='ltr'><strong>us,</strong></span> <span class='ocrx_word' id='word_1_771' title='bbox 298 5679 357 5725; x_wconf 89' lang='lat' dir='ltr'><strong>ut</strong></span> <span class='ocrx_word' id='word_1_772' title='bbox 381 5680 586 5728; x_wconf 70' lang='lat' dir='ltr'><strong>aeterna</strong></span> <span class='ocrx_word' id='word_1_773' title='bbox 608 5673 887 5745; x_wconf 84' lang='lat' dir='ltr'><strong>percipiat.</strong></span> <span class='ocrx_word' id='word_1_774' title='bbox 919 5675 1180 5733; x_wconf 81' lang='lat' dir='ltr'><strong>Audierat</strong></span> <span class='ocrx_word' id='word_1_775' title='bbox 1230 5679 1376 5734; x_wconf 86' lang='lat' dir='ltr'><strong>enim</strong></span> <span class='ocrx_word' id='word_1_776' title='bbox 1426 5695 1444 5735; x_wconf 69' lang='grc' dir='ltr'><strong>ε.</strong></span> <span class='ocrx_word' id='word_1_777' title='bbox 1484 5678 1757 5735; x_wconf 85' lang='lat' dir='ltr'><strong>Dimittite</strong></span> 
     </span>
    </p>
   </div>
   <div class='ocr_carea' id='block_1_105' title="bbox 152 5762 1758 5839">
    <p class='ocr_par' dir='ltr' id='par_1_105' title="bbox 152 5762 1758 5839">
     <span class='ocr_line' id='line_1_105' title="bbox 152 5762 1758 5839; baseline 0.006 -23"><span class='ocrx_word' id='word_1_778' title='bbox 152 5771 212 5816; x_wconf 73' lang='lat' dir='ltr'><strong>et</strong></span> <span class='ocrx_word' id='word_1_779' title='bbox 232 5762 538 5820; x_wconf 69' lang='lat' dir='ltr'><strong>dimittetur</strong></span> <span class='ocrx_word' id='word_1_780' title='bbox 562 5765 706 5818; x_wconf 65' lang='lat' dir='ltr'><strong>vobis</strong></span> <span class='ocrx_word' id='word_1_781' title='bbox 732 5765 882 5838; x_wconf 76' lang='lat' dir='ltr'><strong>(Luc.</strong></span> <span class='ocrx_word' id='word_1_782' title='bbox 908 5782 980 5834; x_wconf 69' lang='grc' dir='ltr'><strong>γι,</strong></span> <span class='ocrx_word' id='word_1_783' title='bbox 1007 5767 1118 5839; x_wconf 79' lang='lat'><strong>37),</strong></span> <span class='ocrx_word' id='word_1_784' title='bbox 1146 5778 1197 5823; x_wconf 86' lang='lat' dir='ltr'><strong>et</strong></span> <span class='ocrx_word' id='word_1_785' title='bbox 1243 5770 1452 5826; x_wconf 83' lang='lat' dir='ltr'><strong>dimitte</strong></span> <span class='ocrx_word' id='word_1_786' title='bbox 1495 5771 1643 5825; x_wconf 78' lang='lat' dir='ltr'><strong>nobis</strong></span> <span class='ocrx_word' id='word_1_787' title='bbox 1667 5770 1758 5826; x_wconf 85' lang='lat' dir='ltr'><strong>de-</strong></span> 
     </span>
    </p>
   </div>
   <div class='ocr_carea' id='block_1_106' title="bbox 1859 4555 3455 4644">
    <p class='ocr_par' dir='ltr' id='par_1_106' title="bbox 1859 4555 3455 4644">
     <span class='ocr_line' id='line_1_106' title="bbox 1859 4555 3455 4644; baseline -0.009 -17"><span class='ocrx_word' id='word_1_788' title='bbox 1859 4571 2082 4644; x_wconf 89' lang='lat' dir='ltr'><strong>peribus</strong></span> <span class='ocrx_word' id='word_1_789' title='bbox 2109 4585 2204 4625; x_wconf 87' lang='lat' dir='ltr'><strong>eas</strong></span> <span class='ocrx_word' id='word_1_790' title='bbox 2231 4565 2634 4630; x_wconf 89' lang='lat' dir='ltr'><strong>distribuendo,</strong></span> <span class='ocrx_word' id='word_1_791' title='bbox 2673 4555 2728 4620; x_wconf 88' lang='lat' dir='ltr'><strong>et</strong></span> <span class='ocrx_word' id='word_1_792' title='bbox 2772 4560 3116 4619; x_wconf 80' lang='lat' dir='ltr'><strong>debitoribus</strong></span> <span class='ocrx_word' id='word_1_793' title='bbox 3151 4567 3208 4615; x_wconf 92' lang='lat' dir='ltr'><strong>et</strong></span> <span class='ocrx_word' id='word_1_794' title='bbox 3241 4558 3328 4613; x_wconf 93' lang='lat' dir='ltr'><strong>his</strong></span> <span class='ocrx_word' id='word_1_795' title='bbox 3354 4559 3455 4629; x_wconf 90' lang='lat' dir='ltr'><strong>qui</strong></span> 
     </span>
    </p>
   </div>
   <div class='ocr_carea' id='block_1_107' title="bbox 1861 4651 3454 4724">
    <p class='ocr_par' dir='ltr' id='par_1_107' title="bbox 1861 4651 3454 4724">
     <span class='ocr_line' id='line_1_107' title="bbox 1861 4651 3454 4724; baseline -0.011 -3"><span class='ocrx_word' id='word_1_796' title='bbox 1861 4681 1956 4721; x_wconf 89' lang='lat' dir='ltr'><strong>eas</strong></span> <span class='ocrx_word' id='word_1_797' title='bbox 2002 4662 2347 4718; x_wconf 87' lang='lat' dir='ltr'><strong>abstulerunt</strong></span> <span class='ocrx_word' id='word_1_798' title='bbox 2396 4656 2739 4714; x_wconf 88' lang='lat' dir='ltr'><strong>dimittendo.</strong></span> <span class='ocrx_word' id='word_1_799' title='bbox 2803 4653 2930 4721; x_wconf 77' lang='lat' dir='ltr'><strong>Sed,</strong></span> <span class='ocrx_word' id='word_1_800' title='bbox 2961 4651 3089 4724; x_wconf 86' lang='lat' dir='ltr'><strong>quia</strong></span> <span class='ocrx_word' id='word_1_801' title='bbox 3142 4651 3454 4722; x_wconf 88' lang='lat' dir='ltr'><strong>iniquitatis</strong></span> 
     </span>
    </p>
   </div>
   <div class='ocr_carea' id='block_1_108' title="bbox 1862 4742 3453 4823">
    <p class='ocr_par' dir='ltr' id='par_1_108' title="bbox 1862 4742 3453 4823">
     <span class='ocr_line' id='line_1_108' title="bbox 1862 4742 3453 4823; baseline -0.01 -10"><span class='ocrx_word' id='word_1_802' title='bbox 1862 4753 2067 4813; x_wconf 77' lang='lat' dir='ltr'><strong>divitiae</strong></span> <span class='ocrx_word' id='word_1_803' title='bbox 2107 4754 2227 4809; x_wconf 71' lang='lat' dir='ltr'><strong>aliae</strong></span> <span class='ocrx_word' id='word_1_804' title='bbox 2278 4749 2632 4823; x_wconf 89' lang='lat' dir='ltr'><strong>possidentur</strong></span> <span class='ocrx_word' id='word_1_805' title='bbox 2673 4756 2900 4818; x_wconf 77' lang='lat' dir='ltr'><strong>paterna</strong></span> <span class='ocrx_word' id='word_1_806' title='bbox 2928 4744 3298 4810; x_wconf 88' lang='lat' dir='ltr'><strong>successione,</strong></span> <span class='ocrx_word' id='word_1_807' title='bbox 3329 4742 3453 4797; x_wconf 60' lang='lat' dir='ltr'><strong>alia!</strong></span> 
     </span>
    </p>
   </div>
   <div class='ocr_carea' id='block_1_109' title="bbox 1855 4839 3446 4921">
    <p class='ocr_par' dir='ltr' id='par_1_109' title="bbox 1855 4839 3446 4921">
     <span class='ocr_line' id='line_1_109' title="bbox 1855 4839 3446 4921; baseline -0.013 -14"><span class='ocrx_word' id='word_1_808' title='bbox 1855 4839 2007 4921; x_wconf 78' lang='lat' dir='ltr'><strong>justo</strong></span> <span class='ocrx_word' id='word_1_809' title='bbox 2035 4845 2436 4917; x_wconf 90' lang='lat' dir='ltr'><strong>conquiruntur</strong></span> <span class='ocrx_word' id='word_1_810' title='bbox 2458 4842 2666 4908; x_wconf 88' lang='lat' dir='ltr'><strong>labore,</strong></span> <span class='ocrx_word' id='word_1_811' title='bbox 2703 4839 2824 4894; x_wconf 64' lang='lat' dir='ltr'><strong>aliae</strong></span> <span class='ocrx_word' id='word_1_812' title='bbox 2866 4845 3203 4907; x_wconf 88' lang='lat' dir='ltr'><strong>usurpantur</strong></span> <span class='ocrx_word' id='word_1_813' title='bbox 3231 4850 3295 4888; x_wconf 79' lang='lat' dir='ltr'><strong>ex</strong></span> <span class='ocrx_word' id='word_1_814' title='bbox 3323 4849 3446 4889; x_wconf 87' lang='lat' dir='ltr'><strong>sce-</strong></span> 
     </span>
    </p>
   </div>
   <div class='ocr_carea' id='block_1_110' title="bbox 1862 4925 3448 5008">
    <p class='ocr_par' dir='ltr' id='par_1_110' title="bbox 1862 4925 3448 5008">
     <span class='ocr_line' id='line_1_110' title="bbox 1862 4925 3448 5008; baseline -0.011 -10"><span class='ocrx_word' id='word_1_815' title='bbox 1862 4943 1975 4998; x_wconf 89' lang='lat' dir='ltr'><strong>lere</strong></span> <span class='ocrx_word' id='word_1_816' title='bbox 2004 4941 2086 4996; x_wconf 91' lang='lat' dir='ltr'><strong>vel</strong></span> <span class='ocrx_word' id='word_1_817' title='bbox 2111 4941 2410 5008; x_wconf 85' lang='lat' dir='ltr'><strong>impietatc,</strong></span> <span class='ocrx_word' id='word_1_818' title='bbox 2445 4934 2540 4989; x_wconf 90' lang='lat' dir='ltr'><strong>Dei</strong></span> <span class='ocrx_word' id='word_1_819' title='bbox 2563 4940 2708 4989; x_wconf 87' lang='lat' dir='ltr'><strong>certe</strong></span> <span class='ocrx_word' id='word_1_820' title='bbox 2745 4931 2908 4986; x_wconf 88' lang='lat' dir='ltr'><strong>amici</strong></span> <span class='ocrx_word' id='word_1_821' title='bbox 2937 4946 3048 4986; x_wconf 91' lang='lat' dir='ltr'><strong>non</strong></span> <span class='ocrx_word' id='word_1_822' title='bbox 3072 4931 3230 4994; x_wconf 86' lang='lat' dir='ltr'><strong>fiunt,</strong></span> <span class='ocrx_word' id='word_1_823' title='bbox 3262 4926 3357 4996; x_wconf 85' lang='lat' dir='ltr'><strong>qui</strong></span> <span class='ocrx_word' id='word_1_824' title='bbox 3379 4925 3448 4980; x_wconf 89' lang='lat' dir='ltr'><strong>de</strong></span> 
     </span>
    </p>
   </div>
   <div class='ocr_carea' id='block_1_111' title="bbox 1863 5018 3446 5098">
    <p class='ocr_par' dir='ltr' id='par_1_111' title="bbox 1863 5018 3446 5098">
     <span class='ocr_line' id='line_1_111' title="bbox 1863 5018 3446 5098; baseline -0.011 -11"><span class='ocrx_word' id='word_1_825' title='bbox 1863 5032 2066 5088; x_wconf 88' lang='lat' dir='ltr'><strong>scelere</strong></span> <span class='ocrx_word' id='word_1_826' title='bbox 2083 5029 2165 5084; x_wconf 89' lang='lat' dir='ltr'><strong>vel</strong></span> <span class='ocrx_word' id='word_1_827' title='bbox 2190 5027 2467 5098; x_wconf 90' lang='lat' dir='ltr'><strong>impietate</strong></span> <span class='ocrx_word' id='word_1_828' title='bbox 2486 5023 2728 5078; x_wconf 85' lang='lat' dir='ltr'><strong>veniunt.</strong></span> <span class='ocrx_word' id='word_1_829' title='bbox 2755 5019 2864 5077; x_wconf 86' lang='lat' dir='ltr'><strong>Nec</strong></span> <span class='ocrx_word' id='word_1_830' title='bbox 2895 5027 3046 5092; x_wconf 88' lang='lat' dir='ltr'><strong>putet</strong></span> <span class='ocrx_word' id='word_1_831' title='bbox 3061 5018 3353 5089; x_wconf 90' lang='lat' dir='ltr'><strong>quisquam</strong></span> <span class='ocrx_word' id='word_1_832' title='bbox 3379 5031 3446 5069; x_wconf 77' lang='lat' dir='ltr'><strong>ex</strong></span> 
     </span>
    </p>
   </div>
   <div class='ocr_carea' id='block_1_112' title="bbox 1867 5107 3445 5193">
    <p class='ocr_par' dir='ltr' id='par_1_112' title="bbox 1867 5107 3445 5193">
     <span class='ocr_line' id='line_1_112' title="bbox 1867 5107 3445 5193; baseline -0.015 -11"><span class='ocrx_word' id='word_1_833' title='bbox 1867 5118 1951 5182; x_wconf 80' lang='lat' dir='ltr'><strong>liis</strong></span> <span class='ocrx_word' id='word_1_834' title='bbox 1971 5123 2248 5193; x_wconf 86' lang='lat' dir='ltr'><strong>adjutores</strong></span> <span class='ocrx_word' id='word_1_835' title='bbox 2276 5122 2521 5189; x_wconf 69' lang='lat' dir='ltr'><strong>quaerere</strong></span> <span class='ocrx_word' id='word_1_836' title='bbox 2548 5114 2741 5171; x_wconf 83' lang='lat' dir='ltr'><strong>salutis</strong></span> <span class='ocrx_word' id='word_1_837' title='bbox 2763 5130 2900 5184; x_wconf 87' lang='lat' dir='ltr'><strong>quas</strong></span> <span class='ocrx_word' id='word_1_838' title='bbox 2940 5107 3298 5193; x_wconf 71' lang='lat' dir='ltr'><strong>mercimonio</strong></span> <span class='ocrx_word' id='word_1_839' title='bbox 3319 5122 3445 5162; x_wconf 88' lang='lat' dir='ltr'><strong>cor-</strong></span> 
     </span>
    </p>
   </div>
   <div class='ocr_carea' id='block_1_113' title="bbox 1865 5197 3448 5283">
    <p class='ocr_par' dir='ltr' id='par_1_113' title="bbox 1865 5197 3448 5283">
     <span class='ocr_line' id='line_1_113' title="bbox 1865 5197 3448 5283; baseline -0.013 -12"><span class='ocrx_word' id='word_1_840' title='bbox 1865 5215 2002 5271; x_wconf 91' lang='lat' dir='ltr'><strong>rasit</strong></span> <span class='ocrx_word' id='word_1_841' title='bbox 2031 5210 2355 5283; x_wconf 83' lang='lat' dir='ltr'><strong>iniquitatis.</strong></span> <span class='ocrx_word' id='word_1_842' title='bbox 2387 5208 2662 5278; x_wconf 85' lang='lat' dir='ltr'><strong>Scriptum</strong></span> <span class='ocrx_word' id='word_1_843' title='bbox 2689 5214 2772 5261; x_wconf 91' lang='lat' dir='ltr'><strong>est</strong></span> <span class='ocrx_word' id='word_1_844' title='bbox 2797 5202 2941 5260; x_wconf 89' lang='lat' dir='ltr'><strong>enim</strong></span> <span class='ocrx_word' id='word_1_845' title='bbox 2968 5219 2981 5254; x_wconf 91' lang='lat'>:</span> <span class='ocrx_word' id='word_1_846' title='bbox 3026 5199 3234 5254; x_wconf 68' lang='lat' dir='ltr'><strong>Hostia</strong></span> <span class='ocrx_word' id='word_1_847' title='bbox 3254 5197 3448 5268; x_wconf 76' lang='lat' dir='ltr'><strong>impio-</strong></span> 
     </span>
    </p>
   </div>
   <div class='ocr_carea' id='block_1_114' title="bbox 1865 5290 3444 5373">
    <p class='ocr_par' dir='ltr' id='par_1_114' title="bbox 1865 5290 3444 5373">
     <span class='ocr_line' id='line_1_114' title="bbox 1865 5290 3444 5373; baseline -0.013 -11"><span class='ocrx_word' id='word_1_848' title='bbox 1865 5324 1983 5363; x_wconf 88' lang='lat' dir='ltr'><strong>rum</strong></span> <span class='ocrx_word' id='word_1_849' title='bbox 2007 5302 2384 5361; x_wconf 87' lang='lat' dir='ltr'><strong>abominabiles</strong></span> <span class='ocrx_word' id='word_1_850' title='bbox 2428 5300 2612 5373; x_wconf 79' lang='lat' dir='ltr'><strong>(Prov.</strong></span> <span class='ocrx_word' id='word_1_851' title='bbox 2645 5316 2704 5364; x_wconf 81' lang='grc' dir='ltr'><strong>ιι,</strong></span> <span class='ocrx_word' id='word_1_852' title='bbox 2746 5297 2825 5366; x_wconf 73' lang='lat'><strong>2),</strong></span> <span class='ocrx_word' id='word_1_853' title='bbox 2867 5293 2996 5364; x_wconf 86' lang='lat' dir='ltr'><strong>quia</strong></span> <span class='ocrx_word' id='word_1_854' title='bbox 3031 5290 3334 5346; x_wconf 73' lang='lat' dir='ltr'><strong>offeruntur</strong></span> <span class='ocrx_word' id='word_1_855' title='bbox 3374 5306 3444 5344; x_wconf 76' lang='lat' dir='ltr'><strong>ex</strong></span> 
     </span>
    </p>
   </div>
   <div class='ocr_carea' id='block_1_115' title="bbox 1862 5384 3446 5471">
    <p class='ocr_par' dir='ltr' id='par_1_115' title="bbox 1862 5384 3446 5471">
     <span class='ocr_line' id='line_1_115' title="bbox 1862 5384 3446 5471; baseline -0.012 -15"><span class='ocrx_word' id='word_1_856' title='bbox 1862 5399 2094 5466; x_wconf 90' lang='lat' dir='ltr'><strong>scelere;</strong></span> <span class='ocrx_word' id='word_1_857' title='bbox 2127 5406 2180 5454; x_wconf 83' lang='lat' dir='ltr'><strong>et</strong></span> <span class='ocrx_word' id='word_1_858' title='bbox 2205 5415 2219 5452; x_wconf 91' lang='lat'>:</span> <span class='ocrx_word' id='word_1_859' title='bbox 2252 5393 2593 5448; x_wconf 78' lang='lat' dir='ltr'><strong>lmmolantis</strong></span> <span class='ocrx_word' id='word_1_860' title='bbox 2615 5407 2679 5445; x_wconf 79' lang='lat' dir='ltr'><strong>ea:</strong></span> <span class='ocrx_word' id='word_1_861' title='bbox 2701 5388 2900 5471; x_wconf 81' lang='lat' dir='ltr'><strong>iniquo,</strong></span> <span class='ocrx_word' id='word_1_862' title='bbox 2931 5384 3130 5439; x_wconf 86' lang='lat' dir='ltr'><strong>oblatio</strong></span> <span class='ocrx_word' id='word_1_863' title='bbox 3157 5392 3232 5436; x_wconf 89' lang='lat' dir='ltr'><strong>est</strong></span> <span class='ocrx_word' id='word_1_864' title='bbox 3261 5399 3446 5438; x_wconf 83' lang='lat' dir='ltr'><strong>macu-</strong></span> 
     </span>
    </p>
   </div>
   <div class='ocr_carea' id='block_1_116' title="bbox 1857 5477 3444 5566">
    <p class='ocr_par' dir='ltr' id='par_1_116' title="bbox 1857 5477 3444 5566">
     <span class='ocr_line' id='line_1_116' title="bbox 1857 5477 3444 5566; baseline -0.014 -15"><span class='ocrx_word' id='word_1_865' title='bbox 1857 5496 1971 5551; x_wconf 84' lang='lat' dir='ltr'><strong>lata</strong></span> <span class='ocrx_word' id='word_1_866' title='bbox 2009 5489 2202 5566; x_wconf 87' lang='lat' dir='ltr'><strong>(Eccli.</strong></span> <span class='ocrx_word' id='word_1_867' title='bbox 2251 5503 2438 5554; x_wconf 76' lang='lat' dir='ltr'><strong>xxxrv,</strong></span> <span class='ocrx_word' id='word_1_868' title='bbox 2471 5485 2599 5556; x_wconf 72' lang='lat' dir='ltr'><strong>2i);</strong></span> <span class='ocrx_word' id='word_1_869' title='bbox 2637 5491 2692 5537; x_wconf 89' lang='lat' dir='ltr'><strong>et</strong></span> <span class='ocrx_word' id='word_1_870' title='bbox 2733 5480 2881 5546; x_wconf 83' lang='lat' dir='ltr'><strong>:Qui</strong></span> <span class='ocrx_word' id='word_1_871' title='bbox 2914 5479 3069 5549; x_wconf 71' lang='lat' dir='ltr'><strong>oﬁ&#39;ert</strong></span> <span class='ocrx_word' id='word_1_872' title='bbox 3116 5477 3444 5546; x_wconf 80' lang='lat' dir='ltr'><strong>sacriﬁcium</strong></span> 
     </span>
    </p>
   </div>
   <div class='ocr_carea' id='block_1_117' title="bbox 1855 5567 3444 5651">
    <p class='ocr_par' dir='ltr' id='par_1_117' title="bbox 1855 5567 3444 5651">
     <span class='ocr_line' id='line_1_117' title="bbox 1855 5567 3444 5651; baseline -0.013 -11"><span class='ocrx_word' id='word_1_873' title='bbox 1855 5600 1921 5640; x_wconf 68' lang='lat' dir='ltr'><strong>ea:</strong></span> <span class='ocrx_word' id='word_1_874' title='bbox 1953 5582 2254 5638; x_wconf 84' lang='lat' dir='ltr'><strong>substantia</strong></span> <span class='ocrx_word' id='word_1_875' title='bbox 2293 5572 2873 5651; x_wconf 79' lang='lat' dir='ltr'><strong>pauperis,&#39;quasi&#39;qui</strong></span> <span class='ocrx_word' id='word_1_876' title='bbox 2914 5570 3156 5626; x_wconf 77' lang='lat' dir='ltr'><strong>victimat</strong></span> <span class='ocrx_word' id='word_1_877' title='bbox 3187 5568 3360 5639; x_wconf 74' lang='lat' dir='ltr'><strong>ﬁlium</strong></span> <span class='ocrx_word' id='word_1_878' title='bbox 3386 5567 3444 5620; x_wconf 85' lang='lat' dir='ltr'><strong>in</strong></span> 
     </span>
    </p>
   </div>
   <div class='ocr_carea' id='block_1_118' title="bbox 1859 5659 3448 5747">
    <p class='ocr_par' dir='ltr' id='par_1_118' title="bbox 1859 5659 3448 5747">
     <span class='ocr_line' id='line_1_118' title="bbox 1859 5659 3448 5747; baseline -0.012 -17"><span class='ocrx_word' id='word_1_879' title='bbox 1859 5683 2138 5747; x_wconf 84' lang='lat' dir='ltr'><strong>conspectu</strong></span> <span class='ocrx_word' id='word_1_880' title='bbox 2190 5673 2361 5744; x_wconf 81' lang='lat' dir='ltr'><strong>patris</strong></span> <span class='ocrx_word' id='word_1_881' title='bbox 2395 5668 2571 5740; x_wconf 63' lang='lat' dir='ltr'><strong>(ibid,</strong></span> <span class='ocrx_word' id='word_1_882' title='bbox 2611 5665 2726 5739; x_wconf 72' lang='grc'><strong>24).</strong></span> <span class='ocrx_word' id='word_1_883' title='bbox 2782 5664 2920 5720; x_wconf 85' lang='lat' dir='ltr'><strong>Cum</strong></span> <span class='ocrx_word' id='word_1_884' title='bbox 2956 5678 3087 5736; x_wconf 83' lang='lat' dir='ltr'><strong>ergo</strong></span> <span class='ocrx_word' id='word_1_885' title='bbox 3128 5659 3448 5732; x_wconf 75' lang='lat' dir='ltr'><strong>praecipitur</strong></span> 
     </span>
    </p>
   </div>
   <div class='ocr_carea' id='block_1_119' title="bbox 1863 5753 3442 5831">
    <p class='ocr_par' dir='ltr' id='par_1_119' title="bbox 1863 5753 3442 5831">
     <span class='ocr_line' id='line_1_119' title="bbox 1863 5753 3442 5831; baseline -0.011 -6"><span class='ocrx_word' id='word_1_886' title='bbox 1863 5768 1982 5825; x_wconf 81' lang='lat' dir='ltr'><strong>fieri</strong></span> <span class='ocrx_word' id='word_1_887' title='bbox 2001 5769 2208 5824; x_wconf 83' lang='lat' dir='ltr'><strong>amicos</strong></span> <span class='ocrx_word' id='word_1_888' title='bbox 2234 5765 2299 5820; x_wconf 86' lang='lat' dir='ltr'><strong>dc</strong></span> <span class='ocrx_word' id='word_1_889' title='bbox 2321 5759 2634 5818; x_wconf 81' lang='lat' dir='ltr'><strong>mammona</strong></span> <span class='ocrx_word' id='word_1_890' title='bbox 2665 5757 2988 5831; x_wconf 72' lang='lat' dir='ltr'><strong>iniquitatis,</strong></span> <span class='ocrx_word' id='word_1_891' title='bbox 3018 5753 3442 5812; x_wconf 79' lang='lat' dir='ltr'><strong>discernendum</strong></span> 
     </span>
    </p>
   </div>
  </div>
