3946 6306
129 369 254 426 1155

1167 362 1401 419 ΗΟΜΙΙ...
1441 362 1529 418 DE
1567 360 1842 418 VlLLlCO
1880 359 2318 431 lNlQUITA'l‘lS.

3237 372 3385 429 H3!

126 494 302 553 panem
356 477 614 545 mendici,
659 476 982 557 cunctisque
1026 475 1236 547 quibus
1288 477 1703 532 humiliatorum
1735 482 1778 538 Α
1811 475 1979 529 tionis
2009 475 2363 531 dominatur:
2407 491 2501 547 qut
2533 476 2688 534 solus
2711 495 2838 535 vere
2861 479 3014 537 dives
3035 490 3192 539 etest
3226 485 3388 541 etin-

124 584 295 626 curam
334 583 454 625 esse
509 576 868 641 cognoscunt,
912 584 1012 624 sua
1049 567 1191 622 mala
1214 569 1476 633 revelant.
1532 570 1692 639 quasi

122 662 332 717 canibus
355 659 545 714 Lazari
572 660 755 717 ulcera
785 659 1141 731 lingentibus,
1180 668 1235 715 et
1280 660 1350 715 ab
1378 660 1460 716 cis
1505 669 1696 731 petunt

119 750 441 808 orationibus
466 759 521 805 et
547 749 942 807 satisfactionis
967 748 1219 805 doctrina
1241 750 1445 820 juvari.

200 844 252 898 4.
315 840 451 910 Quia
511 856 643 914 ergo
712 841 1009 908 Dominus,
1081 843 1341 898 sacerdos
1414 858 1577 898 verus
1641 852 1697 898 et

118 949 374 1000 summus,
402 927 743 1004 peccatores
794 948 905 989 non
950 934 1128 991 solum
1188 949 1288 989 sua
1333 934 1542 1000 hostia,
1597 933 1694 990 sed

116 1035 167 1082 et
211 1025 582 1082 conversionis
631 1026 1008 1082 admonitione
1066 1025 1572 1098 satisfactionisque
1595 1028 1695 1083 do-

114 1117 277 1173 ctrina
346 1117 560 1173 salvare
630 1128 890 1186 venerat,
974 1118 1253 1173 nominata
1334 1118 1688 1189 poenitentia,

114 1207 250 1263 illius
271 1222 410 1278 quas
468 1207 810 1273 ostendimus
850 1209 1143 1264 varietates
1185 1216 1241 1264 et
1287 1206 1516 1262 forsitan
1565 1207 1692 1277 plu-

111 1313 194 1354 res
243 1298 380 1354 alias
438 1297 494 1352 in
565 1298 865 1369 praelibatis
926 1297 1202 1368 parabolis
1265 1297 1551 1352 ostendere
1598 1311 1692 1351 vo-

110 1388 231 1456 luit;
296 1388 353 1443 in
423 1404 535 1459 quo
610 1398 665 1444 et
735 1388 1047 1445 Pbarisacos
1106 1388 1425 1459 scribasque
1493 1402 1689 1459 pecca-

109 1490 279 1536 torum
334 1481 680 1536 consortium
756 1491 1075 1552 respuentes
1141 1480 1461 1537 confutabat
1503 1496 1692 1551 :quas

105 1589 226 1629 cum
293 1574 363 1645 ad
440 1575 547 1632 hoc
615 1575 764 1647 quod
825 1576 894 1631 de
964 1575 1347 1645 peccatoribus
1416 1574 1689 1644 poeniten-

103 1665 227 1720 tiam
269 1667 564 1737 agentibus
600 1666 656 1721 in
699 1666 840 1722 cmlo
884 1667 1143 1739 gaudium
1188 1665 1305 1722 ﬁeri
1327 1665 1538 1722 dixerat
1558 1665 1691 1721 sub-

1799 566 2095 637 telligitur;
2142 568 2271 639 quia
2303 568 2559 640 quisquis
2608 570 2751 627 alius
2778 571 2930 630 dives
2967 574 3231 644 creditur,
3282 568 3388 633 nisi

1796 659 1866 714 ab
1889 659 2010 729 ipso
2044 660 2190 731 quod
2222 661 2376 717 dives
2418 670 2504 717 est
2531 663 2711 733 capiat
2740 666 3077 723 azternaliter
3099 667 3388 740 possiden-

1797 749 1950 817 dum,
1981 752 2100 807 suis
2122 751 2330 808 divitiis
2353 768 2562 824 pauper
2593 753 2890 811 invenitur.
2904 756 3005 814 'Ad
3030 757 3176 829 quod
3203 768 3390 813 osten-

1795 841 2034 896 dendum
2061 841 2220 912 plura
2245 842 2428 898 dicere
2448 844 2827 900 necessarium
2850 860 2961 901 non
2990 848 3229 916 videtur,
3250 864 3389 919 quo-

1797 932 1946 987 niam
1972 932 2101 989 huic
2144 934 2443 994 intellectui
2474 936 2658 992 nullus
2700 937 2796 1008 qui
2841 938 3029 994 credat
3059 939 3382 1008 refragatur.

1798 1023 1926 1092 Sed,
1949 1025 2212 1095 quoniam
2233 1027 2361 1097 quis
2380 1042 2478 1098 per
2502 1028 2743 1084 villicum
2761 1030 2953 1086 debeat
2974 1030 3221 1102 intelligi,
3249 1048 3387 1087 non-

1793 1115 1926 1171 dum
1970 1115 2285 1173 invenimus
2324 1119 2395 1174 ab
2446 1119 2633 1190 aliquo
2662 1119 2992 1177 sufficienter
3017 1123 3383 1193 exploratum,

1792 1204 2081 1277 diligenter
2109 1216 2196 1264 est
2221 1223 2319 1278 per
2361 1208 2645 1279 ipsius-rei
2678 1210 3100 1269 similitudinem
3140 1214 3383 1269 rationa-

1793 1297 2081 1368 biliterque
2109 1299 2571 1373 investigandum.
2779 1307 2782 1313 ’

1865 1388 1917 1444 6.
1954 1387 2184 1447 Villicus
2213 1408 2454 1464 namque
2482 1409 2684 1451 nomen
2724 1404 2860 1452 esta
2879 1396 3007 1452 villa
3042 1397 3126 1453 vel
3155 1413 3384 1470 compo-

1792 1483 1960 1540 situm
1985 1484 2071 1540 vel
2095 1485 2424 1555 derivatum,
2451 1496 2506 1544 et
2525 1488 2802 1560 signiﬁcat
2848 1491 3067 1562 proprie
3086 1493 3386 1562 quemlibet

1791 1574 1860 1628 ad
1908 1575 2136 1631 colonos
2181 1576 2322 1632 villa:
2371 1578 2781 1647 custodiendos,
2814 1581 2882 1636 ad
2924 1581 3170 1637 redditus
3193 1598 3382 1638 eorum

1791 1665 2089 1737 exigendos
2116 1675 2172 1723 et
2214 1667 2282 1724 ad
2310 1671 2741 1740 compescendos
2789 1686 2908 1738 eos,
2944 1688 3014 1729 nc
3042 1673 3269 1729 domino
3288 1676 3383 1732 de—

98 1757 334 1826 iecisset,
378 1757 500 1813 sine
527 1773 713 1814 errore
739 1759 956 1813 videtur
982 1758 1129 1829 quod
1162 1766 1479 1828 peccatores
1502 1758 1690 1828 cujus-
1720 1823 1763 1838 ἢ
1794 1758 1968 1815 bitum
2009 1760 2297 1815 servitium
2339 1761 2668 1818 subtrahant
2692 1763 3033 1834 deputatum.
3069 1764 3224 1823 Unde
3263 1768 3382 1838 jam

98 1823 204 1919 que
237 1823 462 1920 generis
482 1850 549 1905 ad
592 1823 1185 1921 pmnitentiam,-quas-i
1213 1851 1293 1906 sic
1321 1864 1417 1906 eos
1444 1823 1690 1921 alloriue-
1720 1823 1764 1883 Β
1792 1867 2080 1922 possemus
2107 1852 2293 1909 divitis
2312 1852 2500 1924 hujus,
2533 1823 2953 1912 Domini-nostri
2981 1857 3210 1924 scilicet,
3242 1823 3383 1914 villi-

99 1949 264 2006 retur,
297 1939 605 1996 invitasset.
632 1940 897 2012 Quisquis
926 1942 1109 2013 itaque
1131 1941 1186 1996 in
1216 1941 1570 2014 longinquam
1603 1956 1691 1997 rc-

97 2033 314 2103 gienem
358 2033 828 2090 dissimilitudinis
850 2049 881 2089 a
905 2033 1165 2090 Creatore
1199 2035 1482 2091 luxuriose
1506 2043 1562 2091 et
1593 2050 1689 2091 se-

93 2125 332 2180 cundum
378 2125 597 2181 libitum
626 2125 860 2182 vivendo
893 2126 1189 2194 recessisti,
1235 2127 1306 2183 ad
1355 2126 1689 2199 pmnitentite

94 2217 495 2274 correctionem
520 2218 576 2272 in
592 2227 646 2273 te
660 2219 918 2275 rediendo
942 2234 1010 2273 ne
1032 2228 1253 2290 torpeas
1264 2234 1510 2276 remeare
1531 2220 1687 2291 quasi

90 2308 157 2363 de
174 2307 336 2363 venia
385 2307 745 2378 desperatus;
791 2309 886 2365 sed
930 2309 1151 2365 attende
1196 2308 1345 2380 quod
1388 2308 1554 2377 filius,
1590 2310 1686 2381 qui

89 2397 408 2467 portionem
432 2413 589 2454 suam
626 2399 967 2467 substantiae,
991 2416 1158 2472 quam
1184 2408 1339 2471 pater
1366 2401 1685 2469 tradiderat,

86 2499 518 2561 consumpserat
555 2506 682 2547 cum
724 2492 1129 2561 meretricibus,
1178 2494 1397 2549 tandem
1424 2494 1492 2549 ad
1518 2510 1578 2551 se
1600 2511 1686 2552 re-

88 2580 261 2647 diens,
294 2591 637 2653 patremque
662 2598 787 2639 cum
831 2584 1090 2656 lacrymis
1126 2594 1337 2655 petens,
1358 2593 1414 2642 et
1436 2600 1547 2641 non
1566 2587 1683 2657 jam

86 2682 145 2728 ut
171 2674 340 2742 filius,
367 2675 469 2731 sed
490 2671 774 2731 ut'scrvus
800 2676 1005 2746 suscipi
1050 2675 1355 2746 postulans.
1379 2686 1441 2733 ut
1466 2678 1684 2734 charis-

87 2767 262 2822 simus
288 2766 464 2834 ﬁlius,
492 2776 547 2822 et
585 2766 776 2822 festive
819 2767 892 2822 sit
930 2776 1221 2838 susceptus
1257 2767 1410 2840 (Luc.
1441 2785 1530 2836 xv,
1568 2769 1678 2842 12).

84 2857 163 2913 Tu
201 2875 459 2932 quoque,
486 2875 651 2931 quem
692 2860 870 2931 turpia
913 2868 1261 2931 peccatorum
1295 2861 1478 2918 ulcera
1513 2864 1686 2917 mani-

81 2948 337 3023 festaque
360 2952 680 3023 deturpant,
718 2953 782 3008 ad
804 2952 1182 3032 penitentiam
1206 2953 1421 3025 fugiens
1451 2969 1520 3010 ne
1545 2970 1683 3010 cun-

79 3044 247 3099 rten's
271 3044 595 3115 humiliari;
628 3044 724 3100 sed
743 3060 778 3099 a
814 3045 1135 3102 custodibus
1154 3046 1466 3101 animarum
1491 3056 1681 3116 postu-

78 3132 129 3186 la
158 3143 233 3200 te,
266 3135 508 3205 supplex
546 3133 723 3191 factus
764 3143 820 3190 et
849 3135 1094 3203 humilis,
1119 3137 1373 3207 precibus
1410 3146 1465 3193 et
1488 3153 1677 3194 emen-
1709 3169 1752 3227 α

71 3226 321 3283 dationis
351 3228 728 3285 insinuatione
750 3228 954 3299 juvari,
981 3238 1037 3285 et
1069 3231 1145 3285 ab
1174 3231 1261 3288 his
1288 3231 1383 3301 qui
1406 3232 1683 3303 sapientes

72 3316 131 3369 in
169 3315 489 3388 Scripturis
521 3318 774 3374 videntur
819 3320 1085 3376 instanter
1114 3330 1241 3392 opta
1272 3323 1418 3393 (licet
1440 3323 1683 3394 plerique

65 3407 304 3476 januam
351 3410 632 3465 sermonis
666 3411 1005 3482 obeludant),
1037 3410 1446 3484 Scripturarum
1486 3429 1684 3471 conso-

72 3498 284 3556 latione
309 3500 668 3569 confortari;
698 3504 961 3574 quoniam
995 3505 1043 3561 si
1069 3505 1173 3561 hoc
1202 3497 1422 3575 feceris,
1447 3508 1554 3563 illis
1585 3508 1682 3578 qui

69 3599 125 3646 te
167 3591 492 3664 Scriptnris
539 3594 852 3652 confortare
897 3605 1274 3665 contemnunt,
1319 3599 1517 3654 inferni
1566 3609 1677 3655 tor-

69 3684 280 3739 mentis
302 3684 693 3754 pereuntlbus,
715 3694 775 3740 tu
798 3687 1043 3757 requiem
1070 3687 1125 3743 in
1146 3689 1271 3744 sinu
1297 3691 1531 3748 Abrahae
1547 3706 1682 3749 con-

60 3778 355 3848 sequeris.
387 3778 637 3836 Lazarus
671 3779 839 3846 enim,
870 3781 965 3850 qui
991 3780 1182 3851 jaccns
1206 3782 1273 3837 ad
1295 3782 1521 3853 januam
1542 3784 1681 3841 divi-

64 3868 141 3925 tis
170 3886 442 3941 purpura
477 3871 752 3944 byssoque
774 3874 1018 3943 cooperti
1050 3875 1243 3944 plenus
1265 3876 1559 3945 ulceribus,
1595 3893 1681 3933 re-

58 3958 153 4016 ﬁci
189 3961 371 4018 micis
411 3963 481 4017 de
512 3978 701 4018 mensa
746 3964 1088 4031 cadentibus,
1119 3981 1246 4021 cum
1294 3967 1480 4023 nullus
1511 3967 1681 4023 cida-

58 4061 168 4117 ret,
193 4052 493 4123 cupiebat,
537 4051 948 4112 sin’nsgAbrahat
977 4054 1321 4127 refrigerium
1369 4067 1454 4113 est
1481 4073 1677 4114 consc-

55 4150 253 4211 cutus,
298 4159 442 4200 cum
477 4143 630 4199 dives
655 4144 743 4199 ille
785 4145 881 4216 qui
922 4161 1126 4203 mensae
1146 4163 1260 4203 sua:
1279 4148 1455 4204 micas
1479 4148 1532 4204 ei
1566 4164 1676 4204 non

48 4233 317 4303 dederat,
338 4236 638 4291 tormentis
667 4236 1026 4294 infernalibus
1056 4238 1131 4294 sit
1153 4240 1495 4310 mancipatus
1521 4238 1673 4312 (Luc.

52 4340 173 4392 xvi,
201 4326 333 4398 20).
371 4324 484 4381 Sed
520 4335 577 4382 et
616 4335 696 4393 tu,
728 4327 980 4399 quisquis
1026 4328 1162 4384 mihi
1216 4329 1488 4397 subderis,
1520 4338 1575 4386 et
1618 4330 1675 4386 in

48 4418 326 4487 pluribus
368 4418 739 4489 obtemperas,
770 4426 825 4474 et
870 4419 992 4475 ideo
1019 4436 1250 4478 securus
1278 4421 1334 4476 in
1362 4424 1551 4480 multis
1580 4440 1676 4495 per

1790 1957 1915 1997 cum
1935 1956 2288 2013 cognoscere,
2313 1943 2359 2000 si
2386 1943 2569 1999 villam
2597 1960 3056 2016 cognosceremus
3076 1954 3131 2004 et
3158 1947 3380 2004 colonos

1789 2049 1932 2106 quos
1959 2050 2079 2091 eam
2111 2035 2398 2092 constituit
2424 2035 2725 2093 custodire.
2754 2036 2862 2093 Sed
2890 2046 2946 2094 et
2968 2038 3076 2096 hoc
3095 2036 3255 2095 facile
3280 2054 3380 2110 po-

1790 2128 1917 2183 terit
1946 2127 2227 2199 cognosci,
2266 2127 2315 2184 si
2374 2127 2517 2184 villae
2565 2127 2957 2199 proprietatem
2999 2131 3379 2188 curaverimus

1786 2218 2075 2291 diligenter
2104 2219 2395 2291 speculari.

1859 2311 1911 2366 7.
1945 2309 2085 2366 Villa
2116 2326 2355 2383 namque
2395 2310 2598 2368 dicitur
2626 2312 2860 2384 agrestis
2891 2312 3133 2370 hominis
3160 2312 3376 2368 habita-

1786 2403 1885 2471 tio,
1942 2417 2052 2459 non
2103 2403 2173 2459 ad
2204 2403 2458 2460 decorem
2505 2409 2562 2458 et
2603 2402 3022 2460 delectationem
3056 2404 3374 2470 constituta,

1786 2495 1882 2551 sed
1915 2494 1983 2551 ad
2006 2493 2278 2549 culturam
2303 2503 2574 2550 terrarum
2592 2492 2979 2561 exercendam,
3012 2505 3074 2550 ut
3098 2494 3378 2550 fructuum

1784 2584 1927 2641 ferat
1968 2586 2259 2642 utilitatem
2289 2586 2546 2657 adaptata
2571 2603 2587 2640 :
2615 2602 2739 2658 qua:
2788 2602 2837 2642 si
2877 2587 3106 2643 colonos
3146 2586 3378 2643 solertes

1785 2678 2036 2746 Sortitur,
2066 2688 2128 2735 ut
2155 2678 2209 2733 in
2236 2694 2301 2734 ea
2332 2678 2480 2749 quod
2504 2678 2666 2735 debet
2705 2693 2832 2735 esse
2856 2679 3125 2746 videatur,
3169 2695 3260 2736 res
3291 2689 3382 2737 est

1782 2784 1909 2840 qua:
1943 2785 2046 2825 suo
2072 2769 2376 2840 possessori
2432 2784 2541 2825 non
2591 2785 2787 2839 parum
2837 2785 2987 2835 cara,
3029 2769 3173 2828 sicut
3215 2771 3378 2826 valde

1785 2862 1938 2918 utilis
1973 2863 2228 2919 habetur.
2254 2861 2468 2934 Quippe
2496 2862 2565 2919 de
2609 2855 2772 2920 bonis
2797 2879 2923 2934 qua:
2948 2865 3158 2936 colligit
3193 2881 3262 2921 ex
3288 2880 3375 2934 ea,

1783 2949 1841 3005 in
1863 2966 2077 3007 amoena
2107 2952 2348 3009 civitatis
2370 2953 2707 3025 habitatione
2728 2953 3015 3024 gloriatur.
3047 2954 3106 3010 Si
3128 2971 3259 3012 vero
3278 2972 3377 3014 co-

1743 3116 1751 3124 _
1782 3042 1942 3098 lonos
1962 3043 2186 3099 inutiles
2208 3043 2482 3110 habuerit,
2506 3059 2675 3115 parvo
2701 3054 2946 3115 tempore
2966 3055 3202 3114 vastata,
3222 3049 3375 3104 vitaa-

1784 3149 1892 3204 que
1933 3133 2262 3191 necessariis
2289 3148 2507 3200 carens,
2555 3135 2834 3203 possessio
2870 3135 3018 3202 vilis,
3048 3144 3104 3190 et
3130 3135 3372 3193 ferarum

1786 3228 2054 3284 habitatio
2090 3227 2392 3299 apparebit.
2414 3225 2548 3294 Quae
2593 3226 2641 3283 si
2670 3226 2943 3285 similibus
2983 3229 3373 3285 convenienter

1784 3330 2059 3393 aptemus,
2092 3320 2222 3391 quid
2266 3335 2364 3390 per
2421 3319 2606 3374 villam
2658 3318 2863 3376 rectius
2911 3335 3077 3390 quam
3126 3327 3372 3376 nostram

1785 3411 2137 3483 temporalem
2163 3411 2331 3466 vitam
2365 3410 2639 3483 designari
2666 3410 3034 3481 reperiemus?
3062 3409 3205 3479 Quid
3223 3412 3370 3467 enim

1781 3512 1868 3561 est
1897 3505 2013 3559 haec
2039 3503 2095 3558 in
2125 3518 2232 3574 qua
2274 3502 2646 3573 temporaliter
2674 3502 2881 3558 vivitur
2923 3502 3055 3571 vita,
3086 3502 3193 3560 nisi
3218 3519 3374 3574 (μηθε-

1781 3597 1907 3652 dam
1936 3596 2169 3668 agrestis
2190 3603 2245 3651 et
2265 3594 2774 3659 laboriosa,nullius
2794 3594 3031 3661 decoris,
3053 3594 3258 3650 nullius
3276 3594 3370 3650 de-

1783 3687 2091 3743 lectationis
2131 3686 2419 3754 habitatio,
2444 3686 2604 3756 longe
2629 3701 2660 3741 a
2681 3701 2822 3742 verae
2850 3685 3129 3743 felicitatis
3151 3685 3370 3742 civitate

1783 3778 2032 3834 remota?
2069 3775 2126 3830 In
2166 3792 2296 3847 qua,
2332 3776 2463 3832 dum
2496 3790 2592 3846 per
2616 3774 2866 3846 corporis
2905 3774 3150 3830 membra
3176 3772 3367 3830 Domi-

1772 3876 1855 3924 no
1916 3869 2214 3940 plaeituras
2268 3868 2516 3923 actiones
2573 3883 2830 3924 exercere
2876 3868 3183 3934 studemus,
3233 3867 3366 3924 dum

1781 3971 1964 4019 mente
1996 3963 2185 4018 bonos
2217 3961 2487 4033 cogitatus
2511 3959 2784 4027 fovemus,
2813 3971 2867 4017 et
2902 3961 3167 4033 quidquid
3190 3970 3366 4017 terre-

1780 4073 1913 4112 num
1935 4064 2040 4123 est,
2088 4070 2212 4111 esse
2237 4053 2532 4120 caducum,
2581 4061 2636 4108 et
2666 4052 2799 4108 dum
2840 4052 3075 4109 habetur
3096 4061 3151 4108 et
3171 4052 3227 4107 in
3260 4067 3365 4108 usu

1779 4163 1890 4202 non
1918 4156 2025 4213 est,
2046 4145 2267 4211 inutile;
2290 4159 2417 4201 cum
2444 4150 2627 4199 autem
2653 4143 2710 4199 in
2755 4159 2859 4199 usu
2878 4159 3000 4201 esse
3021 4142 3264 4216 coeperit,
3291 4143 3366 4198 la-

1778 4236 1888 4292 bile
1904 4244 1959 4291 et
1977 4234 2103 4292 ideo
2133 4231 2597 4290 contemnendum
2642 4246 2967 4299 censemus;
3003 4248 3169 4304 super
3195 4232 3362 4289 coale—

1776 4327 1883 4384 stia
1911 4341 2133 4398 quoque
2172 4324 2453 4380 manentia
2473 4331 2529 4380 et
2551 4339 2791 4392 amoena,
2814 4340 3050 4395 cumque
3097 4324 3215 4380 suis
3234 4339 3363 4395 pos-

1777 4419 2088 4476 sessoribus
2122 4432 2338 4487 semper
2364 4416 2422 4471 in
2469 4431 2573 4472 usu
2616 4415 3021 4486 iucundissimo
3066 4416 3196 4483 sint,
3228 4431 3364 4470 nun-

45 4511 470 4583 negligentiam
512 4510 781 4567 desideria
818 4519 910 4567 tua
955 4514 1235 4583 sequendo
1275 4515 1569 4586 delinquis,
1616 4526 1672 4573 et
1698 4506 1749 4565 D
1772 4525 1939 4582 quam
1969 4507 2329 4574 transeuntia,
2351 4515 2406 4564 et
2433 4506 2640 4563 idcirco
2680 4508 2979 4578 appetenda
3003 4508 3309 4580 cogitamus
3344 4524 3356 4559 :

36 4605 180 4671 quia
216 4612 279 4659 te
312 4602 648 4673 delinquere
674 4618 786 4658 non
805 4604 1062 4672 attendis,
1090 4614 1152 4661 ut
1174 4606 1418 4678 corrigas
1443 4623 1545 4663 nec
1563 4606 1671 4664 dif-

40 4694 276 4751 ﬁculter
309 4695 590 4761 ostendis,
634 4710 757 4753 cum
782 4709 880 4766 per
905 4696 1206 4766 quamlibet
1242 4697 1667 4769 increpationem

34 4795 281 4843 tuarum
344 4781 811 4856 ﬁegligentiarum
847 4786 991 4842 mala
1035 4788 1379 4859 cognoveris,
1420 4788 1488 4844 de
1509 4791 1666 4846 venia

34 4892 108 4933 ne
146 4879 473 4948 desperes;
497 4893 599 4933 nec
621 4892 788 4948 quam
812 4877 868 4931 in
888 4885 943 4933 te
966 4879 1311 4935 severitatem
1332 4881 1666 4950 pamitentiae

33 4985 307 5041 nequeas
357 4983 623 5024 exercere
659 4968 730 5023 ad
762 4969 1172 5025 excusationem
1199 4972 1536 5040 pratendas;
1571 4973 1667 5029 sed

33 5062 294 5130 qualiter
334 5058 641 5113 Dominum
705 5067 859 5113 tuum
915 5060 1134 5130 placare
1180 5060 1384 5126 valeas,
1441 5076 1508 5117 ex
1564 5063 1666 5120 hac

33 5167 210 5221 quam
241 5150 358 5205 tibi
408 5164 574 5204 narro
594 5150 851 5220 parabola
873 5150 1151 5220 perpende
1188 5151 1456 5209 sollicitus
1485 5161 1544 5208 ut
1571 5153 1666 5209 de-

33 5242 411 5311 prehendas.
860 5290 866 5295 .
1028 5292 1031 5295 .

94 5335 155 5390 5.
192 5332 356 5388 Erat
399 5332 541 5385 enim
568 5332 724 5386 homo
760 5333 979 5403 quidam
1003 5333 1166 5400 dives,
1197 5334 1288 5406 qui
1316 5334 1541 5390 habebat
1561 5336 1664 5390 ril-

34 5425 228 5491 ‘icum,
257 5432 325 5478 et
360 5429 584 5477 caetera.
612 5422 787 5477 Homo
810 5422 963 5479 dives
1001 5424 1124 5490 iste,
1151 5424 1220 5479 de
1244 5439 1357 5495 quo
1400 5424 1665 5481 Dominus

33 5518 146 5573 suis
180 5513 512 5582 discipulis
552 5514 865 5584 parabolam
896 5516 1172 5585 proponit,
1202 5516 1388 5571 nullus
1417 5516 1663 5571 rationa»

34 5608 204 5662 tilius
250 5599 621 5674 intelligitur,
670 5619 837 5674 quam
887 5603 1029 5659 idem
1056 5605 1201 5677 ipse,
1231 5607 1326 5677 qui
1348 5607 1473 5661 licet
1501 5605 1667 5661 homo

33 5711 254 5768 pauper
287 5694 456 5749 inter
500 5695 751 5750 homines
793 5704 1232 5764 eonversaretur,
1284 5698 1339 5752 in
1377 5713 1445 5755 eo
1484 5708 1667 5753 tamen

33 5793 175 5859 [und
209 5789 391 5844 Deus
429 5794 531 5852 est,
562 5788 821 5843 omnibus
840 5803 1186 5859 quaecunque
1216 5790 1486 5861 suntjure
1506 5806 1664 5848 crea-

1773 4617 1877 4658 nec
1903 4616 2014 4656 non
2039 4614 2165 4655 cum
2184 4597 2256 4654 ad
2286 4597 2566 4654 Creatoris
2592 4598 2764 4653 nostri
2784 4598 3000 4655 laudem
3022 4612 3363 4670 cognoscen-

1773 4695 1901 4751 dam
1956 4691 2266 4764 specialiter
2317 4688 2703 4756 insistendum,
2732 4697 2792 4744 ut
2822 4688 2875 4744 ei
2903 4690 3024 4746 sine
3062 4704 3250 4745 errore
3282 4688 3361 4744 fa-

1772 4784 1973 4841 mulari
1996 4784 2261 4850 sciamus,
2278 4781 2705 4848 ratiocinamur;
2727 4780 2857 4851 quid
2883 4780 3031 4836 aliud
3059 4796 3225 4852 quam
3244 4788 3358 4834 ter—

1772 4892 1892 4932 ram
1934 4876 2003 4933 ad
2031 4884 2217 4947 gratos
2266 4872 2479 4929 fructus
2523 4879 2713 4930 nostro
2755 4872 3060 4943 possessori
3107 4869 3359 4926 ferendos

1773 4966 2022 5024 excolere
2047 4965 2394 5021 laboramus?
3062 4984 3067 4989 ~

1848 5059 1900 5114 8.
1950 5057 2007 5114 Si
2037 5058 2204 5129 igitur
2240 5056 2369 5112 villa
2400 5064 2590 5112 nostra
2612 5056 2720 5112 vita
2760 5055 3073 5126 temporalis
3102 5050 3357 5123 intelligi-

1777 5159 1889 5217 tur,
1914 5149 2046 5220 quid
2069 5164 2167 5219 per
2200 5148 2448 5211 colonos,
2473 5147 2581 5203 nisi
2600 5148 2722 5203 dua:
2747 5147 2945 5202 mentis
2978 5144 3232 5215 potentia:
3256 5143 3354 5209 de-

1773 5240 2093 5312 signantur?
2140 5254 2378 5309 quarum
2411 5254 2519 5293 una
2564 5238 2811 5309 corporis
2858 5245 3011 5292 artus
3061 5244 3240 5290 movet
3284 5234 3356 5289 ad

1770 5332 1916 5404 quod
1946 5330 2179 5387 voluerit
2196 5330 2570 5401 operandum;
2608 5337 2663 5384 et
2689 5329 2859 5382 altera
2890 5342 2949 5383 se
2971 5327 3142 5397 ipsum
3166 5324 3355 5380 multi-

1773 5423 1988 5494 pliciter
2035 5421 2400 5476 circumducit
2436 5420 2504 5475 ad
2540 5416 2915 5474 meditandum
2966 5424 3022 5471 et
3064 5414 3352 5487 speculan-

1772 5517 1923 5572 dum.
1949 5512 2089 5569 Cum
2117 5528 2247 5585 ergo
2271 5513 2356 5568 ha:
2375 5512 2497 5567 dua:
2516 5509 2762 5573 animum
2788 5509 2843 5562 in
2866 5507 3200 5573 meditando,
3227 5519 3351 5561 cor-

1769 5623 1873 5678 pus
1894 5610 1950 5663 in
1981 5609 2259 5681 operando
2291 5605 2441 5678 quod
2470 5603 2703 5663 Domino
2749 5603 2959 5673 placeat
2984 5598 3349 5663 exercuerim,

1744 5702 1902 5772 quid
1950 5701 2154 5771 poterit
2204 5699 2260 5753 in
2304 5695 2696 5767 temporalibus
2751 5693 2983 5750 Domino
3024 5690 3223 5748 mentis
3251 5705 3344 5759 po-

1770 5794 1954 5851 tentiae
1984 5794 2093 5850 vita
2119 5799 2307 5849 nostra
2343 5787 2554 5859 gratius
2585 5786 2855 5843 inveniri?
2874 5785 2939 5840 Et
2970 5795 3096 5840 vere
3124 5798 3250 5841 cum
3272 5781 3352 5844 sic
