3994 6412
554 421 694 480 1155
1728 400 1786 456 S.
1827 394 2078 455 ODONIS
2115 391 2373 449 CAMER.
2418 389 2635 445 EPISC.
3680 382 3801 439 “35

554 533 826 594 excolitur
872 537 1023 603 grata
1077 523 1193 580 fieri
1242 518 1476 578 Domino
1522 515 1824 588 cogitatur;
1874 509 2135 583 quoniam
2169 508 2214 566 Δ
2241 505 2540 562 meditandi
2585 503 2690 560 sibi
2714 501 3011 573 subiectas,
3049 514 3278 572 prorsus
3317 514 3349 554 a
3374 512 3476 553 suo
3496 511 3621 563 esse
3646 496 3810 551 detur.

556 640 690 686 tunc
733 625 788 679 in
818 588 903 688 ea:
930 620 1074 676 sicut
1098 622 1285 673 monet
1330 610 1624 684 Apostolus
1665 607 1802 677 ipse,
1826 619 1922 675 per
1952 600 2137 657 omnia
2238 599 2392 654 barct
2423 616 2438 653 :
2475 595 2622 667 quod
2648 595 2861 665 justum
2907 608 3053 660 esse,
3085 592 3182 663 qui
3225 608 3335 647 non
3376 597 3525 645 caret
3551 588 3806 643 intellectu

561 679 902 792 gloriﬁcatur
933 710 984 784 (1
1018 709 1141 766 Cor.
1183 724 1238 773 ιι,
1274 679 1396 776 5i):
1422 701 1478 757 Si
1516 714 1648 756 vero
1682 697 1750 752 ad
1775 694 2016 752 carnalia
2045 692 2141 746 de-
2240 698 2420 761 potest
2457 689 2762 754 advertere,
2817 686 2864 741 si
2920 685 3117 740 merita
3163 697 3350 738 rerum
3406 679 3643 735 voluerit
3678 679 3809 749 iusta

564 771 765 869 sitiet-ia
792 813 846 862 et
874 771 1202 874 temporales
1226 771 1437 868 glorias
1462 789 1711 849 dederint
1736 801 1980 851 manum,
2011 783 2143 854 quid
2242 783 2399 837 lance
2444 780 2767 852 ponderare.
2795 777 2938 833 Cum
2980 775 3127 832 enim
3172 773 3448 846 prmdictis
3481 771 3658 835 bonis,
3676 771 3813 840 juxta

565 902 670 960 erit
696 899 810 956 vita
834 861 1047 961 nostra,
1072 891 1178 948 nisi
1209 904 1297 945 res
1318 885 1575 943 omnibus
1600 880 1763 938 bonis
1787 891 1957 934 vacua
1978 885 2032 931 et
2052 874 2144 930 dc—
2244 873 2349 930 hoc
2373 873 2522 944 quod
2551 887 2616 928 ea
2663 870 2908 941 suscepit
2953 885 2986 925 a
3015 866 3269 932 Domino,
3321 880 3435 919 non
3466 862 3658 929 utitur,
3698 861 3815 932 quid

569 1001 714 1050 serta
741 997 796 1046 et
818 983 1088 1044 habitatio
1117 973 1551 1038 daemoniorum?

641 1085 696 1139 9.
720 1079 799 1137 Ne
825 1093 956 1150 ergo
982 1093 1041 1132 se
1065 1078 1292 1146 possent
1326 1068 1432 1123 illae
1462 1061 1663 1120 mentis
1684 1056 1961 1131 potentiae,
1988 1056 2042 1110 id
2065 1062 2151 1109 est

568 1175 717 1230 vires
743 1148 1001 1243 operandi
1027 1175 1080 1222 et
1101 1159 1397 1219 meditandi
1419 1157 1486 1213 ad
1512 1164 1704 1211 nutum
1728 1166 1889 1209 suum
1912 1165 2023 1221 quo
2039 1148 2153 1203 vcl—

572 1268 688 1321 leut
713 1262 1009 1326 inflectere,
1031 1253 1275 1328 praefecit
1306 1252 1387 1307 cis
1425 1247 1690 1303 Dominus
1715 1243 2007 1305 rationem,
2032 1253 2154 1309 qua:

575 1355 822 1426 singulos
840 1359 1023 1407 motus
1043 1361 1233 1403 earum
1251 1343 1471 1399 deberet
1494 1338 1826 1402 examinare,
1852 1342 1907 1389 et
1934 1332 2154 1398 vellent,

576 1423 806 1514 nollent,
845 1445 914 1500 ab
943 1443 1032 1498 his
1057 1455 1179 1512 qua:
1222 1436 1454 1493 Domino
1474 1431 1814 1503 displicitura
1850 1427 2065 1482 fuerant
2089 1423 2156 1479 ad

578 1540 846 1611 placitura
892 1548 1168 1591 revocare.
1212 1528 1370 1597 Quod
1391 1525 1507 1598 qui,
1536 1525 1678 1580 sicut
1711 1531 1795 1577 est
1822 1535 2012 1575 verum
2039 1529 2161 1573 esse

575 1608 862 1695 discernit,
895 1626 1011 1698 jam
1039 1622 1285 1678 villicum
1315 1632 1477 1689 quem
1505 1613 1888 1687 qumrebamus
1913 1610 2034 1666 sine
2061 1608 2164 1663 du-

579 1722 844 1779 bitatione
871 1714 1171 1789 cognoscit.
1224 1710 1346 1782 ipsa
1393 1707 1540 1762 enim
1571 1705 1714 1760 ratio
1746 1702 1913 1759 villici
1934 1702 2082 1756 vices
2107 1698 2163 1753 in

581 1813 744 1870 nobis
790 1807 1131 1879 exsequitur,
1163 1819 1287 1858 cum
1341 1801 1485 1856 vires
1530 1798 1672 1862 illas,
1700 1810 1825 1867 quae
1862 1806 2064 1863 corpus
2099 1790 2166 1844 ad

585 1903 945 1978 operandum,
961 1909 1015 1956 et
1043 1898 1283 1954 animam
1307 1894 1375 1949 ad
1400 1889 1776 1947 meditandum
1797 1891 2165 1948 commovent,

586 1974 789 2055 a—vitiis
816 1998 1057 2059 revocat,
1089 1997 1142 2045 et
1161 1988 1229 2044 ad
1251 1979 1481 2042 virtutes
1517 1982 1858 2039 exhortatur.
1885 1975 2063 2032 Villici
2085 1974 2172 2029 vi»

587 2105 683 2150 oes
716 2084 1059 2156 exsequitur,
1093 2095 1219 2137 cum
1264 2092 1361 2134 cas
1402 2084 1560 2131 caute
1588 2071 1847 2138 custodit,
1894 2085 1965 2125 ne
2010 2066 2172 2123 mali-

587 2177 826 2254 gnorum
857 2175 1146 2248 spirituum
1169 2169 1564 2227 tentationibus
1591 2162 1887 2236 aliquando
1914 2160 2173 2231 frangan-

591 2245 701 2323 tur.
731 2245 904 2320 Tune
928 2262 1093 2316 etiam
1122 2259 1303 2313 locum
1329 2255 1496 2309 villici
1534 2258 1685 2307 tenet
1711 2258 1765 2305 et
1792 2248 1971 2305 cilicio
1990 2245 2174 2317 fungi-

592 2369 703 2424 tur,
735 2371 861 2411 cum
903 2355 1053 2426 ipsas
1081 2350 1240 2422 quasi
1287 2346 1556 2404 violenter
1608 2342 1837 2414 impellit
1862 2340 1931 2396 ad
1961 2356 2025 2394 ea
2055 2354 2178 2409 qua:

589 2448 739 2519 justa
771 2452 920 2511 sunt,
951 2442 1077 2497 licet
1104 2438 1333 2495 humilia
1361 2437 1726 2506 despectaque
1754 2432 2060 2487 videantur.
2087 2427 2179 2484 Sic

595 2538 744 2594 enim
761 2535 906 2606 cogit
926 2548 1021 2589 eas
1047 2532 1299 2596 Domino,
1323 2527 1469 2599 quod
1491 2526 1730 2589 deberet,
1755 2521 2037 2578 servitium
2064 2519 2185 2575 red-

579 2631 752 2695 'dere,
791 2626 940 2698 quod
987 2640 1101 2680 suae
1145 2619 1442 2692 voluptatis
1489 2614 1795 2689 appetentia
1834 2628 1932 2684 per
1966 2628 2026 2668 se
2072 2626 2182 2666 non

597 2728 921 2779 vererentur
945 2716 1181 2773 auferre.
1213 2713 1351 2769 Cum
1368 2711 1504 2783 ipsis
1527 2710 1666 2764 male
1694 2705 2022 2762 blandiendo
2047 2718 2183 2758 con-

600 2813 789 2878 sentit,
812 2819 866 2866 et
891 2810 958 2864 ad
980 2807 1126 2879 quod
1156 2806 1377 2875 exigunt
1409 2802 1652 2872 adjuvat,
1674 2799 1815 2854 bona
1840 2794 2187 2852 discretionis

601 2913 659 2961 et
687 2902 977 2975 potestatis
1010 2913 1176 2970 quam
1197 2894 1465 2952 Dominus
1489 2892 1536 2949 ci
1568 2890 1883 2955 tradiderat,
1906 2887 2064 2959 quasi
2088 2886 2179 2941 ab-

601 2997 746 3068 jicit,
800 2993 1051 3064 dissipat,
1087 2998 1142 3045 et
1173 2987 1491 3052 conculcat;
1542 2985 1689 3055 quod
1738 2982 1973 3039 Domino
2025 2978 2191 3034 nullis

605 3095 787 3159 potest
831 3082 1096 3141 occultari
1120 3078 1414 3146 versutiis;
1455 3076 1740 3147 quoniam,
1773 3075 1918 3129 sicut
1943 3072 2020 3128 ait
2046 3071 2192 3141 Apo-

602 3180 802 3246 stolus,
833 3178 943 3247 ipse
967 3175 1226 3229 discretor
1247 3180 1324 3226 est
1356 3169 1735 3240 cogitationum
1762 3176 1812 3221 et
1836 3166 2190 3221 intentionum

607 3269 805 3334 cordis,
851 3280 943 3321 nec
966 3272 1044 3320 est
1096 3261 1208 3317 ulla
1249 3268 1495 3315 creatura
1532 3258 1643 3312 alia
1674 3259 1731 3311 in
1757 3262 2033 3326 conspectu
2075 3252 2190 3322 ejus

608 3357 895 3415 invisibilia
932 3355 1121 3428 (Hebr.
1152 3369 1227 3421 tv,
1260 3352 1349 3423 12)
1384 3350 1488 3407 :ad
1510 3349 1654 3421 quod
1677 3347 2028 3405 indicandum
2059 3345 2193 3400 sub-

611 3452 746 3524 iecit
785 3449 1089 3506 Dominus:
1119 3446 1189 3501 Et
1215 3446 1527 3516 diﬂamatus
1555 3451 1632 3497 est
1659 3441 1800 3512 apud
1828 3440 2003 3511 ipsum
2038 3436 2194 3508 quasi

613 3541 928 3610 dissipasset
972 3537 1107 3591 bona
1153 3551 1272 3589 sua.
1304 3532 1425 3588 Non
1470 3531 1617 3588 enim
1647 3531 1703 3585 in
1734 3529 1838 3585 hoc
1875 3527 2023 3583 aliud
2062 3526 2197 3582 mihi

616 3630 835 3686 videtur
870 3629 1073 3695 dicere,
1104 3626 1211 3681 nisi
1239 3640 1299 3682 se
1329 3640 1438 3679 non
1474 3637 1659 3694 posse,
1695 3620 1842 3692 quod
1862 3616 2199 3675 malefeccrit

613 3723 707 3779 ille
724 3721 959 3788 villicus,
986 3720 1257 3791 ignorare.
1301 3715 1359 3771 In
1385 3716 1491 3771 hoc
1519 3714 1665 3770 enim
1690 3712 1836 3784 quod
1867 3710 2068 3783 aliquis
2087 3708 2198 3764 dif-

614 3815 875 3877 famatur,
899 3812 1131 3877 crimen,
1153 3808 1300 3881 quod
1336 3806 1571 3863 fortasse
1600 3805 1876 3862 occultum
1900 3819 2024 3860 esse
2050 3804 2201 3858 vole-

618 3904 716 3973 bat
739 3896 1048 3973 publicator
1077 3917 1091 3954 :
1124 3898 1272 3954 unde
1301 3912 1413 3952 non
1437 3896 1654 3952 videtur
1697 3894 1847 3949 aliud
1867 3907 1991 3949 esse
2034 3891 2201 3947 villici

619 3995 943 4063 diil‘amatio,
969 3994 1077 4050 nisi
1103 3990 1558 4064 negligentiarum
1593 3989 1825 4043 rationis
1849 3995 1904 4043 et
1931 3985 2203 4042 malorum

619 4102 997 4145 consensuum
1018 4083 1312 4141 manifesta
1347 4081 1565 4137 Domini
1595 4080 1854 4151 cognitio.

662 4178 665 4181 ’
693 4178 783 4235 10.
816 4178 926 4235 Sed
954 4172 1087 4249 quid
1113 4175 1231 4231 vult
1272 4174 1515 4229 indicare
1536 4171 1683 4242 quod
1709 4171 1846 4227 dixit
1868 4171 2023 4241 quasi
2046 4169 2207 4224 dissi-

623 4278 821 4340 passet,
877 4264 1251 4324 similitudinis
1278 4264 1638 4336 significativa
1659 4278 1813 4331 voce,
1839 4271 1893 4318 et
1920 4278 2030 4318 non
2060 4262 2208 4333 quod

624 4362 954 4434 dissipasset
976 4359 1259 4416 absolute?
1281 4355 1390 4414 Sed
1411 4356 1481 4425 si,
1509 4357 1590 4412 rei
1624 4365 1878 4412 naturam
1907 4354 2207 4427 inspicien-

627 4453 733 4522 tes,
784 4452 1201 4510 consideramus
1245 4449 1394 4521 quod
1420 4449 1564 4506 ratio
1605 4448 1995 4505 discretionem
2030 4455 2087 4503 et
2112 4460 2211 4517 po.

2250 965 2395 1023 aliud
2429 981 2598 1035 quam
2631 964 2677 1020 si
2712 979 2775 1018 ea
2801 962 3022 1033 penitus
3065 958 3462 1028 exstingueret,
3506 952 3718 1024 operari
3745 951 3814 1005 vi-

2248 1056 2443 1113 detur?
2471 1055 2608 1110 Cum
2634 1070 2765 1110 vero
2810 1054 2957 1109 vires
3001 1052 3205 1108 mentis
3233 1064 3373 1120 quas
3400 1047 3644 1101 diximus
3679 1058 3819 1099 coar-

2251 1156 2383 1212 ctat,
2432 1154 2493 1201 ut
2543 1153 2835 1216 operantes
2878 1144 3023 1215 quod
3060 1143 3274 1214 justum
3310 1149 3398 1195 est
3436 1137 3673 1193 Domino
3718 1151 3820 1191 ser-

2254 1239 2426 1306 viant,
2454 1255 2564 1295 non
2594 1238 2777 1305 edicit,
2807 1247 2868 1293 ut
2909 1251 3012 1292 suo
3037 1233 3286 1291 Creatori
3334 1230 3684 1289 inbonestius
3710 1229 3823 1294 sint,

2257 1345 2422 1402 quam
2449 1330 2497 1386 si
2527 1331 2748 1401 penitus
2772 1345 2881 1386 non
2909 1330 3168 1385 existant.

2330 1421 2419 1477 11.
2449 1420 2556 1478 Sed
2587 1422 2716 1493 quia
2746 1418 3298 1477 misericordissimus
3327 1418 3587 1473 Salvator
3617 1417 3730 1471 vult
3759 1416 3829 1470 in-

2259 1514 2447 1570 dicare
2477 1513 2665 1570 multis
2707 1514 2902 1569 talium
2933 1528 2994 1569 se
3023 1528 3120 1583 per
3150 1510 3584 1588 satisfactionem
3619 1508 3825 1578 placari,

2262 1614 2327 1662 ut.
2367 1607 2676 1663 ostenderet
2717 1606 2972 1685 qualiter,
2999 1603 3281 1660 subdidit:
3314 1601 3383 1656 Et
3426 1601 3636 1655 vocavit
3669 1598 3827 1663 illum,

2264 1706 2313 1754 et
2340 1699 2417 1753 ait
2441 1698 2545 1753 illi.
2574 1697 2806 1766 Quando
2829 1698 3029 1768 aliquis
3068 1695 3251 1752 vocari
3277 1695 3503 1759 dicitur,
3536 1707 3653 1747 non
3683 1705 3836 1760 persc

2267 1793 2476 1859 venire,
2521 1791 2617 1847 sed
2645 1798 2706 1846 ut
2732 1790 2915 1845 veniat
2956 1788 3175 1844 invitari
3222 1788 3662 1850 demonstratur,
3698 1797 3839 1836 mon-

2273 1894 2481 1943 stratur
2498 1885 2666 1941 etiam
2724 1892 2972 1940 remotus
2993 1898 3025 1937 a
3047 1889 3299 1947 vocante,
3328 1878 3621 1934 vocatione
3658 1875 3770 1946 ipsa
3794 1883 3845 1928 ut

2272 1979 2557 2052 proximus
2592 1978 2688 2033 fiat
2733 1984 3012 2047 operante.
3047 1972 3186 2041 Quid
3231 1972 3416 2042 itaque
3452 1970 3509 2025 in
3558 1968 3844 2030 vocatione,

2275 2087 2383 2144 qua
2413 2070 2627 2126 villicus
2671 2068 2875 2123 dicitur
2906 2066 3090 2121 vocari
3130 2081 3159 2119 a
3188 2064 3434 2128 domino,
3463 2060 3619 2115 aliud
3667 2059 3848 2113 intellio

2277 2164 2442 2236 gitur,
2476 2162 2581 2217 nisi
2616 2159 2765 2232 quod
2796 2159 2903 2213 vim
2929 2158 3162 2213 rationis
3196 2173 3303 2212 non
3340 2162 3666 2210 exercentes
3689 2166 3779 2222 per
3801 2166 3851 2205 se

2278 2257 2346 2312 ad
2374 2256 2459 2311 sui
2483 2254 2691 2310 erroris
2713 2250 3080 2323 cognitionem
3107 2266 3217 2304 non
3239 2254 3674 2309 convertuntur;
3703 2243 3854 2314 quod-

2280 2364 2388 2419 que
2437 2344 2665 2401 rationis
2700 2342 3027 2415 negligentia
3058 2341 3245 2412 plures
3292 2355 3323 2394 a
3364 2337 3603 2394 Domino
3640 2341 3853 2405 separat,

2282 2455 2421 2511 quos
2444 2439 2511 2494 ad
2556 2454 2616 2493 se
2641 2436 2819 2493 redire
2845 2435 3113 2491 Dominus
3149 2429 3587 2488 misericorditer
3619 2428 3854 2483 exbom-

2286 2531 2406 2587 ιιινῖ
2448 2529 2626 2597 Quam
2674 2525 3112 2584 exhortationem
3166 2524 3330 2580 etiam
3360 2522 3537 2577 voluit
3595 2521 3711 2590 ipse
3753 2519 3859 2589 pius

2288 2622 2539 2678 Salvator
2572 2619 2903 2692 patefacere,
2934 2618 3124 2673 dicens
3153 2616 3440 2672 dominum
3490 2612 3685 2667 villico
3719 2609 3862 2664 dixis-

2289 2731 2347 2772 se
2381 2734 2394 2770 :
2429 2713 2569 2781 Quid
2588 2713 2684 2767 hoc
2714 2711 2875 2766 audio
2891 2711 2956 2765 de
2987 2711 3078 2764 te?
3102 2708 3278 2763 Redde
3302 2709 3567 2762 rationem
3592 2702 3859 2759 rillicatio-

2290 2809 2374 2862 uis
2397 2816 2522 2862 tuaz.

2365 2900 2452 2955 12.
2483 2896 2806 2967 Quicunque
2827 2894 3122 2949 Dominum
3142 2889 3444 2961 diligimus,
3475 2897 3531 2943 et
3565 2902 3695 2942 eum
3724 2883 3866 2940 nobis

2294 2991 2567 3064 placatum
2617 2989 2864 3043 invenire
2906 2985 3310 3049 desideramus,
3356 2982 3475 3036 hac.
3509 2978 3680 3034 verba
3712 2976 3867 3047 ipsius

2296 3084 2582 3157 diligenter
2609 3079 2976 3144 attendamus,
3012 3070 3288 3133 intellecta
3308 3074 3632 3143 diligamus,
3663 3077 3718 3125 et
3749 3068 3866 3123 dile-

2297 3186 2382 3234 cta
2413 3186 2719 3232 teneamus.
2757 3171 2897 3227 Sunt
2929 3169 3083 3225 enim‘
3119 3167 3284 3222 verba
3320 3165 3585 3236 potentis,
3611 3162 3769 3232 cujus
3797 3160 3869 3212 inv

2295 3271 2481 3327 stituta
2514 3264 2818 3339 transgredi
2840 3278 2951 3318 non
2974 3262 3046 3318 sit
3070 3268 3248 3315 tutum
3271 3276 3286 3326 ;
3311 3255 3743 3313 commotionem
3762 3265 3868 3305 cum

2286 3350 2560 3431 gravitate
2609 3354 2942 3427 prementia,
2984 3350 3080 3407 sed
3121 3359 3304 3405 tamen
3349 3363 3477 3403 cum
3510 3341 3871 3400 misericordia

2296 3460 2763 3521 transgressorem
2808 3445 2875 3500 ad
2923 3441 3360 3499 emendationem
3393 3436 3676 3502 vocantia,
3708 3442 3873 3489 etnon

2298 3541 2654 3599 diderendam
2705 3553 2830 3593 esse
2875 3535 3271 3592 correctionem
3301 3528 3709 3586 rationabiliter
3753 3523 3874 3578 indi-

2300 3633 2500 3689 cantia.
2527 3629 2665 3685 Nam
2692 3627 2928 3684 dicendo
2951 3625 3080 3698 quid
3122 3625 3218 3677 hoc
3244 3622 3405 3676 audio
3450 3621 3515 3674 de
3542 3620 3633 3673 te?
3654 3633 3713 3672 se
3737 3612 3874 3687 quasi

2302 3723 2494 3781 mirari
2547 3720 2799 3791 designat
2839 3715 2985 3788 quod
3030 3720 3224 3785 peccat
3262 3711 3320 3765 in
3360 3725 3487 3765 eum
3519 3707 3700 3763 fidelis
3733 3704 3873 3765 ratio,

2301 3830 2412 3871 non
2437 3822 2593 3868 utens
2612 3790 2695 3865 vel
2726 3808 2960 3864 abutens
2986 3804 3256 3859 bonorum
3292 3798 3467 3869 ipsius
3498 3795 3769 3866 largitate.
3792 3790 3877 3847 Est

2303 3903 2449 3959 enim
2484 3900 2591 3957 tale
2613 3898 2763 3970 quod
2802 3896 2988 3950 'villieo
3036 3892 3240 3948 dicitur
3273 3889 3362 3945 his
3396 3886 3660 3942 brevibus
3687 3881 3873 3945 verbis,

2304 3994 2466 4065 quale
2489 3993 2535 4049 si
2558 3989 2757 4047 rationi
2782 3988 3059 4042 diceretur
3080 3984 3187 4038 hoc
3210 3976 3646 4053 quod‘subditur
3673 3973 3877 4031 vocibus

2305 4087 2377 4143 ad
2405 4082 2819 4154 intelligentiam
2858 4073 3276 4146 multiplicatis:
3308 4070 3424 4143 Ego
3465 4069 3739 4126 Dominus
3774 4080 3879 4120 om-

2308 4179 2484 4245 nium,
2525 4182 2744 4231 creator
2787 4170 3196 4233 universorum,
3241 4163 3664 4236 potentissimus
3707 4165 3871 4231 poten-

2308 4278 2448 4337 tum,
2505 4266 3004 4325 suilieientissimus
3061 4262 3448 4327 snﬂicientum,
3477 4259 3575 4329 qui
3610 4265 3766 4313 extra
3809 4267 3880 4307 me

2310 4363 2520 4420 nullius
2548 4375 2706 4433 egeo,
2737 4359 2851 4416 sola
2882 4357 3162 4414 voluntate
3204 4352 3348 4408 facio
3385 4364 3730 4424 quascunque
3756 4346 3880 4408 volo,

2312 4470 2439 4511 cum
2469 4461 2522 4509 te
2551 4469 2659 4508 non
2703 4464 2941 4523 egerem,
2975 4448 3094 4502 sola
3134 4444 3379 4501 bonitate
3407 4457 3530 4497 mea
3556 4449 3615 4495 te
3642 4439 3880 4500 feceram,

627 4546 858 4603 tentiam
898 4545 1045 4601 Vires
1089 4543 1210 4599 illas
1252 4542 1453 4598 mentis
1475 4541 1543 4596 ad
1571 4539 1787 4598 Βοωὶηὶ
1822 4539 2050 4612 gloriam
2079 4554 2213 4594 (ιδπ-
2243 4541 2290 4601 D
2315 4558 2452 4599 mea:
2473 4540 2730 4613 imaginis
2751 4536 3115 4609 impressione
3133 4533 3263 4589 boni
3286 4541 3341 4587 et
3361 4531 3490 4587 mali
3514 4529 3881 4585 discretionem

629 4638 878 4693 vertendi
906 4652 1192 4708 nunquam
1217 4651 1327 4691 non
1378 4635 1570 4701 habet;
1618 4633 1749 4704 quid
1778 4648 1875 4704 per
1922 4632 2077 4703 quasi
2117 4630 2212 4686 de-

631 4734 945 4784 monstrare
970 4725 1235 4781 Dominus
1271 4724 1525 4791 voluerit,
1557 4721 1848 4778 manifeste
1869 4720 2004 4777 satis
2042 4734 2211 4790 appa-

632 4827 738 4874 ret.
763 4815 986 4873 Certum
1012 4824 1098 4871 est
1118 4815 1286 4883 enim,
1316 4829 1417 4870 nec
1442 4813 1540 4869 ulli
1576 4812 1888 4869 rationabili
1917 4809 2217 4867 dubitabile

637 4908 1024 4967 discretionem
1058 4908 1190 4964 boni
1219 4916 1275 4963 et
1309 4906 1462 4974 mali,
1492 4914 1547 4961 et
1586 4913 1915 4977 potestatem
1944 4919 2054 4975 qua
2079 4903 2216 4959 viri-

637 5003 744 5059 bus
764 5000 966 5057 mentis
993 4999 1321 5071 supradictis
1347 4997 1660 5054 dominatur
1691 4996 1854 5062 ratio,
1889 4984 2220 5064 easdemque

637 5084 787 5151 vires
806 5102 861 5150 et
884 5086 1008 5149 ﬁdei
1048 5091 1302 5164 gratiam,
1348 5089 1494 5145 bona
1534 5085 1753 5144 Domini
1777 5085 1875 5141 Dei
1899 5101 2012 5140 non
2054 5099 2221 5156 parva

642 5200 749 5242 nec
775 5183 1204 5255 contemptibilia
1234 5196 1376 5238 esse.
1406 5179 1467 5236 Si
1502 5195 1633 5252 ergo
1658 5180 1776 5235 haec
1802 5178 1987 5233 omnia
2038 5185 2226 5247 posset

621 5268 926 5333 destruere
950 5274 1090 5331 ratio
1110 5283 1165 5331 et
1190 5275 1518 5341 destrueret,
1546 5280 1750 5342 quanta
1771 5270 2123 5327 damnatione
2143 5268 2228 5324 di-

645 5381 812 5439 gnum
835 5367 892 5422 in
917 5365 1181 5423 factorem
1207 5366 1427 5432 horum,
1451 5372 1504 5419 et
1528 5364 1776 5419 datorem
1800 5361 2007 5416 crimen
2029 5372 2227 5431 perpe-

622 5458 915 5514 traretur?
945 5456 1121 5513 Tanta
1149 5471 1280 5528 ergo
1313 5453 1663 5512 damnatione
1691 5452 1856 5524 digna
1895 5465 1994 5521 per
2019 5450 2175 5522 quasi
2198 5463 2229 5503 a

646 5548 881 5605 Domino
905 5556 1245 5605 monstratur
1289 5544 1570 5618 cognosci,
1594 5544 1725 5616 quia
1763 5543 1925 5599 bonis
1946 5557 1978 5597 a
1996 5540 2230 5596 Domino

649 5639 757 5695 sibi
805 5640 1085 5697 concessis
1132 5654 1244 5694 non
1290 5638 1485 5705 utitur,
1537 5652 1640 5693 nec
1690 5634 1969 5707 praedictis
2022 5631 2231 5687 viribus

648 5731 851 5788 mentis
876 5731 1191 5788 dominatur
1233 5738 1295 5786 ut
1317 5737 1572 5800 oportet:
1601 5734 1865 5800 quantam
1906 5724 2106 5780 mereri
2145 5723 2234 5794 ju-

652 5821 945 5890 dicaretur,
981 5823 1029 5877 si
1064 5822 1170 5876 sibi
1210 5820 1409 5876 tradita
1428 5820 1594 5887 bona,
1628 5828 1684 5895 et
1706 5818 1853 5875 vires
1886 5814 2149 5887 operandi
2177 5822 2234 5871 et

2320 4637 2685 4699 inserueram,
2715 4628 3013 4702 potentiam
3040 4622 3352 4681 refrenandi
3377 4629 3567 4677 motus
3600 4629 3884 4674 omnesm-

2321 4726 2549 4785 luntatis
2574 4724 2898 4789 tribueram,
2926 4734 3071 4776 verae
3113 4716 3238 4773 fidei
3266 4716 3500 4787 gratiam
3543 4712 3768 4782 speique
3785 4722 3875 4763 cte-

2323 4819 2483 4875 lestia
2517 4811 2894 4884 consequendi
2939 4806 3373 4864 consolationem
3419 4801 3757 4858 contuleram
3783 4838 3798 4861 ,
3841 4804 3884 4849 et

2325 4906 2612 4981 praeceptis
2659 4902 2798 4958 meis
2827 4908 2881 4956 et
2916 4896 3183 4968 exemplis
3227 4894 3582 4964 adjuvet-am;
3634 4896 3690 4945 et
3727 4896 3782 4942 tu
3811 4886 3885 4939 his

2326 4998 2585 5054 omnibus
2610 4993 2771 5065 quasi
2802 4990 3151 5058 contemptis,
3191 4983 3439 5054 sequeris
3486 4990 3677 5036 motus
3708 4990 3885 5034 concu-

2323 5085 2607 5159 piscentiae
2634 5079 2972 5152 temporalis.
2998 5076 3141 5142 Quid
3167 5075 3264 5127 hoc
3293 5072 3456 5127 audio
3476 5072 3543 5125 de
3570 5072 3657 5126 te?
3678 5069 3886 5123 immen-

2327 5153 2462 5233 sitas
2492 5153 2752 5248 potentiae
2797 5184 2934 5226 mete
2961 5168 3048 5223 vel
3095 5164 3362 5222 severitas
3404 5162 3637 5233 justitia:
3660 5160 3754 5215 tibi
3796 5153 3886 5212 mei

2329 5283 2438 5324 non
2471 5265 2773 5322 attulerunt
2797 5261 3050 5317 timorem
3103 5275 3118 5312 :
3163 5255 3385 5311 collatio
3417 5261 3496 5307 tot
3539 5261 3597 5307 et
3638 5258 3885 5306 tantorum

2330 5356 2743 5422 beneficiorum,
2773 5352 3033 5425 patientia
3075 5352 3135 5404 et
3172 5344 3539 5402 mansuetudo
3566 5343 3667 5398 tibi
3695 5339 3795 5396 mei
3825 5337 3887 5391 di-

2334 5466 2500 5523 gnum
2531 5463 2639 5504 non
2680 5446 3031 5504 contulerunt
3062 5454 3326 5497 amorem.
3358 5436 3504 5503 Quid
3544 5436 3645 5489 hoc
3670 5428 3888 5488 audiod:

2336 5544 2429 5596 te?
2457 5541 2593 5595 Tam
2620 5539 2747 5593 vilis
2773 5551 2870 5608 per
2913 5544 2986 5602 te,
3019 5543 3132 5588 tam
3162 5530 3370 5587 nullius
3404 5527 3658 5583 utilitatis
3686 5544 3702 5578 :
3746 5533 3886 5593 quam

2337 5639 2543 5687 tantam
2596 5626 2857 5694 feceram,
2887 5639 3053 5696 quam
3100 5623 3191 5677 hic
3226 5621 3682 5682 sublimaveram;
3712 5608 3887 5684 grande

2336 5722 2540 5778 malum
2570 5715 2920 5789 perpetrasti,
2958 5712 3219 5786 grandem
3269 5723 3491 5781 pmnam
3528 5708 3630 5762 tibi
3658 5699 3884 5789 parasti:

2339 5823 2521 5869 tamen
2549 5788 2677 5882 quia
2719 5806 3036 5865 misericors
3070 5820 3183 5861 non
3211 5816 3334 5859 esse
3362 5815 3472 5855 non
3497 5810 3734 5869 possum,
3756 5788 3887 5845 add:
