3946 6306
183 317 309 371 “37

1243 310 1482 373 llOMIL.
1524 319 1615 377 DE
1657 323 1932 382 VlLLlCO
1971 325 2405 394 INIQUITATIS.

3309 343 3447 408 U38

178 432 425 487 rationem
446 430 791 487 villicationis
818 441 940 503 tuae,
961 435 1121 490 ettibi
1146 429 1356 504 placari
1368 443 1594 507 paratus
1610 454 1754 494 sum.
1787 440 1831 495 Α
1935 440 2019 496 l5.
2053 440 2167 496 lloe
2192 440 2581 497 attendendum
2607 442 2754 514 quod
2777 457 2920 516 saepe
2941 443 3015 503 fit.
3030 464 3087 505 ιιι
3112 449 3322 509 ratione
3343 471 3439 513 cu-

233 523 322 577 15.
348 519 643 578 Rationem
673 525 853 580 reddit
880 527 1131 597 quisquis
1166 524 1242 580 illi
1273 544 1304 582 a
1340 544 1450 600 quo
1476 529 1755 601 impetitur

162 612 544 683 respondendo
566 615 709 670 sicut
737 626 973 687 Oportet,
1008 619 1181 675 donec
1203 619 1351 691 juste
1374 621 1640 692 quiescat,
1665 639 1753 678 sa-

159 703 383 759 tisfacit.
420 704 741 762 Secundum
765 709 905 766 hanc
935 709 1171 766 formam
1215 715 1753 787 monetbenignissi-

153 808 278 849 mus
310 793 591 865 Salvator,
623 806 685 852 ut
713 799 763 854 ei
787 801 1053 857 rationem
1098 804 1412 873 reddamus,
1450 806 1659 861 scilicet
1692 815 1753 861 ut

147 885 217 940 ad
243 900 311 941 ea
347 903 480 957 qua:
517 904 774 959 peccasse
798 908 898 948 nos
930 893 1192 965 increpat,
1221 896 1322 952 siLi
1357 914 1452 968 per
1476 897 1748 969 pteuiter-

147 975 277 1031 tiam
309 985 366 1032 et
390 978 838 1038 humiliationem
871 986 1070 1042 mentis
1092 997 1145 1043 et
1167 989 1555 1045 misericordia:
1583 1005 1749 1061 opera

142 1075 195 1122 et
222 1069 518 1128 orationes
567 1076 950 1144 respondendo
982 1077 1418 1149 satisfaciamus;
1451 1097 1553 1137 nec
1594 1080 1749 1138 dilic-

140 1171 333 1213 ramus
363 1158 504 1229 quia
552 1163 924 1235 propinquum
951 1176 1035 1222 est
1066 1176 1127 1223 ut
1169 1185 1279 1225 non
1305 1170 1582 1241 possimus
1619 1171 1747 1227 red-

138 1248 287 1305 dere.
314 1248 479 1308 Mors
501 1255 649 1309 enim
673 1255 921 1314 imminet
943 1260 1094 1314 omni
1126 1260 1283 1327 hora,
1305 1278 1428 1332 qua:
1457 1263 1561 1318 hoc
1587 1262 1749 1318 efﬁcit

137 1349 196 1395 ut
222 1350 354 1411 post
396 1358 530 1399 eam
562 1346 700 1402 nihil
730 1349 795 1404 ad
821 1357 1015 1405 nutum
1043 1360 1294 1407 nostrum
1330 1352 1611 1408 valeamus
1637 1353 1742 1408 im-

137 1442 360 1491 mutare
394 1455 408 1491 :
437 1438 594 1509 quod
631 1442 792 1497 nobis
824 1443 1085 1500 indicavit
1122 1446 1247 1515 pius
1275 1445 1467 1502 doctor
1491 1462 1617 1502 cum
1644 1446 1744 1502 ad-

135 1527 316 1583 didit:
350 1528 492 1585 Jam
529 1534 670 1588 enim
711 1552 814 1590 non
848 1539 1045 1609 poteris
1096 1536 1358 1594 villicare.
1400 1534 1549 1593 Nihil
1596 1539 1743 1594 enim

135 1628 260 1690 post
291 1631 541 1679 mortem
571 1627 795 1697 prodest
835 1611 1064 1700 perditis
1083 1630 1175 1701 jus
1197 1631 1448 1699 rationis,
1481 1630 1609 1702 quia
1632 1648 1742 1687 non

138 1712 280 1767 valet
308 1712 566 1787 effugere
598 1734 791 1788 pennas
829 1721 1038 1778 merita:
1066 1722 1457 1778 damnationis.
1502 1720 1617 1778 Hoc
1642 1737 1742 1778 no-

1850 530 2031 603 jusvis
2070 532 2385 604 bujusmodi
2419 535 2720 605 meditatio,
2743 552 2844 595 nec
2882 538 3237 614 subsequitur
3262 548 3439 618 poeni-

1856 622 2035 678 tentiae
2059 623 2563 697 satisfactionisque
2592 642 2847 700 congruae
2875 631 3028 689 sicut
3043 646 3315 708 oporteret
3339 653 3437 697 ex-

1852 714 2098 784 quisitio.
2135 714 2241 771 Sed
2268 733 2394 772 eum
2420 718 2526 774 hoc
2554 721 2841 794 contingit,
2867 741 2977 782 non
3016 735 3149 784 tunc
3174 729 3224 784 ei
3248 728 3438 788 Domi-

1852 823 1957 863 nus
2013 809 2275 880 loquitur,
2310 811 2404 867 sed
2450 811 2568 883 ipsa
2619 827 2678 870 se
2730 815 2904 886 ipsam
2959 819 3430 891 circumspiciens,

1850 899 2057 969 absque
2091 900 2417 958 confusione
2461 904 2679 961 timoris
2708 915 2988 978 evagatur.
3029 908 3262 967 Locutio
3302 929 3432 970 vero

1851 988 2065 1045 Domini
2125 1008 2340 1064 semper
2360 995 2443 1056 .id
2492 996 2561 1050 ad
2591 996 2739 1067 quod
2773 998 2834 1052 ﬁt
2864 1009 3156 1071 operatur;
3211 1011 3264 1058 et
3308 1004 3432 1062 ideo

1847 1082 2062 1152 quoties
2083 1083 2201 1153 ipse
2223 1084 2290 1140 de
2319 1084 2385 1141 iis
2411 1087 2715 1145 malefactis
2745 1090 2973 1163 corripit
3018 1094 3431 1163 rationem,an-

1847 1189 1944 1244 gor
1969 1174 2151 1231 cordis
2199 1186 2253 1232 et
2298 1177 2687 1235 satisfactionis
2737 1183 3031 1254 exquisitio
3095 1186 3386 1241 comitatur
3413 1207 3431 1242 :

1845 1267 1991 1335 quod
2011 1268 2171 1323 nobis
2195 1269 2377 1326 verbis
2399 1269 2615 1326 Domini
2644 1273 2916 1330 indicatur
2942 1275 3249 1333 manifeste.
3284 1276 3428 1334 Sub-

1844 1357 1923 1412 dit
1950 1358 2097 1413 enim
2131 1377 2144 1415 :
2176 1359 2269 1414 Ait
2298 1368 2476 1417 autem"
2502 1363 2712 1419 villicus
2733 1366 2878 1421 intra
2900 1383 2973 1422 se.
2998 1367 3165 1435 Quasi
3195 1378 3345 1425 extra
3370 1371 3430 1428 so

1843 1449 2107 1520 loquitur,
2138 1467 2263 1507 cum
2289 1468 2413 1524 quae
2436 1456 2579 1510 mala
2619 1464 2749 1512 sunt
2770 1456 2951 1514 facere
2981 1467 3198 1530 tractat,
3230 1462 3314 1517 vel
3347 1460 3429 1525 fe,-

1842 1542 1985 1598 cisse
2035 1543 2156 1599 siue
2190 1545 2389 1600 timore
2433 1547 2740 1617 perpendit.
2772 1548 2878 1605 Sed
2917 1559 3049 1607 tunc
3095 1551 3238 1609 intra
3266 1569 3324 1608 se
3350 1553 3435 1610 ῐθι

1841 1630 2047 1704 quitur,
2084 1650 2209 1690 cum
2241 1636 2372 1707 quid
2387 1636 2535 1707 juste
2562 1638 2757 1695 debeat
2796 1642 3012 1712 operari
3041 1652 3203 1699 cauta
3243 1644 3427 1702 consi-

1842 1725 2123 1783 deratioue
2144 1728 2430 1799 perquirit.
2466 1727 2601 1785 illud
2624 1746 2863 1802 namque
2888 1732 2957 1788 ab
2984 1733 3075 1789 illa
3104 1735 3425 1799 naturaliter

138 1801 221 1858 bis
248 1804 416 1874 plane
439 1808 622 1864 voluit
651 1809 741 1866 ille
764 1826 930 1883 super
951 1828 1144 1869 omnes
1164 1813 1317 1871 dives
1350 1812 1613 1881 indicare,
1649 1813 1738 1868 di-
1773 1794 1815 1853 Β
1842 1826 1926 1872 est
1952 1794 2286 1889 separa—tum,
2317 1820 2424 1877 hoc
2462 1829 2644 1876 autem
2676 1794 3016 1896 sibi-semper
3033 1826 3317 1898 proprium
3341 1794 3426 1886 est

137 1896 309 1952 cendo
337 1899 536 1957 villico
568 1921 581 1959 :
605 1903 724 1974 jam
763 1906 925 1975 enim,
951 1905 1004 1961 id
1027 1914 1112 1962 est
1139 1906 1194 1962 in
1217 1906 1474 1978 proximo
1506 1922 1617 1963 non
1638 1922 1739 1978 po-

137 1989 266 2044 teris
289 1991 565 2050 villicarc.

209 2082 296 2138 14.
323 2081 433 2140 Sed
474 2086 605 2142 illud
632 2089 1021 2146 attendendum
1050 2099 1155 2161 est,
1180 2092 1414 2164 qualiter
1441 2094 1736 2167 negligenti

139 2173 339 2231 rationi
369 2175 648 2236 Dominus
678 2181 759 2238 sic
784 2182 1062 2253 loquatur,
1096 2200 1165 2240 ne
1182 2185 1329 2257 quod
1364 2187 1604 2243 diximus
1631 2187 1737 2243 mi-

143 2281 244 2322 nus
290 2270 597 2339 capacibus
638 2283 913 2330 remotum
961 2291 992 2330 a
1032 2276 1264 2333 veritate
1317 2279 1568 2335 videatur
1606 2296 1621 2333 :
1653 2281 1737 2336 lo-

141 2355 325 2424 quitur
372 2357 648 2417 Dominus
678 2363 928 2433 pluribus
971 2365 1151 2422 modis
1197 2368 1577 2438 quibus‘suam
1617 2371 1734 2426 vult

144 2445 487 2507 innotescere
511 2453 867 2525 voluntatem,
900 2456 1198 2529 unicuique
1245 2459 1349 2516 sibi
1389 2462 1735 2519 convenienti

145 2542 322 2609 modo,
347 2554 522 2615 prout
551 2546 699 2602 videt
731 2547 949 2621 exigere
972 2549 1240 2623 cujusque
1266 2562 1520 2609 naturam
1558 2562 1611 2610 et
1640 2571 1733 2611 ca-

145 2634 455 2703 pacitatem.
485 2637 755 2711 Loquitur
788 2658 1026 2715 namque
1060 2644 1389 2717 quibusdam
1436 2649 1647 2704 occulta
1678 2657 1736 2704 et

146 2728 342 2800 absque
368 2732 621 2803 quolibet
661 2734 864 2791 indicio
909 2720 1051 2792 facta
1089 2738 1469 2810 inspiratione,
1498 2749 1558 2796 ut
1589 2741 1729 2799 Pro-

145 2819 309 2890 pheta:
338 2823 549 2880 dicenti
579 2846 592 2881 :
620 2826 853 2882 Audiam
872 2829 1001 2900 quid
1021 2829 1272 2902 loquatur
1293 2830 1552 2888 Dominus
1586 2834 1728 2889 Deus

146 2912 312 2970 inme.
336 2915 479 2973 Aliis
501 2919 746 2990 loquitur
767 2936 919 2989 voce,
952 2923 1323 2979 nescientibus
1354 2925 1497 2981 unde
1525 2927 1639 2993 flat,
1671 2936 1732 2983 ut

147 2999 397 3065 Samueli.
422 3008 565 3067 Aliis
589 3013 838 3081 somniis,
876 3021 937 3069 ut
970 3012 1195 3086 Ioseph,
1220 3015 1515 3084 Pharaoni,
1540 3016 1728 3073 Nabu-

146 3097 508 3171 chodonosor,
542 3102 774 3161 Danicli.
824 3106 960 3162 Aliis
1001 3108 1249 3179 angelico
1297 3109 1622 3178 ministerio,
1667 3119 1729 3167 ut

146 3187 329 3275 Moysi,
357 3195 661 3264 Abraham,
678 3197 868 3267 Jacob,
889 3207 944 3255 et
958 3198 1080 3255 aliis
1103 3201 1372 3271 pluribus.
1399 3189 1536 3258 Aliis
1553 3203 1730 3275 signis

144 3269 489 3356 quibusdam,
527 3299 586 3344 ut
626 3289 906 3358 Baltassar
942 3269 1124 3365 digitis
1154 3294 1210 3348 in
1239 3295 1446 3366 pariete
1477 3269 1725 3354 scriben-

146 3374 302 3433 tibus.
328 3377 519 3436 Multis
554 3390 733 3437 autem
755 3381 1000 3455 loquitur
1039 3400 1137 3454 per
1158 3384 1409 3441 homines
1430 3385 1634 3453 fideles,
1666 3394 1727 3442 ut

142 3473 373 3545 antiquis
390 3492 490 3546 per
507 3478 819 3548 prophetas,
837 3479 995 3535 nobis
1010 3493 1107 3551 per
1121 3479 1521 3536 ecclesiasticos
1537 3479 1726 3535 docto-

143 3578 245 3634 res,
270 3568 549 3625 nonnullis
571 3586 666 3640 per
691 3571 998 3626 divinarum
1015 3571 1719 3643 Scripturarumlectiones,

144 3656 385 3727 plurimis
414 3676 514 3731 per
543 3661 791 3731 corporis
830 3659 1203 3729 afflictiouem,
1229 3661 1558 3733 quibusdam
1587 3676 1725 3731 quo-
1790 3722 1793 3725 ,

142 3762 241 3817 que
258 3765 356 3821 per
378 3753 735 3822 temporalem
757 3748 1161 3808 adversitatem.
1189 3752 1329 3808 Sunt
1348 3754 1535 3825 plures
1557 3761 1610 3810 et
1629 3753 1723 3809 alii

142 3840 280 3894 modi
311 3842 513 3897 divinae
544 3844 858 3912 locutionis,
892 3860 1031 3916 quos
1054 3860 1246 3902 omnes
1274 3862 1596 3903 enumerare
1609 3861 1719 3902 non

138 3940 216 3985 cst
240 3935 486 3991 scientiae
509 3944 710 3992 nostra:
730 3936 1006 3994 debilitas.
1035 3936 1267 3996 Sedhoc
1300 3938 1584 3995 sciendum
1613 3945 1717 4006 est,

137 4024 259 4095 quia
289 4036 423 4084 tunc
437 4027 702 4086 Dominus
724 4030 967 4102 loquitur
992 4031 1059 4086 ad
1084 4031 1354 4086 rationem
1386 4046 1508 4087 cum
1535 4031 1719 4102 aliquo

135 4121 520 4188 prcedictorum
543 4122 853 4191 modorum,
881 4124 965 4178 vel
1002 4123 1246 4195 quolibet
1275 4123 1382 4178 alio
1410 4138 1530 4177 eam
1554 4139 1583 4177 a
1615 4138 1719 4178 suo

132 4203 314 4266 crratu
333 4214 730 4285 etnegligentia
756 4222 978 4269 revocat
1000 4211 1067 4268 ad
1089 4213 1260 4284 ipsius
1282 4212 1718 4284 cognoscendam

131 4302 490 4361 voluntatem.
519 4303 786 4361 Fidelium
804 4315 986 4361 autem
1003 4306 1201 4361 rationi
1216 4305 1715 4376 concupiscentiam

129 4394 311 4451 carnis
362 4404 565 4451 secutze
596 4396 835 4451 maxime
871 4397 1116 4469 loquitur
1142 4412 1240 4467 per
1269 4396 1520 4452 doelores
1550 4404 1605 4451 et
1632 4396 1717 4451 di-

1840 1917 1895 1963 et
1926 1908 2193 1964 innatum.

1911 2000 1999 2055 16.
2027 2000 2165 2057 Cum
2198 2001 2367 2074 igitur
2390 2002 2658 2061 Dominus
2691 2004 2758 2061 de
2784 2020 3009 2061 suorum
3046 2006 3429 2066 institutorum

1836 2093 2275 2163 transgressione
2295 2093 2563 2150 rationem
2584 2098 2750 2152 modo
2770 2097 2955 2169 aliquo
2979 2100 3178 2170 suprad
3186 2102 3419 2157 ictorum

1838 2187 2219 2259 inerepaverit,
2243 2189 2362 2261 ipsa
2405 2190 2554 2247 illico
2599 2208 2708 2248 non
2765 2194 2943 2249 otiosa
2967 2210 3069 2250 nec
3117 2195 3420 2267 stupefacta

1835 2294 2163 2349 permanens
2188 2281 2332 2337 intra
2370 2297 2428 2339 se
2461 2283 2594 2339 dicit
2624 2303 2637 2338 :
2664 2282 2808 2350 Quid
2833 2286 3054 2356 faciam,
3080 2288 3206 2358 quia
3233 2286 3422 2342 Domi-

1835 2388 1932 2426 nus
1960 2389 2103 2426 meus
2130 2375 2305 2444 aufert
2328 2392 2361 2429 a
2380 2392 2462 2431 me
2484 2375 2903 2433 villicationem?
2930 2378 2984 2434 id
3010 2388 3093 2435 est
3115 2380 3418 2435 secundum

1832 2460 1942 2514 vim
1983 2477 2098 2517 suae
2126 2471 2336 2519 naturae
2363 2464 2693 2534 considerat,
2725 2467 2961 2537 qualiter
2983 2483 3151 2539 quam
3200 2485 3259 2526 se
3303 2485 3420 2526 me.

1832 2553 2013 2610 ruisse
2041 2556 2320 2627 cognoscit
2354 2556 2494 2612 iram
2536 2555 2753 2613 Domini
2779 2575 2889 2616 non
2931 2559 3220 2631 incurrat;
3270 2563 3428 2634 quod

1832 2642 1978 2698 enim
2026 2644 2244 2701 villicus
2304 2645 2437 2701 dicit
2485 2663 2499 2702 :
2559 2645 2702 2712 Quid
2768 2648 2998 2717 faciam,
3055 2650 3184 2720 quia
3245 2649 3419 2703 domi-

1833 2758 1931 2794 nus
1963 2757 2105 2796 meus
2145 2743 2320 2813 aufert
2371 2759 2404 2797 a
2453 2759 2533 2797 me
2565 2742 2963 2813 villicationem,
2994 2744 3427 2803 sollicitudinem

1835 2834 2074 2891 vindieat
2104 2834 2351 2902 rationis,
2380 2849 2451 2890 ne
2500 2850 2559 2890 se
2595 2834 2804 2905 judicio
2845 2834 3083 2902 Domini,
3115 2849 3228 2906 quo
3256 2836 3418 2891 dam-

1832 2936 2011 2995 uetur,
2045 2928 2330 2996 subdatur,
2364 2927 2665 2984 secundum
2694 2928 2925 2998 apostoli
2942 2927 3097 2983 Pauli
3127 2927 3419 2984 consilium

1804 3036 1807 3039 ·
1832 3018 1979 3073 velut
2005 3019 2109 3073 hoc
2138 3020 2300 3074 modo
2331 3018 2677 3074 discutient-is
2713 3026 2767 3074 et
2804 3018 3104 3090 judicantis
3136 3036 3149 3072 :
3181 3017 3298 3074 scio
3327 3032 3419 3073 me

1829 3108 2078 3164 Creatori
2109 3123 2233 3163 meo
2260 3123 2372 3163 non
2394 3108 2538 3163 sicut
2565 3107 2806 3178 op‘ortuit
2834 3107 3090 3174 servisse,
3127 3108 3417 3177 ipsumque

1832 3198 2331 3270 tr‘ansgressoribus
2357 3210 2584 3253 suorum
2616 3207 3011 3268 praeceptorum
3036 3209 3257 3266 poenam
3291 3197 3418 3251 intl-

1827 3293 2000 3350 nitam
2027 3292 2176 3363 juste
2207 3289 2546 3357 instituisse;
2580 3290 2698 3345 scio
2725 3303 2944 3360 quoque
2968 3287 3117 3360 quod
3136 3288 3248 3343 cito
3288 3287 3416 3343 vita:

1829 3400 1917 3440 me
1941 3383 2246 3451 subtrahet,
2268 3390 2699 3454 potestatemque
2719 3394 2884 3451 quam
2903 3396 3051 3436 nunc
3065 3380 3240 3436 habeo
3264 3380 3414 3453 quod

1827 3476 2051 3531 voluero
2076 3473 2310 3531 faciendi
2342 3475 2397 3528 in
2436 3472 2774 3541 contrarium
2825 3479 3141 3540 convertet;
3201 3472 3298 3528 sed
3323 3473 3412 3528 ni-

1825 3567 2126 3623 hilominus
2161 3566 2314 3620 illum
2370 3565 2486 3622 scio
2528 3564 2957 3631 misericordem,
3006 3564 3175 3619 vitam
3216 3579 3411 3634 pecca-

1824 3661 1961 3717 toris
1990 3662 2166 3733 magis
2194 3675 2360 3732 quam
2401 3665 2633 3712 mortem
2660 3656 3082 3723 desiderantem,
3107 3664 3163 3711 et
3190 3656 3312 3711 ideo
3342 3656 3413 3711 ad

1823 3755 2156 3826 paenitentiae
2185 3750 2574 3809 correctionem
2607 3757 3016 3821 provocantem.
3049 3747 3165 3804 Hac
3209 3747 3410 3803 ﬁducia

1823 3844 2054 3903 sollicita
2084 3844 2340 3917 perquiro
2368 3843 2500 3914 quid
2526 3841 2704 3897 facere
2754 3841 2983 3898 debeam
3013 3841 3257 3913 quandiu
3284 3856 3410 3897 sum

1821 3942 1877 3998 in
1901 3956 2021 3996 mea
2050 3947 2336 4011 potestate,
2369 3953 2436 3992 ne
2478 3953 2602 3992 eum
2642 3936 2948 4008 perdidero,
2989 3937 3154 3992 nimis
3183 3937 3329 4008 turpi
3356 3946 3412 3994 et

1820 4031 2147 4088 intolerabili
2173 4031 2503 4102 comprimar
2527 4038 2786 4102 egestate.
2827 4028 2949 4084 Non
2999 4039 3181 4086 autem
3214 4031 3409 4101 ignoro

1820 4125 1997 4180 cuivis
2045 4140 2169 4181 esse
2220 4131 2534 4195 promptum
2578 4122 2800 4193 aliquod
2851 4122 3033 4194 gravis
3074 4121 3411 4192 penitentiat

1819 4232 1990 4294 genus
2008 4216 2283 4287 incipere;
2313 4216 2442 4272 licet
2463 4215 2609 4271 enim
2632 4214 2855 4271 cuilibet
2884 4214 2968 4270 vel
2993 4214 3189 4286 ignavo
3202 4214 3407 4271 bellum

1818 4306 2090 4374 indicare;
2122 4306 2217 4362 sed
2254 4306 2442 4373 didici,
2486 4305 2716 4362 docente
2757 4303 3011 4374 Domino,
3048 4305 3407 4362 salvationem

1818 4398 2018 4455 mereri
2058 4414 2168 4454 non
2214 4398 2477 4468 incipere,
2510 4395 2604 4453 sed
2640 4410 3010 4467 perseverare.
3068 4394 3225 4452 Unde
3268 4396 3408 4453 mihi

130 4483 384 4540 vinarum
416 4485 822 4559 Scripturarum
861 4488 1144 4544 lectiones.
1182 4494 1238 4543 et
1265 4502 1558 4558 corporum
1590 4503 1712 4544 mo-
1743 4497 1791 4557 D
1817 4487 2191 4545 necessarium
2219 4495 2353 4559 puto
2379 4486 2485 4543 tale
2510 4501 2683 4558 genus
2718 4485 3075 4543 correctionis
3101 4487 3227 4542 vitae
3260 4502 3401 4542 con-

127 4573 364 4645 lestiam,
405 4578 488 4634 vel
535 4579 749 4650 aliquas
802 4580 1160 4651 adversitates
1195 4598 1207 4634 :
1238 4595 1361 4651 qua:
1398 4579 1602 4634 locutio
1653 4579 1710 4634 in

129 4666 245 4737 ipsa
273 4671 491 4728 ratione
512 4672 571 4727 tit
591 4688 714 4728 cum
746 4689 778 4728 a
804 4672 1036 4729 Domino
1063 4673 1305 4745 quolibet
1325 4671 1709 4759 praedictorum

126 4762 424 4819 modorum
481 4766 737 4834 excitata,
762 4781 893 4822 suos
924 4776 1141 4823 erratus
1163 4767 1231 4823 ad
1274 4766 1596 4823 memoriam
1622 4781 1711 4822 re-

124 4868 366 4924 vocans,
422 4857 523 4912 sibi
579 4857 760 4912 dicit:
818 4856 961 4925 Quid
1013 4857 1215 4915 misera
1262 4858 1482 4915 fecisti?
1542 4874 1710 4929 quam

126 4944 577 5005 iuconvenientcr
620 4957 674 5004 et
709 4948 913 5020 injuste
958 4948 1102 5006 bona
1128 4967 1249 5021 quae
1277 4951 1374 5007 tibi
1410 4952 1715 5008 contulerat

124 5034 399 5095 Dominus
428 5040 705 5096 tractasti?
727 5039 1154 5096 lmmensitatem
1182 5041 1357 5112 ipsius
1377 5049 1433 5097 et
1454 5041 1713 5097 immuta-

124 5124 289 5183 bilem
306 5128 580 5200 justitiam
604 5131 658 5185 in
686 5131 954 5187 memoria
990 5146 1102 5187 non
1128 5132 1412 5188 habuisti?
1449 5142 1503 5188 te
1534 5134 1710 5204 ipsam

122 5229 315 5276 contra
354 5221 472 5293 ejus
509 5223 767 5293 placitum
789 5233 844 5280 et
861 5224 1189 5295 jussionem,
1213 5241 1329 5280 rem
1364 5225 1708 5294 vilissimam,

124 5328 354 5370 carnem
391 5316 614 5384 scilicet,
646 5318 924 5388 sequendo
951 5317 1190 5375 foedasti.
1220 5317 1362 5386 Quid
1391 5320 1473 5391 sic
1493 5320 1635 5375 male
1657 5329 1709 5376 te

125 5402 382 5460 habendo
406 5408 778 5477 promeruisti,
807 5409 1047 5464 maxime
1078 5424 1205 5465 cum
1234 5410 1387 5465 illum
1413 5409 1529 5466 haec
1554 5411 1711 5482 igno-

124 5509 248 5551 rare
282 5511 398 5551 non
439 5497 684 5570 potuisse
710 5501 1047 5572 cognovisti?
1073 5499 1213 5556 Cum
1262 5502 1378 5558 haec
1403 5516 1587 5558 secum
1613 5518 1711 5573 per

125 5585 371 5658 aliquam
393 5592 831 5663 supradictarum
869 5608 1164 5649 causarum
1203 5594 1537 5651 commonita
1565 5595 1707 5650 ratio

126 5678 461 5751 meditatur;
497 5693 629 5741 tunc
659 5701 691 5739 a
711 5683 944 5740 Domino
982 5685 1128 5741 velut
1148 5687 1220 5754 ei,
1242 5688 1368 5759 quid
1414 5688 1523 5743 haec
1545 5687 1705 5743 audio

126 5768 190 5827 de
214 5771 301 5827 te?
324 5780 380 5827 et
399 5784 611 5846 cetera,
643 5776 876 5847 dicente,
910 5777 1239 5849 increpatur.

1814 4581 2076 4648 siderare,
2107 4579 2253 4651 quod
2280 4578 2490 4635 valeam
2517 4577 2636 4635 sine
2653 4576 2868 4633 defectu
2894 4576 3075 4648 quoad
3109 4576 3296 4633 vixero
3318 4584 3407 4633 to-

1815 4672 2009 4729 lerare.
2043 4670 2182 4728 Hinc
2202 4678 2289 4727 est
2311 4669 2461 4743 quod
2512 4669 2593 4727 sic
2643 4668 2863 4725 revolvo
2909 4668 3147 4740 qualiter
3172 4667 3405 4725 debeam

1815 4780 1937 4820 mea
1992 4764 2134 4818 mala
2182 4762 2398 4834 punire,
2435 4777 2545 4817 non
2578 4759 2787 4817 audens
2812 4776 2902 4817 me
2935 4761 3297 4827 committere,
3326 4760 3401 4814 ti-

1816 4871 1974 4911 mens
2004 4854 2218 4925 lapsum
2239 4853 2290 4908 ei
2318 4868 2495 4924 paena:
2515 4867 2680 4923 quam
2726 4866 2835 4907 non
2885 4866 3109 4922 possum
3138 4849 3403 4922 perferre.
3492 4888 3499 4895 .

1817 4942 1955 5000 Nolo
1980 4943 2126 5000 enim
2162 4943 2218 4998 in
2259 4942 2532 4999 incertum
2562 4957 2806 5011 currere,
2831 4956 2933 4998 nec
2961 4951 3023 4997 ut
3060 4956 3243 4999 aerem
3271 4954 3399 4995 ver-

1813 5036 2014 5093 berans
2040 5050 2313 5107 pugnare;
2345 5034 2441 5090 sed
2467 5035 2535 5089 ad
2564 5034 2812 5090 bravium
2839 5043 2895 5091 et
2914 5046 3173 5091 coronam
3192 5031 3239 5089 si
3267 5046 3399 5105 pro-

1816 5129 2048 5202 positori
2070 5126 2337 5200 placuerit
2357 5120 2661 5198 pervenire.
2686 5126 2915 5197 Propter
2942 5127 3047 5180 hoc
3070 5124 3218 5179 vires
3243 5139 3398 5180 meas

1819 5240 1905 5280 me
1960 5224 2266 5295 ponderare
2296 5222 2546 5279 ostendo.
2601 5222 2743 5288 Quid
2766 5221 2963 5292 faciam
2985 5219 3111 5290 quia
3151 5217 3399 5273 dominus
3489 5253 3498 5263 ι

1819 5332 1961 5370 meus
1983 5315 2157 5386 aufert
2174 5332 2207 5369 a
2229 5332 2309 5369 me
2337 5313 2716 5369 villicationcm
2741 5310 2972 5367 dicendo
3005 5329 3017 5365 :
3045 5307 3231 5378 Neque
3248 5309 3397 5364 enim

1817 5421 2043 5477 possum
2073 5406 2216 5461 sicut
2234 5404 2404 5461 fortes
2433 5406 2627 5476 fodere,
2652 5417 2754 5457 nec
2773 5401 2895 5456 ideo
2922 5408 3108 5455 tamen
3134 5400 3260 5455 volo
3290 5400 3399 5454 sic-

1818 5508 1878 5555 ut
1914 5500 2062 5554 iners
2088 5498 2264 5554 otiosa
2308 5511 2620 5562 remanere;
2652 5492 2747 5549 sed
2786 5491 2933 5563 quod
2960 5499 3151 5562 potero
3174 5488 3395 5556 faciam,

1816 5593 2078 5664 quoniam
2107 5591 2351 5647 erubesco
2387 5587 2702 5644 mendicare.

1894 5687 1977 5742 17.
2011 5685 2149 5754 Quia
2194 5694 2339 5741 terra
2389 5697 2515 5738 eum
2547 5679 2750 5736 foditur
2774 5677 2912 5734 dura
2940 5674 3139 5748 ligonis
3166 5685 3393 5743 percus-

1817 5781 1970 5836 sione
1997 5766 2330 5850 penetratur,
2355 5773 2642 5841 scinditur,
2670 5780 2725 5828 et
2750 5779 2811 5828 ut
2835 5769 3089 5827 alimenta
3113 5766 3234 5821 vitae
3262 5778 3391 5838 pro;
