3946 6306
198 372 321 429 liii

186 486 404 556 signum
435 491 524 537 est
552 489 606 538 et
625 481 969 540 rectitudinis
994 504 1009 553 ;
1063 495 1117 541 et
1145 484 1278 556 quia
1298 486 1371 541 in
1406 486 1569 558 plano
1599 487 1771 543 ﬁrmi-

1258 368 1493 428 HOMIL.
1541 373 1630 429 ne
1672 372 1949 433 vnanco
1985 341 2425 441 lNlQUl’l‘ATlS.

3323 379 3385 437 ﬂ
3392 381 3464 438 Β

1798 496 1846 552 Λ
1874 487 2084 543 derare.
2149 487 2663 560 Quinquagenari'us
2710 489 2856 546 enint
2892 499 3168 561 nascetur,
3206 495 3254 552 si
3300 498 3465 569 quin.
3519 510 3523 517 ’

185 586 264 632 ter
298 575 471 646 jacet,
500 573 720 650 signum
778 585 865 633 est
898 576 1063 633 etiam
1116 577 1449 635 stabilitatis.
1505 578 1776 636 Dividitur
1875 578 2033 648 quies
2061 578 2247 653 decem
2295 579 2379 634 vel
2420 580 2602 637 decies
2629 582 2874 655 quinque
2907 598 3271 661 computetur.
3321 589 3463 648 Cum

172 678 359 723 autem
392 666 500 722 iste
522 684 788 726 numerus
816 669 869 725 in
892 671 1002 726 duo
1031 670 1521 744 quinquagenaria,
1546 672 1639 743 qui
1667 688 1773 728 nu—

174 775 367 816 merus
388 760 607 830 jubilaei
631 760 876 818 lietitiam
904 772 1288 834 repraesentat,
1311 764 1369 819 in
1420 779 1531 835 quo
1573 779 1773 820 secun~

164 851 300 907 dum
338 850 524 921 legem
556 859 611 907 et
639 868 831 910 servus
872 854 1180 910 libertatem
1225 855 1684 926 consequebatur,
1719 863 1774 910 et

165 941 499 999 intereditate
569 944 817 1014 privatus
884 946 1256 1003 haereditatem
1328 948 1606 1019 propriam
1682 961 1771 1003 re-

162 1035 525 1104 cuperabat:
560 1050 656 1106 per
729 1038 877 1109 quod
954 1047 1173 1095 centum
1202 1080 1218 1107 ,
1264 1037 1321 1094 in
1391 1054 1503 1110 quo
1574 1054 1771 1095 nume-

158 1131 259 1183 rus
298 1126 412 1183 iste
436 1128 776 1199 duplicatur,
802 1139 1018 1188 aeternae
1047 1131 1322 1190 felicitatis
1350 1132 1608 1204 exprimit
1636 1132 1772 1187 laeti-

158 1219 332 1287 tiam;
365 1220 426 1275 in
455 1237 568 1292 qua
593 1223 687 1294 qui
715 1224 1047 1295 recipientur
1072 1226 1324 1298 corporis
1347 1234 1403 1282 et
1422 1226 1620 1282 animae
1641 1242 1773 1282 con-

156 1321 485 1383 sequentur
530 1314 866 1384 libertatem;
917 1327 973 1373 ct
1018 1334 1185 1390 quam
1236 1318 1293 1373 in
1341 1318 1518 1389 primo
1552 1326 1773 1389 parente

153 1404 549 1475 perdiderant,
588 1423 697 1463 non
736 1409 963 1466 ulterius
1008 1410 1267 1467 amissuri
1306 1409 1571 1481 recipient
1609 1410 1770 1466 here-

151 1499 417 1555 ditatem.
454 1499 718 1558 Continet
744 1503 907 1559 etiam
937 1503 1081 1560 idem
1107 1519 1389 1572 numerus,
1434 1503 1488 1559 id
1526 1512 1611 1559 est
1637 1518 1769 1559 cen-

152 1598 296 1657 tum,
323 1598 538 1660 quater
563 1607 671 1647 xxv
688 1611 702 1648 :
721 1592 816 1663 qui
839 1608 1104 1651 numerus
1128 1593 1414 1650 circularis
1437 1593 1768 1665 appellatur;

150 1696 220 1736 ac
269 1696 376 1751 per
437 1683 553 1739 hoc
599 1683 853 1756 designat
897 1694 1118 1742 centum
1162 1687 1481 1743 universum
1531 1687 1768 1757 spatium

150 1773 497 1842 temporalis
521 1774 682 1843 vitae,
713 1777 861 1847 quod
903 1786 1140 1849 quatuor
1184 1779 1544 1835 varietatibus
1571 1779 1770 1835 distin-

147 1871 302 1918 ctum
343 1880 577 1937 semper
605 1867 662 1923 in
700 1884 759 1925 se
784 1869 926 1926 sicut
952 1871 1193 1931 circulus
1219 1872 1535 1943 replicatur.
1570 1872 1770 1930 Dicunt

146 1956 322 2012 etiam
359 1958 464 2030 qui
504 1969 756 2017 naturam
782 1970 1002 2018 centum
1029 1972 1331 2034 exponunt,
1354 1980 1482 2020 cum
1525 1972 1769 2036 potestas

149 2047 326 2118 hujus
350 2051 584 2106 numeri
608 2051 827 2123 signum
851 2053 907 2107 in
929 2053 1177 2111 dextram
1201 2071 1424 2111 manum
1449 2055 1766 2124 transferre,

146 2147 204 2195 et
232 2140 455 2197 eisdem
497 2142 683 2214 digitis
710 2145 914 2215 quibus
936 2145 993 2200 in
1020 2146 1242 2204 sinistra
1272 2164 1380 2203 xxx
1409 2148 1697 2220 designant
1716 2157 1771 2205 et

120 2222 245 2302 rx,
279 2235 632 2305 signiﬁcare.
684 2237 825 2294 Cum
880 2251 1063 2295 autem
1115 2249 1171 2296 et
1212 2257 1321 2295 xxx
1363 2241 1768 2314 coniugationis

150 2326 549 2389 sanctitatem.
575 2337 628 2384 et
650 2345 725 2384 ιι
745 2329 1026 2386 viduitatis
1052 2330 1305 2389 ostendat
1329 2332 1658 2401 castitatem,
1685 2333 1770 2390 di-

148 2424 288 2474 cunt
319 2427 556 2477 centum
601 2419 731 2491 quia
756 2419 811 2475 in
839 2420 1084 2476 dextram
1120 2421 1449 2479 transfertur
1477 2422 1768 2496 designare

150 2503 446 2567 fclicitatis
476 2510 870 2579 aeternitatem;
900 2521 955 2568 et
980 2513 1107 2582 quia
1132 2512 1323 2568 iisdem
1348 2512 1533 2586 digitis
1566 2514 1768 2585 quibus

148 2597 230 2654 illi
263 2598 383 2654 duo
415 2601 640 2657 numeri
680 2602 737 2657 in
765 2603 987 2661 sinistra
1015 2605 1322 2677 signantur,
1347 2605 1641 2664 denotatur
1674 2624 1763 2665 re-

148 2694 494 2762 praesentari
522 2695 912 2767 virginitatem.

219 2782 314 2839 21.
354 2785 418 2841 Si
466 2800 600 2858 ergo
646 2796 791 2844 recte
824 2804 1125 2861 pensamus
1160 2801 1216 2848 et
1258 2793 1365 2849 olei
1413 2802 1668 2851 naturam
1712 2805 1767 2852 et

146 2888 323 2946 quam
357 2877 544 2933 cadus
571 2878 816 2934 continet
838 2881 1223 2950 quantitatem,
1247 2898 1348 2938 nec
1375 2899 1485 2939 non
1513 2893 1766 2942 centena—

116 2954 219 3020 ‘rii
252 2982 436 3037 quam
488 2969 920 3035 monstravimus
946 2972 1058 3027 vim
1088 2981 1145 3028 et
1186 2973 1543 3044 multiplicem
1588 2976 1763 3048 signi-

144 3056 485 3114 ﬁcationem
527 3076 540 3113 :
576 3074 1001 3132 cognoscemus,
1042 3063 1187 3119 sicut
1230 3065 1484 3134 superius
1515 3065 1764 3121 ostendi-

145 3163 298 3216 mus,
338 3148 593 3220 qualitcr
616 3150 854 3222 quisque
892 3152 1087 3210 debeat
1114 3153 1348 3211 Domino
1375 3153 1630 3212 famulari
1666 3171 1765 3228 per

138 3237 300 3294 illam
337 3241 650 3297 monstrari
683 3246 1126 3315 responsionem;
1153 3247 1302 3319 quod
1323 3248 1454 3320 quia
1479 3250 1595 3305 sola
1624 3250 1767 3307 ratio

141 3347 205 3388 se
234 3332 522 3405 judicans
554 3345 610 3393 et
633 3336 934 3395 discutiens
965 3339 1020 3395 in
1048 3357 1159 3412 quo
1207 3342 1534 3412 peccaverit,
1563 3342 1630 3399 de
1660 3342 1765 3400 sibi

104 3426 413 3503 subjecto
475 3435 630 3484 motu
679 3431 929 3501 corporis
982 3433 1364 3505 recognoscit,
1410 3432 1624 3490 debitor
1676 3434 1765 3490 ille

135 3516 371 3587 primus
409 3516 604 3573 villico
637 3528 849 3575 centum
895 3521 1057 3576 cados
1087 3522 1190 3601 olei
1218 3539 1277 3579 se
1306 3523 1532 3580 domino
1569 3523 1767 3580 debere

132 3609 474 3681 reSpondit.
531 3608 681 3665 Nihil
709 3612 858 3668 enim
889 3613 1037 3671 aliud
1076 3614 1487 3692 intelligendum
1517 3615 1766 3672 videmus

130 3702 293 3774 quod
340 3700 575 3758 debitor
603 3705 897 3776 respondet
947 3722 1008 3763 se
1058 3716 1269 3763 tantum
1324 3717 1474 3763 motu
1519 3710 1766 3779 corporis

125 3794 375 3861 debere,
416 3791 535 3848 nisi
561 3797 828 3853 rationem
854 3796 1167 3854 facultatem
1193 3800 1494 3870 corporalis
1533 3800 1766 3860 actionis

124 3889 580 3959 discutientem,
637 3890 787 3969 quod
843 3891 1201 3961 exposuimus
1248 3890 1316 3947 de
1365 3892 1487 3962 illa,
1539 3894 1760 3951 sentire.

120 3981 277 4050 Quis
330 3985 504 4040 enim
553 3983 718 4039 audet
761 3998 962 4055 negare
997 3983 1132 4055 quin
1167 4000 1264 4054 per
1297 3992 1470 4039 totum
1525 3987 1763 4056 spatium

84 4069 253 4141 'vita
285 4085 506 4139 nostra
549 4090 768 4132 summo
814 4075 998 4131 studio
1026 4075 1235 4145 absque
1278 4075 1407 4155 mali
1435 4076 1763 4147 cujusquam

114 4166 502 4223 admistione
524 4175 581 4222 et
602 4180 703 4237 pro
725 4165 897 4221 solius
926 4175 1142 4221 aeternae
1162 4165 1288 4220 vitae
1314 4165 1538 4236 pratmio
1561 4181 1763 4237 corpus

110 4260 192 4317 ad
227 4261 355 4316 hoc
384 4274 655 4316 exercere
681 4259 1000 4328 debeamus,
1031 4269 1093 4315 ut
1126 4260 1289 4314 tidem
1318 4275 1504 4315 veram
1540 4258 1761 4316 miseri--

106 4349 351 4406 cordia:
404 4358 469 4406 et
511 4349 796 4406 charitatis
824 4350 1081 4419 operibus
1128 4350 1483 4421 impleamus?
1514 4350 1573 4405 Si
1614 4351 1761 4407 enim

102 4456 251 4495 eam
300 4441 595 4511 nperibu's
637 4456 867 4496 vacuam
913 4441 1279 4513 relinquimus
1305 4484 1319 4507 ,
1354 4441 1588 4498 cadaver
1634 4441 1761 4499 ﬁdei

102 4547 234 4588 non
290 4533 489 4589 [idem
539 4534 717 4589 vivam
747 4534 829 4590 vel
868 4534 1234 4590 vivificantem
1263 4551 1367 4591 nos
1396 4534 1757 4607 habere-pro-
1784 4576 1836 4636 υ

102 4622 371 4678 bamus.
419 4622 529 4678 Sed
572 4623 834 4695 quoniam
865 4623 956 4678 vix
981 4624 1260 4683 invenitur
1298 4623 1513 4680 debitor
1563 4625 1760 4698 hujus-

98 4716 282 4772 modi
315 4716 441 4787 qui
481 4715 724 4771 debitum
764 4718 870 4773 hoc
903 4717 1046 4773 sicut
1079 4714 1277 4772 debere
1305 4718 1757 4786 monstravimus,

93 4817 160 4863 et
196 4823 440 4864 verum
486 4817 589 4874 est,
619 4808 794 4879 possit
819 4808 1151 4879 persolvere,
1188 4809 1561 4864 necessarium
1587 4818 1674 4866 est
1700 4819 1762 4867 ut

97 4899 366 4957 villicus
411 4907 578 4955 caute
629 4899 848 4956 studeat
880 4900 1219 4958 debitoribus
1261 4900 1505 4957 debitum
1549 4911 1758 4973 tempe-

91 5008 271 5048 rare.
336 4988 482 5045 Nisi
509 4990 659 5046 enim
712 4991 857 5047 sicut
889 5000 1104 5062 oportet
1148 5001 1509 5064 temperatum
1556 4994 1757 5064 fuerit,

87 5099 248 5142 cum
276 5082 434 5154 jam
474 5098 586 5138 non
616 5083 790 5153 possit
816 5083 966 5139 reddi
1007 5084 1153 5141 sicut
1180 5085 1430 5155 debetur,
1458 5087 1587 5158 quia
1617 5088 1758 5144 male

86 5186 376 5232 cautum
439 5176 556 5243 εει,
599 5184 830 5247 uterque
878 5176 1043 5232 simul
1076 5184 1133 5233 et
1180 5177 1397 5235 villicus
1443 5188 1498 5235 et
1543 5180 1758 5236 debitor

82 5268 334 5341 procul
360 5266 546 5323 dubio
573 5268 790 5338 peribit.
832 5267 1040 5325 Idcirco
1076 5269 1288 5327 villicus
1310 5271 1389 5327 ait
1417 5271 1496 5327 illi
1529 5292 1542 5327 :
1567 5272 1759 5343 Accipe

86 5364 470 5419 cautionem
493 5370 663 5427 tuam,
693 5372 743 5417 et
772 5363 892 5418 sede
915 5364 1042 5431 cito,
1071 5372 1121 5418 et
1145 5363 1314 5418 scribe
1346 5365 1751 5438 quinquaginta.

168 5454 290 5509 22.
341 5451 621 5509 Pluribus
664 5453 720 5509 in
761 5454 899 5510 locis
935 5458 1204 5512 testantur
1248 5454 1545 5526 Scriptum
1585 5473 1756 5514 sacra:

81 5554 490 5607 tractatores
533 5544 1064 5617 quinquagenarium
1116 5563 1406 5604 numerum
1449 5548 1748 5604 secundum

78 5654 372 5697 carnem
451 5638 793 5708 peccantium
836 5639 1231 5696 correctionem
1280 5648 1336 5695 et
1374 5640 1750 5711 paenitentiam

83 5732 500 5802 designare:
548 5730 693 5801 quod
739 5746 804 5786 ex
862 5731 1106 5801 ipsarum
1173 5747 1359 5801 rerum
1420 5740 1614 5788 natura
1672 5731 1752 5788 fa-

88 5825 220 5879 cile
297 5831 659 5892 cognoscet,
719 5822 813 5893 qui
853 5822 1123 5891 voluerit,
1180 5830 1233 5880 et
1268 5823 1507 5894 [aluerit
1564 5824 1749 5880 consi-

1874 676 2055 724 autem
2082 685 2233 737 caro,
2270 687 2397 743 quae
2439 672 2684 744 quinque
2724 677 2979 736 sensibus
3018 691 3241 752 peccata
3273 681 3462 739 multi-

1872 760 2200 844 plicaverat,
2236 763 2304 818 ad
2336 763 2703 823 obedientiam
2741 770 3122 827 mandatorum
3157 771 3291 840 Dei,
3339 787 3463 844 qua

1872 853 2100 910 denario
2128 842 2363 911 numero
2395 856 2576 914 solent
2605 859 2853 933 intelligi,
2902 862 3071 932 redit,
3119 881 3247 921 cum
3281 842 3463 922 incre-

1871 954 2000 1016 pata
2052 947 2251 1016 quovis
2297 947 2464 1004 modo
2507 960 2814 1020 revocatur,
2869 961 3002 1010 tunc
3046 954 3332 1025 quinarius
3364 971 3463 1026 per

1872 1036 2160 1092 denarium
2255 1039 2610 1111 spiritualiter
2703 1044 3116 1116 multiplicatur.
3206 1044 3463 1117 lmpossi"

1871 1128 1980 1183 bile
2028 1134 2210 1186 autem
2279 1140 2365 1187 est
2420 1140 2483 1187 ut
2525 1148 2657 1189 caro
2717 1150 2841 1205 quae
2907 1151 3169 1192 sensuum
3223 1137 3463 1193 delecta-

1872 1224 2077 1280 tionem
2104 1232 2291 1281 secuta
2335 1223 2516 1281 fuerat
2545 1224 2746 1282 divinis
2784 1227 3060 1284 mandatis
3087 1228 3354 1285 subdatur
3395 1229 3465 1287 ad

1872 1315 2261 1383 obediendum,
2321 1314 2430 1370 nisi
2473 1315 2627 1385 prius
2672 1317 2992 1387 paenitendo
3035 1318 3272 1375 doluerit
3318 1320 3466 1390 quod

1872 1408 2176 1479 susceperit
2242 1405 2538 1477 aliquando
2606 1407 2984 1464 delectationis
3050 1408 3461 1466 sordidandum.

1873 1497 2029 1557 Unde
2060 1499 2194 1555 satis
2215 1498 2601 1556 convenienter
2621 1508 2801 1571 potest
2822 1501 3047 1574 intelligi
3074 1517 3173 1573 per
3192 1503 3467 1574 quinqua-

1872 1589 2157 1661 genarium
2194 1604 2486 1645 numerum
2515 1590 2892 1660 paenitentiam
2921 1591 3219 1664 designari.
3254 1593 3352 1649 Est
3384 1602 3469 1650 ta-

1872 1694 1997 1734 men
2021 1679 2171 1735 aliud
2191 1679 2338 1751 quod
2364 1679 2421 1734 in
2451 1679 2923 1752 quinquagenario
2951 1682 3204 1739 volumus
3243 1683 3465 1753 intueri,

1876 1771 2084 1828 scilicet
2129 1772 2469 1844 corporalem
2509 1772 2678 1830 vitam
2707 1790 2739 1830 a
2768 1774 3027 1831 vitiorum
3071 1776 3328 1833 sordibus
3368 1782 3467 1848 per

1803 1852 1846 1907 Β
1872 1864 2045 1919 sancti
2068 1862 2306 1934 Spiritus
2326 1865 2556 1937 gratiam
2580 1866 2941 1938 purgandam,
2969 1868 3041 1923 ob
3060 1883 3214 1939 spem
3237 1867 3469 1929 felicita-

1870 1954 1941 2010 tis
1967 1964 2184 2011 aeternaa
2216 1971 2320 2011 nos
2355 1956 2412 2010 in
2438 1956 2559 2027 ipso
2587 1956 2771 2012 doceri
2805 1973 2818 2010 :
2861 1957 2992 2014 hinc
3017 1958 3164 2015 enim
3200 1974 3467 2016 numerus

1868 2045 2013 2102 idem
2036 2047 2433 2119 quinquaginta
2458 2064 2486 2103 a
2519 2049 2829 2120 septenario
2857 2065 2954 2121 per
2974 2040 3346 2124 septenarium
3368 2067 3463 2107 su-
3560 2076 3563 2077 ν

1868 2137 2151 2208 peraddita
2186 2140 2393 2196 unitate
2436 2149 2776 2211 procreatur.
2822 2140 3037 2212 Septies
3072 2143 3221 2199 enim
3266 2142 3489 2215 septies.

1869 2245 2037 2285 ILXIX
2062 2239 2211 2300 sunt,
2235 2231 2437 2304 quibus
2459 2233 2669 2290 unitate
2693 2233 3020 2306 superjecta,
3052 2235 3468 2308 quinquagenm

1869 2321 1986 2378 rius
2018 2317 2453 2379 consummatur.
2479 2323 2539 2379 in
2560 2323 2861 2396 Scripturis
2880 2340 3010 2383 vero
3033 2334 3227 2401 notum
3257 2334 3351 2384 est
3369 2342 3468 2399 per

1869 2414 2133 2470 unitatem
2157 2430 2281 2486 qua:
2306 2413 2596 2472 divisionis
2618 2415 3040 2472 diminutionem
3063 2432 3171 2472 non
3201 2419 3480 2490 suscepit;

1868 2514 2128 2562 aeternam
2161 2505 2477 2563 felicitatem
2501 2506 2799 2580 designari,
2823 2523 2947 2578 quae
2969 2507 3056 2565 sui
3075 2507 3465 2566 detrimentum

1867 2599 2091 2671 aliquod
2132 2600 2426 2672 aliquando
2464 2615 2577 2656 non
2602 2603 2788 2658 sentit.
2833 2599 2991 2668 Quod
3026 2598 3202 2670 ipsius
3243 2599 3464 2659 Domini

1867 2690 2049 2747 verbis
2078 2691 2133 2746 in
2167 2691 2461 2765 Evangelio
2493 2695 2556 2750 fit
2580 2693 2957 2765 manifestum,
2980 2697 3113 2753 dum
3150 2693 3285 2751 dicit
3310 2692 3461 2750 Mar—

1869 2774 1977 2836 thae.
2004 2781 2060 2836 in
2084 2782 2517 2841 administrando
2540 2785 2687 2842 circa
2715 2785 2950 2856 plurima
2979 2786 3250 2853 sollicitat,
3288 2784 3469 2886 beati;

1869 2874 2115 2932 tudinem
2154 2886 2414 2934 aeternam
2448 2879 2766 2951 signiﬁcans
2793 2898 2807 2934 :
2833 2879 3007 2936 Porro
3042 2896 3209 2935 unum
3248 2888 3327 2935 est

1868 2968 2179 3022 cessarium.
2232 2968 2405 3026 Porro
2450 2980 2648 3042 septem
2697 2971 2874 3028 sancti
2928 2970 3169 3042 Spiritus
3216 2970 3468 3045 designat

1832 3059 1837 3062 ’
1868 3058 2262 3127 Operationem,
2294 3073 2514 3132 propter
2539 3061 2785 3132 ejusdem
2807 3062 3038 3132 gratiam
3065 3061 3463 3134 septifurmem.

1870 3148 2131 3222 Designat
2158 3151 2321 3207 etiam
2348 3152 2646 3208 humanam
2677 3152 2866 3220 vitam,
2888 3152 3149 3223 quoniam
3171 3161 3226 3208 et
3253 3169 3329 3207 vn
3351 3153 3467 3209 die-

1794 3223 1839 3286 C
1869 3241 1975 3298 bus
2012 3242 2212 3313 agitur,
2243 3253 2298 3299 et
2341 3243 2409 3299 ab
2439 3243 2558 3317 ipsa
2592 3243 2945 3315 generatione
2970 3258 3067 3314 per
3093 3242 3466 3312 septenarium

1869 3333 2115 3404 procedit
2143 3349 2318 3407 usque
2343 3333 2411 3391 ad
2432 3332 2842 3405 perfectionem,
2865 3343 2921 3390 et
2943 3348 3043 3405 per
3061 3332 3314 3389 eumdem
3334 3348 3463 3389 rur-

1830 3420 1833 3423 ’
1869 3441 1966 3481 sus
1990 3425 2230 3483 declinat
2262 3427 2318 3482 in
2340 3425 2613 3484 defectum
2636 3434 2690 3483 et
2715 3426 3169 3483 debilitationem.
3190 3423 3330 3482 Cum
3362 3425 3464 3499 igi-

1869 3524 1959 3572 tur
1981 3518 2220 3581 carnalis
2240 3518 2372 3587 vita,
2398 3534 2522 3589 quae
2542 3518 2731 3575 multis
2752 3518 2902 3574 vitiis
2924 3534 3023 3590 per
3048 3533 3108 3575 se
3128 3519 3458 3588 succumbit,

1829 3598 1835 3602 ’
1867 3624 1964 3680 per
1987 3611 2216 3683 gratiam
2244 3613 2419 3669 sancti
2450 3612 2705 3683 Spiritus,
2742 3612 2861 3669 sine
2878 3613 3038 3684 cujus
3056 3627 3159 3683 ope
3184 3628 3293 3671 non
3316 3612 3427 3684 abji
3457 3641 3463 3654 ι

1829 3692 1833 3695 “
1867 3699 2011 3756 citur
2051 3701 2336 3772 iniquitas,
2357 3703 2427 3758 ab
2451 3703 2586 3774 ipsis
2610 3703 2969 3772 emundatur;
3000 3702 3133 3775 quid
3163 3704 3311 3769 aliud
3332 3712 3465 3763 tunc

1867 3792 1947 3861 fit,
1980 3793 2086 3850 nisi
2113 3795 2260 3867 quod
2298 3795 2641 3866 septenarius
2681 3793 3041 3852 humanitatis
3064 3810 3161 3868 per
3200 3795 3462 3866 spiritua-

1864 3885 1971 3943 lem
1993 3888 2361 3959 septenarium
2392 3888 2821 3960 multiplicatur?
2848 3889 2996 3964 quod
3023 3888 3069 3946 si
3096 3890 3152 3945 in
3174 3904 3270 3961 spe
3289 3889 3464 3949 beati-

1866 3979 1993 4035 tatis
2014 3992 2231 4037 aeternae
2258 3980 2374 4049 fiat,
2392 3981 2589 4037 unitas
2611 3991 2696 4038 est
2724 3981 3096 4053 superaddita,
3114 3980 3461 4054 etquinqua-

1865 4071 2013 4142 ginta
2050 4073 2431 4144 perticiuntur.
2910 4134 2911 4137 η

1936 4162 2028 4218 25.
2063 4161 2179 4221 Hoc
2206 4172 2295 4221 est
2331 4180 2463 4238 ergo
2493 4166 2641 4237 quod
2690 4175 2879 4223 monet
2901 4164 3117 4223 villicus
3157 4163 3463 4245 debitorem

1862 4254 2084 4321 Domini
2119 4255 2319 4325 facere,
2345 4258 2441 4329 qui
2461 4274 2523 4315 se
2560 4268 2780 4316 centum
2803 4257 3093 4315 confessus
3114 4266 3199 4316 est
3219 4274 3330 4339 non
3361 4256 3462 4314 ali-

1864 4345 2084 4417 quando
2109 4347 2432 4415 reddidisse,
2462 4348 2557 4403 sed
2581 4349 2806 4416 debere;
2831 4348 3042 4406 scilicet
3067 4357 3128 4404 ut
3146 4348 3459 4406 cautionem

1863 4452 2020 4492 suam
2043 4437 2296 4510 accipiat,
2327 4448 2382 4495 et
2411 4439 2522 4496 cito
2546 4438 2743 4501 sedens
2763 4455 2891 4496 eum
2918 4448 3140 4496 centum
3164 4455 3275 4497 non
3304 4438 3458 4497 sutli-

1864 4528 1974 4584 ciat
2021 4528 2267 4598 reddere,
2318 4545 2377 4585 se
2413 4528 2811 4606 quinquaginta
2848 4529 3193 4587 redditurum
3232 4528 3456 4586 scribat.

1868 4619 2114 4689 Villicus,
2143 4620 2287 4680 sicut
2306 4620 2421 4693 jam
2453 4621 2717 4690 diximus,
2740 4621 2882 4677 ratio
2901 4630 3004 4691 est,
3031 4622 3247 4679 debitor
3266 4629 3461 4693 poten-

1863 4712 1936 4768 tia
1964 4713 2238 4784 coporalis
2265 4710 2519 4781 actionis,
2554 4712 2713 4785 cujus
2746 4714 2930 4769 cautio
2949 4713 3075 4784 jure
3098 4713 3300 4789 dicitur
3324 4710 3459 4767 illud

1818 4794 1825 4817 ⁵
1862 4803 2035 4875 quod.
2048 4804 2099 4860 ei
2143 4804 2383 4860 maxime
2411 4804 2655 4861 debitum
2696 4803 2915 4860 Domini
2956 4810 3371 4871 commemorat,
3402 4801 3459 4858 id

1863 4904 1949 4952 est
1972 4896 2230 4954 instantis
2253 4895 2512 4971 cogitatio
2535 4895 2753 4964 mortis,
2777 4904 2834 4952 et
2864 4896 3031 4952 timor
3050 4895 3328 4952 cruciatus
3365 4892 3469 4951 in-y

1864 4985 2109 5044 femalis.
2151 4985 2274 5043 Non
2299 4987 2446 5043 enim
2474 4986 2684 5058 aliquid
2711 4987 2861 5045 aliud
2887 5002 2999 5059 quo
3037 4987 3106 5043 ad
3135 4982 3455 5067 solvendum

1863 5081 2098 5140 Domino
2120 5082 2365 5139 debitum
2388 5080 2637 5161 corporei
2666 5090 2850 5138 motus
2885 5079 3125 5153 potentia
3150 5085 3261 5132 tam
3292 5084 3454 5132 cauta

1860 5186 1915 5234 et
1935 5178 2161 5249 provida
2184 5178 2466 5246 reddatur,
2491 5194 2656 5251 quam
2678 5178 2735 5235 si
2751 5193 2902 5234 mors
2924 5189 3140 5248 semper
3159 5172 3472 5230 imminens.

1858 5276 1915 5325 et
1951 5270 2270 5341 gehennalis
2294 5270 2577 5345 damnatio
2604 5285 2719 5341 pra:
2756 5268 2958 5324 mentis
2993 5264 3169 5322 oculis
3193 5263 3456 5320 continue

1862 5368 2129 5417 teneatur.
2162 5359 2318 5418 Tunc
2350 5360 2497 5417 enim
2526 5375 2630 5416 nec
2651 5359 2812 5417 facile
2846 5356 3121 5429 punienda
3155 5353 3372 5421 emittit,
3399 5362 3455 5409 et

1860 5465 1983 5522 quae
2010 5450 2262 5508 emisisse
2305 5466 2365 5508 se
2392 5452 2604 5520 recolit,
2641 5449 2819 5505 modis
2846 5447 3051 5519 quibus
3072 5452 3250 5518 potest
3274 5444 3454 5500 delere

1857 5543 2156 5600 contendit.
2196 5534 2718 5600 Notandum'autem
2747 5539 2876 5612 quia
2914 5538 3062 5610 quod
3091 5536 3349 5595 scribitur
3383 5550 3453 5590 ne

1859 5635 2134 5691 oblivione
2166 5637 2419 5708 depereat
2443 5633 2737 5704 aliquando
2764 5639 3110 5703 procuratur.
3153 5626 3291 5683 Cum
3320 5640 3451 5698 ergo

1858 5727 2002 5783 ratio
2025 5742 2149 5798 qua:
2169 5727 2346 5782 minas
2363 5724 2579 5781 Domini
2620 5724 2899 5789 formidat,
2922 5737 3154 5793 quaeque
3187 5734 3451 5788 recogno-

1859 5820 1965 5875 scit
2006 5835 2065 5876 se
2091 5819 2165 5874 illi
2193 5836 2301 5874 non
2342 5818 2575 5874 servisse
2599 5815 2879 5889 corporeis
2901 5813 3164 5885 motibus,
3188 5810 3327 5869 sicut
3358 5810 3449 5882 jus
