3994 6414
540 360 685 437 ίίξδ
1554 425 1561 432 .
1620 428 1625 429 ε

541 475 839 553 creatioms
863 469 1136 545 exigebat,
1158 468 1328 525 menti
1357 465 1504 536 quod
1531 479 1639 520 non
1663 471 1873 535 Oportet
1897 478 1990 533 per
2012 475 2135 516 cor-

538 585 647 646 pus
673 582 928 625 exercere
958 564 1180 630 volenti,
1227 570 1460 619 mortem
1504 575 1720 631 semper
1760 559 2051 613 instantem
2078 563 2131 611 et

498 698 503 703 ι
540 659 890 717 infernaliuzn
944 659 1226 714 horrorem
1277 670 1563 726 prunarum
1613 651 1893 727 proponit;
1952 662 2133 705 nonne

541 762 676 807 tunc
698 766 819 813 eam
848 748 1007 821 quasi
1036 748 1345 804 cautionem
1375 761 1531 802 suam
1561 744 1806 815 accipere
1835 739 2141 812 compellit?

542 842 802 899 Eamdem
842 857 1061 913 quoque
1085 838 1241 911 quasi
1287 838 1397 893 cito
1419 837 1609 894 sedere
1636 836 1811 907 jubet,
1839 850 1962 890 cum
2006 841 2065 887 ut
2101 847 2133 886 a

541 932 705 987 malis
730 931 785 986 in
813 930 1017 1001 quibus
1039 938 1165 984 ante
1191 935 1415 984 steterat
1442 927 1560 982 sine
1583 924 1841 981 dilatione
1865 924 2132 995 quiescat,

518 1021 898 1093 reprimendo
922 1020 1116 1076 suadet
1144 1038 1158 1074 :
1195 1018 1289 1074 sed
1327 1018 1712 1089 quinquaginta
1739 1014 1977 1070 scribere
2007 1020 2136 1066 tunc

545 1119 820 1185 hortatur,
858 1133 983 1173 cum
1007 1115 1182 1170 sancti
1205 1111 1439 1187 Spiritus
1459 1109 1791 1184 adjutorium
1825 1108 2021 1165 debere
2040 1121 2131 1177 po-

547 1210 765 1278 stulari,
806 1194 873 1265 eti
898 1209 1020 1281 ejus
1050 1208 1257 1265 auxilio
1298 1205 1367 1263 ab
1395 1204 1651 1261 omnibus
1679 1218 1801 1274 qum
1841 1199 2136 1255 Dominum

546 1301 769 1357 fuerant
807 1300 1083 1357 oll‘ensura
1126 1308 1307 1357 motus
1336 1311 1631 1368 corporeus
1671 1291 1972 1359 emendari,
2003 1290 2134 1346 hoe-

547 1394 657 1464 que
680 1409 792 1451 non
834 1392 1077 1460 horarie,
1107 1392 1201 1448 sed
1227 1407 1323 1463 per
1350 1389 1587 1462 spatium
1626 1387 1750 1465 vitae
1773 1384 1918 1456 quod
1944 1399 2137 1456 super-

548 1494 634 1541 est
661 1483 1076 1561 immutabilitcr
1104 1482 1224 1538 lteri
1252 1483 1309 1537 in
1338 1498 1434 1552 spe
1462 1478 1857 1551 consequenda:
1911 1476 2142 1531 felicita-

550 1579 622 1636 tis
640 1587 859 1647 aeternae
873 1577 992 1633 sine
1012 1576 1338 1647 cessatione,
1357 1575 1671 1641 meditatur,
1694 1581 1751 1627 ut
1772 1571 1853 1627 sic
1872 1570 2005 1626 ﬁdes
2020 1568 2142 1623 Tri-

546 1670 737 1726 nitatis
772 1670 1108 1727 intemeratae
1141 1670 1464 1724 Conservata
1493 1663 1775 1722 charitatis
1801 1662 2057 1734 operibus
2087 1667 2142 1715 et

548 1760 941 1817 misericordiae
970 1759 1174 1815 utiliter
1200 1758 1511 1829 impleatur.
1537 1754 1724 1828 Neque
1750 1754 1894 1810 enim
1921 1752 2142 1824 prodest

1753 346 1811 401 S.
1851 340 2102 401 ODDNIS
2139 337 2405 403 CAMER,
2444 326 2660 390 BPISC.

2165 464 2206 520 Α
2239 468 2399 508 russo
2433 451 2499 505 ail
2535 444 2840 505 custodiam
2867 442 3177 499 divinarum
3204 438 3583 505 doctrmarum
3622 445 3807 484 memo-

3683 313 3807 369 il“

2234 548 2372 602 riam
2402 544 2662 600 excitare.
2696 536 2845 593 ldum
2871 536 3019 590 enim
3042 539 3301 602 aperatur
3331 523 3598 581 memoria
3623 521 3688 576 ad
3710 536 3808 575 me-

2233 636 2514 693 ditationis
2530 628 3006 694 certiftcationem,
3028 623 3173 696 quod
3195 622 3391 676 littera
3408 616 3478 673 ad
3499 614 3691 699 sopita
3709 627 3804 668 me-

2233 727 2424 783 moria:
2451 722 2887 781 suscitationem.

2303 819 2395 874 25.
2438 815 2718 887 Octoginta
2740 827 2873 868 vero
2900 817 3032 865 tunc
3060 805 3218 878 quasi
3240 804 3399 875 jubet
3426 797 3675 863 inscribi,
3698 812 3809 851 eum

2234 909 2424 967 statuit
2455 907 2598 979 apud
2621 921 2679 972 se
2716 902 2973 959 mandata
3003 900 3097 955 Dei
3131 913 3255 969 qua:
3278 893 3506 951 denario
3531 890 3809 961 designan-

2236 1012 2349 1071 tur,
2368 1010 2422 1057 et
2444 1000 2649 1072 quibus
2675 997 2742 1053 ad
2766 1011 2959 1051 eorum
2984 990 3309 1063 explendam
3338 985 3648 1061 jussionem
3673 996 3811 1037 mens

2236 1091 2621 1158 succendatur,
2651 1103 2715 1143 ea
2738 1101 2862 1158 quae
2889 1100 2985 1156 per
3011 1098 3115 1138 vni
3140 1082 3600 1137 demonstrantur
3624 1073 3813 1143 absque

2238 1184 2512 1241 oblivione
2538 1179 2815 1237 meditari.
2847 1176 2951 1233 Per
2978 1172 3325 1232 octonarium
3361 1169 3514 1225 enim
3542 1166 3815 1236 designan-

2239 1289 2327 1335 tur
2354 1275 2677 1349 simplicitas
2719 1273 2919 1328 divinze
2958 1266 3317 1329 substantiae,
3368 1276 3495 1333 quae
3530 1257 3698 1313 nullis
3724 1267 3815 1349 au-

2241 1340 2495 1444 gmcntis,
2510 1368 2675 1424 nullis
2696 1357 3361 1426 diminutionibus,nullis
3390 1366 3626 1425 prorsus
3652 1340 3819 1404 atteri.

2216 1452 2217 1455 “
2243 1443 2444 1520 tatibus
2475 1462 2818 1527 dcmutatur;
2845 1466 2900 1513 et
2928 1452 3303 1525 multiplicitas
3336 1444 3606 1504 bonitatis
3633 1443 3817 1514 ipsius.

2241 1573 2364 1628 ipim
2392 1565 2470 1610 tot
2503 1564 2557 1610 ct
2589 1560 2741 1608 tanta
2776 1548 3003 1615 creavit,
3043 1560 3169 1601 cum
3214 1542 3327 1598 illis
3372 1554 3486 1594 non
3516 1543 3694 1608 egeat,
3724 1550 3820 1603 qua

2243 1658 2297 1705 et
2344 1657 2529 1704 creata
2574 1644 2905 1709 subsistunt,
2947 1638 3141 1694 ordine
3175 1632 3417 1690 mirabili
3464 1628 3821 1709 continentur,

2242 1750 2294 1797 et
2325 1738 2610 1812 speciebus
2636 1706 3066 1792 multiformibus
3095 1727 3355 1798 omnique
3390 1736 3594 1794 genere
3633 1706 3818 1773 metio-

548 1857 712 1915 ﬂdem
748 1854 1033 1911 Trinitatis
1080 1812 1297 1911 habere.
1316 1852 1401 1909 vel
1439 1868 1604 1924 opera
1634 1812 2043 1906 lmisericordize
2086 1855 2140 1902 et
2171 1825 2217 1879 Β
2240 1836 2328 1891 υἷε
2350 1818 2761 1904 δίδῑίηὲηιηιιιιι·
2785 1837 2838 1883 ει
2860 1827 3186 1886 “cram”,
3205 1818 3476 1900 "Om-“que
3496 1812 3658 1924 ³1).εο
3679 1818 3826 1879 Im}m

551 1948 840 2006 eharitatis
877 1963 1132 2004 exercere
1154 1947 1205 2002 ei
1243 1946 1338 2018 qui
1369 1945 1606 2001 noluerit
1636 1941 1918 1999 immunda
1950 1939 2147 2021 carnis

550 2050 716 2107 opera
746 2051 777 2089 a
806 2050 864 2091 se
892 2033 1214 2103 dimittendo
1242 2046 1554 2097 removere;
1584 2038 1638 2084 et
1667 2037 1728 2085 ut
1756 2027 2145 2101 compendiose

552 2128 700 2203 quod
739 2126 1118 2183 ratiocinando
1145 2124 1340 2201 ditl‘use
1370 2124 1577 2180 dictum
1604 2132 1689 2178 est
1714 2119 2145 2193 comprehenda-

552 2234 705 2286 mus,
734 2232 860 2272 cum
896 2218 1062 2284 ratio,
1081 2233 1204 2289 qua:
1241 2232 1299 2272 se
1337 2215 1475 2271 bene
1503 2229 1611 2269 non
1652 2212 1855 2268 vixisse
1882 2225 2147 2283 recogno-

554 2311 678 2377 scit,
721 2308 1072 2365 acerbitatem
1114 2305 1448 2380 pmnitentim
1475 2304 1560 2359 vel
1604 2320 1712 2360 non
1761 2304 1949 2359 valens
1982 2301 2144 2368 ferre,

554 2401 640 2455 vel
681 2400 1126 2477 perhorrescens,
1152 2397 1385 2469 qualiter
1410 2395 1702 2451 Dominum
1732 2395 1947 2465 placare
1973 2392 2150 2447 valeat

554 2490 806 2563 inquirit,
837 2491 981 2560 apud
1015 2506 1074 2545 se
1101 2488 1330 2545 firmiter
1355 2488 1546 2544 statuit
1583 2498 1814 2542 mortem
1858 2483 2147 2561 imminen-

557 2591 689 2647 tem,
717 2591 770 2637 et
793 2590 1184 2638 tormentorum
1207 2597 1329 2653 qua:
1353 2589 1577 2636 manent
1606 2578 1802 2649 impios
1820 2576 2146 2633 ineffabilem

556 2675 840 2730 horrorem
874 2682 1066 2733 contra
1110 2675 1445 2729 voluntatem
1481 2672 1785 2727 carnalium
1833 2670 2150 2725 delectatio.

556 2785 712 2835 num,
742 2784 865 2840 quae
886 2767 1109 2825 assidue
1141 2774 1450 2832 recurrunt,
1477 2763 1733 2820 continue
1758 2761 2058 2832 respicere;
2096 2767 2151 2815 et

557 2860 682 2915 ideo
721 2852 753 2914 a
797 2860 959 2921 malis
999 2859 1203 2931 quibus
1248 2855 1540 2913 Dominum
1585 2854 1885 2910 oll’euderat
1929 2852 2151 2907 indilate

500 2948 505 2953 ί
557 2950 865 3023 quiescere,
894 2956 1036 3004 etut
1071 2934 1237 3003 vitam
1267 2963 1388 3015 qum
1414 2954 1582 3002 restat
1616 2946 2022 3002 immaculatum
2051 2945 2152 3000 du—

559 3056 682 3095 cere
702 3039 898 3105 valeat,
928 3044 1178 3093 sanctum
1211 3035 1473 3106 Spiritum
1499 3035 1805 3106 adjutorem
1838 3036 2046 3105 absque
2068 3034 2153 3088 in-

559 3130 908 3187 tet-missione
951 3130 1227 3195 invocare,
1260 3127 1494 3203 ﬁdeique
1533 3125 1816 3182 Trinitatis
1862 3126 2154 3181 individua:

562 3220 918 3293 congruentia
961 3210 1126 3289 opera
1164 3216 1553 3273 misericordia:
1583 3225 1638 3272 et
1665 3216 1950 3271 charitatis
1996 3231 2155 3269 excr-

561 3327 706 3368 cere.
751 3309 904 3365 Tunc
935 3308 1152 3364 villicus
1182 3308 1339 3379 jubet
1375 3298 1674 3362 de’ﬂitorem
1704 3306 1912 3362 domini
1944 3304 2154 3361 cautio-

566 3420 689 3459 nem
737 3419 894 3459 suam
921 3418 1158 3469 sumere,
1187 3401 1298 3457 cito
1341 3400 1530 3457 sedere
1556 3409 1609 3455 et
1629 3398 1869 3454 scribere
1910 3411 1969 3453 se
1993 3395 2155 3467 quin-

467 3556 475 3560 ,
566 3484 827 3568 quaginta
849 3495 1017 3551 cados
1039 3495 1143 3549 olei
1165 3492 1401 3549 Domino
1418 3492 1637 3548 debere.

635 3583 726 3638 ει.
768 3581 923 3650 Quod
951 3591 1133 3636 autem
1156 3581 1298 3635 alius
1322 3589 1528 3634 centum
1566 3593 1715 3631 caros
1741 3575 1909 3630 tritici
1936 3591 2158 3646 respon-

565 3676 656 3730 det
695 3690 759 3755 se
778 3674 999 3740 debere,
1023 3672 1296 3745 significat
1320 3672 1590 3726 rationem
1624 3670 1692 3726 de
1715 3668 1955 3741 potentia
1982 3666 2156 3722 medi-

567 3766 719 3822 tandi
745 3767 949 3822 sentire
978 3765 1124 3838 quod
1154 3764 1307 3821 omni
1332 3774 1575 3833 tempore
1608 3770 1665 3819 et
1689 3761 1806 3817 sine
1832 3759 2159 3816 admistionc

565 3855 863 3932 cujuslibet
900 3859 1197 3914 immundae
1222 3858 1306 3912 vel
1328 3858 1513 3928 aliquo
1538 3857 1703 3913 modo
1726 3855 1902 3911 noxiae
1929 3854 2161 3911 medita-

567 3958 755 4025 tionis,
782 3971 1001 4012 summo
1020 3955 1202 4011 studio
1228 3962 1282 4008 et
1312 3953 1599 4019 stabiliter,
1624 3967 1733 4006 non
1762 3948 2082 4005 alternando
2104 3948 2160 4005 in

568 4066 664 4121 spe
688 4048 1042 4105 beatitudinis
1071 4046 1457 4117 adipiscendae,
1481 4043 1781 4101 secundum
1820 4042 2064 4114 regulam
2092 4040 2160 4096 ti~

567 4143 655 4198 dei
684 4134 969 4197 catholicae
993 4140 1186 4195 debeat
1212 4137 1397 4193 divina
1438 4144 1708 4208 praecepta
1734 4133 2047 4190 meditando
2075 4148 2163 4189 rc-

568 4235 811 4300 rolvere,
832 4240 887 4288 et
906 4230 1186 4286 Creatoris
1206 4229 1531 4284 immensam
1552 4227 1942 4299 benignitatem
1966 4234 2020 4282 et
2039 4241 2165 4297 gra-

568 4323 704 4378 tiam
734 4321 1060 4403 admirando
1086 4319 1455 4378 considerare.
1498 4318 1684 4391 Neque
1722 4318 1868 4374 enim
1894 4318 2041 4374 aliud
2074 4317 2164 4373 hic

572 4399 798 4470 centum
827 4411 1136 4485 signiﬁcare
1163 4411 1441 4469 credimus
1467 4428 1633 4489 quam
1666 4411 1720 4466 in
1750 4411 1914 4482 primi
1949 4411 2162 4466 debito.

2244 1928 2445 1999 cuique
2479 1926 2628 1981 videt
2675 1920 2969 1979 convenire
3002 1896 3434 1972 misericorditer
3459 1904 3824 1963 conferuntur.

2247 1996 2575 2091 Designatnr
2603 2015 2768 2071 etiam
2812 2012 3004 2067 eodem
3034 2004 3320 2063 octonario
3369 2000 3590 2073 gemina
3643 1996 3736 2050 Dei
3781 2004 3829 2049 et

2246 2088 2483 2183 proximi
2516 2108 2758 2173 dilectio,
2790 2117 2996 2174 sexque
3033 2099 3322 2161 virtutum,
3356 2090 3490 2148 ﬁdei
3523 2088 3754 2183 scilicet,
3779 2092 3833 2139 et

2246 2175 2553 2275 pudicitize,
2602 2194 2972 2267 humilitatis,
3024 2184 3379 2249 sobrietatis,
3416 2175 3829 2275 muniﬁcentia,

2249 2265 2639 2351 misericordia:
2658 2297 2714 2345 et
2734 2265 3042 2344 concordia:
3070 2277 3352 2354 perfectio.
3379 2271 3666 2345 Signiﬁcat
3693 2265 3830 2322 nihi-

2247 2386 2491 2443 lominus
2519 2383 2662 2439 idem
2694 2393 2959 2447 numerus
2989 2370 3291 2441 fidei,spci,
3314 2362 3606 2423 eharitatis
3626 2372 3833 2432 posses-

2249 2480 2485 2545 sionem,
2513 2485 2568 2531 et
2595 2488 2760 2545 quam
2793 2468 3083 2525 conferunt
3108 2477 3232 2521 sese
3281 2459 3513 2516 ﬁdeliter
3557 2451 3832 2527 possiden-

2250 2571 2394 2627 tibus
2422 2567 2801 2624 :etcrnitatcm.
2856 2559 3061 2616 Eodem
3111 2568 3333 2628 quoque
3384 2561 3620 2606 numero
3667 2550 3835 2616 potest

2252 2658 2478 2730 intelligi
2525 2655 2794 2727 fragilitas
2837 2647 3206 2719 corruptionis
3254 2653 3557 2711 corporeae,
3587 2651 3733 2730 qua:
3778 2633 3835 2688 tit

2251 2729 2491 2824 quatuor
2536 2749 2936 2803 elementorum
2985 2757 3017 2795 a
3064 2752 3127 2794 se
3177 2735 3412 2790 invicem
3460 2729 3837 2785 dissidentium

2252 2846 2620 2919 separatione,
2651 2851 2704 2899 et
2732 2837 3062 2913 prrcparatio
3091 2833 3159 2888 ad
3200 2825 3672 2897 incorruptionem
3715 2836 3834 2876 cor-

2251 2915 2423 3012 poris,
2445 2952 2569 3009 quze
2595 2935 2652 2991 lit
2679 2942 2914 3006 quatuor
2941 2930 3228 2993 virtutum,
3249 2920 3575 2996 prudentia,
3600 2915 3834 2987 iustitiae,

2254 3008 2590 3086 fortitudinis
2613 3036 2667 3082 ct
2697 3021 3068 3095 temperantia:
3112 3014 3517 3073 observatione.
3564 3009 3624 3064 In
3654 3008 3834 3064 eodem

2255 3121 2506 3178 similiter
2555 3127 2733 3191 potest
2780 3113 3037 3188 cognosci
3079 3118 3347 3183 quantum
3387 3105 3630 3162 charitas
3657 3103 3834 3157 debeat

2258 3235 2290 3274 a
2324 3232 2641 3289 possessore
2676 3211 2926 3271 diffundi.
2957 3208 3322 3279 Designantnr
3358 3202 3523 3257 etiam
3577 3206 3698 3253 octo
3722 3207 3833 3252 sta-

2259 3288 2348 3366 tus
2382 3309 2570 3365 eodem
2608 3322 2839 3362 numero
2865 3302 3066 3375 quibus
3104 3314 3254 3365 vera,
3283 3310 3407 3366 quae
3434 3306 3657 3364 quoquo
3684 3288 3835 3343 modo

2257 3403 2507 3474 capiatur
2534 3417 2641 3457 una
2674 3405 2986 3471 permanet,
3010 3388 3498 3463 comprehenditur
3526 3382 3789 3441 beatitudo
3817 3402 3833 3435 :

2193 3544 2202 3553 .
2259 3510 2399 3568 quos
2435 3492 2704 3548 Dominus
2755 3490 2872 3561 ipse
2918 3486 3074 3559 plene
3110 3482 3269 3539 nobis
3314 3479 3523 3536 indicat
3573 3477 3628 3533 in
3670 3474 3833 3530 Evan-

2260 3583 2402 3658 gelio
2452 3582 2643 3637 beatos
2694 3592 2963 3650 pauperes
3010 3573 3207 3646 spiritu
3230 3614 3246 3639 ,
3275 3581 3329 3626 ct
3375 3578 3574 3625 caetera
3602 3580 3717 3636 quae
3749 3579 3833 3618 ειη

2260 3683 2506 3748 quuntnr
2554 3669 2907 3728 insinuando.
2958 3664 3131 3722 liabet
3178 3664 3344 3719 etiam
3386 3662 3534 3715 idem
3586 3670 3830 3714 numerus

2261 3747 2717 3839 Significationom
2748 3758 3048 3832 mquitatis,
3077 3765 3132 3812 et
3152 3772 3274 3827 qua:
3306 3754 3453 3809 nulla
3493 3769 3560 3807 ex
3602 3758 3743 3822 parte
3769 3747 3831 3802 sit

2260 3857 2582 3915 vacillahilis
2604 3852 2915 3912 stabilitatis
2948 3865 3104 3922 :qna:
3123 3847 3309 3903 omnia
3330 3861 3457 3901 cum
3482 3844 3538 3898 in
3567 3840 3831 3897 mandato-

2260 3967 2384 4007 rum
2407 3948 2505 4004 Dei
2522 3945 2875 4002 meditatione
2890 3942 3265 4005 revolvuntur,
3282 3936 3414 4007 quid
3435 3932 3586 3989 aliud
3604 3933 3661 3987 tit
3683 3944 3828 4002 quam

2262 4051 2450 4107 decem
2504 4063 2602 4119 per
2658 4041 3033 4107 octonarium,
3096 4046 3159 4092 ut
3208 4034 3484 4105 octoginta
3530 4038 3828 4104 generetur,

2265 4140 2717 4212 multiplicantur.
2775 4134 2834 4190 In
2878 4133 2967 4188 his
3014 4139 3195 4186 autem
3251 4126 3365 4183 fere
3422 4125 3608 4181 omnis
3652 4127 3829 4177 sancte

2265 4230 2642 4289 meditationis
2660 4226 2888 4284 materia
2918 4223 3251 4281 continetur.

2335 4326 2424 4380 26.
2469 4322 2576 4379 Sed
2616 4320 2845 4377 forsitan
2878 4324 3082 4389 quaeret
3106 4313 3306 4384 aliquis
3333 4310 3536 4382 quitus
3569 4308 3685 4363 luce
3705 4303 3832 4360 simi-

2265 4418 2592 4477 litudinibus
2643 4416 2699 4471 in
2751 4409 3036 4469 octonario
3068 4399 3689 4463 demonstrentur.‘Cui
3732 4395 3827 4467 pri-

572 4506 652 4561 ris
695 4503 1093 4575 responsione:
1131 4502 1225 4559 sed
1267 4503 1509 4558 triticum
1536 4501 1684 4558 aliud
1718 4501 1967 4574 designat
1996 4515 2152 4572 quam

2270 4527 2420 4568 mum
2451 4505 2825 4565 necessarium
2867 4512 2952 4558 est
2990 4509 3053 4558 ut
3086 4504 3404 4571 cegnoseat,
3447 4492 3597 4564 quod
3646 4490 3829 4557 absque

573 4589 779 4665 Oleum,
808 4596 904 4653 Dei
932 4605 1201 4669 praecepta
1244 4596 1472 4663 scilicet,
1499 4602 1554 4650 et
1576 4595 1806 4666 gratiam
1849 4592 1968 4664 ejus
2005 4580 2167 4648 Chri-

574 4699 745 4757 stum,
772 4707 881 4761 qua
907 4690 1209 4762 pascimur,
1237 4688 1384 4759 quod
1415 4688 1597 4760 palam
1625 4696 1710 4757 est
1741 4688 1796 4742 in
1819 4686 2008 4742 multis
2028 4685 2172 4742 locis

574 4781 989 4853 Scripturarum
1034 4783 1301 4859 invenire.
1348 4765 1524 4838 corus
1571 4790 1753 4836 autem
1797 4795 1907 4834 xxx
1949 4778 2170 4859 modios

573 4860 867 4930 continens
916 4858 1173 4929 mensura
1220 4860 1568 4943 perhibetur;
1601 4880 1655 4926 et
1705 4886 1831 4926 cum
1860 4854 1972 4924 xxi
2023 4878 2104 4924 ter
2134 4885 2168 4924 ι

575 4953 873 5045 contineat,
897 4974 1044 5021 recte
1068 4981 1164 5036 per
1188 4982 1379 5021 corum
1403 4963 1686 5019 Trinitatis
1708 4964 1861 5030 tides,
1885 4962 2029 5019 sicut
2047 4977 2167 5017 eam

575 5066 833 5141 astruuat
861 5046 1073 5113 divime‘
1096 5044 1414 5127 Scripturae,
1450 5071 1574 5127 quae
1617 5055 1845 5112 denario
1872 5055 2165 5128 designan-

577 5158 685 5216 tur,
709 5138 993 5219 figuratur.
1017 5147 1156 5217 Quia
1176 5162 1305 5202 vero
1327 5156 1382 5201 et
1406 5147 1573 5219 hujus
1592 5147 1760 5203 debiti
1779 5138 2020 5203 redditur
2038 5160 2169 5202 raro

576 5252 758 5319 potest
787 5244 1040 5326 inveniri,
1071 5250 1287 5300 constat
1305 5243 1453 5298 enim
1481 5258 1675 5299 onmes
1698 5242 1811 5298 fere
1836 5250 2046 5298 mentes
2067 5242 2168 5298 ho-

576 5335 789 5416 minum
805 5335 1014 5419 majore
1039 5337 1299 5407 temporis
1317 5334 1494 5406 spatio
1524 5335 1850 5391 vanitatibus
1864 5334 2169 5390 innumeris

578 5425 871 5499 occupari;
899 5442 1120 5484 necesse
1143 5434 1228 5483 est
1251 5428 1318 5483 ad
1354 5426 1585 5483 salutem
1612 5425 1779 5482 villici
1805 5435 1859 5495 et
1884 5426 1990 5482 hoc
2017 5424 2169 5481 debi-

570 5524 698 5605 tum
724 5526 1046 5587 temperare.
1072 5518 1159 5575 Ait
1186 5534 1318 5591 ergo
1340 5519 1418 5576 illi
1453 5538 1466 5574 :
1498 5519 1690 5590 Accipe
1712 5519 1919 5573 litteras
1947 5528 2090 5585 tuas,
2119 5524 2170 5571 et

578 5598 748 5688 scribe
787 5611 1085 5689 octoginta;
1112 5612 1373 5682 quoniam
1410 5611 1605 5668 litteris
1632 5598 1955 5666 memoriam
1982 5619 2169 5666 custo-

578 5700 686 5756 diri
733 5702 1084 5758 manifestum
1114 5700 1218 5771 est,
1262 5704 1422 5776 quasi
1450 5693 1661 5760 litteras
1699 5719 1828 5759 suas
1873 5702 2170 5774 potentiam

580 5790 879 5847 meditandi
908 5794 1047 5850 ratio
1074 5795 1225 5865 jubet
1255 5795 1522 5867 accipere,
1554 5812 1676 5853 cum
1710 5794 1949 5866 disponit
1982 5794 2173 5850 incon-

2196 4563 2244 4619 Ι)

2268 4603 2655 4676 praedictorum
2687 4594 3045 4653 meditatione
3086 4590 3249 4646 nulla:
3289 4587 3397 4643 nisi
3443 4585 3673 4641 forsitan
3714 4582 3827 4636 sint.

2268 4696 2491 4769 plicium
2536 4701 2753 4749 mentes
2775 4686 3168 4760 justiticentur.
3214 4681 3459 4748 Qualiter
3492 4677 3640 4733 enim
3679 4677 3828 4745 potest

2270 4765 2426 4845 mens
2451 4785 2702 4864 quaelibet
2730 4780 2963 4853 justitiae
2988 4776 3223 4832 formam
3250 4787 3493 4837 scrvare,
3515 4783 3639 4840 quae
3659 4765 3829 4821 div-itur

2270 4858 2592 4938 substantia:
2617 4874 3023 4946 simplicitatem
3047 4884 3209 4925 omne
3231 4867 3437 4922 bonum
3462 4858 3830 4934 perfectissime

2273 4971 2607 5028 continentis
2632 5011 2648 5036 ,
2690 4976 2745 5023 et
2783 4957 2935 5020 nullo
2983 4961 3149 5018 modo
3186 4954 3569 5020 demutabilis,
3612 4950 3693 5006 vel
3736 4963 3828 5002 non

2270 5062 2411 5128 vult,
2450 5060 2537 5115 vel
2575 5074 2685 5114 non
2713 5057 2858 5112 valet
2894 5054 3160 5125 cogitare,
3183 5057 3240 5104 et
3267 5063 3392 5119 qua:
3432 5056 3545 5100 tam
3580 5038 3827 5098 multifor-

2270 5127 2400 5208 mia
2426 5166 2549 5222 quze
2589 5149 2736 5203 videt
2789 5154 2900 5201 tam
2941 5139 3262 5198 multimodo
3308 5133 3513 5191 variari
3545 5133 3661 5189 sola
3694 5127 3829 5184 boni-

2272 5251 2380 5298 tate
2426 5215 2598 5311 ipsius
2648 5234 2744 5307 qui
2792 5233 2879 5289 bis
2908 5246 3016 5286 non
3067 5227 3271 5298 indiget
3314 5240 3426 5280 non
3472 5215 3827 5278 animadvertit

2270 5334 2523 5397 existere,
2548 5327 2905 5400 ejusdemque
2929 5321 3178 5393 iussione
3205 5318 3259 5373 in
3296 5325 3408 5372 tam
3434 5315 3636 5370 multas
3660 5312 3822 5366 demu-

2271 5426 2505 5481 tationes
2539 5420 2815 5484 transire;
2861 5424 2916 5470 et
2956 5425 3298 5485 quacunque
3326 5409 3483 5465 bona.
3520 5406 3624 5461 sibi
3657 5403 3821 5457 adem

2268 5511 2604 5586 cognoverit,
2630 5509 2744 5565 sive
2775 5505 3014 5563 carnalia
3046 5502 3161 5577 sive
3181 5497 3522 5571 spiritualia,
3545 5496 3612 5550 ab
3636 5507 3696 5548 eo
3717 5487 3815 5545 dari

2270 5578 2633 5678 cognoscere,
2680 5599 2765 5654 vel
2809 5611 2934 5668 qum
2979 5595 3099 5649 sine
3141 5589 3432 5647 collatione
3467 5601 3575 5641 non
3614 5578 3814 5652 exquirit

2271 5674 2503 5768 qualiter
2548 5692 2868 5763 charita‘tem
2903 5685 3080 5759 possit
3121 5693 3175 5739 et
3213 5681 3409 5738 debeat
3442 5674 3741 5749 possidere,
3770 5676 3812 5734 et

2274 5809 2369 5851 sex
2398 5791 2627 5847 virtutes
2652 5802 2789 5861 quas
2814 5779 3354 5855 prtemonstravimus
3388 5791 3495 5830 non
3527 5770 3692 5828 studet
3733 5764 3807 5819 ob-
