3946 6306
232 292 257 345 1
276 292 294 347 i
316 292 374 350 {-5
1293 278 1527 353 ΗΟΜᾉΙ..
1574 284 1662 339 DE
1702 283 1803 340 Ἧι

1909 281 1975 351 :o
2011 281 2453 353 lNlQUiTATlS.
2520 374 2523 375 ί
2807 279 2815 290 ’
3370 291 3509 375 μιᾳ

224 410 428 477 tinere,
462 407 547 462 vel
579 422 731 479 spem
773 415 827 464 et
856 406 1010 463 fidem
1029 448 1044 473 ,
1078 415 1131 461 et
1180 384 1507 459 cbaritatem
1545 418 1691 456 nunc
1723 402 1820 456 ba-
1850 410 1895 469 Λ
1926 399 2071 471 ginta
2097 400 2456 469 complentur.
2484 394 2617 464 Qua)
2636 395 2821 465 onmia
2845 396 2891 452 si
2916 401 3193 465 memoriae
3208 420 3373 476 quam
3398 423 3508 464 non

224 500 474 567 bendas,
504 508 565 554 ιιι
592 499 669 553 ait
701 498 1025 569 Apostolus,
1063 511 1425 568 cognoscere,
1458 504 1512 550 et
1550 494 1822 551 teternita—
1920 491 2097 546 deleat
2138 491 2342 547 oblivio
2375 490 2846 557 commendamus,
2891 494 3167 563 octoginta
3206 511 3369 551 curos
3409 500 3507 552 tri-

221 597 341 643 tem
375 605 469 658 per
497 604 589 645 eas
617 604 677 644 se
712 587 975 658 consequi
1004 603 1167 658 posse
1189 586 1491 652 confidere,
1517 586 1601 640 vel
1622 594 1821 656 corpo-
1922 582 2009 637 tici
2034 589 2245 637 tantum
2271 597 2373 638 nos
2402 582 2597 638 debere
2626 580 2856 637 Domino
2877 583 3074 640 litteris
3098 587 3302 643 nostris
3329 588 3505 644 adno-

223 680 306 733 ris
338 678 845 749 corruptibiiitatem
894 687 1266 744 contemnere,
1297 686 1351 733 et
1393 674 1821 745 adincorrupti--
1917 682 2120 731 tamus.
2145 673 2257 730 Nos
2282 675 2427 729 enim
2454 690 2648 729 sumus
2679 676 3061 747 unusquisque
3085 678 3137 732 in
3165 695 3224 734 se
3250 680 3372 750 ipso
3399 681 3502 736 vii-

222 772 495 828 biiitatem
527 789 586 828 se
608 787 705 843 per
731 780 968 843 quatuor
992 771 1112 825 illas
1142 770 1567 842 prmnominatas
1592 769 1820 823 virtutes
1921 767 2064 822 licus
2087 777 2140 822 et
2161 767 2434 823 debitores
2463 785 2477 821 :
2502 767 2717 823 villicus
2739 768 2967 836 ratione,
2994 771 3087 825 sed
3118 773 3356 842 potentia
3382 789 3508 828 cor-

218 882 565 937 praeparare,
587 867 671 920 vel
696 874 963 936 quantum
1000 864 1242 920 cbaritas
1265 862 1481 919 extendi
1513 870 1566 917 et
1594 859 1811 917 dilatari

219 958 423 1014 debeat
463 959 794 1030 excogitare,
825 969 882 1014 et
909 957 1299 1014 beatitudinem
1327 972 1450 1027 quze
1494 970 1602 1009 non
1638 953 1815 1026 possit

216 1047 497 1102 demutari
537 1048 848 1103 desiderare
871 1056 927 1103 et
971 1056 1029 1102 ut
1062 1063 1182 1102 eam
1233 1046 1498 1117 consequi
1538 1052 1814 1108 mereatur

216 1138 353 1208 quid
386 1139 489 1193 sibi
514 1139 585 1194 sit
612 1139 881 1209 agendum
911 1138 1185 1209 aequitatis
1211 1138 1365 1193 lance
1394 1152 1646 1207 pensare,
1670 1146 1725 1191 et
1756 1136 1812 1190 in

215 1228 312 1282 bis
344 1228 601 1285 omnibus
630 1246 787 1285 suam
822 1230 1230 1285 meditationem
1261 1228 1524 1284 stabilire.

289 1320 382 1375 Ἢ.
425 1320 563 1376 Cum
613 1322 777 1392 ithur
809 1323 923 1378 haec
953 1321 1022 1376 ad
1056 1322 1322 1377 mentium
1357 1319 1809 1391 justificationcm

215 1415 334 1469 sint
369 1417 709 1483 necessmia,
755 1424 902 1471 recte
950 1432 1047 1486 per
1087 1414 1433 1470 octonariqu
1473 1412 1807 1484 designatur.

213 1505 327 1561 Iste
366 1523 606 1578 namque
646 1523 911 1565 numerus
946 1516 1169 1579 propter
1212 1515 1615 1562 sacramentum
1664 1503 1812 1574 quod

213 1596 484 1664 continet,
502 1613 531 1651 a
550 1597 876 1667 quibusdam
891 1598 1232 1669 sapientibus
1247 1596 1455 1667 justitfa
1476 1595 1808 1650 nominatur.

1921 873 2099 929 porca:
2139 859 2372 914 actionis
2404 868 2457 914 et
2488 859 2860 916 meditationis
2900 861 3191 918 debitores.
3219 862 3362 936 Ergo
3389 864 3503 921 fra-

1919 960 2032 1007 tres
2067 951 2122 1006 in
2157 966 2223 1006 co
2256 952 2401 1022 quod
2441 951 2607 1006 villici
2651 967 2846 1008 sumus
2879 954 3360 1011 comminationem
3396 956 3505 1012 Do-

1919 1045 2053 1100 mini
2092 1044 2160 1100 de
2188 1044 2461 1100 viiiicatus
2509 1045 2812 1113 ablatione,
2856 1046 2985 1117 quia
3023 1048 3165 1103 bona
3202 1049 3349 1105 illius
3391 1065 3503 1105 nou

1921 1145 1981 1192 ut
2001 1137 2241 1209 oportuit
2265 1137 2605 1194 servavimus
2634 1137 3011 1206 formidantes,
3064 1149 3119 1195 et
3151 1157 3218 1195 ne
3246 1141 3301 1195 in
3327 1141 3503 1197 medi-

1918 1232 2178 1287 tationem
2216 1231 2570 1286 devolvamur
2614 1242 3018 1303 praecaventes;
3068 1233 3135 1288 de
3175 1233 3505 1292 villicatione

1914 1331 2103 1380 nostra
2128 1324 2258 1379 dum
2286 1324 2414 1380 licet
2441 1324 2757 1395 pumitendo
2797 1325 3065 1379 rationem
3098 1326 3417 1393 reddamus;
3449 1335 3503 1383 et

1913 1414 2074 1471 nobis
2125 1414 2259 1486 ipsis
2298 1415 2353 1469 in
2405 1430 2472 1469 eo
2519 1414 2665 1485 quod
2712 1414 2987 1470 debitores
3017 1430 3246 1482 sumus,
3283 1414 3502 1470 Domini

1912 1506 2155 1561 debitum
2194 1505 2245 1560 ci
2294 1504 2524 1560 fideliter
2551 1506 2906 1576 obsequendo
2951 1507 3280 1572 reiaxemus,
3313 1509 3504 1563 fidem-

1912 1612 2020 1667 que
2046 1595 2334 1651 Trinitatis
2370 1596 2671 1663 servando,
2718 1606 2772 1651 et
2812 1597 3070 1666 operibus
3113 1598 3503 1655 misericordiae

213 1685 490 1743 Omnibus
523 1688 670 1744 enim
700 1689 903 1759 quibus
941 1688 1111 1744 dividi
1150 1697 1330 1760 potest
1358 1686 1717 1744 divisionibus
1759 1694 1814 1741 ct
1846 1702 1885 1753 ιδ
1914 1688 2251 1751 insistendo.
2283 1697 2336 1743 et
2364 1689 2432 1744 ad
2455 1689 2623 1743 vitam
2667 1690 2852 1746 carnis
2880 1705 2911 1744 a
2944 1690 3201 1745 vitiorum
3245 1692 3501 1746 sordibus

214 1778 274 1849 ip
308 1796 339 1834 a
385 1782 471 1835 sui
524 1782 830 1852 quantitate
884 1781 1318 1853 prannonstratis
1355 1781 1583 1852 justitiae
1624 1780 1807 1836 causis

213 1873 575 1928 assiiniiatur.
611 1872 794 1929 Prima
818 1891 1054 1946 namque
1084 1873 1284 1930 divisio
1305 1874 1426 1945 ejus
1456 1874 1509 1928 in
1540 1873 1806 1928 unitatem

212 1962 311 2029 sit,
358 1971 414 2018 et
450 1966 841 2034 scptenarium,
879 1966 1008 2037 quia
1044 1967 1294 2038 designat
1322 1975 1375 2022 et
1403 1965 1805 2037 simplicitatem

211 2053 446 2110 Deitatis
493 2057 668 2126 prima
710 2066 892 2128 parte,
941 2067 997 2114 et
1040 2059 1281 2115 secunda
1332 2058 1590 2115 bonitatis
1636 2057 1807 2131 ipsius

208 2145 632 2214 abundantiam,
658 2164 766 2219 qua
799 2149 1052 2205 subsistit
1091 2158 1146 2205 et
1170 2150 1514 2204 modJicatur
1544 2147 1809 2205 universi-

211 2252 301 2291 tas
327 2238 705 2295 existentium.
736 2240 862 2296 ideo
891 2251 1071 2296 autem
1108 2258 1204 2312 per
1248 2240 1615 2312 septenarium
1648 2240 1808 2297 boni-

206 2331 344 2386 latis
385 2330 480 2385 Dei
524 2333 917 2389 abundantiam
949 2335 1185 2390 dicimus
1218 2334 1615 2401 demonstrari;
1662 2350 1805 2404 quo-

208 2423 362 2477 niam
393 2430 449 2479 et
478 2424 817 2494 septiformia
846 2436 973 2482 sunt
999 2427 1144 2483 dona
1176 2426 1414 2498 Spiritus
1449 2427 1646 2495 sancti,
1694 2421 1806 2498 quo

208 2514 456 2585 repletur
497 2517 648 2572 erlis
683 2527 976 2586 terrarum,
1007 2528 1062 2574 ct
1099 2519 1337 2575 ternario
1375 2528 1427 2575 et
1454 2519 1815 2589 quaternario

206 2622 338 2675 qua:
374 2615 507 2663 sunt
538 2617 721 2678 partes
751 2609 997 2679 ejusdem
1030 2610 1267 2678 numeri,
1304 2611 1678 2682 multiplicatis
1721 2612 1804 2666 ai-

194 2709 512 2767 -terutrum,
539 2701 1034 2773 duodcneuat‘ium,
1065 2704 1161 2776 qui
1182 2714 1267 2762 est
1290 2721 1556 2762 numerus
1593 2707 1805 2777 primus

207 2792 693 2862 superabundans,
716 2794 1098 2852 manisf'estum
1121 2805 1209 2853 est
1232 2799 1528 2867 procreari.
1555 2798 1805 2855 Secunda

198 2881 412 2938 divisio
430 2882 676 2953 ejusdem
695 2886 964 2949 octonarii
980 2886 1040 2941 tit
1056 2886 1113 2942 in
1135 2887 1409 2945 binarium
1432 2898 1481 2943 et
1501 2889 1803 2957 senarium,

196 2971 266 3027 .in
311 2989 421 3043 qua
462 2975 746 3032 cbaritatis
784 2978 1018 3049 gemina:
1049 2977 1281 3034 formam
1329 2981 1552 3036 exhibet
1594 2989 1651 3035 et
1704 2997 1798 3036 sex

200 3077 758 3136 prtemonstratarum
797 3071 1085 3127 virtutum.
1133 3070 1191 3125 In
1228 3073 1388 3127 tertia
1432 3074 1706 3128 ternarias
1749 3082 1803 3129 et

198 3158 522 3229 quinarius,
558 3162 652 3232 qui
692 3162 981 3220 circularis
1018 3180 1283 3221 numerus
1310 3172 1415 3233 est,
1458 3167 1802 3222 octonarium

199 3251 522 3322 partiuntur
550 3272 563 3308 :
596 3254 798 3324 quibus
826 3256 1075 3326 partibus
1112 3256 1265 3323 ﬁdes,
1292 3272 1439 3329 spes,
1485 3258 1728 3315 cbaritas
1749 3269 1803 3316 et

196 3345 489 3403 internitas
518 3362 686 3416 quam
726 3346 1036 3414 conferunt,
1074 3348 1399 3420 figurantur.
1429 3348 1637 3416 Quarta
1673 3366 1803 3408 vero

192 3435 458 3505 ejusdem
494 3437 710 3492 numeri
731 3437 929 3494 divisio
971 3440 1033 3494 fit
1053 3441 1110 3494 in
1135 3441 1250 3496 duo
1278 3443 1648 3512 quaternaria,
1673 3444 1801 3514 qui-

200 3528 318 3583 ius
353 3538 409 3583 et
438 3537 676 3599 quatuor
700 3531 972 3588 elementa
1001 3533 1309 3605 signantur,
1338 3550 1404 3590 ex
1443 3536 1644 3606 quibus
1679 3551 1803 3591 cor-

198 3618 497 3688 ruptibiles
539 3636 753 3690 sumus,
801 3633 856 3679 et
897 3633 1136 3695 quatuor
1179 3626 1511 3697 principales
1548 3628 1801 3696 virtutes,

198 3728 353 3782 quas
373 3712 426 3767 in
449 3714 553 3770 bac
574 3714 686 3770 vita
709 3717 1058 3786 possidendo,
1084 3718 1527 3791 incorruptibiles
1548 3719 1666 3775 fieri
1688 3735 1806 3790 spe-

198 3819 420 3861 ramus.
466 3804 669 3874 Quinta
698 3809 898 3865 divisio
935 3810 997 3882 tit
1022 3811 1268 3882 ejusdem
1305 3815 1520 3875 numeri
1541 3829 1639 3884 per
1665 3829 1804 3885 qua-

198 3907 339 3955 tuor
381 3898 614 3967 binaria,
657 3917 767 3972 qua
797 3912 1021 3958 notatur
1062 3906 1212 3976 quod
1241 3906 1482 3963 cbaritas
1518 3906 1587 3963 ad
1610 3922 1804 3965 omnes

199 3989 459 4060 cujusvis
506 3994 746 4050 nationis
794 3995 1045 4052 homines
1093 3997 1165 4053 sit
1212 3997 1582 4054 dii‘fundenda.
1640 3998 1802 4055 Sexta

200 4096 435 4152 quoque
458 4082 730 4140 divisione
763 4101 860 4155 per
900 4095 1026 4142 octo
1058 4087 1322 4144 dividitur
1362 4089 1505 4144 idem
1538 4105 1802 4148 numerus

198 4173 462 4241 unitatis,
492 4175 546 4229 in
570 4191 679 4247 quo
703 4193 868 4232 unam
899 4193 1085 4234 veram
1110 4179 1501 4236 beatitudinem
1529 4181 1799 4252 designat,

199 4272 268 4319 et
292 4274 416 4320 octo
449 4266 652 4336 quibus
690 4267 997 4338 acquiritur
1037 4268 1375 4339 affectiones,
1413 4271 1531 4342 ipsa
1559 4287 1689 4328 vero
1714 4273 1801 4330 sui

198 4356 516 4425 quantitate
540 4357 759 4429 signum
781 4367 866 4414 est
888 4360 1198 4430 aequitatis;
1222 4361 1350 4432 quia
1385 4362 1596 4432 primus
1624 4362 1803 4418 susci-

198 4447 295 4519 pit
328 4462 526 4503 nomen
562 4450 776 4505 numeri
807 4450 1012 4521 pariter
1040 4452 1212 4522 paris.
1244 4452 1444 4509 Eadem
1469 4454 1635 4510 etiam
1658 4454 1805 4511 desi-

198 4548 343 4607 gnat
389 4536 703 4605 firmitatem
745 4539 1084 4619 stabilitatis,
1127 4543 1258 4613 quia
1305 4544 1518 4614 primus
1561 4542 1797 4600 formam

197 4628 337 4685 cubi
378 4639 602 4700 generat
648 4631 1050 4690 intellectualis.
1100 4633 1238 4689 Cum
1278 4635 1427 4690 enim
1476 4636 1677 4693 dicitur
1714 4637 1800 4693 bis

199 4719 439 4788 biualis,
479 4731 604 4779 octo
635 4734 994 4794 monstratur,
1034 4735 1089 4782 et
1120 4727 1175 4781 in
1204 4727 1389 4783 animo
1420 4731 1803 4801 cognoscentis

194 4811 321 4873 vim
370 4815 606 4883 numeri,
654 4815 832 4872 forma
868 4818 994 4874 cubi
1035 4829 1348 4889 generatur.
1389 4818 1578 4891 Cubus
1617 4830 1800 4878 autem

202 4904 386 4977 ﬁgura
416 4917 500 4964 est
537 4909 710 4965 solida
747 4925 813 4966 ex
853 4911 1001 4966 omni
1034 4921 1188 4983 parte
1228 4912 1511 4983 :equaiiter
1541 4913 1749 4985 quadra
1783 4933 1797 4968 :

202 5010 266 5055 et
307 5000 428 5056 ideo
470 5018 636 5072 super
670 5019 1057 5076 quamcunque
1103 5014 1373 5075 versetur,
1411 5007 1558 5078 jacet
1595 5007 1797 5063 firma:

208 5091 359 5148 unde
405 5090 636 5160 forsitan
679 5109 717 5173 ag
758 5095 1010 5151 cubando
1049 5097 1224 5153 cubus
1265 5097 1487 5166 dicitur,
1523 5099 1594 5156 ob
1631 5115 1800 5171 quam

196 5198 367 5242 suam
390 5185 684 5243 cilicaciam
719 5203 817 5258 per
844 5196 971 5245 octo
1006 5189 1274 5247 stabilitas
1300 5190 1457 5247 firma
1485 5193 1797 5250 denotatur.

280 5275 371 5331 28.
408 5276 546 5333 Cum
580 5277 747 5351 igitur
784 5279 868 5335 lue
907 5296 1046 5350 quas
1074 5283 1617 5352 praemonstravimus
1642 5300 1799 5342 mcu-

204 5374 318 5429 tem
345 5366 710 5436 justilicantes
751 5371 1138 5428 meditationes
1168 5375 1555 5428 convenienter
1584 5390 1682 5444 per
1705 5391 1802 5431 oc-

207 5456 485 5515 tonarium
510 5458 894 5531 designentur;
919 5475 1155 5532 cumque
1183 5462 1438 5519 mandata
1465 5461 1680 5518 Domini
1702 5479 1793 5534 per

204 5545 493 5603 denarium
510 5546 834 5621 ﬁgurentur,
851 5552 1073 5621 quando
1086 5554 1154 5624 ad
1174 5554 1584 5610 exsecutionem
1602 5570 1794 5610 eorum

205 5638 550 5699 excitandam
588 5641 670 5697 ba:
698 5642 1037 5715 meditationi
1083 5646 1326 5718 ipsorum
1372 5648 1791 5719 permiscentur,

208 5732 369 5801 quasi
407 5733 630 5790 denario
674 5752 770 5807 per
821 5739 1167 5795 octonarium
1220 5741 1601 5812 multiplicato,
1644 5750 1794 5798 octo-

1908 1781 2278 1837 mundandam
2321 1781 2498 1837 sancti
2529 1780 2768 1851 Spiritus
2818 1781 3048 1853 gratiam
3082 1782 3334 1852 precibus
3360 1784 3501 1839 assi—

1907 1874 2032 1931 duis
2061 1874 2383 1945 expetendo,
2409 1873 2694 1945 solamque
2718 1874 3134 1939 beatitudinem,
3167 1874 3220 1928 in
3247 1890 3355 1944 qua
3388 1890 3500 1930 non

1908 1981 2118 2033 annus,
2150 1966 2243 2022 scd
2285 1966 2563 2022 aeternitas
2595 1975 2677 2021 est
2713 1965 3057 2037 jubilationis
3086 1974 3141 2020 et
3170 1966 3369 2022 laetitia:
3399 1982 3495 2037 pe-

1907 2059 2099 2125 tendo,
2131 2059 2434 2129 corporalis
2462 2059 2698 2114 actionis
2733 2057 2915 2113 debita
2956 2073 3079 2130 qum
3117 2056 3349 2114 Domino
3374 2060 3500 2114 vita:

1907 2157 2200 2205 transacta:
2222 2149 2561 2220 temporibus
2592 2164 2702 2204 non
2728 2150 2994 2205 solvnnus
3014 2164 3360 2204 excusemus.
3388 2148 3498 2203 Ex-

1907 2256 2164 2297 cusemus
2193 2242 2356 2297 etiam
2385 2240 2755 2296 meditationis
2785 2240 2988 2307 debita,
3016 2257 3124 2310 qua
3154 2240 3500 2295 solummodo

1906 2330 2020 2385 Deo
2056 2339 2111 2385 et
2144 2331 2417 2387 mandatis
2454 2331 2576 2402 ejus
2604 2331 2873 2387 inhaerere
2907 2330 3229 2398 debuimus;
3258 2331 3353 2387 sed
3401 2344 3502 2401 po-

1908 2423 2017 2478 tius
2044 2422 2218 2490 vanis,
2243 2432 2298 2477 et
2318 2422 2576 2491 sordidis,
2606 2431 2662 2479 et
2685 2423 3002 2480 criminosis
3024 2424 3497 2491 delectationibus,

1906 2523 1960 2569 et
1992 2514 2386 2586 cupiditatibus
2416 2531 2539 2571 eam
2566 2516 2942 2582 subdidimus;
2976 2531 3073 2587 per
3116 2517 3352 2587 spatium
3376 2516 3502 2570 vitae

1907 2606 2056 2677 quod
2090 2618 2339 2678 superest
2379 2609 2435 2662 in
2466 2607 2575 2679 lege
2622 2608 2837 2662 Domini
2880 2608 2968 2662 die
3002 2622 3278 2679 noetuque
3322 2609 3499 2663 medi-

1908 2697 2278 2769 tando(PsaI.
2326 2716 2381 2768 ι,
2414 2700 2509 2771 2),
2553 2701 2958 2772 simplicitatem
3008 2703 3330 2759 substantiae
3367 2702 3497 2769 Dei,

1907 2803 2071 2844 omne
2096 2805 2287 2845 verum
2319 2791 2525 2849 bonum
2567 2792 2622 2847 in
2655 2808 2715 2848 se
2745 2793 2864 2848 sine
2903 2792 3219 2850 diversitate
3247 2810 3499 2870 compre-

1908 2881 2265 2950 bendentem,
2298 2898 2362 2937 ac
2395 2899 2493 2955 per
2517 2884 2623 2940 boc
2649 2884 2852 2941 nullius
2879 2884 3213 2958 indigentem
3257 2896 3503 2944 contem-

1907 2973 2143 3042 plando,
2177 2974 2641 3047 utultipiiccmque
2681 2977 2984 3032 bonitatem
3017 2978 3192 3048 ipsius
3226 2993 3333 3049 qua
3386 2995 3499 3035 non

1831 3050 1874 3111 C
1905 3063 1986 3119 eis
2023 3064 2274 3136 indigens
2322 3067 2573 3122 universa
2622 3069 2867 3123 condidit
2907 3086 3032 3139 qua:
3079 3070 3419 3141 subsistunt,
3448 3082 3504 3127 et

1906 3155 2148 3226 disponit
2173 3173 2404 3228 qumque
2446 3158 2605 3212 nobis
2650 3158 2791 3214 bona
2829 3161 3119 3217 innumera
3159 3163 3410 3233 corporis
3448 3172 3503 3217 et

1906 3248 2104 3303 animre
2129 3249 2381 3322 largitur,
2406 3250 2750 3318 admirando,
2775 3252 3212 3323 cbaritatemque
3240 3252 3500 3308 fraterni-

1906 3341 2036 3395 tatis
2064 3342 2241 3412 magis
2268 3350 2322 3397 et
2345 3332 2521 3414 magis
2547 3343 2600 3397 in
2631 3344 2790 3399 nobis
2821 3344 3190 3411 accendendo,
3214 3344 3499 3409 veritatem

1906 3433 2049 3502 fidei,
2084 3435 2432 3504 pudicitiam,
2464 3436 2860 3513 humilitatem,
2891 3436 3275 3504 sobrietatem,
3313 3436 3500 3490 muni-

1907 3524 2200 3594 iiceutiam,
2226 3528 2577 3582 concordiam
2614 3528 2979 3601 possidendas
3001 3544 3123 3585 esse
3151 3528 3374 3585 assidue
3401 3543 3497 3585 co-

1906 3615 2162 3687 gitando;
2193 3627 2413 3688 tresque
2455 3619 2687 3675 virtutes
2730 3636 2853 3690 quae
2885 3635 3034 3675 nunc
3072 3628 3325 3686 manent,
3357 3619 3502 3674 sicut

1905 3707 2037 3763 dicit
2066 3709 2391 3778 Apostolus,
2423 3711 2477 3766 id
2522 3720 2607 3767 cst
2651 3711 2844 3780 fidem,
2878 3728 3064 3783 spem,
3095 3720 3147 3767 et
3176 3709 3500 3768 cbaritatim

1907 3798 1962 3873 (Ι
1988 3799 2111 3855 Cor.
2141 3817 2264 3869 xm,
2298 3802 2565 3870 15),omni
2593 3803 2727 3858 bora
2750 3803 3182 3874 complectendo,
3211 3812 3265 3858 et
3294 3818 3389 3874 per
3412 3802 3501 3874 ip-

1905 3909 1997 3951 sas
2019 3896 2377 3952 aeternitatem
2406 3899 2668 3970 consequi
2699 3898 3044 3966 confidendo,
3075 3882 3502 3971 corruptibilita-

1906 3996 2125 4058 temque
2164 4004 2458 4059 COI‘DOHIIII
2497 3992 2848 4063 temporalem
2890 3992 3320 4059 contemnendo;
3369 4009 3503 4063 pru-

1904 4081 2186 4149 dentiam,
2231 4082 2541 4153 justitiam,
2590 4082 2966 4140 fortitudinem
2994 4128 3009 4152 ,
3052 4084 3500 4156 temperantiam,

1904 4173 2049 4229 viam
2089 4175 2157 4233 ad
2194 4175 2659 4248 incorruptionem
2686 4176 3017 4248 judicando,
3058 4175 3384 4232 cbaritatem
3431 4176 3500 4232 ad
3566 4199 3568 4202 ν

1903 4280 2096 4320 omnes
2133 4268 2475 4323 extendendo
2516 4267 2830 4339 affectiones
2868 4268 3017 4335 illas,
3064 4285 3202 4338 quas
3250 4269 3502 4342 sequitur

1905 4356 2187 4413 beatitudo
2218 4375 2346 4414 vera
2390 4360 2777 4429 discernendo,
2823 4361 3131 4432 aaquitatem
3164 4378 3357 4418 amore
3398 4363 3503 4418 im-

1906 4449 2155 4504 mutabili
2195 4452 2614 4523 contcmplando
2646 4472 2659 4507 :
2695 4453 3174 4526 intelligamusque
3210 4455 3499 4512 nobiscum

1907 4543 2334 4599 misericorditer
2375 4544 2490 4616 agi,
2520 4544 2566 4600 si
2615 4544 2696 4600 sic
2721 4545 2889 4600 vitam
2935 4562 3059 4616 qua:
3101 4555 3350 4617 superest
3391 4546 3495 4603 du-

1907 4635 2080 4690 cendo
2115 4636 2485 4692 meruerimus
2519 4652 2548 4692 a
2573 4637 2944 4707 damnatione,
2978 4655 3143 4710 quam
3170 4638 3499 4711 praecedenti

1907 4728 2014 4783 vita
2047 4728 2378 4797 meruimus,
2430 4729 2672 4785 liberari.
2729 4727 2891 4784 Omni
2938 4747 3175 4804 namque
3221 4732 3355 4787 bora
3385 4745 3497 4802 qua

1907 4822 2176 4890 viximus,
2209 4822 2351 4878 sicut
2376 4839 2540 4893 supra
2582 4824 3043 4893 monstravimus,
3074 4835 3129 4881 ct
3155 4840 3251 4896 per
3275 4833 3499 4883 centum

1907 4913 2205 4985 significari
2263 4913 2574 4970 ratiocinati
2619 4931 2844 4983 sumus,
2894 4915 3144 4987 corporis
3186 4922 3241 4969 et
3292 4913 3500 4970 mentis

1907 5005 2100 5062 officiis
2141 5006 2409 5062 instanter
2476 5018 2531 5064 et
2564 5008 2764 5064 obnixe
2814 5007 3083 5064 voluntati
3125 5004 3342 5061 Domini
3391 5006 3495 5062 ob-

1910 5095 2243 5170 temperasse
2282 5099 2683 5163 debuisscmus.
2735 5099 3006 5168 Quoniam
3067 5112 3198 5167 vero
3240 5112 3351 5153 non
3391 5097 3495 5154 ob-

1906 5193 2358 5264 temperavimus,
2407 5204 2655 5273 tenemur
2692 5194 2998 5251 debitorum
3030 5191 3129 5259 rei,
3163 5206 3275 5247 non
3313 5191 3494 5248 solum

1903 5283 2033 5354 quia
2072 5283 2303 5341 fecimus
2330 5302 2452 5357 quae
2500 5302 2610 5342 non
2654 5285 2979 5350 debuimus,
3027 5283 3122 5340 sed
3160 5285 3323 5340 etiam
3362 5284 3495 5355 quia

1908 5391 2017 5431 non
2047 5375 2278 5433 fecimus
2299 5394 2422 5449 qua:
2449 5377 2767 5444 debuimus,
2796 5374 3135 5431 atterunliter
3152 5374 3438 5453 puniendi.

1973 5467 2061 5523 :29.
2106 5467 2232 5533 Haec
2265 5477 2393 5525 sunt
2421 5470 2601 5524 debita
2630 5483 2753 5539 qua:
2784 5467 2852 5522 de
2883 5476 3101 5522 centum
3132 5466 3283 5521 cadis
3308 5465 3413 5523 olei
3437 5475 3493 5522 et

1902 5561 2123 5618 totidem
2171 5562 2317 5618 coris
2360 5561 2527 5616 tritici
2559 5560 2916 5616 rclaxamus:
2961 5559 3008 5616 si
3061 5559 3193 5630 quid
3241 5565 3493 5629 superest

1900 5656 2027 5722 vita:
2054 5656 2369 5729 temporalis
2391 5655 2546 5726 juxta
2574 5655 2969 5727 quinquaginta
3000 5654 3082 5709 vel
3110 5653 3386 5725 octoginta
3414 5649 3490 5708 si-

1904 5746 2310 5820 gnificationem
2342 5752 2703 5802 nionstratam
2738 5744 3134 5818 transigatnus;
3163 5760 3262 5800 nec
3307 5750 3487 5801 tamen
