3946 6306
526 324 662 381 1H7

1698 327 1754 384 S.
1796 327 2053 386 ODONIS
2090 329 2351 388 CAMER.
2390 332 2608 394 EPISC.

3638 345 3738 403 lll8

524 435 832 492 dini-damus
877 436 944 492 de
971 436 1163 504 venia',
1218 438 1303 493 vel
1335 439 1651 497 dubitemus
1680 441 1747 498 de
1789 458 2111 500 remunera-
2141 450 2187 507 Α
2219 455 2311 500 tur
2338 455 2398 502 ut
2424 457 2574 504 recte
2605 448 2781 518 possit
2815 449 2919 506 ista
2947 453 3286 523 comparatio
3313 452 3459 523 ﬁeri;
3482 460 3685 529 nunquid
3707 466 3740 520 si

526 529 693 594 tione,
726 527 772 583 si
804 529 985 584 omnis
1014 530 1368 601 operationis,
1400 532 1656 600 actionis,
1688 535 1773 591 vel
1803 535 2117 592 meditatio-

524 619 612 676 nis
646 620 1037 691 inspectiones,
1077 623 1220 683 sicut
1249 633 1501 695 oportere
1529 628 1979 697 monstravimus,
2004 644 2116 684 non

524 712 829 783 poterimus
852 712 1151 786 adimplere
1176 735 1189 771 :
1221 718 1603 773 tantummodo
1629 727 1896 789 quantum
1930 721 2117 781 value-

526 801 704 857 rimus
727 802 783 856 in
809 813 1039 874 utraque
1072 808 1335 876 potentia,
1361 824 1462 864 nos
1496 810 1813 866 Studeamus
1839 827 2114 869 exercere.

525 891 803 964 Benignus
840 903 925 949 est
948 896 1095 950 enim
1137 895 1406 953 Dominus
1444 908 1631 955 noster
1670 909 1725 956 et
1766 900 2114 973 Redemptor,

525 986 618 1055 qui
657 986 774 1042 lucc
823 987 1012 1057 docet,
1058 999 1113 1045 et
1142 991 1231 1045 cui
1268 1008 1459 1049 sumus
1502 993 1768 1050 reddituri
1807 998 2073 1053 rationem
2099 1041 2114 1066 ,

526 1092 629 1134 nec
650 1080 947 1149 quemlibet
980 1093 1245 1152 quantum
1275 1086 1418 1140 valet
1440 1084 1727 1144 facientem
1760 1106 1859 1160 pro
1882 1107 1948 1147 eo
1969 1093 2116 1162 quod

527 1186 638 1226 non
670 1171 810 1227 valet
850 1175 1272 1245 condemnabit,
1327 1180 1412 1234 vel
1451 1179 1664 1238 auferet
1713 1185 2115 1267 remuneratiof

528 1277 676 1316 nem.
718 1261 1045 1323 Relaxcmus
1073 1285 1225 1340 ergo,
1257 1271 1602 1342 charissimi,
1634 1274 1814 1331 debita
1846 1278 2004 1334 nobis
2047 1261 2118 1335 ob

526 1369 651 1422 qum
691 1356 951 1425 puniendi
986 1374 1200 1431 sumus,
1229 1369 1284 1418 et
1312 1365 1709 1439 quinquaginta
1742 1385 1843 1425 nos
1880 1379 1933 1425 et
1962 1379 2115 1427 octo-

526 1446 675 1517 ginta
718 1447 948 1507 Domino
995 1453 1333 1524 reddituros,
1381 1467 1441 1513 ut
1487 1460 1826 1530 poterimus,
1876 1464 2117 1520 cautioni

527 1550 729 1599 nostra:
769 1552 822 1599 et
861 1530 1060 1601 litteris.
1084 1551 1309 1615 nostris,
1343 1560 1403 1605 ut
1428 1553 1734 1622 expositum
1763 1563 1880 1623 est,
1914 1557 2115 1614 inscri-

523 1631 749 1702 bamus;
786 1646 1059 1705 quatenus
1086 1640 1156 1695 ab
1195 1641 1313 1712 ipso
1345 1652 1405 1698 ut
1445 1646 1743 1714 prudentes
1788 1648 1950 1705 villici
1997 1651 2117 1706 lau-

526 1722 665 1792 dari,
704 1725 809 1781 hoc
833 1736 916 1784 cst
955 1733 1231 1786 munerari
1267 1734 1569 1790 valeamus.
1603 1736 1739 1792 Cum
1772 1740 1919 1796 enim
1950 1742 2116 1800 mise-

526 1815 935 1875 ricordissimus
983 1819 1252 1879 Dominus
1282 1832 1336 1880 et
1382 1837 1683 1898 praeceptor
1735 1831 2110 1889 subdidisset:

527 1906 598 1961 Et
632 1908 871 1965 laudavit
912 1911 1160 1968 dominus
1186 1916 1423 1971 villicum
1458 1919 1789 1990 iniquitatis,
1824 1925 1949 1994 quia
1981 1942 2114 2005 pru-

525 2000 707 2055 denter
750 2003 969 2073 egisset,
1007 2020 1256 2062 securam
1291 2009 1450 2065 nobis
1500 2027 1653 2081 spem
1688 2013 1818 2069 dare
1845 2000 2015 2071 voluit
2050 2016 2117 2074 de

527 2094 990 2162 remuneratione,
1024 2112 1093 2152 ne
1134 2097 1501 2157 diilideremus
1531 2104 1597 2158 de
1628 2105 1815 2173 venia,
1857 2107 1903 2162 si
1933 2116 1987 2163 et
2016 2124 2116 2166 nos

454 2198 461 2205 °
529 2185 599 2239 ad
626 2184 860 2242 formam
893 2189 1053 2244 villici
1080 2192 1377 2261 prudenter
1401 2195 1675 2266 egerimus
1700 2215 1800 2270 pro
1826 2200 2000 2256 nostri
2023 2202 2117 2258 vil-

528 2277 725 2334 licatus
761 2279 946 2352 iniqua
977 2286 1366 2342 transactione.

598 2364 687 2419 50.
731 2365 959 2424 \‘illicus
999 2369 1143 2424 enim
1174 2370 1279 2428 iste
1321 2388 1420 2443 pro
1458 2374 1816 2447 dissipatione
1844 2377 2116 2437 bonorum

509 2456 733 2538 ,domini
760 2460 975 2516 villicus
1006 2462 1309 2532 iniquitatis
1331 2467 1685 2523 nominatur:
1716 2471 1831 2539 sed,
1855 2473 1983 2542 quia
2023 2475 2118 2531 de-

528 2535 797 2607 bitoribus
841 2552 1086 2622 ejusdem
1134 2556 1343 2612 domini
1392 2560 1481 2617 sui
1524 2561 1592 2615 ad
1637 2577 1792 2617 suam
1827 2565 2114 2622 utilitatem

526 2638 707 2696 debita
747 2642 1044 2713 relaxavit,
1102 2647 1170 2702 ab
1201 2649 1395 2704 eodem
1448 2651 1671 2707 domino
1709 2653 1778 2709 de
1828 2657 2117 2725 prudentia

512 2722 967 2792 'coxnmcndatur.
1010 2738 1101 2794 Sic
1130 2740 1212 2795 sic
1246 2757 1348 2796 nos
1383 2742 1510 2798 licet
1548 2743 1602 2798 in
1629 2747 1956 2814 praecedenti
2007 2751 2117 2805 vita

510 2822 705 2899 iniqui
758 2823 1053 2893 fuerimus,
1098 2827 1147 2882 si
1192 2828 1258 2883 de
1311 2830 1556 2901 reliquo,
1589 2833 1731 2889 sicut
1759 2834 1967 2893 dictum
2011 2848 2113 2907 est,

528 2914 821 2982 priulentcr
848 2916 1166 2986 vixerimus,
1215 2921 1285 2975 ab
1327 2921 1445 2992 ipso
1473 2923 1566 2993 qui
1609 2925 1925 2994 parabolam
1975 2928 2119 2986 hanc

528 3005 814 3074 proposuit
842 3006 1018 3064 laudis
1044 3011 1351 3066 mercedem
1382 3013 1708 3084 recipiemus
1735 3036 1749 3073 :
1780 3033 1946 3088 quam
1977 3036 2118 3090 quo-

529 3088 675 3150 niam
721 3098 879 3154 nobis
909 3100 1025 3155 vult
1065 3102 1393 3159 immensam
1426 3106 1697 3176 conferre,
1735 3125 1901 3179 quam
1946 3112 2115 3168 vehe-

507 3202 741 3264 mentes
776 3191 829 3246 in
868 3194 1153 3273 prudentia
1186 3197 1290 3253 ista
1320 3199 1619 3257 debeamus
1645 3203 1900 3273 existere,
1935 3206 2117 3263 bonus

527 3278 719 3334 doctor
751 3282 922 3338 voluit
965 3264 1068 3341 nos
1098 3286 1316 3345 docere.
1364 3289 1503 3345 Cum
1542 3292 1690 3348 enim
1740 3264 2009 3353 dixisset;
2045 3296 2117 3352 Et

527 3369 768 3427 laudarit
806 3374 1050 3431 dominus
1079 3378 1315 3441 villicum
1342 3382 1645 3453 iniquitatis
1681 3389 1807 3457 quia
1832 3388 2118 3459 prudenter

527 3463 737 3533 egisset,
770 3466 929 3536 quasi
975 3469 1258 3528 subdendo
1282 3488 1504 3529 causam
1536 3493 1707 3547 quare
1733 3480 1800 3534 de
1828 3480 2116 3550 prudentia

528 3551 678 3607 illum
739 3554 1087 3615 laudaverit:
1129 3561 1269 3627 Quia
1325 3564 1432 3634 lilii
1464 3567 1647 3620 sweuli
1691 3567 1849 3641 hujus
1886 3571 2116 3640 pruden-

502 3638 685 3697 tiores
731 3645 863 3715 ﬁliis
891 3648 1025 3702 lucis
1070 3650 1125 3705 in
1154 3655 1489 3723 generatione
1530 3673 1629 3711 sua
1658 3638 1811 3726 sunt,
1849 3638 2112 3731 subjecit,

527 3737 821 3794 ostendens
864 3752 1049 3811 aperte
1077 3745 1226 3815 quod
1274 3762 1377 3803 nos
1420 3749 1515 3819 qui
1566 3751 1749 3806 saeculi
1804 3752 1970 3824 hujus
2019 3755 2114 3811 ﬁlii

527 3822 752 3896 fuimus,
781 3830 828 3885 si
858 3831 1075 3903 laudem
1107 3835 1174 3891 de
1210 3838 1501 3908 prudentia
1527 3842 1783 3898 volumus
1806 3843 2027 3915 habere,
2058 3848 2117 3902 ll-

526 3915 631 3971 lios
665 3917 805 3975 lucis
850 3920 906 3975 in
937 3925 1226 3993 prudentia
1262 3928 1365 3985 ista
1402 3930 1620 3988 vincere
1661 3933 1924 3991 debemus
1961 3936 2115 3993 labo-

524 4022 666 4063 rare.
682 4026 685 4029 ’
786 4064 795 4071 ,
1343 4029 1345 4031 ’

595 4101 684 4157 51.
725 4102 844 4159 Non
894 4107 1041 4162 enim
1090 4109 1180 4165 illa
1229 4111 1392 4169 nobis
1441 4114 1619 4184 placet
1661 4116 1963 4187 sententia,
2003 4135 2112 4190 qua

525 4192 746 4261 quidam
777 4202 1055 4266 exponant
1087 4200 1432 4270 prudentiam
1462 4205 1697 4261 ﬁliorum
1717 4209 1899 4264 saeculi
1921 4209 2109 4282 hujus,

525 4280 578 4335 id
608 4290 689 4337 est
719 4300 885 4354 quam
927 4298 1185 4344 exercent
1214 4291 1269 4345 in
1297 4295 1531 4365 negotiis
1567 4297 1942 4367 saecularibus,
1973 4280 2109 4371 pru-

523 4370 703 4429 dentia
743 4391 851 4446 qua
893 4379 987 4434 ﬁlii
1020 4380 1160 4439 lucis
1186 4382 1576 4442 beatitudinem
1616 4398 1808 4460 petunt
1844 4370 2107 4464 majorem

523 4479 663 4521 esse.
697 4467 966 4535 Quoniam
1015 4474 1096 4530 sic
1137 4476 1341 4533 dicitur
1367 4479 1570 4536 veritas
1600 4481 1677 4536 rei
1720 4498 1844 4554 quae
1872 4500 1980 4540 non
2024 4497 2110 4542 est
2140 4498 2187 4557 υ

523 4556 593 4613 ad
625 4575 738 4615 rem
786 4580 908 4635 qua:
933 4576 1016 4623 est
1050 4570 1196 4639 quod
1229 4586 1353 4626 esse
1388 4588 1500 4627 non
1524 4582 1704 4644 potest
1736 4576 2105 4647 comparatio-

498 4650 884 4730 ‘ncm‘fecisse,
910 4672 1085 4728 neque
1111 4659 1257 4714 enim
1280 4660 1374 4716 filii
1401 4663 1586 4718 saeculi
1610 4664 1740 4719 dum
1765 4668 1978 4738 negotia
2007 4684 2108 4724 sa:-

521 4742 726 4800 cularia
756 4757 1061 4816 sequuntur
1101 4752 1396 4820 prudentes
1429 4754 1695 4823 existunt,
1740 4773 1880 4827 quos
1919 4760 2106 4834 potius

518 4836 788 4893 vanitates
829 4854 968 4909 quas
1000 4851 1261 4912 appetunt
1284 4852 1337 4900 et
1365 4845 1646 4902 damnatio
1677 4864 1799 4918 qua:
1838 4850 2106 4921 sequitur,

521 4928 810 4986 manifeste
838 4932 1034 4989 stultos
1057 4936 1370 4992 ostendunt.
1412 4937 1535 4993 Filii
1560 4954 1691 4994 vero
1727 4940 1867 4997 lueis
1894 4957 2111 5015 semper

472 5070 475 5071 ,
520 5019 812 5088 prudentes
848 5032 1010 5091 sunt,
1040 5023 1169 5094 quia
1216 5025 1376 5082 bonis
1407 5027 1664 5084 ardenter
1694 5029 1910 5086 inhiant.
1936 5040 1992 5088 et
2020 5034 2107 5088 in-

518 5111 720 5168 hiando
737 5099 980 5186 quaarere
1008 5134 1117 5173 non
1140 5128 1376 5188 cessant,
1395 5137 1518 5190 qua:
1541 5138 1823 5193 nunquam
1846 5122 2101 5180 defutura

494 5214 497 5215 '
517 5216 872 5277 cognoscant.
891 5207 1235 5281 Temporalia
1254 5228 1384 5268 vero
1398 5229 1521 5284 quae
1546 5215 1616 5269 ab
1638 5215 1725 5270 his
1749 5216 2104 5273 intentionem

518 5308 777 5354 revocant
809 5316 904 5356 seu
942 5318 1198 5372 possessa
1230 5320 1327 5360 seu
1354 5321 1462 5360 non
1503 5321 1779 5377 possessa,
1813 5308 1957 5364 sicut
1985 5309 2109 5364 nul-

520 5387 627 5447 lius
655 5401 840 5449 essent
873 5395 1145 5461 utilitatis,
1169 5397 1239 5452 ah
1261 5413 1447 5454 amore
1476 5399 1677 5454 mentis
1700 5402 1998 5472 expellunt.

558 5498 563 5505 ·
589 5482 679 5538 52.
721 5483 968 5551 Qualiter
986 5503 1116 5559 ergo
1141 5488 1208 5544 de
1234 5489 1340 5547 illis
1381 5491 1568 5547 stultis
1587 5491 1655 5547 ad
1688 5491 1787 5547 hos
1812 5492 2107 5563 prudentes

517 5572 572 5628 in
597 5575 884 5646 prudentia
909 5586 1089 5649 potest
1108 5582 1447 5652 comparatio
1471 5581 1610 5649 ﬁeri,
1626 5581 1734 5639 nisi
1758 5581 1896 5639 forte
1919 5599 2104 5654 quem~

518 5665 671 5733 libet,
696 5669 844 5739 quod
867 5669 936 5725 de
958 5669 1198 5727 Vcritate
1228 5690 1335 5729 non
1376 5682 1461 5731 est
1489 5674 1858 5740 sentiendum,
1884 5675 2112 5730 delectet

522 5774 620 5828 pro
649 5763 1369 5822 consuetudinelocutionis
1399 5766 1657 5823 mentiri?
1694 5766 1799 5822 Sed
1840 5765 2109 5824 conceda~

2218 553 2412 597 omnes
2439 539 2552 596 Deo
2575 541 2789 611 placere
2815 543 3098 601 studentes
3124 546 3219 600 ﬁlii
3246 546 3386 603 lucis
3413 549 3739 622 intelliguntur,

2215 647 2344 686 vera
2372 633 2573 702 poterit
2601 634 2692 690 illa
2728 636 3001 691 sententia
3032 637 3314 709 judicari?
3362 637 3518 708 Quis,
3550 642 3739 714 inquam,

2217 737 2416 781 avarus
2432 732 2488 778 et
2510 727 2895 796 temporalium
2927 730 3199 786 bonorum
3231 732 3630 801 providissimus
3646 753 3742 791 ceti-

2215 813 2453 884 quisitor
2484 817 2565 873 sic
2594 817 2697 877 fuit
2719 828 2915 876 cautus
2941 822 3008 877 ad
3049 838 3112 877 ea
3136 823 3563 893 multiplicanda,
3599 837 3648 881 ut
3668 828 3741 883 Pe-

2216 913 2359 973 trus,
2395 905 2602 967 Paulus
2635 923 2690 964 et
2719 910 3008 969 innumera
3038 914 3205 968 millia
3231 924 3529 986 martyrum
3551 918 3621 972 vel
3644 936 3743 974 con-

2217 994 2491 1053 fessorum
2542 1001 2831 1072 utriusque
2875 1019 3075 1072 sexus,
3128 1012 3183 1060 et
3224 1007 3494 1062 universa:
3535 1009 3742 1075 nationis,

2217 1088 2548 1145 conditionis
2577 1100 2632 1146 ct
2672 1094 2850 1150 :etatis
2900 1095 2968 1150 ad
3003 1096 3246 1154 coelestia
3273 1100 3643 1169 promerenda?
3670 1101 3745 1169 Qui

2216 1194 2381 1248 porro
2413 1178 2509 1234 ﬁlii
2535 1182 2721 1238 smculi
2763 1183 2992 1242 insidias
3033 1186 3348 1249 invidorum
3382 1197 3437 1244 et
3465 1191 3745 1247 adversario-

2217 1280 2341 1319 rum
2384 1264 2459 1320 ita
2495 1276 2654 1322 caute
2691 1269 3022 1339 vitaverunt,
3054 1282 3113 1328 ut
3144 1273 3233 1330 isti
3261 1276 3581 1335 tentationes
3603 1297 3749 1337 enines

2219 1355 2507 1425 spirituum
2535 1360 2900 1432 malignorum
2932 1361 3360 1421 frustraverunt.
3390 1365 3470 1422 Illi
3494 1372 3639 1436 cauti,
3666 1374 3747 1426 sri~

2218 1442 2342 1506 licet
2388 1454 2573 1508 sazculi
2624 1454 2789 1525 hujus
2844 1466 3140 1514 sectatores
3178 1461 3439 1530 plurimi,
3487 1478 3615 1534 saepe
3643 1465 3748 1522 ben:

2220 1544 2537 1615 temporalia
2566 1562 2689 1617 qua:
2721 1548 2886 1620 longo
2917 1558 3160 1622 tempore
3185 1552 3302 1610 suis
3340 1555 3564 1610 cautelis
3591 1557 3750 1618 acutis-

2214 1626 2373 1693 lsimis
2407 1651 2853 1713 aggregaverant,
2885 1652 2945 1699 ut
2969 1645 3272 1715 periculum
3300 1648 3496 1704 mortis
3514 1648 3751 1706 imminens

2218 1728 2505 1798 cvitarent,
2533 1731 2908 1802 tradiderunt;
2934 1735 2990 1790 hi
3022 1746 3205 1791 autem
3228 1738 3372 1794 lueis
3401 1739 3495 1794 lilii
3518 1756 3579 1795 ne
3602 1741 3658 1796 de
3681 1742 3750 1796 le

2219 1821 2303 1875 nis
2352 1823 2683 1892 perennibus
2723 1842 2846 1896 qua:
2890 1839 3172 1898 sperantes
3216 1831 3476 1901 petebant
3510 1832 3750 1903 quidquam

2219 1912 2528 1982 perderent,
2560 1931 2619 1971 se
2644 1916 2795 1987 ipsos
2826 1919 3000 1989 ipsius
3035 1922 3231 1978 mortis
3260 1925 3519 1994 periculis
3546 1926 3751 1981 subdide-

2219 2014 2366 2060 runt.
2404 2004 2790 2067 Prudentiorcs
2840 2012 3010 2083 igitur
3036 2013 3145 2071 illis
3176 2014 3424 2084 fuerunt,
3456 2018 3683 2087 quoniam
3715 2029 3753 2075 et

2207 2086 2383 2175 ivitam
2431 2099 2929 2174 ineorruptibilcm,
2957 2116 3012 2162 et
3046 2123 3157 2162 non
3203 2086 3489 2165 defectura
3517 2111 3640 2165 bona
3663 2128 3753 2180 qua:

2218 2191 2548 2260 qumsierant
2597 2197 2882 2254 moriendo
2918 2212 3293 2258 servaverunt.
3347 2201 3431 2257 Illi
3484 2219 3602 2259 vero
3635 2204 3754 2260 bonis

2207 2298 2318 2360 pro
2361 2300 2599 2354 quorum
2633 2288 3087 2360 multiplicatione
3125 2294 3428 2364 prudentes
3456 2296 3753 2366 putabantur,

2217 2390 2318 2445 pro
2341 2376 2466 2432 vitae
2491 2379 2865 2452 redemptione
2891 2384 3128 2453 traditis,
3157 2402 3258 2443 nec
3281 2388 3460 2459 ipsam
3487 2390 3639 2444 vitam
3660 2390 3756 2445 leti-

2219 2481 2348 2522 nerc
2384 2477 2698 2539 potuerunt.

2153 1805 2190 1858 Il

2291 2602 2379 2657 55.
2420 2603 2690 2663 Praeterea
2716 2609 2884 2665 etiam
2928 2611 2977 2667 si
3022 2628 3150 2669 vera
3181 2616 3457 2673 sententia
3499 2626 3646 2683 esset,
3681 2634 3757 2674 nec

2219 2694 2293 2749 ibi
2323 2711 2566 2767 congrue
2592 2711 2907 2769 poneretur,
2931 2719 3031 2759 nec
3051 2705 3257 2775 aliquid
3278 2707 3356 2761 ibi
3386 2707 3635 2764 doctrina
3654 2723 3757 2778 pon-

2217 2786 2322 2841 dus
2352 2786 2596 2845 haberet.
2631 2789 2821 2847 Restat
2843 2808 2973 2865 ergo
2993 2803 3075 2863 ut,
3103 2797 3247 2853 sicut
3272 2813 3614 2868 cmperamus
3634 2814 3758 2869 expo-

2218 2891 2367 2944 nere,
2398 2878 2465 2933 ad
2504 2879 2608 2937 hoc
2632 2883 2810 2952 posita
2837 2884 3070 2951 dicatur,
3098 2895 3159 2942 ut
3178 2898 3234 2942 et
3256 2903 3428 2944 causa
3456 2904 3617 2959 quare
3640 2890 3756 2943 illum

2218 2966 2286 3022 de
2317 2968 2603 3039 prudentia
2646 2972 2949 3029 laudaverit
2979 2975 3238 3034 dominus
3273 2979 3611 3044 ostendatur,
3636 2988 3682 3035 et
3706 2995 3756 3033 ex

2221 3058 2338 3130 ipsa
2360 3064 2676 3120 ostensione
2700 3081 2858 3122 mens
2877 3069 3182 3137 peccatoris
3199 3070 3461 3127 conversi
3479 3069 3546 3126 ad
3568 3070 3757 3141 prudnt-

2144 3147 2187 3207 C
2207 3151 2373 3221 .tiam,
2397 3170 2520 3222 qua:
2538 3156 2752 3212 laudari
2780 3168 3057 3215 mereatur
3076 3176 3108 3215 a
3136 3159 3397 3229 Domino,
3423 3161 3755 3225 succendatur.

2217 3241 2313 3300 Est
2342 3261 2473 3317 ergo
2500 3247 2622 3303 talis
2644 3249 2931 3305 sententia.
2964 3249 3177 3308 Idcirco
3197 3252 3446 3308 villicum
3486 3253 3627 3308 illum
3645 3250 3757 3323 quod

2216 3334 2512 3402 prudenter
2557 3336 2730 3408 egerit
2767 3337 3026 3395 dominus
3068 3340 3161 3396 ille
3207 3341 3488 3411 laudavit;
3543 3341 3757 3415 quoniam

2215 3426 2416 3483 multos
2453 3429 2590 3486 lucis
2629 3430 2769 3487 filios
2798 3447 2922 3487 cum
2970 3436 3159 3490 smculi
3202 3436 3349 3493 ﬁlius
3386 3446 3563 3504 esset,
3591 3438 3638 3491 in
3669 3437 3756 3506 ipsa

2200 3518 2502 3590 prudentia
2524 3522 2820 3595 superavit.
2846 3522 2999 3579 Multi
3024 3542 3263 3598 namque
3291 3527 3438 3585 lueis
3459 3528 3552 3583 lilii
3579 3535 3758 3600 present

2204 3610 2471 3687 inveniri,
2494 3613 2589 3683 qui
2629 3614 2939 3671 debitorum
2972 3617 3189 3673 illorum
3222 3620 3307 3675 vel
3335 3621 3564 3689 nollent,
3589 3620 3660 3675 vel
3683 3636 3755 3673 ne-

2214 3704 2417 3763 scirent
2446 3705 2589 3761 sicut
2614 3706 2704 3763 ille
2733 3708 2993 3766 misertus
3013 3718 3099 3766 est
3127 3712 3399 3768 misereri.
3423 3712 3544 3768 Filii
3564 3726 3756 3782 namque

2213 3796 2399 3852 saeculi
2429 3797 2597 3869 hujus
2623 3799 3004 3869 prudentiores
3029 3802 3158 3858 ﬁliis
3192 3803 3337 3860 lucis
3358 3805 3419 3860 in
3455 3803 3756 3876 generatione

2214 3903 2314 3944 sua
2345 3899 2493 3946 sunt.
2535 3890 2592 3948 Id
2623 3900 2708 3948 est
2744 3901 2874 3949 tunc
2901 3902 3116 3949 tantum
3152 3895 3247 3951 lilii
3273 3897 3464 3952 seaculi
3494 3896 3645 3966 hujus
3666 3896 3756 3948 lau-

2212 3981 2332 4037 dari
2361 3993 2658 4052 merentur,
2695 4000 2820 4043 cum
2866 3986 2993 4043 filiis
3045 3986 3185 4045 lueis
3222 3987 3603 4057 prudentiores
3638 3988 3755 4041 inve-

2212 4075 2439 4130 niuntur
2467 4094 2480 4129 :
2511 4076 2657 4146 quod
2689 4078 3010 4138 natu-raliter
3040 4079 3096 4133 in
3126 4079 3207 4136 eis
3224 4081 3434 4147 evenit,
3457 4082 3757 4151 quotiescun-

2211 4183 2319 4238 que
2348 4177 2694 4240 generantur.
2734 4168 2899 4227 Lucis
2940 4171 3126 4242 itaque
3163 4171 3262 4226 Iilii
3291 4172 3619 4245 intelligendi
3641 4178 3755 4231 sum.

2212 4261 2304 4330 qui
2331 4276 2430 4333 per
2449 4270 2619 4317 totam
2652 4262 2821 4317 vitam
2845 4279 3003 4319 suam
3025 4263 3259 4320 crimina
3289 4263 3611 4330 devitantes,
3637 4270 3686 4316 nt
3705 4259 3755 4314 ad

2211 4354 2381 4409 vitam
2401 4364 2662 4410 aeternam
2684 4356 3031 4425 perveniant,
3071 4355 3196 4411 ﬁdei
3226 4356 3572 4412 concorditer
3588 4355 3754 4408 vivunt.

2212 4442 2337 4499 Filii
2370 4460 2500 4500 vero
2528 4445 2714 4500 saeculi
2762 4444 3047 4512 dicuntur,
3074 4445 3187 4515 qui
3235 4446 3520 4501 mundana
3551 4446 3682 4499 lucra
3716 4450 3756 4494 et

2213 4537 2456 4593 carnalia
2503 4537 2777 4594 desideria
2822 4552 2919 4610 per
2969 4536 3054 4594 fas
3116 4546 3172 4593 et
3211 4536 3368 4594 nefas
3419 4537 3652 4593 obtinere
3695 4533 3756 4586 ni-

2217 4634 2426 4683 tuntur.

2285 4764 2375 4817 54.
2414 4760 2479 4816 Hi
2511 4762 2640 4817 dum
2678 4770 3070 4833 scquunturea
3106 4761 3162 4816 in
3189 4760 3545 4831 corruptione
3582 4764 3691 4813 sunt
3716 4761 3755 4805 ct

2215 4855 2445 4910 tendunt
2473 4855 2527 4911 in
2559 4870 2667 4911 non
2698 4869 2848 4922 esse;
2880 4870 3005 4910 eum
3040 4869 3171 4909 vero
3193 4853 3394 4924 quovis
3418 4851 3577 4906 modo
3596 4844 3754 4921 perdi-

2194 4926 2396 5000 ~vinam
2445 4945 2675 5017 gratiam
2713 4961 2870 5000 suam
2918 4944 3326 4999 damnationem
3374 4941 3754 5012 cognoscente!

2212 5037 2508 5109 poeniteat,
2540 5037 2698 5108 quasi
2743 5046 3075 5108 generantur
3116 5045 3172 5092 et
3200 5034 3506 5108 procedunt
3542 5032 3606 5088 ad
3643 5041 3753 5085 esse.

2216 5130 2507 5186 Gcneratio‘
2536 5144 2776 5199 namque
2820 5138 2876 5184 et
2913 5129 3192 5199 corruptio
3229 5127 3500 5184 contrarii
3525 5133 3685 5181 motus
3714 5127 3754 5174 et

2189 5227 2345 5279 'snnt
2382 5230 2437 5277 et
2483 5222 2781 5278 dicuntur:
2817 5222 2963 5277 unde
3007 5220 3383 5276 necessarium
3430 5227 3515 5274 est
3551 5225 3623 5280 ut,
3648 5213 3755 5269 sicut

2186 5306 2517 5370 'carnalium
2572 5321 2850 5368 amatores
2891 5313 3023 5368 dum
3069 5311 3150 5366 eis
3199 5310 3467 5365 insistunt
3517 5308 3571 5362 in
3607 5318 3756 5360 corru-

2182 5396 2188 5401 ’
2216 5405 2400 5477 ptione
2416 5421 2517 5460 sua
2539 5413 2687 5472 sunt,
2700 5414 2754 5460 et
2781 5404 2836 5458 in
2857 5403 3096 5459 miseria:
3116 5400 3394 5493 defectum
3415 5398 3753 5493 devolvuntur.

2216 5495 2313 5562 ita,
2345 5510 2469 5550 cum
2493 5493 2686 5550 eadem
2718 5492 2962 5549 carnalia
3010 5490 3280 5562 incipiunt
3305 5488 3482 5556 odire,
3519 5499 3570 5543 et
3608 5485 3668 5541 ab
3696 5485 3756 5535 eis

2189 5586 2483 5651 recedere,
2508 5593 2563 5641 et
2594 5584 2914 5657 pmnitendo
2937 5583 3004 5638 ad
3029 5582 3345 5638 Creatorem
3388 5579 3588 5643 redire,
3616 5576 3662 5630 in
3687 5584 3752 5642 μ’

2216 5678 2500 5734 neratione
2533 5694 2635 5734 sua
2658 5675 2800 5745 sint,
2830 5684 2885 5732 ct
2912 5675 2978 5731 ad
3010 5672 3362 5730 beatitudinis
3392 5675 3666 5742 augmenta
3689 5675 3751 5717 η·

2216 5772 2498 5820 vocentur.
