3946 6306
219 328 354 385 1H9

1275 315 1512 375 IIOMIL.
1558 315 1644 372 DE
1690 314 1960 373 VlLLlCO
1998 312 2440 384 INIQUITATIS.

3354 317 3492 380 H30

281 440 373 495 35.
426 437 485 492 lu
532 446 634 494 hac
660 453 792 510 ergo
832 439 1178 510 generatione
1222 449 1323 490 sua
1371 435 1670 491 existentes
1708 433 1800 487 filii
1835 441 1875 495 Α
1908 433 2123 488 instruo
2146 432 2200 486 in
2227 428 2859 487 Mexbortatione:
2892 426 3082 486 Facile
3108 431 3251 487 vobis
3293 434 3492 487 amicos

207 530 396 589 saeculi
440 530 608 601 hujus
643 530 1023 602 prudentiores
1059 528 1188 585 filiis
1217 528 1359 586 lucis
1404 535 1554 594 sunt,
1589 542 1718 582 nam
1758 525 1802 582 si

200 620 596 694 prudentiores
618 636 727 675 non
761 628 911 687 sunt,
948 621 1191 675 nondum
1223 618 1279 674 in
1323 617 1676 691 generatione
1704 602 1804 672 sua

198 717 347 765 sunt.
376 706 520 762 Cum
543 723 674 779 ergo
705 707 760 762 in
795 708 1145 781 generatione
1172 724 1271 764 sua
1303 717 1452 775 sunt,
1483 705 1805 778 prudentio-

198 816 287 856 res
338 810 504 866 aunt;
535 800 797 870 quoniam
854 800 962 856 illis
988 800 1057 859 de
1101 817 1215 858 suae
1244 801 1367 856 vita:
1394 797 1659 855 munditia
1688 797 1805 868 jam

178 892 441 960 ’sezuris,
468 899 525 946 et
551 891 673 947 ideo
701 891 1052 947 mediocriter
1080 893 1390 964 agentibus,
1429 891 1520 948 isti
1567 906 1598 945 a
1629 888 1807 945 sordi-

193 985 301 1041 bus
326 1000 475 1055 quas
514 985 657 1039 male
702 985 936 1040 vivendo
964 1001 995 1040 a
1024 994 1181 1058 patre
1215 985 1422 1040 mundo
1461 993 1802 1049 contraxere,

190 1092 253 1131 se
277 1076 560 1132 mundare
598 1077 870 1146 laborant,
914 1087 969 1133 et
993 1079 1137 1134 bona
1168 1094 1291 1149 qua:
1330 1077 1682 1147 perdiderant
1719 1089 1805 1130 re-

191 1183 475 1239 cuperare
502 1169 683 1223 modis
713 1169 970 1224 omnibus
999 1168 1201 1240 quibus
1229 1176 1482 1239 possunt.
1524 1165 1594 1221 Et
1618 1166 1805 1235 utique

188 1260 528 1332 prudentior
552 1270 656 1328 est,
687 1261 780 1331 qui
810 1270 865 1317 et
894 1261 1154 1316 damnum
1185 1260 1477 1315 imminens
1509 1257 1806 1329 prudenter

185 1353 383 1420 evitat,
439 1362 497 1408 et
532 1354 817 1423 prannium
854 1354 1002 1425 quod
1043 1354 1294 1425 plariLus
1327 1352 1668 1423 [impositum
1695 1358 1800 1416 cst,

186 1445 386 1504 eodem
414 1456 546 1503 actu
572 1445 787 1503 fortiter
817 1448 1083 1519 acquirit,
1119 1448 1232 1514 illo,
1273 1446 1369 1517 qui
1408 1445 1634 1518 praemio
1668 1461 1802 1500 con-

186 1538 485 1609 sequendo
510 1540 863 1611 singulariter
887 1540 1151 1607 intentus,
1170 1538 1388 1595 tandem
1415 1537 1803 1609 quoquomodo

186 1631 633 1702 comprehendit.
675 1631 980 1689 Prudentes
1024 1640 1153 1688 sunt
1198 1631 1294 1686 lilii
1337 1630 1497 1696 lueis,
1542 1628 1802 1700 quoniam

186 1725 530 1781 munditiam
560 1741 717 1781 suam
741 1725 1136 1793 custodientes,
1164 1724 1231 1780 ad
1263 1724 1427 1780 finem
1446 1721 1801 1779 beatitudinis

1909 526 1973 579 de
1999 541 2297 579 mammona
2320 523 2643 594 iniquitatis.
2672 520 2915 591 Iloeest,
2942 539 3255 579 mammona
3288 523 3492 595 iniqui-

1909 618 2037 673 tatis
2068 633 2099 672 a
2125 616 2280 672 vobis
2302 624 2600 681 removete,
2634 624 2688 669 et
2728 614 2851 669 aliis
2880 614 3081 685 quibus
3119 614 3191 670 sit
3238 630 3494 671 necessa-

1908 710 2051 765 rium
2080 717 2321 781 erogate,
2359 707 2547 778 sicque
2594 706 2718 761 illos
2745 706 2901 762 vobis
2931 706 3161 773 amicos,
3191 705 3242 760 id
3283 713 3367 761 est
3405 705 3495 759 ad-

1907 802 2114 872 jutores
2155 808 2478 871 praeparate,
2510 806 2569 852 ut
2589 813 2716 853 cum
2760 796 3068 852 defeceritis
3098 795 3364 866 recipiant
3395 810 3495 851 vos

1908 894 1961 948 in
1991 902 2192 949 aeterna
2241 890 2615 956 tabernacula,
2669 889 2721 943 ill
2764 898 2850 945 est
2889 904 3015 943 cum
3063 896 3241 943 vestra
3281 887 3491 957 justitia

1896 978 2014 1043 non
2052 985 2215 1055 fuerit
2260 985 2477 1039 inventa
2530 982 2804 1039 suiliciens
2848 980 2917 1036 ad
2952 989 3190 1036 vestram
3238 980 3496 1039 salvatio-

1906 1092 2053 1144 nem,
2086 1077 2139 1131 in
2178 1084 2505 1132 aeternorum
2537 1086 2717 1128 ttmtu
2750 1072 3228 1127 tabernaculorum
3256 1070 3389 1140 ipsis
3412 1070 3496 1123 in-

1905 1166 2310 1225 tercedentibus
2341 1163 2679 1234 rccipiamini
2705 1162 3066 1218 mansionem.

1976 1261 2065 1315 57.
2110 1259 2215 1314 Sed
2242 1273 2311 1312 ne
2329 1257 2528 1312 erretis
2567 1256 2621 1310 in
2644 1269 2710 1310 eo
2740 1254 2886 1324 quod
2928 1243 3153 1309 dicitde
3181 1264 3495 1307 mammona

1904 1351 2210 1422 iniquitatis
2258 1347 2500 1420 putando
2543 1346 2832 1416 pecuniam
2886 1360 2981 1414 per
3020 1342 3173 1399 nefas
3218 1342 3497 1412 quodlibet

1904 1441 2232 1513 acquisitam
2279 1439 2362 1494 sic
2403 1437 2698 1503 nominari,
2724 1436 2910 1491 sciatis
2943 1435 3010 1490 de
3042 1450 3107 1489 ea
3136 1449 3259 1505 quae
3278 1448 3374 1503 per
3403 1448 3497 1487 ne-

1907 1535 1990 1591 fas
2010 1533 2316 1605 acquiritur
2344 1534 2553 1599 amicos
2582 1527 2897 1599 hujusmodi
2925 1542 3034 1583 non
3071 1541 3234 1597 posse
3272 1540 3495 1594 compa-

1904 1626 2015 1682 rari
2050 1645 2063 1681 :
2094 1625 2360 1695 scriptum
2405 1631 2492 1678 est
2519 1622 2665 1677 enim
2708 1620 2838 1691 quia
2886 1619 2954 1674 de
3009 1618 3201 1688 rapina
3254 1617 3495 1672 elcemo-

1905 1736 2096 1793 synam
2124 1718 2306 1793 facere
2337 1717 2418 1772 sic
2446 1715 2555 1770 Deo
2585 1722 2799 1785 gratum
2820 1719 2926 1780 est,
2970 1721 3029 1767 ut
3057 1710 3199 1781 patri
3228 1709 3272 1765 si
3311 1708 3493 1763 carui-

172 1819 464 1886 .teudunt;
519 1828 704 1875 tamen
756 1835 788 1875 a
849 1820 1101 1890 pluribus
1151 1819 1393 1875 carnalia
1440 1817 1684 1874 subsidia
1706 1832 1798 1872 ca-
1831 1797 1870 1855 Β
1901 1792 2058 1870 licem
2079 1792 2263 1867 videat
2292 1824 2480 1865 coram
2505 1824 2564 1861 se
2594 1806 2766 1860 filium
2794 1804 3051 1877 jugulare
3082 1801 3277 1875 (Eccti.
3304 1816 3491 1865 xxxiv,

186 1914 430 1985 pientes,
472 1913 617 1968 bona
640 1928 738 1984 per
771 1918 895 1984 quae
924 1913 1124 1968 debent
1155 1911 1300 1967 beati
1326 1911 1443 1966 fieri
1487 1911 1798 1981 partiuntur

186 2013 243 2061 et
270 2004 440 2076 quasi
472 2005 736 2061 vendunt.
764 2003 1159 2079 Prudentiores
1184 2012 1366 2057 autem
1393 2010 1522 2058 sunt
1560 2001 1655 2056 filii
1696 2015 1798 2056 sae-

187 2097 300 2154 culi
327 2096 507 2168 hujus
536 2097 592 2152 in
635 2095 989 2168 generatione
1028 2111 1152 2164 sua,
1181 2094 1311 2167 quia
1348 2102 1404 2150 et
1440 2109 1501 2149 se
1531 2099 1796 2165 quantum

186 2198 429 2260 possu..t
474 2189 796 2256 emundant,
847 2197 903 2244 et
954 2204 986 2244 a
1043 2188 1205 2253 bonis
1232 2188 1434 2259 quibus
1482 2185 1632 2241 beari
1680 2200 1797 2240 me-

186 2291 421 2338 rcantur
450 2298 562 2338 non
594 2293 832 2351 cessant,
867 2299 967 2339 nec
988 2284 1289 2355 quidquam
1320 2282 1390 2337 ab
1436 2280 1559 2337 aliis
1604 2294 1799 2350 capere

186 2383 483 2443 curantes,
514 2391 637 2446 quae
684 2376 968 2447 possident
996 2376 1352 2452 pauperibus,
1409 2383 1465 2431 ct
1517 2374 1796 2440 omnibus,

186 2480 329 2535 quos
356 2465 509 2523 lueis
561 2466 703 2523 filios
760 2467 1099 2523 arbitrantur
1151 2467 1387 2523 libenter
1439 2466 1796 2537 impendunt:

189 2559 356 2628 unde,
392 2560 443 2616 si
469 2560 684 2618 beatius
728 2570 815 2617 est
858 2560 991 2617 dare
1035 2576 1201 2631 quam
1236 2561 1513 2632 accipere,
1557 2560 1630 2613 illi
1668 2576 1801 2630 pru-

186 2653 481 2712 dentiores
518 2654 647 2712 sunt
691 2654 927 2723 dicendi,
953 2655 1082 2728 quia
1124 2655 1446 2726 prudentius
1485 2670 1608 2710 esse
1652 2653 1800 2724 quod

189 2741 409 2800 beatius
435 2753 526 2800 est
552 2759 736 2816 agere,
765 2759 928 2798 nemo
958 2760 1128 2799 sanus
1153 2744 1504 2800 cunctabitur
1528 2742 1796 2800 confiteri.

172 2832 590 2893 ‘l‘rudentiores
635 2847 765 2893 sunt
810 2834 908 2895 filii
948 2836 1110 2906 lueis,
1138 2837 1399 2907 quoniam
1450 2845 1506 2892 et
1556 2837 1693 2892 bene
1715 2836 1799 2891 vi-

192 2937 330 2983 vunt
356 2937 416 2984 et
447 2945 550 3000 pro
573 2929 697 2985 aliis
745 2928 1063 3000 frequenter
1093 2929 1162 2983 ad
1201 2928 1497 2984 Dominum
1538 2928 1679 2984 (lunt
1716 2930 1799 2984 in-

190 3029 567 3089 tercessores;
592 3020 687 3076 sed
708 3021 1094 3092 prudentiores
1124 3029 1258 3075 sunt
1294 3020 1393 3074 filii
1424 3020 1610 3076 szeculi
1636 3020 1799 3091 hujus

190 3111 245 3166 in
274 3112 638 3184 generatione
658 3128 783 3180 sua,
807 3113 1068 3185 quoniam
1098 3121 1159 3167 ut
1177 3127 1288 3167 non
1310 3111 1647 3168 frustrentur
1667 3111 1791 3166 bea-

190 3205 431 3262 titudine
494 3221 662 3277 quam
721 3205 1077 3273 desiderant,
1137 3205 1341 3263 multos
1404 3204 1605 3259 habere
1660 3218 1806 3273 quae-

173 3305 324 3352 runt
359 3297 677 3369 adjutores;
739 3298 809 3353 ad
872 3314 1061 3369 quam,
1105 3306 1167 3353 ut
1223 3312 1417 3357 secure
1470 3295 1648 3352 valeat
1679 3295 1804 3366 quis

188 3390 515 3461 pervenire,
556 3391 730 3448 tutius
773 3399 858 3447 cst
882 3407 913 3446 a
939 3390 1191 3462 pluribus
1216 3389 1463 3462 adjuvari
1487 3404 1657 3459 quam
1708 3388 1803 3459 ju-

188 3498 342 3538 vare.
1382 3532 1387 3539 ,

261 3575 357 3632 56.
403 3575 480 3633 Ut
532 3585 716 3633 autem
765 3576 860 3631 filii
912 3576 1099 3633 saeculi
1146 3575 1313 3646 hujus
1353 3574 1409 3629 in
1455 3573 1805 3645 generatione

195 3683 297 3724 sua
347 3669 523 3740 positi
564 3669 670 3725 hoc
706 3669 1043 3740 adjutorium
1091 3685 1124 3724 a
1169 3667 1420 3739 pluribus
1455 3666 1670 3721 valeant
1703 3665 1803 3720 ha-

189 3854 391 3909 tudine
421 3853 492 3909 de
522 3852 765 3909 crastino
799 3852 1062 3919 revocati,
1112 3850 1334 3907 student
1378 3848 1583 3920 quibus
1617 3861 1804 3907 neces-

188 3944 415 4001 sarium
440 3950 499 3998 et
526 3942 754 4016 dignum
800 3953 923 3999 esse
952 3942 1185 3997 credunt
1212 3955 1461 4011 erogare.
1493 3938 1608 3995 Nec
1624 3937 1803 3995 solum

188 4038 320 4095 aliis
344 4037 484 4093 ﬂius
513 4035 656 4092 lucis
677 4035 1065 4107 prudentiores
1086 4040 1236 4101 sunt,
1266 4033 1362 4089 sed
1401 4031 1566 4088 etiam
1594 4030 1806 4102 seipsos

186 4130 512 4186 lueiticatos
540 4129 595 4183 in
622 4128 974 4200 generatione
1010 4141 1132 4194 sua,
1163 4127 1232 4182 de
1258 4125 1347 4182 die
1396 4124 1455 4180 in
1495 4124 1640 4180 diem
1688 4138 1806 4178 ma-

186 4223 277 4293 gis
308 4232 368 4279 et
394 4221 572 4294 magis
599 4221 656 4277 in
691 4220 889 4277 virtute
929 4219 1232 4277 crescendo
1256 4216 1674 4274 transcendunt.
1720 4214 1805 4271 ld-

187 4312 376 4380 cireo,
412 4320 474 4366 ut
514 4311 582 4367 ad
614 4312 811 4367 herum
839 4311 1195 4367 excellentem
1242 4306 1590 4380 prudentiam
1619 4306 1807 4361 horta-

185 4412 354 4459 retur
391 4402 663 4459 Dominus
689 4419 841 4471 suos,
869 4418 981 4458 non
1001 4410 1290 4459 contentus
1325 4398 1574 4470 exemplo
1598 4413 1804 4470 propo-

1897 1906 2012 1977 24).
2055 1903 2163 1960 Sed
2210 1916 2525 1958 mammona
2579 1897 2885 1968 iniquitatis
2931 1895 3160 1967 pecunia
3209 1893 3370 1950 etiam
3399 1908 3496 1962 per

1900 1995 1983 2051 fas
2007 1992 2277 2064 acquisita
2323 1989 2662 2055 nominatur,
2688 1985 2952 2057 quoniam
2992 1985 3123 2040 dum
3165 1983 3216 2039 ei
3265 1996 3495 2053 congre-

1899 2085 2091 2156 gandte
2129 2081 2423 2148 insistitur,
2470 2076 2782 2135 necessario
2811 2090 2968 2130 mens
3019 2074 3088 2128 ab
3134 2072 3497 2143 inspiratione

1899 2174 2202 2242 Creatoris,
2232 2183 2286 2229 et
2332 2172 2401 2227 ab
2425 2170 2546 2241 ejus
2584 2167 2829 2235 servitio,
2870 2164 2961 2221 cui
2990 2179 3203 2233 semper
3228 2163 3496 2218 inhaerere

1899 2271 2079 2338 debet,
2126 2276 2437 2325 revocatur.
2468 2264 2606 2332 Quis
2657 2271 2840 2318 autem
2903 2275 3073 2317 sanus
3128 2255 3348 2329 negabit
3390 2254 3497 2309 ini-

1899 2380 2069 2436 quum
2094 2378 2217 2419 esse
2247 2376 2346 2433 pro
2378 2357 2718 2432 quantolibet
2751 2352 3042 2411 commodo
3066 2366 3097 2405 a
3129 2349 3388 2404 Creatore
3407 2345 3494 2401 vel

1900 2458 1969 2513 ad
2003 2463 2343 2512 momentum
2369 2449 2685 2509 discedere?
2706 2447 2834 2503 Ideo
2868 2459 3086 2516 aequum
3125 2452 3178 2496 et
3205 2438 3423 2497 salubre
3443 2446 3497 2491 et

1901 2557 2048 2606 certa
2096 2546 2360 2618 temporis
2406 2540 2705 2612 redemptio
2736 2546 2822 2596 est
2856 2552 2956 2608 pro
2998 2531 3279 2591 Creatoris
3313 2543 3500 2585 amore

1901 2642 2028 2698 filiis
2053 2642 2194 2698 lucis
2226 2637 2558 2710 pauperibus
2605 2647 2838 2704 erogare
2870 2627 3136 2701 quidquid
3175 2641 3278 2681 nos
3321 2622 3500 2695 potuit

1900 2735 1985 2791 vel
2019 2733 2089 2789 ad
2126 2732 2318 2787 horam
2371 2729 2440 2783 ab
2491 2727 2611 2797 ejus
2656 2732 2878 2794 aspectu
2913 2731 2969 2776 et
3019 2716 3291 2775 desiderio
3338 2731 3499 2785 sepa—

1902 2842 2045 2882 rare.
2074 2825 2142 2881 Et
2189 2832 2336 2880 certe
2385 2821 2529 2875 ratio
2575 2816 2823 2890 justitia,
2874 2815 3001 2869 licet
3030 2827 3126 2883 per
3161 2807 3498 2864 contrarium

1901 2917 2212 2989 expostulat
2242 2923 2301 2969 ut
2350 2927 2450 2982 pro
2475 2908 2570 2965 Dei
2609 2906 2900 2964 dilectione
2929 2906 3314 2960 contemnatur
3338 2909 3504 2951 omne

1903 2983 2003 3080 pro
2032 3022 2143 3079 quo
2171 3006 2257 3062 vel
2308 3001 2378 3059 ad
2421 3001 2612 3055 horam
2668 2996 2921 3068 posuisse
2955 2992 3108 3048 illum
3169 2983 3503 3043 conscientia

1906 3097 2215 3172 peccatoris
2247 3093 2590 3151 recordatur.
3446 3140 3454 3146 ε

1979 3193 2068 3247 58.
2110 3189 2317 3246 Idcirco
2338 3186 2517 3243 bonus
2555 3180 2798 3236 Medicus
2836 3176 3017 3234 sciens
3054 3171 3381 3228 medicinam
3415 3168 3502 3222 in-

1907 3283 2153 3341 firmitati
2202 3278 2536 3338 contrariam
2588 3271 2863 3329 eflicacem
2914 3263 3238 3327 curationis,
3298 3260 3438 3315 dixit
3487 3277 3500 3313 :

1908 3375 2109 3437 Facite
2149 3371 2290 3427 vobis
2343 3370 2544 3424 amicos
2587 3364 2652 3420 de
2694 3376 2999 3417 mammona
3045 3353 3367 3427 iniquitatis.
3396 3349 3504 3405 Sed

1880 3468 2083 3541 .quos?
2111 3464 2311 3536 Utique
2358 3461 2498 3518 lucis
2539 3459 2683 3515 filios
2727 3456 2995 3520 maxime;
3030 3449 3127 3506 sed
3162 3447 3283 3504 ideo
3331 3442 3509 3500 noluit

1905 3535 2295 3624 determinare,
2340 3555 2468 3627 quia
2521 3552 2640 3608 vult
2686 3564 2855 3616 suos,
2913 3542 3214 3601 secundum
3271 3535 3504 3609 apostoli

1905 3654 2060 3710 Pauli
2072 3651 2377 3709 doctrinam
2387 3645 2665 3716 ,omnibus
2677 3641 2932 3711 maximae
2943 3634 3257 3693 domesticis
3270 3631 3391 3687 tidei
3405 3644 3504 3686 sua

188 3720 668 3834 Ικὶιτξῖίξι]ὦ-ίιιῖίξι⁷
1065 3720 1806 3832 ρδδξὶιίέηίῑιιυιιειεουξίί-
1878 3760 1884 3805 ῗ
1903 3749 2049 3806 bona
2091 3735 2669 3834 communicare-(Gal.
2698 3731 2928 3834 “210)..
2964 3729 3153 3834 Potest
3192 3732 3374 3779 autem
3415 3720 3503 3774 in-

1904 3836 2073 3909 telligi
2098 3849 2196 3907 per
2226 3832 2437 3888 amicos
2465 3828 2556 3884 hic
2586 3826 2736 3897 ipsos
2777 3822 2993 3876 fructus
3033 3818 3506 3896 cleemosynarum

1906 3904 2236 4003 signiﬁcari;
2291 3922 2387 3995 qui
2430 3920 2621 3990 utique
2648 3915 2781 3989 suis
2828 3910 3309 3968 factoribustune
3355 3904 3508 3958 inve-

1904 3999 2127 4080 nientur
2148 4018 2333 4085 amici,
2366 4014 2495 4087 quia
2522 4027 2620 4084 pro
2653 4008 2788 4080 ipsis
2829 4006 2897 4061 ad
2948 4003 3122 4058 Deum
3158 3999 3417 4063 orabunt,
3446 4001 3508 4049 ut

1904 4117 1975 4174 ab
2004 4113 2245 4171 externis
2290 4086 2669 4166 mansionibus
2705 4115 2813 4157 non
2842 4097 3078 4169 patiatur
3105 4109 3202 4151 eos
3241 4086 3505 4159 separari.

1906 4207 2022 4264 Hoc
2052 4204 2213 4263 nobis
2241 4201 2424 4257 innuit
2464 4197 2597 4253 illud
2642 4192 2883 4266 Spiritus
2923 4187 3099 4245 sancti
3125 4187 3455 4255 praeceptum
3490 4193 3503 4229 :

1905 4302 2047 4358 Date
2088 4299 2494 4367 eteamosyuam,
2517 4298 2572 4347 et
2590 4289 2710 4360 ipsa
2734 4292 2857 4341 orat
2884 4296 2984 4352 pro
3008 4277 3165 4334 vobis
3209 4273 3279 4330 ad
3319 4270 3505 4367 Domi-

1906 4409 2041 4450 num
2072 4390 2229 4463 (Luc.
2255 4363 2332 4455 vi,
2372 4387 2487 4458 4i).
2532 4381 2625 4439 lsti
2660 4377 2824 4436 amici
2867 4389 2996 4432 vere
3046 4385 3179 4428 suos
3218 4366 3426 4424 amicos
3453 4363 3507 4417 in

188 4498 329 4565 sito,
357 4496 606 4553 subdidit
637 4513 737 4554 sua
783 4454 1053 4568 praecepta
1080 4494 1267 4550 dicens
1300 4512 1313 4549 :
1339 4491 1410 4547 Et
1446 4454 1538 4563 eqo
1563 4454 1682 4544 dico
1702 4454 1802 4544 vo-
1836 4506 1883 4562 ι)
1904 4454 2110 4541 aeterna
2155 4454 2507 4536 tabernacula
2553 4487 2681 4529 cum
2706 4465 3004 4568 defecerint
3022 4460 3309 4568 lrecipi‘ent
3329 4498 3350 4560 ι,
3378 4454 3509 4568 quiia

186 4593 275 4647 bis
310 4609 332 4647 :
370 4591 567 4648 Facite
591 4591 733 4648 vobis
757 4592 957 4647 amicos
984 4590 1050 4644 de
1075 4604 1377 4646 mammona
1403 4585 1727 4658 iniquitatis,
1751 4592 1809 4640 et

188 4694 429 4741 cetera.
498 4683 639 4740 Cum
679 4684 829 4740 enim
870 4683 979 4738 hoc
1025 4681 1300 4753 apposuit,
1346 4688 1403 4736 et
1457 4677 1805 4750 prudentiam

186 4778 449 4833 filiorum
491 4775 679 4832 steculi
725 4774 893 4846 hujus
920 4788 1086 4844 quam
1129 4772 1334 4827 habent
1359 4771 1416 4826 in
1458 4767 1809 4841 generatione

186 4886 298 4927 sua
344 4884 452 4924 nos
480 4866 891 4938 imitarijussit,
921 4874 976 4921 et
1001 4863 1235 4920 formam
1266 4863 1387 4935 ejus
1434 4877 1504 4917 ne
1538 4860 1653 4916 falli
1682 4875 1811 4930 pos-

187 4978 422 5029 semus,
455 4960 509 5016 in
532 4976 597 5016 ea
623 4960 909 5030 piissimus
933 4965 1236 5029 praeceptor
1272 4962 1522 5026 patenter
1547 4938 1808 5009 ostendit.

186 5054 365 5123 Quod
391 5053 538 5109 enim
583 5052 720 5108 dixit
757 5066 771 5104 :
814 5049 885 5104 Et
911 5066 1006 5122 ego
1044 5049 1165 5103 dico
1213 5045 1354 5101 vobis
1387 5062 1405 5101 :
1448 5044 1637 5099 Facite
1668 5043 1811 5098 vobis

185 5149 413 5203 amicos
454 5148 524 5202 de
573 5162 879 5202 mammona
925 5143 1262 5215 iniquitatis,
1306 5148 1363 5196 et
1411 5148 1630 5207 cetera,
1679 5138 1814 5209 quid

186 5239 358 5295 aliud
393 5238 628 5304 videtur,
671 5236 721 5293 si
752 5235 1155 5291 rationabiliter
1182 5232 1496 5297 discutitur,
1550 5245 1716 5302 quam
1766 5230 1814 5286 si

187 5332 490 5405 posuisset
548 5333 667 5388 haec
735 5330 901 5385 verba
958 5327 1256 5385 lectoribus
1318 5324 1657 5397 cognitiora?
1702 5323 1817 5380 Hoc

188 5425 497 5495 exemplar
516 5424 663 5496 quod
700 5422 770 5479 de
819 5421 1000 5479 villico
1020 5431 1077 5477 ct
1120 5420 1188 5476 de
1229 5417 1519 5491 prudentia
1564 5417 1805 5489 filiorum

190 5515 403 5571 smculi
456 5515 624 5586 hujus
662 5512 946 5585 proposui,
992 5513 1059 5567 ad
1119 5511 1224 5567 hoc
1270 5509 1428 5566 vobis
1470 5508 1811 5579 propositum

189 5617 309 5675 est,
342 5616 408 5664 ut
428 5609 691 5665 studeatis
718 5607 962 5674 imitari;
1011 5614 1067 5662 et
1108 5614 1171 5661 ut
1213 5621 1321 5662 non
1351 5602 1471 5660 sitis
1497 5602 1735 5669 desides,
1759 5610 1815 5658 et

190 5701 370 5761 omni
419 5704 655 5759 carentis
701 5701 1081 5767 excusatione,
1125 5700 1244 5753 dico
1290 5696 1455 5764 vobis,
1508 5695 1562 5751 id
1603 5702 1689 5751 est
1742 5693 1811 5749 ad

194 5795 542 5852 imitandum
590 5812 691 5851 vos
756 5794 948 5850 hortor
1003 5808 1130 5873 inea
1157 5784 1541 5862 praeeeptiOne,
1580 5797 1637 5845 et
1676 5787 1808 5859 quid

196 5885 468 5945 faciendo
499 5884 845 5959 prudentiam
894 5884 1095 5941 horum
1149 5880 1409 5954 consequi
1461 5879 1687 5952 possitis
1714 5894 1810 5935 vos

1911 4593 2037 4636 cum
2075 4575 2147 4632 ob
2172 4567 2534 4644 praecedentia
2581 4569 2807 4644 peccata
2840 4559 2967 4631 jure
3003 4549 3344 4611 damnationi
3374 4545 3508 4644 sub-

1909 4669 2073 4728 dendi
2098 4667 2230 4733 sint,
2261 4678 2453 4733 eorum
2500 4640 2854 4715 excusatores
2889 4660 2944 4706 et
2993 4662 3160 4704 causa
3193 4639 3511 4721 salvationis

1912 4763 2062 4820 fient.
2105 4760 2164 4815 in
2196 4732 2401 4813 aeterna
2420 4753 2568 4809 enim
2600 4744 2954 4804 tabernacula
2983 4741 3244 4797 dicuntur
3266 4734 3390 4788 illos
3422 4746 3510 4784 re-

1914 4853 2146 4927 cepturi,
2180 4828 2310 4922 quia
2349 4861 2517 4904 causa
2556 4849 2687 4900 sunt
2723 4852 2895 4910 quare
2938 4835 3152 4891 beatam
3189 4828 3301 4884 sint
3338 4823 3509 4878 vitam

1908 4918 2257 5020 possessum;
2309 4955 2434 5013 qua:
2474 4937 2572 5008 per
2606 4928 2962 4990 tabernacula
3007 4925 3129 4980 ideo
3169 4918 3509 5020 designatur,

1909 5009 2039 5114 quia
2080 5047 2136 5094 ct
2172 5009 2374 5092 multas
2419 5030 2583 5086 habet
2619 5023 2957 5086 mansiones,
2994 5026 3048 5072 et
3092 5009 3345 5114 quisquis
3385 5021 3509 5110 eam

1909 5099 2233 5205 ingreditur,
2259 5126 2407 5182 velut
2435 5122 2638 5178 milites
2661 5120 2716 5174 in
2740 5108 3107 5173 tabernaculis
3132 5122 3162 5160 a
3188 5104 3373 5158 labore
3400 5099 3491 5154 nti-

1910 5195 2044 5283 litite
2068 5223 2302 5288 diurnae,
2341 5219 2412 5274 ab
2437 5216 2589 5273 omni
2646 5214 2835 5269 labore
2865 5201 3182 5275 temporalis
3219 5198 3345 5253 vita:
3390 5195 3511 5251 sine

1909 5323 2019 5377 line
2040 5316 2413 5388 refrigeratur.
2455 5310 2633 5379 Quam
2660 5322 2761 5362 nos
2798 5298 3135 5362 introdueat,
3160 5302 3214 5349 et
3236 5308 3269 5347 a
3287 5290 3510 5346 misera-

1880 5466 1883 5467 ν
1913 5414 2009 5472 bili
2031 5412 2218 5469 labore
2239 5408 2405 5480 hujus
2436 5406 2539 5461 via:
2568 5400 2850 5471 refrigeret
2885 5392 2981 5464 qui
3010 5391 3127 5446 htre
3148 5401 3279 5460 quae
3309 5392 3511 5480 utcunn

1915 5522 2024 5579 que
2064 5474 2423 5561 tractavimus
2463 5496 2670 5558 docuit,
2697 5500 2751 5547 et
2776 5488 2845 5544 ad
2868 5481 3194 5553 imitandum
3227 5474 3513 5548 proposuit

1913 5572 2073 5658 iesus
2119 5597 2375 5654 Christus
2430 5589 2697 5645 Dominus
2718 5590 2924 5648 noster,
2957 5577 3045 5636 cui
3077 5591 3187 5631 non
3213 5572 3391 5629 solum
3425 5576 3513 5624 est

1911 5691 2110 5766 gloria,
2146 5691 2242 5748 sed
2283 5698 2337 5744 et
2375 5685 2481 5742 sibi
2502 5682 2942 5751 obtemperantes
3010 5663 3511 5739 incomparabiliter

1887 5756 2111 5842 incrita
2148 5774 2585 5838 transcendendo
2621 5771 2884 5831 aloriliett
2936 5767 2993 5823 in
3038 5759 3239 5848 saecula
3283 5756 3505 5815 saeculo-

1905 5891 2054 5936 rum.
2082 5875 2274 5932 Amen.
