3994 6420
448 372 593 446 “55

1607 322 1665 424 s.
1707 359 1961 423 oneras
1997 354 2258 415 causa.
2303 351 2521 409 EPISC.

3599 336 3735 393 “56

443 501 774 574 contigerit,
813 495 992 554 modis
1037 493 1297 550 omnibus
1349 489 1417 546 ad
1464 481 1859 545 canonicorum
1892 492 2031 535 usus
2070 477 2112 536 Α
2312 468 2503 574 domui
2522 463 2815 574 Eualtelnli
2844 462 3106 574 leuensis
3132 459 3367 574 abbatis.

446 608 768 666 permanere
794 606 858 646 ac
880 586 1195 645 conservari
1222 580 1590 639 decernimus.
1607 574 1741 643 Quae
1772 574 1938 637 bona,
1964 585 2031 624 ne

444 664 734 743 tradentur
769 681 1051 746 oblivioni,
1083 676 1257 737 nostri
1310 673 1472 744 sigilli
1513 667 1910 741 imaginatione
1954 664 2031 720 si-

444 793 678 850 gnamus
707 796 721 851 ι
755 785 810 831 et
832 789 899 829 ne
926 774 997 828 ab
1023 772 1210 843 aliquo
1248 767 1538 830 violentur,
1570 759 1901 818 auctoritate
1933 755 2029 812 Dei

442 848 499 925 et
519 848 728 935 nostra,
751 866 855 923 sub
873 864 1220 920 anathemate
1240 858 1616 931 prohibemus.
1631 852 1809 923 Hujus
1826 848 2031 905 contir-

443 958 705 1015 mationis
739 964 911 1012 testes
937 940 1067 1011 sunt
1091 970 1106 1007 :

520 1047 752 1119 Signum
781 1044 1052 1116 Rodolphi
1092 1038 1491 1103 archidiaconi.

521 1142 580 1196 S.
614 1139 861 1197 Anselmi
890 1124 1289 1193 archidiaconi.

520 1235 578 1292 S.
608 1234 867 1291 Everardi
894 1228 1284 1288 archidiaconi.

521 1326 581 1382 S.
619 1323 836 1397 Sigardi
858 1321 1071 1379 decani.

518 1416 579 1474 S.
604 1414 883 1473 Lamberti
910 1410 1233 1469 subdecani.

518 1510 577 1566 S.
604 1506 902 1574 Lamberti,
918 1494 1132 1561 sanctae
1153 1502 1340 1558 Maria:
1358 1499 1629 1557 canonici.

521 1599 580 1658 S.
613 1598 842 1657 Gerardi
865 1596 1142 1654 canonici.

519 1690 579 1748 S.
606 1689 906 1747 Marcellini
928 1686 1201 1745 canonici.

515 1783 803 1839 Peractnm
834 1791 918 1839 est
948 1781 1074 1848 hoc,
1119 1793 1266 1834 anno
1295 1774 1591 1831 Dominicte
1619 1770 2025 1829 incarnationis

446 1873 739 1930 millesimo
767 1872 1068 1928 centesimo
1098 1879 1313 1934 octavo,
1346 1866 1643 1922 indictione
1671 1863 1867 1935 prima,
1892 1876 2031 1932 pra:-

447 1966 578 2023 dicti
606 1965 847 2037 episcopi
872 1979 1022 2019 anno
1044 1938 1227 2019 tertio.

518 2058 682 2114 Salus
717 2066 772 2114 et
803 2058 975 2129 gloria
1003 2055 1262 2112 omnibus
1286 2051 1635 2109 Christianis.

1206 2146 1272 2204 γ.

446 2244 701 2300 Coucedit
741 2243 969 2298 abbuliw
1008 2242 1073 2296 de
1095 2236 1495 2308 Cortemberglte
1518 2278 1553 2308 ,Α
1587 2233 1901 2308 mouiafiuut
1944 2249 2035 2308 or-

513 2314 658 2369 dinis
710 2314 768 2370 S.
816 2314 1087 2368 Benedicti
1129 2312 1292 2381 juxta
1332 2303 1689 2381 agnuam,
1730 2305 1930 2358 altaria
1972 2303 2037 2357 de

518 2384 926 2457 Cartemberglt,
972 2377 1277 2452 Noueyltem
1301 2389 1350 2434 et
1379 2377 1751 2443 Quwdcrebbe.

1043 2473 1224 2545 (Anno
1256 2471 1315 2524 ιι
1334 2468 1429 2541 ιο.)

446 2565 696 2638 [Minus
720 2566 811 2621 ubi
856 2582 1050 2636 supra,
1109 2572 1148 2618 t.
1182 2561 1253 2629 ll,
1302 2577 1357 2630 p.
1392 2559 1528 2625 ειυς),
1579 2573 1647 2612 ex
1686 2554 1896 2610 archiv.
1929 2568 2033 2609 ms.

951 2654 1116 2726 capit.
1153 2648 1531 2722 Anderlecht.]
1608 2663 1613 2667 λ

512 2750 572 2806 ln
600 2750 822 2805 nomine
856 2734 1060 2804 sanctae
1089 2757 1144 2803 et
1172 2742 1468 2802 individum
1492 2741 1796 2801 'l‘rinitatls.
1832 2739 2037 2807 Patris,

446 2850 502 2897 et
515 2840 661 2908 Filii,
675 2850 731 2895 et
748 2839 986 2910 Spiritus
1009 2838 1206 2904 sancti,
1226 2835 1362 2901 One,
1381 2833 1471 2889 Dei
1494 2836 1665 2906 gratia
1679 2835 2042 2888 Cameracen-

446 2933 528 2989 sis
574 2932 886 3003 episcopus,
916 2930 1131 2986 cunctis
1163 2929 1365 2986 Christi
1406 2928 1654 2984 ﬁdelibus
1683 2925 1936 2990 salutem,
1984 2922 2039 2977 in

442 3022 666 3078 Christo
690 3018 839 3095 Iesu.

516 3109 781 3167 Noverint
808 3118 916 3165 tam
955 3108 1123 3165 futuri
1151 3125 1316 3181 quam
1371 3116 1666 3180 prmscntes
1704 3104 1853 3177 quia,
1907 3104 2039 3160 dum

2207 564 2267 618 S.
2307 562 2497 618 domui
2523 558 2742 615 Martini
2765 555 3136 613 Bernehensis
3168 554 3402 609 abbatis.
3496 630 3502 635 ο

2206 655 2269 711 S.
2297 653 2525 715 Evrardi
2557 650 2951 709 archidiaconi.

2204 748 2263 803 S.
2289 746 2568 804 Gualberti
2592 744 2836 801 lslensis.

2206 842 2264 898 S.
2292 839 2552 897 Bernardi
2577 882 2594 905 ,
2624 836 2875 905 Gerardi,
2906 832 3179 902 Mozelini,
3212 832 3629 889 canonieorum.

2203 932 2262 988 S.
2285 930 2593 988 Gisleberti.

2206 1022 2264 1079 S.
2298 1022 2573 1077 Thitboldi
2597 1017 3060 1076 Runnacensium.

2202 1118 2401 1174 Actum
2450 1128 2597 1170 anno
2648 1110 2919 1169 incamati
2964 1109 3129 1166 Verbi
3181 1107 3351 1176 H10,
3406 1106 3741 1179 praesulatus

2137 1224 2266 1266 vero
2302 1208 2411 1264 mei
2432 1223 2466 1261 v
2485 1245 2501 1273 ,
2536 1205 2832 1261 indictione
2854 1220 2913 1260 ιιι
2942 1245 2957 1271 ,
2981 1211 3173 1275 epacta
3206 1217 3401 1258 xxviii.

2888 1296 2973 1352 VI.

2145 1393 2334 1449 Varias
2376 1392 2627 1448 ecclesias
2677 1391 2893 1455 liberas,
2947 1390 3158 1460 aliaque
3202 1389 3457 1460 beneﬁcia
3500 1388 3743 1447 concedit

2186 1465 2433 1519 .abbatim
2456 1463 2681 1519 Jetteusi
2708 1479 2800 1517 seu
2825 1458 3188 1532 Diligemensi,
3234 1459 3351 1513 0rd.
3383 1458 3739 1514 Prmmonstr.

2728 1555 2911 1625 (Anno
2926 1544 3126 1623 ius.)

2506 1646 2759 1720 [Μιιιιευδ
2784 1646 2873 1700 ubi
2898 1643 3162 1716 supra,ll,
3187 1642 3341 1716 959.]

2203 1740 2262 1796 In
2316 1740 2537 1796 nomine
2580 1748 2784 1796 sanch
2834 1748 2890 1794 et
2938 1738 3232 1793 individua:
3279 1735 3591 1804 Trinitatis,
3635 1749 3741 1807 ego

2063 1834 2104 1893 Β
2131 1832 2270 1899 Ooo,
2300 1831 2396 1897 Dei
2427 1832 2601 1904 gratia
2626 1829 3043 1887 Cameracensis
3064 1830 3376 1900 episcopus.

2207 1925 2409 1980 Cellam
2434 1940 2557 1995 quae
2579 1924 2684 1979 sita
2710 1932 2793 1978 est
2814 1922 2868 1976 in
2896 1922 3021 1976 villa
3052 1936 3174 1991 qure
3194 1918 3336 1975 Jetta
3368 1929 3741 1993 nuncupatur,

2136 2019 2204 2074 ad
2236 2017 2451 2073 laudem
2503 2015 2718 2071 Domini
2762 2014 2935 2069 nostri
2978 2012 3107 2068 Jesu
3135 2010 3340 2067 Christi
3373 2011 3429 2066 in
3477 2011 3743 2067 honorem

2140 2106 2198 2164 S.
2254 2107 2436 2162 Maria:
2481 2092 2731 2178 virginis,
2787 2113 2982 2161 octavo
3031 2102 3257 2159 Kalend.
3314 2100 3594 2171 Octobris,
3630 2101 3745 2156 Deo

2137 2208 2412 2256 annuente
2444 2198 2710 2264 dedicavi,
2746 2197 3057 2267 atriumque
3087 2196 3427 2267 assignatum
3466 2193 3744 2259 benedixi,

2138 2304 2212 2361 et,
2259 2301 2319 2347 ut
2363 2291 2431 2347 ad
2479 2290 2688 2345 nullum
2738 2289 3114 2360 cujuscunque
3162 2286 3517 2353 haereditatis,
3548 2294 3747 2356 praeter

2140 2386 2325 2443 sedem
2374 2382 2794 2440 Cameracensis
2843 2381 3099 2437 Ecclesiae
3142 2382 3461 2451 respiceret,
3513 2381 3745 2436 liberam

2140 2475 2478 2533 conﬁrmavi.
2533 2474 2620 2541 Et,
2673 2474 2722 2530 si
2772 2460 2874 2544 pro
2926 2472 3161 2543 alicujus
3212 2474 3373 2543 culpa
3421 2472 3746 2547 inhanpitur

2143 2577 2309 2634 terra,
2380 2566 2611 2623 remotis
2674 2565 2934 2621 omnibus
3004 2564 3307 2620 inbannitis
3372 2564 3493 2619 haec
3553 2572 3742 2620 cantet

2142 2656 2407 2717 Ecclesia.

2212 2749 2281 2805 Et
2301 2749 2429 2821 quia
2466 2765 2567 2805 nos
2588 2736 2835 2804 omnium
2867 2747 3297 2805 domesticorum
3323 2750 3380 2804 in
3406 2749 3743 2805 exaltatioue

2143 2852 2346 2898 sancta:
2386 2841 2645 2898 Ecclesiae
2689 2828 3230 2912 promptissimorum
3272 2842 3431 2897 bona:
3475 2842 3741 2897 voluntati

2143 2933 2487 3005 eongaudere
2534 2933 2819 3000 debemus,
2865 2934 3018 2989 decet
3040 2949 3141 2989 nos
3195 2933 3382 3000 etiam,
3435 2934 3483 2988 si
3524 2933 3655 3004 quid
3708 2950 3741 2988 a

2143 3027 2302 3082 nobis
2345 3026 2618 3097 petierint,
2667 3041 2776 3081 non
2824 3025 3084 3093 abnuere,
3130 3033 3193 3080 ut
3233 3039 3451 3094 semper
3479 3023 3549 3080 ad
3574 3023 3741 3079 vitam

2143 3115 2450 3186 proﬁciant,
2482 3124 2672 3171 nostro
2694 3116 2944 3185 exemplo
2976 3123 3271 3185 prmeunte.

443 3205 564 3261 loca
586 3204 860 3275 parochize
881 3218 1016 3258 meae
1052 3203 1422 3273 perquirerem
1442 3242 1457 3268 ,
1494 3213 1745 3269 quaenam
1767 3197 1873 3252 sub
1905 3196 2003 3251 reli
2023 3227 2037 3237 -
2065 3205 2107 3262 ς.
2210 3204 2326 3277 Ego
2372 3205 2556 3275 itaque
2586 3204 2905 3276 petitionem
2950 3202 3202 3259 Galtetmi
3231 3204 3446 3259 abbatis
3477 3203 3572 3259 ﬁlii
3611 3205 3733 3271 mei,

444 3297 668 3369 εἰοιιθ,⁸
698 3312 949 3367 quaenam
990 3294 1097 3349 ali)
1146 3295 1308 3349 molo
1353 3300 1577 3358 essent,
1624 3289 1805 3344 iuveni
1856 3290 2038 3345 locum

414 3416 421 3426 -
448 3388 594 3459 apud
629 3389 1018 3459 Curtemberge
1038 3386 1196 3443 ducis
1226 3384 1506 3441 Codrfridi
1542 3399 1769 3439 assensu
1798 3392 1852 3438 et
1884 3384 2040 3438 auxi-

446 3481 523 3536 lio
554 3496 655 3537 nec
675 3497 784 3536 non
811 3489 866 3535 et
894 3481 1282 3536 advocatorum
1312 3476 1581 3547 Arnulphi
1603 3486 1653 3531 et
1682 3475 1906 3531 Golterii
1925 3491 2041 3531 scr-

445 3573 578 3630 vitio
599 3573 921 3629 ancillarum
949 3571 1044 3628 Dei
1069 3573 1184 3643 jam
1211 3588 1276 3627 ex
1308 3578 1461 3641 parte
1512 3569 1827 3625 decoratum
1875 3583 2038 3638 quem

447 3664 702 3735 precibus
746 3663 1261 3719 archidiaconorum
1325 3676 1603 3727 meorum,
1672 3668 1727 3715 et
1782 3659 2039 3726 ﬁdelem,

448 3756 712 3826 ampliare
753 3755 981 3824 curavi;
1011 3756 1064 3810 in
1087 3770 1153 3810 eo
1200 3754 1409 3810 scilicet
1449 3753 1595 3823 quod
1633 3753 1803 3807 altare
1854 3752 1984 3806 illud
2008 3766 2039 3807 a

446 3850 645 3905 debitis
667 3850 953 3905 annuatim
976 3848 1222 3904 obsoniis
1247 3847 1652 3918 episcopalibus
1673 3845 1907 3900 liberum
1933 3844 2040 3898 mei

446 3941 771 3997 auctoritate
797 3940 901 3996 feci
925 3983 940 4007 ,
969 3948 1023 3996 et
1048 3939 1230 3995 debita
1258 3939 1349 3993 illa
1381 3938 1435 3991 in
1481 3953 1618 3992 usus
1653 3935 1787 3990 inibi
1840 3934 1952 3990 Deo
1977 3948 2041 3988 ac

448 4041 673 4101 sanctae,
695 4034 941 4105 ejusdem
969 4031 1221 4104 genitrici
1243 4029 1429 4085 Maria:
1465 4036 1766 4097 sanctoque
1792 4024 2042 4080 Amaudo

447 4126 832 4182 famulantium
858 4124 1177 4196 perdonavi.

518 4216 781 4272 Concessi
813 4216 977 4271 etiam
1008 4215 1181 4268 altare
1206 4212 1272 4268 de
1295 4207 1604 4278 Quatrcbbe
1633 4207 1793 4279 (alias
1805 4205 2040 4276 Querps)

447 4319 504 4366 et
544 4308 715 4362 altare
758 4306 826 4361 de
880 4303 1215 4377 Nethengem
1259 4304 1355 4376 (al.
1388 4298 2043 4371 Nosseghem)pi1edict:e

448 4399 727 4466 ecclesize;
766 4396 938 4451 libera
980 4412 1009 4450 a
1042 4395 1311 4466 personis.
1360 4393 1452 4449 Sic
1479 4402 1694 4457 tamen,
1727 4400 1786 4445 ut
1810 4406 1905 4460 per
1928 4390 2043 4445 sin-

400 4516 407 4525 ·
451 4492 609 4564 gulos
634 4507 809 4548 annos
830 4492 955 4564 jura
996 4490 1323 4562 episcopalia
1371 4488 1629 4560 episcopo
1678 4495 1733 4542 et
1774 4485 2041 4541 ministris

450 4584 570 4656 ejus
596 4602 663 4640 ex
687 4586 890 4640 eisdem
919 4583 1219 4641 solvantur.

523 4675 701 4734 Statui
721 4678 990 4748 siquidem
1006 4720 1019 4746 ,
1043 4685 1105 4731 ut
1125 4674 1425 4748 presbyteri
1448 4658 1645 4729 horum
1668 4680 1723 4727 et
1742 4668 2041 4741 supradicti

452 4770 673 4838 altaris,
716 4770 783 4825 de
812 4785 977 4824 manu
1000 4769 1241 4840 episcopi
1286 4764 1475 4824 curam
1536 4765 1845 4820 animarum
1891 4762 2039 4817 acci-

452 4862 637 4933 piant,
669 4861 905 4932 capitula
957 4860 1326 4916 archidiaconi
1379 4868 1433 4914 et
1477 4856 1669 4913 decani
1718 4855 2036 4921 observent;

453 4954 727 5009 abbatissa
756 4954 859 5009 loci
884 4953 1030 5008 illius
1067 4952 1121 5006 in
1153 4950 1445 5007 festivitate
1492 4947 1654 5002 Luca:
1691 4946 2041 5016 evangelista:

453 5045 520 5100 ad
548 5046 815 5117 synodum
844 5045 1296 5100 Cameracensem
1322 5041 1524 5097 veniat.
2027 5058 2030 5062 η

526 5138 583 5191 Si
625 5137 751 5208 quis
792 5145 971 5191 autem
1015 5144 1204 5190 contra
1250 5135 1353 5189 hoc
1412 5140 1611 5188 nostra:
1685 5127 2043 5185 institutionis

453 5230 794 5301 privilegium
821 5229 1008 5283 venire
1034 5226 1347 5293 tentavcrit,
1373 5226 1468 5281 ﬁat
1489 5240 1648 5292 reus,
1681 5232 1735 5278 et
1765 5223 1978 5279 alienus
2012 5236 2042 5275 a

452 5317 744 5390 earispectu
766 5318 1015 5386 Domini,
1036 5320 1210 5375 donec
1230 5317 1538 5388 resipuerit.

525 5411 611 5479 Et,
653 5420 713 5466 ut
735 5412 838 5468 hoc
864 5413 1033 5467 ﬁxum
1061 5420 1300 5479 maneat,
1320 5411 1851 5480 subtersignatorum
1887 5406 2040 5464 testi-

452 5503 641 5565 monio
679 5503 1049 5559 corroboravi.

525 5594 583 5651 S.
630 5595 818 5651 domui
844 5595 1113 5667 Fulgentii
1147 5596 1360 5651 abbatis
1389 5593 1793 5666 Allligimensis.

524 5685 581 5744 S.
619 5687 808 5743 domui
829 5687 1113 5744 Gisleberli
1145 5687 1469 5743 Ehamensis
1500 5686 1730 5742 abbatis.

526 5777 585 5833 S.
616 5778 849 5835 Raldulﬁ
876 5776 1193 5835 eoru‘mdem
1222 5779 1474 5833 altarium
1501 5776 1890 5834 archidiaconi.

2070 4548 2119 4606 υ

2140 3313 2302 3370 quem
2323 3297 2560 3369 prOpriis
2583 3296 2838 3351 manilius
2862 3295 3180 3352 consecravi
3202 3311 3312 3350 non
3340 3297 3734 3366 reprobandam

2140 3389 2428 3456 :estimavi,
2465 3388 2760 3460 quaerentis
2798 3395 2858 3443 ut
2893 3388 3262 3458 parochialem
3300 3389 3589 3444 ecclesiam
3623 3388 3732 3444 Jet~

2140 3492 2349 3539 tensem
2384 3496 2510 3537 eum
2564 3479 2886 3552 appendicio
2938 3495 3041 3536 suo
3095 3479 3421 3537 Gonshoren
3447 3524 3463 3548 ,
3519 3490 3574 3537 et
3619 3479 3731 3536 Mo-

2141 3564 2460 3645 sengensem
2486 3573 2775 3630 ecclesiam
2825 3581 2987 3644 atque
3017 3570 3451 3631 Humbcoensem
3494 3574 3731 3637 libertate

2141 3666 2420 3723 donarem.

2211 3758 2386 3835 Quam
2407 3758 2725 3830 petitionem
2746 3757 2948 3815 bonam
2964 3756 3242 3827 judicans,
3266 3757 3501 3828 ideoque
3518 3765 3733 3828 paterae

2141 3847 2461 3915 exaudiens,
2517 3847 2808 3917 praedictas
2850 3847 3114 3903 ecclesias
3141 3846 3212 3901 ah
3257 3847 3409 3902 omni
3458 3848 3732 3904 exactione

2141 3940 2446 4010 debitisque
2476 3938 2724 3995 obsoniis
2754 3939 2956 3995 liberas
3003 3938 3176 4003 facio;
3212 3946 3269 3994 et
3310 3939 3367 3994 in
3397 3939 3630 3996 ecclesia
3673 3937 3727 3994 S.

2142 4028 2325 4085 Maria:
2350 4027 2579 4086 Jettensi
2613 4027 2875 4084 fratribus
2905 4027 3081 4091 trado.
3445 4019 3449 4022 ’

2213 4121 2419 4178 Deinde
2446 4122 2680 4195 benigne
2708 4121 2972 4189 concedo,
3021 4130 3082 4176 ut
3121 4135 3280 4177 suam
3309 4119 3635 4177 electionem
3667 4120 3731 4174 li-

2142 4213 2273 4269 bere
2314 4213 2552 4268 habeant
2583 4213 2635 4267 in
2667 4213 2863 4267 abbate
2908 4211 3329 4269 constituendo:
3361 4211 3571 4266 electus
3615 4224 3735 4268 vero

2141 4304 2524 4362 Cameracensi
2544 4305 2800 4376 episcopo
2826 4313 3203 4375 pz-aasentetur,
3228 4312 3289 4360 ut
3309 4303 3379 4359 ab
3397 4318 3466 4359 eo
3491 4303 3611 4359 sine
3631 4303 3735 4358 ulla

2144 4399 2577 4456 contradictione
2606 4406 2977 4453 consecretur.

2155 4501 2159 4504 ’
2214 4491 2334 4562 Ipse
2361 4504 2582 4561 quoque
2610 4489 2779 4544 abbas
2814 4489 2879 4544 ad
2911 4489 3180 4560 synodum
3227 4489 3307 4543 ire
3352 4503 3462 4543 non
3491 4497 3734 4558 cogatur,

2147 4582 2253 4637 nisi
2280 4580 2531 4652 sigillatis
2550 4579 2793 4649 episcopi
2814 4579 3011 4634 litteris
3039 4578 3204 4634 fuerit
3226 4578 3563 4634 admonitus.

2216 4673 2300 4730 Ad
2330 4688 2464 4728 usus
2492 4680 2676 4726 autem
2711 4669 2940 4726 fratrum
2973 4671 3028 4726 in
3056 4671 3162 4726 hoc
3184 4671 3304 4727 loco
3333 4669 3445 4725 Deo
3473 4669 3738 4724 famulan-

2147 4766 2321 4833 tium,
2376 4764 2631 4834 beatique
2679 4762 2969 4834 Augustini
3023 4763 3268 4834 regulam
3329 4762 3734 4817 ohservanlium

2146 4855 2433 4929 Onulphns
2487 4857 2553 4912 de
2607 4854 2999 4922 Wolverthem,
3049 4856 3218 4910 homo
3265 4854 3406 4909 liber
3454 4868 3521 4908 ac
3546 4854 3737 4908 timens

2147 4949 2339 5016 Deum,
2375 4949 2632 5005 fundator
2665 4948 2930 5015 ecclesiae,
2968 4948 3040 5002 ob
3087 4947 3519 5017 redemptionem
3548 4946 3737 5001 anima:

2141 5059 2257 5100 sua:
2275 5044 2692 5112 animarumque
2714 5040 2907 5095 matris
2934 5056 3048 5095 sua:
3076 5039 3222 5106 Avae,
3245 5039 3609 5110 conjugisque
3633 5052 3738 5093 sua

2144 5136 2427 5200 Remudis,
2472 5143 2871 5205 parentumque
2922 5148 2986 5187 ac
3029 5132 3263 5186 ﬁliorum
3322 5147 3555 5186 suorum
3603 5130 3735 5185 Wil-

2116 5218 2127 5229 ’
2146 5228 2333 5294 helmi,
2366 5226 2612 5293 Walteri,
2637 5226 2933 5292 Lamberti,
2963 5224 3157 5296 Sigeri,
3183 5224 3524 5291 Godcscalci,
3547 5223 3736 5279 Eusta—

2146 5321 2238 5387 cii,
2283 5319 2530 5385 Arnoldi,
2579 5319 2888 5389 nobilisque
2921 5317 3045 5372 ﬁliae
3078 5332 3193 5371 sua:
3226 5315 3375 5382 Avae,
3419 5333 3516 5370 xrv
3558 5315 3733 5370 allodii

2150 5411 2232 5466 sui
2264 5409 2544 5476 bonarios,
2569 5417 2622 5464 et
2653 5410 2901 5465 cambam
2931 5424 3056 5465 cum
3085 5407 3422 5479 appendiciis
3451 5408 3590 5472 suis,
3619 5419 3731 5476 qnce

2148 5500 2548 5572 solvitsingulis
2577 5500 2756 5565 annis,
2786 5516 2822 5553 ιι
2845 5517 2859 5564 ;
2886 5508 2941 5554 et
2968 5516 3020 5554 v1
3049 5499 3263 5555 modios
3288 5512 3475 5552 avena:
3496 5497 3565 5550 ad
3591 5510 3731 5549 men-

2112 5610 2338 5673 _suram
2398 5593 2845 5659 Bruxellensem,
2899 5600 2953 5648 et
3001 5591 3260 5647 allodium
3321 5588 3623 5645 molendiui
3680 5585 3758 5638 iu-

2150 5684 2297 5752 Jetti,
2332 5684 2695 5741 et'decimam
2745 5700 2909 5755 quam
2956 5683 3191 5738 habebat
3236 5682 3292 5736 in
3344 5680 3725 5744 Wolverthem,

2155 5778 2525 5847 allodiumque
2570 5776 2794 5832 decimae
2846 5777 2913 5832 de
2968 5774 3294 5857 Melbrocck,
3345 5772 3458 5830 Deo
3519 5785 3723 5842 sumque
