3946 6306
188 300 333 360 1157

1621 297 2039 355 υιΡιοΜΑΤΑ.

3338 309 3484 367 1158

184 426 394 473 sanetae
422 414 683 472 Genitrici
716 415 1070 473 servientibus
1107 414 1172 469 in
1221 408 1532 484 supradicta
1556 416 1787 471 ecclesia
1818 424 1861 481 Α
1893 414 2117 482 beecha,
2146 415 2318 472 altare
2342 415 2409 472 de
2435 415 2803 475 Wambcccha
2827 434 2951 475 cum
2978 424 3291 493 appenditio
3318 425 3481 483 Nath’

183 506 429 562 tradidit.

261 594 530 653 Defuncto
571 597 685 653 ﬁlio
736 612 839 655 suo
872 584 1175 654 ‘Lamberto
1227 613 1282 652 ix
1329 606 1488 654 terrm
1525 597 1785 653 bonarios

181 686 363 741 eidem
402 686 549 742 dedit
594 687 879 755 ecclesiae;
913 703 1012 759 pro
1040 688 1221 743 anima
1253 687 1514 744 Willelmi
1555 689 1651 744 ﬁlii
1697 688 1784 744 sui

178 793 238 833 vr
279 786 440 834 terra:
476 778 733 835 bouarios
759 780 1029 847 contulit;
1062 783 1160 850 pro
1186 781 1369 836 anima
1412 779 1588 853 Sigeri
1617 781 1783 838 dedc-

178 880 319 926 runt
347 870 547 927 fratres
591 871 677 927 sui
713 881 768 927 et
813 872 1035 928 domina
1073 872 1200 927 Ava'
1235 889 1392 929 soror
1433 874 1675 944 ipsorum
1727 889 1783 928 ιχ

177 973 346 1018 ιρι-ναξ
400 962 659 1019 bonarios
706 970 761 1018 et
795 963 1061 1018 decimam
1118 965 1283 1020 totius
1334 966 1495 1033 villae,
1548 982 1672 1022 eum
1727 982 1782 1021 ix

176 1052 483 1122 manipulis
510 1053 790 1122 dividitur,
822 1054 962 1109 duos
992 1054 1304 1124 manipulos
1334 1064 1389 1111 et
1417 1056 1631 1111 tertiam
1661 1072 1783 1127 par-

176 1151 298 1199 tem
327 1144 493 1199 alncti
520 1160 686 1215 super
720 1142 1064 1200 addiderunt.

258 1235 549 1293 Eustacius
580 1253 635 1291 γι
667 1234 872 1292 Solidos
894 1237 1047 1293 dedit
1074 1236 1127 1291 in
1161 1235 1401 1294 Roehem
1435 1238 1609 1310 (vulgo
1639 1227 1781 1294 Ros-

175 1342 325 1394 sem,
375 1328 644 1399 appendix
692 1321 760 1384 de
811 1328 1246 1400 Wolverthem),
1291 1330 1512 1386 domina
1561 1330 1675 1385 Ava
1727 1338 1782 1387 tt

175 1417 355 1476 frater
386 1419 507 1491 ejus
547 1421 809 1478 allodium
855 1437 931 1475 xu
966 1421 1342 1490 bonariorum,
1395 1437 1554 1479 secus
1592 1423 1778 1479 villam

174 1524 310 1579 qua:
333 1510 532 1565 dicitur
554 1508 785 1578 Selloca,
811 1512 1056 1568 ecclesizc
1081 1512 1369 1569 dederunt.

253 1601 468 1659 Nostra:
500 1618 629 1658 vero
670 1603 1032 1660 dedicatiOnis
1066 1604 1243 1661 cilicio
1273 1604 1636 1662 interfuerunt
1667 1607 1776 1663 duo

175 1693 342 1749 liberi
377 1694 629 1750 homines
667 1694 983 1752 Waltherus
1010 1704 1065 1752 et
1087 1696 1362 1753 Arnoldus
1401 1697 1498 1753 ﬁlii
1538 1695 1774 1771 Onulphi

177 1801 314 1841 cum
344 1792 535 1861 sorore
562 1802 752 1843 eorum
782 1789 1006 1846 domina
1041 1789 1178 1858 Ava,
1221 1791 1314 1862 qui
1344 1806 1538 1848 omnes
1571 1793 1777 1851 donum

174 1878 569 1948 praedictorum
600 1880 990 1936 beneﬁciorum
1034 1891 1439 1938 renovaverunt
1459 1893 1512 1939 et
1536 1885 1695 1940 altari
1722 1886 1779 1941 in

176 1985 310 2025 mea
333 1972 620 2041 praesentia
649 1972 890 2044 legitime
916 1974 1179 2030 attitulari
1208 1974 1474 2032 fecerunt.

260 2058 333 2115 Ut
367 2069 550 2117 autem
602 2063 709 2118 hec
769 2071 948 2119 ratum
1000 2066 1151 2121 omni
1196 2077 1442 2138 tempore
1493 2069 1777 2140 habeatur,

179 2163 352 2225 atque
379 2170 410 2210 ιι
445 2156 593 2210 nullo
623 2165 1020 2227 pnesumptore
1052 2159 1291 2230 maligno
1320 2161 1574 2229 violetur,
1610 2179 1803 2234 quos»,

179 2244 322 2300 libet
347 2245 703 2317 dissipatores
732 2247 929 2303 horum
960 2248 1349 2307 beneficiorum
1378 2268 1409 2309 a
1436 2254 1560 2309 sinu
1589 2257 1782 2312 matris

179 2333 447 2417 Eaclesiaa
473 2348 785 2412 segregatos
812 2339 1029 2411 publice
1051 2345 1543 2415 excommunicavi,
1574 2346 1682 2403 nisi
1711 2346 1781 2403 ad

177 2429 624 2512 emendationem
653 2440 708 2487 et
732 2431 1161 2515 satisfactionem
1182 2437 1466 2517 venerint.

253 2508 454 2580 Actum
479 2522 565 2581 est
588 2525 694 2587 hoc
712 2508 858 2581 anno
879 2508 1595 2586 Domini-cae.Incarnationis
1620 2530 1779 2599 1112,

180 2616 515 2686 praesulatus
541 2618 713 2674 nostri
744 2634 890 2674 anno
925 2636 1024 2687 vn,
1056 2621 1358 2692 imperante
1387 2621 1619 2679 Henrico
1646 2622 1707 2679 V.

258 2706 453 2765 Testes
485 2709 649 2780 hujus
671 2710 1105 2768 conﬁrmationis
1128 2723 1259 2770 sunt
1282 2715 1337 2770 hi
1366 2734 1380 2771 :

256 2798 490 2872 Signum
522 2800 754 2858 Joannis
778 2804 1171 2861 archidiaconi.

257 2890 320 2947 8.
361 2893 987 2952 Aneelli'arehidiaconi.

256 2982 320 3039 S.
359 2982 631 3056 Rodulpbi
660 2986 1057 3042 archidiaconi.

258 3074 320 3130 S.
358 3074 680 3133 Theoderici
709 3078 1100 3135 archidiaconi.

257 3162 318 3220 S.
359 3163 607 3220 Everaldi
633 3168 1022 3224 archidiaconi.

257 3256 319 3312 S.
356 3256 627 3315 Erlebaldi
662 3261 1056 3318 archidiaconi.

255 3346 317 3403 8.
353 3348 483 3405 Adae
509 3351 742 3407 abbatis.

255 3439 316 3496 S.
354 3441 551 3497 Reneri
578 3443 810 3523 abbatis.

254 3532 314 3589 8.
348 3533 573 3591 Goﬁ‘ridi
602 3535 838 3591 abbatis.

253 3625 315 3680 S.
359 3625 576 3683 Ernaldi
612 3628 844 3685 abbatis.

253 3715 314 3772 S.
355 3715 664 3775 Mastcllini.
686 3769 691 3774 .

253 3807 315 3864 8.
355 3794 553 3877 Livini,
577 3809 1006 3882 capellanorum.

253 3898 315 3955 8.
359 3899 582 3957 Robcrti
612 3890 875 3959 cantoris.

252 3990 504 4048 Gerardi.

250 4083 570 4143 llerevardi.
590 4085 704 4160 Ego
730 4086 1091 4145 Gerinbaldus
1115 4089 1221 4161 legi
1244 4100 1300 4147 et
1318 4098 1627 4164 recognovi.

926 4179 1035 4236 Vll.

442 4269 789 4343 Privilegium
815 4289 912 4343 pro
935 4273 1155 4328 ecclesia
1187 4274 1498 4333 Nivellenst.

778 4352 1176 4440 (Anneius)
1366 4354 1369 4357 ’
1462 4356 1467 4361 ’
1560 4356 1566 4363 ’

560 4454 812 4528 [Murcus
843 4457 932 4511 ubi
961 4474 1145 4529 supra,
1174 4459 1215 4528 l,
1245 4459 1397 4533 676.]

198 4590 203 4593 .
250 4544 390 4613 One,
418 4544 515 4603 Dei
534 4547 710 4618 gratia
730 4547 1147 4609 Cameracensis
1181 4553 1493 4624 episcopus,
1516 4553 1772 4610 omnibus

174 4647 389 4696 sanctae
413 4636 509 4695 Dei
532 4638 789 4696 Ecclesiae
812 4641 940 4698 ﬁliis
964 4643 1020 4697 in
1045 4654 1387 4714 perpetuum.

251 4729 370 4802 Ego
400 4732 503 4802 piae
526 4731 771 4802 petitioni
795 4732 1055 4803 Richetm,
1087 4736 1378 4792 abbatissa:
1400 4737 1457 4791 S.
1490 4735 1772 4793 Gertrudis

171 4823 505 4881 Nivellcnsis
532 4824 811 4895 Ecclesia},
840 4844 1108 4898 annuens,
1131 4831 1362 4888 audiens
1390 4833 1556 4889 etiam
1581 4848 1771 4902 preces

170 4914 531 4972 dominarum
586 4920 902 4975 monasterii
959 4930 1013 4976 et
1060 4920 1489 4995 canonieorum,
1548 4924 1762 4991 altaria,

171 5024 307 5081 qua:
342 5009 607 5065 hactenus
632 5010 688 5064 in
711 5011 1026 5082 episcopatu
1057 5012 1435 5071 Cameracensi
1463 5032 1558 5085 per
1577 5032 1766 5086 perso-

170 5115 284 5155 nas
324 5107 629 5169 tenuerant,
669 5101 785 5172 jam
829 5103 1054 5160 omnino
1082 5105 1289 5176 absque
1316 5108 1566 5178 personis
1595 5108 1762 5163 libera

170 5190 441 5247 Ecclesiae
465 5193 641 5248 trado.

250 5281 457 5337 Altaria
495 5292 624 5339 sunt
647 5284 785 5351 hate,
815 5284 987 5341 altare
1014 5285 1081 5341 de
1103 5284 1301 5353 lterna,
1330 5286 1500 5342 altare
1527 5287 1594 5343 de
1647 5286 1761 5342 Ro-

175 5374 376 5430 sbecca
416 5390 540 5430 eum
575 5376 888 5446 appenditio
942 5376 1254 5445 hainueres,
1306 5379 1476 5434 altare
1503 5380 1570 5435 de
1621 5378 1761 5435 Mer-

252 5527 369 5598 (l8)
400 5527 782 5603 wenemarus.
802 5528 938 5603 Vide
966 5531 1181 5603 litteras
1202 5530 1543 5603 fundationis
1573 5547 1602 5586 a
1632 5531 1762 5603 We-

174 5597 408 5688 92mm
465 5597 622 5655 facta}
664 5600 761 5657 lib.
810 5617 828 5656 ι
874 5600 1105 5672 Diplom.
1152 5602 1542 5675 Belgic.,'cap.
1590 5602 1660 5658 45
1709 5602 1765 5657 et

174 5673 369 5811 “(19)
389 5738 684 5809 Bornbem,
729 5742 1084 5813 municipium
1116 5742 1340 5812 Wasiaa,
1374 5744 1466 5801 ubi
1496 5743 1626 5800 olim
1648 5751 1764 5800 erat

1889 509 2062 565 altare
2112 509 2182 566 de
2232 509 2596 578 Lombeccha,
2655 512 2827 569 altare
2876 515 2945 570 de
2997 515 3142 589 Goy,
3191 519 3480 576 altar-ede

1886 599 2087 668 Alta-es,
2110 600 2281 657 altare
2310 601 2375 656 de
2396 600 2692 670 Guislincs,
2720 604 2891 660 altare
2915 605 2982 662 de
3004 605 3279 663 Luvroila.
3306 607 3479 682 llujzzs

1887 700 2090 747 nostrae
2117 694 2492 751 concessionis
2523 703 2691 751 testes
2718 706 2845 753 sunt
2870 715 2883 751 :

1959 783 2016 838 S.
2059 782 2274 839 Rudolﬁ
2310 786 2700 843 archidiaconi.

1957 870 2015 927 S.
2053 871 2335 928 Erlebardi
2370 877 2667 947 praepositi.
2703 908 2707 914 -

1958 961 2015 1017 S.
2054 962 2334 1021 Erlebardi
2364 966 2577 1023 decani.

1959 1053 2017 1109 S.
2057 1053 2352 1112 Alexandri
2379 1058 2591 1115 decani.

1958 1144 2014 1200 S.
2058 1144 2284 1221 Segardi
2308 1150 2525 1207 decani.

1951 1237 2010 1293 8.
2048 1238 2338 1297 Machelini
2369 1243 2581 1300 decani.

1947 1330 2005 1387 S.
2043 1331 2269 1391 Walteri
2297 1335 2509 1393 abbatis
2535 1336 2839 1395 Lobiensis.

1954 1423 2012 1480 S.
2053 1424 2298 1483 Guidriei
2321 1428 2534 1484 abbatis
2555 1428 2993 1487 Altimontcnsis.

1946 1516 2211 1589 Fulgentii
2275 1520 2488 1577 abbatis
2517 1519 2919 1594 l’lafllingensis.

1945 1609 2144 1666 Actum
2201 1621 2284 1667 est
2338 1628 2484 1667 anno
2547 1614 2837 1669 millesimo
2903 1617 3204 1672 centesimo
3257 1617 3462 1672 duode-

1878 1704 2042 1771 cimo,
2089 1701 2384 1761 indictione
2421 1707 2611 1777 quinta
2640 1709 2992 1780 superscripti
3035 1723 3163 1764 vero
3192 1709 3463 1779 pontificis

1881 1811 2029 1852 anno
2053 1797 2306 1868 septimo.

2606 1931 2742 1988 V’lll.

1888 2041 2314 2121 Bornlggimensis
2352 2042 2595 2121 gbbatice
2619 2036 2986 2121 {mulationem
3014 2062 3085 2121 _ac
3116 2047 3468 2121 Δ(Ιοιηιὶωιίηι

1956 2130 1989 2165 a
2044 2111 2381 2166 Wenemaro'
2410 2111 2701 2168 castellatim
2757 2114 3025 2171 Gamlensi
3078 2119 3219 2171 circa
3271 2133 3469 2171 animm

1959 2181 2097 2237 1100
2124 2182 2345 2252 factam,
2375 2187 2654 2254 approbat.
2705 2204 2710 2211 λ
2836 2198 2839 2201 ·
3150 2202 3154 2208 ι

2465 2297 2658 2368 (Anno
2706 2300 2902 2377 me.)

2242 2407 2502 2482 [Μιιιιειιε
2530 2411 2621 2465 ubi
2648 2427 2833 2483 supra,
2861 2412 2903 2481 l,
2935 2413 3086 2487 57L]

1954 2523 2011 2579 ln
2055 2523 2289 2580 nomine
2328 2533 2533 2581 sanetae
2577 2535 2632 2581 et
2679 2526 2973 2583 individua:
2998 2525 3306 2595 Trinitatis,
3369 2542 3472 2600 ego

1882 2612 2019 2681 Ono,
2069 2612 2166 2669 Dei
2224 2615 2399 2686 gratia
2446 2615 2860 2674 Cameracensis
2895 2618 3206 2690 episcopus,
3255 2620 3472 2675 cunctis

1881 2704 2087 2762 Christi
2117 2706 2368 2763 ﬁdelibus
2402 2708 2655 2764 salutem.
2701 2727 2707 2732 ·
2890 2726 2898 2734 ·
3400 2760 3405 2765 .

1962 2796 2091 2855 Volo
2142 2808 2334 2856 notum
2376 2800 2493 2855 ﬁeri
2526 2808 2635 2856 tam
2667 2801 2867 2859 futuris
2896 2819 3061 2874 quam
3085 2804 3470 2874 praesentibus,

1882 2890 2031 2961 quod
2046 2889 2409 2947 Wenemarus
2433 2890 2544 2964 (18)
2564 2882 2867 2949 Gandensis
2893 2884 3244 2963 castellanus,
3275 2896 3475 2966 praevi-

1881 2984 2017 3040 dens
2039 2985 2165 3053 sibi,
2188 2993 2244 3040 et
2266 2986 2581 3052 consulens,
2608 2986 2678 3040 ob
2698 2988 2997 3042 remedium
3026 2989 3225 3043 anima:
3249 3004 3384 3055 suae,
3415 2997 3472 3043 ct

1803 3103 1852 3166 ο
1883 3090 2108 3130 suorum
2165 3075 2413 3129 omnium
2464 3075 2705 3129 ﬁdelium
2735 3075 3156 3146 defunctorum,
3205 3079 3472 3151 dispergit

1874 3170 2178 3235 terrestria,
2212 3176 2272 3223 ut
2296 3175 2463 3222 metat
2484 3167 2749 3223 ccclestia.

1943 3267 2171 3321 Terram
2193 3261 2339 3316 enim
2382 3259 2650 3330 jacentcm
2701 3259 2754 3313 in
2784 3259 3045 3330 parochia
3096 3259 3352 3328 Bucholt,
3383 3263 3465 3316 vi-

1874 3358 2010 3433 ginti
2070 3368 2475 3419 mensurarum,
2526 3367 2649 3422 qua:
2702 3360 2859 3406 erant
2904 3350 3189 3408 Evcrholdi
3239 3355 3470 3426 presby-

1874 3451 1998 3518 teri,
2020 3457 2075 3504 et
2106 3444 2520 3518 quatuordeeim
2567 3444 2795 3512 admoti,
2852 3453 2907 3500 et
2951 3445 3231 3500 dimidiam
3264 3445 3464 3502 Frede-

1874 3540 2026 3608 nodi,
2052 3546 2107 3595 et
2155 3552 2468 3592 mensuram
2499 3551 2664 3590 unam
2692 3544 2747 3590 et
2775 3534 3057 3590 dimidiam
3104 3535 3383 3593 Boltronis
3411 3549 3467 3597 et

1876 3638 2089 3694 tertiam
2117 3645 2327 3708 partem
2364 3635 2546 3690 allodii
2588 3634 2733 3706 quod
2765 3644 2992 3692 vocatur
3023 3636 3464 3704 Mulncmerholt,

1874 3729 1931 3785 in
1949 3726 2223 3801 parochia'
2240 3724 2434 3782 Steens
2457 3727 2526 3781 ab
2544 3726 2695 3780 omni
2715 3728 2999 3783 exactione
3030 3729 3166 3784 laiea
3201 3729 3428 3784 liberam
3446 3770 3462 3796 ,

1873 3819 2118 3876 ecclesiae
2138 3816 2431 3874 Bornheim
2456 3815 2577 3889 (19),
2593 3817 2752 3888 cujus
2767 3818 2881 3889 ipse
2898 3819 3153 3875 fundator
3174 3828 3277 3887 est,
3293 3819 3460 3874 dedit.

1875 3907 1955 3964 Eo
1984 3916 2168 3964 tamen
2196 3916 2408 3974 tenore,
2454 3907 2579 3962 utsi
2617 3907 2824 3979 aliquid
2855 3908 2934 3967 rei
2985 3908 3216 3975 inutilis,
3260 3908 3461 3964 ibidem

1874 3999 2146 4055 accederit
2191 3997 2534 4054 discussione
2595 3997 2841 4069 dignum,
2900 4000 3018 4069 ipse.
3075 3998 3459 4071 chemarus,

1875 4093 1962 4149 vel
2015 4108 2151 4149 suus
2200 4101 2456 4162 posterus
2485 4106 2611 4146 eum
2659 4089 2925 4173 fratribus
2983 4091 3142 4162 quasi
3188 4091 3465 4149 confrater

1876 4201 2032 4252 suus,
2055 4200 2167 4241 non
2197 4200 2323 4240 cum
2356 4183 2622 4251 dominio,
2650 4199 2761 4238 non
2796 4199 2918 4239 cum
2948 4191 3219 4256 potestate
3254 4185 3322 4241 ad
3347 4184 3463 4240 dis-

1876 4275 2191 4332 cussionem
2242 4274 2489 4344 ejusdem
2533 4273 2642 4341 rei;
2699 4274 2977 4330 communi
3028 4281 3084 4329 et
3130 4274 3458 4330 charitativo

1876 4367 2107 4423 consilio
2136 4366 2342 4435 redeat,
2364 4374 2420 4421 et
2438 4366 2558 4436 ejus
2592 4375 2784 4436 rogatu
2813 4367 3462 4439 anathematizetur,qui—

1805 4450 1850 4505 Ῑ)
1876 4473 2093 4528 cunque
2115 4465 2461 4528 posterorum
2486 4457 2627 4511 ultra
2650 4457 2764 4512 lucc
2786 4457 3090 4512 dominium
3104 4474 3191 4512 vci
3215 4461 3458 4516 exactio-

1876 4566 2000 4605 nem
2035 4549 2201 4604 ullam
2234 4547 2399 4604 fuerit
2434 4564 2604 4603 ausus
2639 4546 2839 4603 facere.

1948 4641 2061 4697 Hoc
2081 4642 2245 4696 etiam
2268 4657 2367 4711 ego
2387 4638 2502 4695 Odo
2532 4639 2819 4710 episcopus
2848 4639 3024 4695 eidem
3059 4639 3318 4697 Ecclesiae
3355 4658 3456 4696 aa-

1876 4734 2191 4801 thenticavi,
2242 4741 2298 4788 et
2339 4730 2499 4804 sigilli
2546 4732 2653 4787 mei
2705 4732 3067 4803 impressione
3116 4733 3453 4790 conﬁrmavi.

1876 4827 2071 4885 Addidi
2107 4842 2327 4900 quoque
2373 4835 2454 4896 ut,
2488 4825 2536 4883 si
2585 4827 2712 4898 quis
2741 4828 2885 4884 bona
2914 4829 3162 4900 ejusdem
3198 4829 3456 4886 Ecclesia:

1876 4918 2161 4988 diripiens,
2194 4931 2385 4988 pacem
2434 4926 2490 4973 et
2541 4918 2789 4976 instituta
2832 4920 3090 4979 Ecclesiae
3142 4921 3453 4993 infregerit,

1873 5007 2052 5079 gladio
2079 5005 2445 5062 anathematis
2467 5005 2714 5065 feriatur.
2744 5009 2800 5064 Si
2823 5011 2950 5081 quis
2971 5019 3152 5066 autem
3181 5011 3453 5081 ejusmodi

1871 5098 2157 5155 ecclesiam
2178 5098 2382 5153 intrare
2405 5101 3080 5171 praesumpserit,ecclesia
3105 5117 3134 5154 a
3168 5100 3454 5158 Dominico

1875 5199 2050 5247 cesset
2078 5190 2277 5257 oﬂicio,
2302 5189 2477 5247 donec
2511 5192 2725 5247 exierit.
2760 5192 2827 5247 Et
2855 5195 2902 5248 si
2930 5199 3043 5247 tota
3072 5194 3250 5262 patria
3274 5194 3443 5249 offen-

1871 5282 1948 5338 sis
2014 5282 2324 5352 aliquorum
2380 5281 2760 5351 inbanniatur,
2811 5283 3035 5339 remotis
3095 5284 3451 5340 saecularibus

1864 5374 2019 5430 laicis
2045 5373 2288 5430 Ecclesia
2322 5390 2432 5430 non
2471 5384 2668 5442 cesset,
2723 5374 2816 5430 sed
2844 5375 2947 5429 sub
2993 5375 3210 5430 silentio
3246 5384 3446 5430 cantet.

1869 5531 2086 5588 abbatia
2113 5530 2504 5613 canonicorum
2543 5531 2903 5613 regulariunm,
2930 5549 3073 5613 quae
3092 5534 3216 5589 dein
3265 5543 3445 5613 trans-

1868 5611 2077 5657 mutata
2117 5601 2219 5656 fuit
2266 5602 2322 5655 in
2363 5601 2756 5670 monasterium
2802 5601 3300 5670 Benedictinorum,
3344 5606 3447 5659 sub

1868 5673 2086 5727 abbatia
2128 5671 2502 5741 Atlligmiensi.
2561 5669 2709 5741 Vide,
2759 5671 2832 5729 lib
2873 5688 2893 5728 ι
2937 5673 3172 5746 Diplom.
3220 5669 3443 5745 Belgic.,

1869 5758 1988 5813 cap.
2017 5742 2089 5798 49
2112 5749 2167 5797 et
2191 5741 2280 5797 50.
2526 5764 2529 5767 -
