3946 6306
536 321 678 380 “59
1479 309 1898 368 WALTEBIUS
1932 292 2438 366 CABiLONENSlS
2473 308 2875 366 EPISCOPUS.
3628 308 3726 366 “ﬁt

530 428 649 487 Hoc
692 446 824 487 vero
879 429 1412 502 subtet'signatorum
1486 427 1804 484 testimonio
1868 424 2102 481 corrobo
2161 439 2202 485 .-\
2308 423 2365 479 8.
2407 423 2626 479 Reineri
2658 424 2727 479 de
2756 421 2963 477 Sancto
2990 421 3314 493 Sepulchro.

528 523 667 579 rari.
2299 512 2356 567 8.
2398 511 2612 567 Gofridi
2638 513 2705 567 de
2733 512 2885 566 Novo
2910 509 3171 567 Castello.

603 615 832 687 Signum
868 615 1092 671 meimet
1119 613 1325 670 Odonis
1350 612 1616 684 episcopi.
2299 604 2358 660 S.
2398 604 2699 676 Fregdonis
2726 603 2918 660 decani
2943 603 3186 675 ejusdem
3227 601 3433 657 altaris.

603 705 661 761 8.
703 707 915 775 Radulﬂ
948 708 1195 779 ejusdem
1229 707 1419 762 altaris
1447 702 1841 761 archidiaconi.
2298 695 2357 752 3-
2402 695 2629 768 chal‘di
2655 695 2722 751 de
2747 694 2947 763 Helles.

604 797 667 855 S.
702 797 908 855 Anselli
938 799 1334 856 archidiaconi.
2257 840 2260 871 ς
2298 788 2355 844 8.
2397 788 2604 844 Riberti
2629 789 2842 845 decani.

602 892 661 948 S.
701 893 993 951 Thedorici
1035 894 1427 951 archidiaconi.
2296 881 2354 937 S.
2395 880 2690 936 Alexandri
2719 881 2914 937 decani
2943 881 3010 936 de
3045 879 3162 936 Hal.

600 983 659 1040 S.
697 984 958 1042 Even-arm
980 986 1373 1043 archidiaconi.
2297 970 2354 1027 S.
2398 971 2440 1024 B
2475 971 2663 1027 rnardi
2686 971 2754 1025 de
2779 969 3029 1037 Waiseh,
3056 978 3111 1024 et
3144 969 3401 1026 Fulcardi
3423 967 3585 1023 fratris
3607 968 3685 1023 sui.

601 1075 661 1130 S.
703 1076 979 1132 Erleboldi
1010 1076 1312 1148 praepositi.
1572 1106 1575 1111 -
2298 1061 2360 1117 S.‘
2397 1061 2671 1118 Cunrardi
2701 1062 2895 1117 decani
2920 1062 2988 1118 de
3030 1048 3311 1116 Gaudava.

603 1163 662 1221 S.
702 1164 927 1221 Elebodi
960 1166 1172 1222 decani.
2298 1154 2399 1211 SS.
2438 1154 2706 1210 Meinardi
2742 1153 3038 1225 Tangradi,
3063 1152 3371 1208 Gommari.

1095 1254 1263 1327 Signa
1290 1253 1560 1308 abbatum.

603 1346 717 1418 Sig.
763 1346 994 1404 Gilberti
1022 1348 1089 1404 de
1115 1346 1333 1402 Eiham.
2297 1334 2495 1391 Actum
2547 1343 2630 1391 est
2685 1335 2789 1390 hoc
2838 1333 3122 1389 Cameraci
3181 1332 3236 1386 iu
3287 1329 3522 1402 synodo,
3570 1344 3618 1382 ut
3654 1327 3741 1381 llus

600 1437 660 1494 S.
703 1437 972 1495 Snellardi
1003 1440 1070 1495 de
1100 1438 1476 1496 Geraldmont.
2226 1426 2428 1494 Martii,
2458 1443 2605 1482 anno
2636 1424 2907 1482 incarnati
2932 1423 3097 1480 Verbi
3127 1422 3287 1493 illi,
3330 1422 3627 1493 praesulatus
3652 1434 3743 1473 vero

600 1528 659 1585 S.
696 1528 951 1586 Amboldi
981 1529 1051 1586 de
1077 1529 1359 1586 Gandavo.
2226 1520 2334 1575 mei
2362 1536 2461 1574 vn.

529 1620 3707 1659 ψ

1214 1694 1934 1829 APPENDIX
1983 1704 2421 1887 in.
2514 1661 3144 1817 ODONEM'

1683 1920 2626 2035 EXCEBPTA

633 2078 726 2143 Ex
757 2076 926 2141 libro
957 2076 1315 2152 Godefridi,
1349 2073 1691 2139 Remensis
1725 2072 2038 2153 magistri,
2072 2070 2178 2133 cui
2210 2068 2442 2132 titulus
2477 2091 2491 2130 :
2522 2068 2850 2130 Sommum
2880 2068 2954 2130 de
2982 2069 3195 2131 Odonc
3222 2072 3662 2137 Anreliancust’.

1634 2172 1913 2246 (Mum...
1946 2170 2170 2237 Annal.,
2202 2170 2272 2235 ν,
2300 2169 2440 2241 App.
2473 2183 2528 2239 p.
2558 2168 2712 2239 651.)
2774 2190 2775 2197 η

1956 2268 2342 2288 -ν--ν

524 2335 822 2393 Abdiderat
845 2338 1077 2394 celerem
1110 2339 1190 2395 sol
1217 2354 1425 2410 pronus
1447 2337 1501 2392 in
1531 2352 1752 2412 aequora
1787 2351 2013 2392 cursum
2154 2338 2196 2397 Β
2238 2340 2243 2345 ‘
2295 2330 2563 2401 Quodque
2603 2343 3004 2402 supervacuum
3031 2330 3156 2403 jure
3186 2343 3419 2390 vocetur
3448 2351 3632 2407 opus...

523 2517 712 2578 Astitit
734 2521 873 2592 Odo,
906 2539 1060 2580 meos
1088 2539 1348 2597 magnum
1370 2524 1539 2580 decus
1563 2524 1704 2579 inter
1733 2524 2008 2580 amicos...
2292 2511 2548 2568 Pluribus
2577 2512 2768 2567 laudat
2808 2513 2924 2584 ejus
2959 2530 3159 2581 tersus,
3189 2526 3301 2570 tum
3348 2527 3531 2573 narrat
3554 2520 3754 2590 quomodo

2102 2654 2117 2668 ,
2218 2607 2268 2661 ei
2297 2607 2352 2661 in
2375 2622 2557 2660 somno
2582 2606 2725 2660 visus
2760 2606 2943 2677 fuerit.

2224 2697 2465 2768 Denique
2504 2713 2591 2753 me
2628 2698 2848 2754 modico
2877 2699 3193 2769 speculatus
3218 2709 3489 2773 tempore,
3518 2703 3654 2757 sedit.

2292 2786 2357 2843 Et
2385 2788 2550 2843 tacita
2574 2788 2749 2860 tetigit
2778 2796 2997 2861 pectora
3032 2797 3224 2846 nostra
3271 2806 3468 2859 manu,

2221 2878 2397 2950 Atque
2424 2879 2501 2934 ait
2536 2898 2548 2934 :
2591 2878 2707 2936 Odo
2736 2890 2863 2936 tuus
2899 2882 3042 2936 subii
3074 2890 3168 2937 tua
3214 2892 3382 2949 tecta,
3407 2892 3604 2955 tuoque

454 2978 469 3051 ς
523 2977 697 3045 Quam
720 2994 895 3050 genus
916 2995 947 3034 a
975 2979 1214 3050 proavis,
1243 2988 1299 3036 et
1326 2980 1467 3036 linea
1496 2979 1780 3053 sanguinis
1809 2978 1904 3036 alti
2294 2970 2585 3027 Proximus
2620 2972 2859 3040 assideo,
2885 2974 2959 3028 mi
2987 2973 3303 3043 Godefride,
3329 2979 3525 3044 thoro;

602 2751 787 2806 Multis
817 2753 1008 2807 laudat
1036 2754 1152 2824 ejus
1178 2753 1347 2821 dotes,
1385 2760 1496 2806 tum
1521 2753 1588 2806 de
1614 2752 1727 2822 ejus
1760 2752 2009 2823 prosapia
2043 2751 2120 2805 sic

524 2842 868 2911 prosequitur
897 2856 917 2895 :

594 3068 787 3137 Ornat,
818 3068 889 3126 ab
909 3071 1162 3143 ingenuis
1191 3080 1302 3129 tota
1331 3072 1595 3128 trahenda
1620 3071 1772 3129 viris.

2234 3060 2338 3118 Sed
2369 3079 2471 3118 nec
2500 3072 2689 3119 vectus
2733 3081 2898 3136 equo,
2934 3082 3034 3123 nec
3065 3070 3250 3123 cerula
3304 3085 3409 3140 per
3442 3071 3572 3127 freta
3601 3070 3708 3133 vola,

521 3160 769 3231 Quorum
811 3179 900 3221 res
924 3173 1131 3235 gestas,
1160 3163 1367 3233 titulos,
1399 3180 1609 3235 pacem,
1639 3163 1862 3219 horrida
1886 3162 2046 3232 bella,
2298 3153 2408 3210 Nec
2439 3156 2668 3227 pedibus
2688 3158 2834 3223 veni,
2870 3158 3192 3216 labilibusve
3214 3163 3376 3218 rotis.

596 3250 873 3309 Flaveutis
907 3252 1119 3325 Ligeris
1149 3254 1294 3310 unda
1329 3254 1489 3309 silere
1519 3254 1727 3326 nequit.
2021 3268 2023 3270 ‘
2223 3248 2362 3301 Aera
2388 3263 2485 3317 per
2506 3264 2762 3316 vacuum,
2794 3265 3066 3320 suspenso
3096 3267 3331 3324 corpore
3354 3256 3570 3325 pennis,

522 3339 681 3398 Hunc
710 3360 875 3413 super
896 3344 1188 3400 innumero
1215 3344 1494 3417 fregerunt
1524 3346 1742 3425 agmine
1771 3357 1974 3417 castra,
2292 3339 2333 3393 Α
2358 3339 2581 3395 Cenabo
2613 3341 2800 3398 Remis
2827 3358 2912 3398 me
2936 3344 3074 3400 levis
3099 3361 3234 3400 aura
3260 3348 3460 3402 tulit...

601 3433 694 3488 Sic
730 3451 840 3505 qua
865 3434 1021 3492 fuere
1044 3437 1158 3493 suis
1181 3453 1315 3493 ausa
1342 3453 1540 3494 nocere
1566 3439 1718 3495 viris.

523 3514 681 3580 "uno
710 3542 875 3597 super
904 3528 1131 3584 hostiles
1166 3530 1337 3584 armis
1370 3537 1613 3586 stravere
1650 3539 1919 3599 catervas,
2288 3525 2463 3581 Multa
2488 3527 2639 3581 habet
2660 3527 2724 3591 de
2748 3527 3013 3583 desiderio
3038 3530 3421 3597 eunt‘videndi,
3445 3547 3545 3604 qua
3566 3530 3762 3585 adurit:

588 3613 745 3674 llunc
772 3634 936 3689 super
964 3619 1263 3677 indomitos
1283 3620 1579 3677 edomucre
1609 3620 1775 3678 viros.
2222 3620 2439 3675 venerit.
3434 3638 3439 3641 ·

522 3703 689 3764 Ortus
716 3709 785 3764 ah
812 3710 899 3765 bis
924 3712 1127 3781 atavis,
1157 3722 1211 3769 et
1233 3713 1302 3769 ab
1331 3713 1418 3770 his
1450 3714 1750 3785 majoribus
1781 3713 1918 3781 Odo,
2152 3701 2191 3757 C
2228 3709 2318 3765 Sic
2346 3725 2477 3782 ergo
2514 3725 2602 3765 me
2630 3710 2810 3766 ventis
2844 3710 3078 3767 credens
3105 3714 3158 3767 te
3181 3723 3431 3784 propter,
3456 3714 3638 3782 amice,

595 3797 901 3873 Contiguus
929 3804 1071 3859 caelo
1093 3804 1217 3875 jure
1241 3805 1507 3861 videndus
1537 3814 1672 3861 erat.
2291 3801 2410 3857 Non
2439 3786 2596 3856 ιίιίιυὶ
2618 3802 2816 3858 dubias
2845 3803 3116 3874 pendlllus
3151 3805 3231 3859 ire
3255 3807 3401 3863 vias.

523 3885 630 3944 Sed
655 3891 781 3947 licet
805 3902 859 3948 et
883 3895 1113 3966 generis
1127 3906 1304 3952 cesset
1335 3896 1676 3954 clarissimus
1702 3899 1835 3953 ordo
2222 3893 2291 3949 Et
2313 3894 2443 3964 quia
2469 3903 2654 3949 nostra
2676 3895 2772 3949 tibi
2793 3905 2919 3950 sunt
2951 3908 3168 3967 semper
3198 3899 3475 3968 opuscula
3500 3898 3660 3962 cordi,

595 3979 805 4039 Tantus
827 3993 880 4038 et
909 3986 976 4040 ad
1008 3986 1226 4042 laudem
1260 3988 1336 4042 nil
1358 3998 1615 4058 operetur
1640 3986 1835 4053 honor,
2291 3986 2402 4043 Nec
2428 3996 2557 4043 sunt
2580 3988 2809 4043 arbitrio
2842 3987 3177 4059 projicienda
3205 3999 3322 4045 tuo.

522 4067 732 4129 Sullicit
765 4075 969 4148 ingenii
1000 4078 1367 4148 liquidissima
1397 4095 1533 4133 vena
1560 4077 1838 4151 profundi,
2222 4079 2524 4134 Attulimus
2553 4080 2648 4150 qui
2676 4080 2817 4135 bella
2842 4082 2991 4136 canit
3018 4079 3256 4151 Trojana
3292 4078 3572 4151 libellum,

594 4162 663 4217 Et
690 4165 837 4233 quod
866 4181 925 4221 se
947 4165 1145 4223 infudit
1171 4178 1282 4224 tota
1312 4168 1552 4224 Minerva
1586 4169 1708 4226 sibi.
2293 4170 2467 4237 Quem
2499 4180 2555 4226 tu
2580 4187 2723 4243 saepe
2748 4171 2848 4226 tibi
2878 4186 2968 4229 me
3001 4174 3235 4231 recitare
3260 4174 3475 4231 facis...

521 4250 618 4308 Sic
647 4264 793 4311 certe
819 4257 1049 4314 deducta
1080 4261 1212 4316 mihi
1248 4278 1349 4319 sua
1375 4262 1617 4319 carmina
1647 4263 1805 4332 fiunt,
2225 4305 2239 4318 .
2320 4305 2333 4318 .
2412 4304 2427 4318 .
2512 4304 2526 4319 .
2607 4305 2622 4319 .
2702 4303 2716 4319 .
2805 4304 2819 4319 .
2902 4305 2916 4320 .
2997 4307 3012 4320 .
3093 4307 3106 4321 .
3154 4308 3202 4323 ..
3282 4308 3296 4322 .
3395 4305 3416 4323 .
3505 4308 3520 4321 .
3602 4306 3615 4317 .
3678 4303 3690 4316 .
3749 4298 3761 4312 ο

594 4344 666 4401 Ut
691 4348 736 4403 si
759 4349 884 4420 quis
907 4350 1067 4408 docili
1099 4355 1291 4426 pollice
1320 4356 1409 4411 (ila
1442 4357 1640 4426 trahat,
2294 4355 2450 4420 Orat,
2491 4365 2548 4409 ut
2608 4357 2791 4411 recitet
2830 4373 2949 4429 qua:
2997 4357 3062 4413 de
3107 4358 3244 4413 bello
3292 4358 3535 4431 Trojano
3578 4355 3766 4412 carui“

523 4434 610 4490 Nil
633 4437 741 4495 illic
775 4443 920 4515 quod
951 4438 1127 4501 corda
1160 4457 1369 4507 oneret.
1401 4449 1546 4519 quod
1571 4457 1870 4519 praagravet
1900 4464 2111 4513 aurem,
2223 4449 2482 4504 ediderat.

535 4535 652 4572 ε,
2396 4536 2461 4548 ,.
3282 4544 3285 4545 ,

1833 4675 2006 4719 ANNO
2051 4675 2286 4720 DOMINI
2331 4676 2442 4721 MC.

1400 4810 2870 4990 WALTERIUS

1142 5054 2223 5185 ‘CABILONENSIS
2328 5066 3141 5189 EPISCOPUS.

1203 5343 2022 5447 Δ’ΝΟΤΙΤΙΑ
2090 5350 2755 5445 HISTORI

1452 5351 2022 5447 ΟΤΙΤΙΑ
2090 5350 2997 5445 HISTORICA.

1534 5499 1728 5577 (Gallia
1760 5502 2061 5559 Christiana
2084 5520 2238 5569 nova,
2268 5513 2399 5558 tom.
2430 5503 2518 5568 IV,
2556 5519 2611 5574 p.
2638 5503 2789 5573 887.)

1925 5248 2395 5271 ὴ

1934 5598 2405 5613 ψ

590 5689 888 5751 Walter-jus
917 5704 1015 5744 seu
1044 5655 1354 5745 Cualterius
1393 5693 1447 5742 et
1481 5686 1759 5742 Walterus
1794 5691 1920 5754 post
1944 5682 2111 5739 diuti—
2142 5699 2187 5754 ί)
2213 5698 2378 5739 sensu
2407 5682 2613 5738 electus
2641 5691 2726 5738 est
2771 5680 3155 5738 Cabiloneasns
3197 5681 3493 5753 episcopus
3529 5698 3618 5737 an.
3644 5670 3767 5733 {880.

521 5792 654 5833 num
684 5777 1167 5847 interponttiﬁcium
1188 5819 1202 5846 ,
1239 5777 1459 5832 tandem
1486 5777 1730 5832 omnium
1762 5773 1903 5832 votis
1933 5782 1986 5829 et
2014 5789 2103 5828 as-
2216 5772 2513 5831 Electionis
2539 5773 2805 5844 chartam,
2836 5771 2965 5842 quia
2994 5778 3110 5826 tum
3145 5772 3217 5828 ob
3249 5774 3655 5842 antiquitatem,
3676 5774 3764 5821 tali
