3946 6306
538 274 564 328 1
577 271 680 329 165
1469 331 1472 334 ,
1551 264 1892 354 ινΑΙπιῑΙζί
1931 263 2096 320 631111]

2160 261 2427 320 )NENSIS
2461 263 2786 320 EPISCCPI.
3631 279 3718 340 1111

547 387 704 444 nensi
750 402 895 440 anno
929 385 1068 439 1105
1113 383 1254 439 idem
1304 381 1630 452 Nurgaadus
1680 386 1884 441 domno
1929 383 2141 456 ilugoui
2174 390 2214 445 Α
2246 382 2556 450 Stephanus
2577 383 2746 435 abbas
2778 400 2789 434 :
2831 379 3126 436 Walterius
3166 381 3494 440 dimccsauus
3518 389 3723 462 epirum:

538 477 782 534 Cluniaci
835 477 1016 532 abbati
1064 492 1162 546 pro
1203 475 1536 531 monasterio
1583 475 1643 529 B.
1689 476 2018 548 Magdalena:
2061 479 2129 533 de
2231 472 2447 526 (⁵011δὶ1Ῐί
2471 471 2748 537 εθηεοίυὸ,
2781 471 2948 526 Simul
2975 488 3103 526 cum
3133 474 3482 531 codimcesim
3503 494 3626 534 suam
3645 500 3723 553 μετ.

539 571 830 640 ρικηιινριιει
881 569 1224 624 conﬁrmavit
1271 568 1517 639 ejusdem
1561 568 1684 640 pagi
1733 570 2014 638 ecclesias,
2062 572 2130 626 de
2231 559 2524 627 lustravit;
2570 561 2817 615 occurrit
2849 561 3132 617 silvaticus
3157 563 3314 619 locus
3343 565 3408 619 ad
3449 565 3724 628 Grouamflr-

539 663 735 734 quibus
780 660 1109 716 Leotbaldus
1157 659 1482 730 Digunensis
1528 659 1676 714 litem
1709 661 1980 718 movebat.
2021 661 2124 716 Au.
2230 651 2401 718 Villi".
2435 651 2620 722 ibique
2647 667 2794 706 anno
2829 653 2968 706 1115
3013 653 3277 710 fundatur
3317 657 3724 729 CtBnOililttn,t‘jus-

539 747 674 806 “‘07
707 751 910 823 scripto
938 751 1234 820 diplnmatc
1270 749 1542 820 signiﬁcat
1591 749 1872 821 nugonem
1911 760 1966 806 ρι
2023 752 2126 808 sa-
2233 759 2340 814 que
2368 744 2600 800 ecclesia
2639 743 2693 798 in
2716 744 2985 800 honorem
3008 745 3104 801 Dei
3134 747 3416 818 genitricis
3437 748 3726 808 Mariaeatiai-

538 842 842 908 Iicherium,
868 857 933 896 ac
959 840 1252 894 Airardum
1280 836 1478 914 fratres
1508 837 1576 893 de
1608 837 1872 906 Marchia,
1895 840 2126 910 plurima
2233 837 2393 902 torio,
2450 837 2815 906 przeseutibus
2866 835 3176 893 Joceranno
3223 838 3451 910 Lingon.
3479 844 3728 916 ρτωεξιῖῌι

538 936 679 1006 apud
733 933 1003 998 Aluziam,
1057 932 1113 986 S.
1175 931 1410 986 Marcelli
1453 931 1708 987 emnobio
1763 933 2125 988 concessisse.
2229 925 2534 983 Gauderico
2584 944 2648 983 ac
2711 927 3002 984 Guilleimo
3055 931 3373 996 comitibus,
3423 933 3656 989 dedicatur
3688 955 3728 991 ιε

537 1016 907 1082 Subscribunt
943 1024 1232 1079 Jothalelus
1276 1023 1538 1090 decauus,
1571 1022 1966 1080 Gauceraunus
1992 1040 2124 1079 can-
2231 1019 2502 1075 Kalendas
2522 1020 2735 1076 Junias.
2765 1021 2918 1077 Novo
2948 1025 3202 1079 emnobio
3244 1023 3472 1079 inditum
3506 1038 3575 1082 est
3596 1028 3732 1083 firmi-

537 1129 642 1184 tor,
673 1129 780 1174 etc.
814 1117 1015 1173 Eodem
1059 1131 1206 1171 anno
1242 1115 1559 1170 nominatur
1607 1113 1810 1170 arbiter
1837 1131 1962 1170 cum
1985 1115 2129 1186 Lug-
2231 1109 2357 1165 tatis
2382 1125 2608 1177 nomen,
2636 1111 2784 1182 quod
2826 1120 2956 1167 tunc
2989 1113 3229 1182 primum
3281 1114 3736 1172 ﬁrmnlumetstabi-

536 1200 788 1266 dimensi
823 1209 1242 1280 metropolitano
1284 1207 1494 1262 dissidii
1541 1206 1678 1262 inter
1723 1207 2020 1264 canonicos
2067 1205 2124 1262 S.
2231 1202 2386 1258 litum
2417 1218 2539 1257 esse
2565 1203 2791 1272 coeperit
2816 1203 3738 1263 Cistercienscinstitutumcbamﬂ

541 1302 828 1370 Vinceulii,
891 1311 945 1357 et
993 1300 1322 1356 cathedralis
1369 1299 1432 1354 D.
1498 1299 1642 1352 Petri
1689 1298 2124 1356 Matisconensis.
2233 1293 2453 1350 lianeiu
2487 1295 2716 1364 gratiam
2743 1293 2801 1350 S.
2831 1295 3068 1352 Marcelli
3093 1297 3318 1368 scripsit
3358 1314 3497 1352 anno
3518 1302 3738 1369 sequenti:

535 1397 696 1452 Anno
731 1395 1030 1450 Dominica:
1073 1392 1344 1448 lncarnat.
1389 1391 1518 1444 1111
1563 1389 1858 1445 Walterius
1878 1387 2126 1444 Cabilon.
2236 1401 2254 1468 ς
2291 1381 2402 1453 Ego
2430 1381 2521 1438 Dei
2551 1383 2724 1455 gratia
2746 1383 3042 1443 Walterius
3093 1386 3346 1442 Cabilon.
3383 1389 3637 1460 episcopus
3657 1407 3740 1460 pcr-

535 1489 828 1558 episcopus
861 1496 914 1542 et
963 1485 1188 1540 Jarento
1229 1483 1574 1538 Diviouensis
1617 1482 1785 1537 abbas
1815 1483 2127 1536 societatem
2228 1485 2478 1530 ceterum
2511 1493 2760 1532 meorum
2785 1479 3004 1534 veniam
3041 1488 3094 1534 et
3136 1479 3338 1535 divium
3365 1482 3567 1550 pietatis
3591 1481 3741 1536 miseri-

534 1579 615 1632 sic
662 1579 802 1632 inter
849 1593 906 1631 se
950 1576 1211 1638 inierunt,
1247 1595 1264 1626 ‹
1311 1583 1369 1628 ut
1399 1590 1526 1629 eum
1560 1573 1741 1628 brevis
1767 1574 1832 1628 de
1861 1574 2128 1628 canonico
2229 1568 2472 1623 eordiam
2524 1569 2866 1636 desiderans,
2915 1571 3158 1627 concedo
3207 1570 3504 1626 Deo........
3531 1574 3587 1626 ad
3617 1575 3742 1628 locum

533 1669 884 1724 Cabiluucusi
931 1668 1136 1722 venerit
1169 1666 1476 1734 Divionem,
1500 1667 1584 1720 vel
1631 1667 1698 1721 de
1728 1667 1998 1721 monacho
2029 1665 2126 1719 Di-
2231 1657 2290 1716 S.
2324 1659 2561 1716 Marcelli
2592 1661 2840 1720 Cabilon.
2880 1663 3166 1719 ecclesiam
3213 1665 3280 1720 de
3305 1663 3504 1731 Bocns,
3528 1681 3632 1720 cum
3665 1681 3744 1719 om-

533 1759 783 1815 vionensi
811 1759 1022 1815 venerit
1051 1757 1399 1826 Cabilouum,
1433 1757 1618 1813 statim
1670 1773 1770 1828 pro
1799 1774 1865 1812 co
1895 1757 1986 1812 fiat
2017 1757 2130 1832 ple—
2164 1753 2207 1808 Β
2233 1751 2398 1808 nibus
2422 1753 2488 1808 ad
2519 1765 2640 1808 eam
2673 1755 3174 1825 pertinentibus.....‘
3209 1755 3438 1812 Factum
3467 1768 3543 1812 est
3566 1757 3612 1810 in
3631 1757 3744 1810 Cabi-

534 1851 751 1908 narium
775 1851 1011 1910 oﬂicium
1037 1853 1522 1919 mortuorum,boc
1543 1861 1628 1906 est
1649 1851 1830 1922 vigilia
1852 1859 1905 1906 et
1933 1851 2124 1918 missa,
2229 1843 2442 1899 Ιοῐιθηεὶ
2477 1845 2696 1901 CiVilalc
2725 1846 2778 1900 in
2822 1847 3064 1918 capilulo
3109 1849 3524 1914 canoniwﬂlm.
3559 1847 3747 1904 “"511-

533 1954 587 1998 et
615 1960 682 2000 eo
735 1943 825 1998 die
867 1944 1062 2000 habeat
1115 1945 1527 2014 praebendam...
1582 1943 1704 1998 Fiat
1757 1943 2022 2015 (insuper)
2069 1943 2125 1998 in
2226 1929 2452 1988 Οεῐοῦτο
2483 1949 2630 1990 anno
2655 1935 2723 1990 ab
2751 1933 3023 1992 lncarnat.
3055 1937 3212 1992 1114.
3251 1957 3270 1988 ι
3311 1937 3532 2009 Synodo
3569 1936 3746 1992 Treuer-

532 2035 870 2091 hcbdomada
899 2046 1022 2106 post
1061 2035 1404 2092 Dom'nicam
1441 2037 1632 2092 mediae
1679 2036 2125 2108 Quadragesima:
2228 2025 2438 2082 CiliCDSi
2481 2027 2728 2084 ίηῐθτῖυὶι
2765 2029 2923 2084 Hi5-
2975 2029 3266 2086 Concessit
3307 2031 3581 2087 canonicis
3615 2030 3751 2085 Sancti

531 2130 676 2200 apud
727 2139 992 2200 utrosque
1042 2145 1141 2199 pro
1203 2130 1452 2200 utrisque
1491 2131 1743 2201 generale
1789 2129 2026 2185 omcium
2071 2139 2127 2186 et,
2230 2117 2492 2190 Stephani
2535 2119 2912 2189 Divionensis,
2965 2138 3112 2178 anno
3151 2123 3312 2189 1117,
3361 2131 3424 2178 lli.
3475 2123 3674 2178 afﬁrmat
3709 2121 3748 2175 Π,

533 2221 720 2276 missa.
774 2219 1058 2277 Concessit
1106 2229 1367 2290 praeterea
1423 2220 1683 2291 praefatus
1721 2219 1809 2274 W.
1834 2208 2134 2292 cpiscopus
2226 2211 2367 2281 Finl,
2404 2213 2692 2269 ecclesiam
2719 2212 2777 2268 S.
2811 2211 3050 2282 Martini,
3077 2216 3353 2286 qna:.sita
3382 2226 3466 2270 est
3502 2215 3554 2270 in
3578 2212 3754 2285 locoqui

529 2313 713 2368 abbati
733 2312 784 2367 J.
813 2321 866 2368 et
889 2313 1147 2368 erunibus
1177 2312 1591 2380 successoribus
1622 2313 1741 2382 ejus
1766 2328 1930 2366 uuam
1957 2326 2126 2366 cano-
2226 2307 2388 2378 vulgo
2425 2307 2622 2360 Arcus‘
2649 2317 3016 2377 nuncupatur.
3070 2305 3358 2362 Refertlet
3408 2307 3656 2363 Perardus
3674 2308 3755 2375 ejus

533 2403 764 2467 nicalem
804 2404 1148 2474 praebendam
1173 2404 1439 2476 integram
1464 2413 1519 2458 et
1545 2403 1900 2460 cottidianam
1946 2402 1998 2456 in
2034 2417 2124 2457 ec-
2225 2399 2494 2465 chartam,
2534 2399 2630 2457 sed
2681 2397 2829 2453 nulla
2885 2399 3146 2469 temporis
3176 2408 3308 2454 nota
3344 2399 3756 2472 insignitam,qua

531 2494 696 2549 elesia
734 2494 791 2550 S.
815 2493 1106 2564 Vincentii,
1134 2512 1300 2566 quam
1333 2495 1475 2550 idem
1511 2495 1679 2554 abbas
1705 2493 1978 2550 concessit
2007 2509 2125 2548 mo-
2225 2489 2420 2544 iisdem
2447 2488 2726 2544 canonicis
2753 2489 3043 2545 ecclesiam
3072 2486 3139 2544 de
3165 2489 3451 2557 Bassiaco,
3499 2506 3645 2560 quam
3671 2491 3752 2558 jam

531 2588 710 2643 nacho
751 2587 1066 2644 Divionensi
1097 2589 1240 2659 apud
1270 2587 1328 2643 S.
1372 2587 1600 2644 Mariam
1629 2585 2030 2652 commanenti;
2071 2581 2126 2641 et
2225 2581 2486 2637 dederant
2525 2581 2772 2637 Acardus
2795 2590 2847 2637 et
2896 2581 3170 2638 Roclenus
3211 2583 3394 2654 ipsius
3425 2593 3757 2644 antecessons.

530 2687 591 2731 ut
619 2677 923 2732 monachus
945 2677 1086 2732 idem
1118 2677 1262 2748 apud
1289 2676 1345 2732 S.
1387 2676 1734 2732 Vincentium
1761 2676 2123 2746 septimanam
2225 2673 2514 2730 confirmat
2547 2683 2602 2729 et
2629 2675 2696 2730 de
2723 2689 2865 2730 novo
2885 2675 3158 2742 concedit,
3185 2691 3313 2730 cum
3345 2675 3572 2731 decimis
3593 2683 3638 2728 et
3654 2673 3759 2728 obh-

530 2767 714 2836 faciat,
761 2779 815 2824 et
869 2769 1216 2826 Divioneusis
1267 2771 1524 2838 ecclesia,
1557 2769 1916 2842 ele'cmosynze
1961 2769 2124 2840 hujus
2224 2765 2468 2822 tionibus
2517 2782 2582 2825 ac
2623 2767 2788 2822 etiam
2836 2783 2963 2822 cum
3009 2766 3285 2823 universis
3333 2767 3640 2838 appenditiis
3661 2765 3759 2826 suis,

531 2875 719 2927 causa,
751 2862 1103 2920 Cabilonensi
1145 2864 1390 2920 ecclesia:
1409 2874 1463 2920 et
1489 2865 1846 2934 corporaliter
1879 2873 1934 2920 et
1962 2865 2126 2936 spiri-
2225 2859 2436 2912 servitio
2459 2867 2638 2914 tamen
2671 2858 2920 2931 synodali
2942 2859 3047 2915 sibi
3070 2867 3374 2925 PCSOI‘ValO.
3400 2870 3510 2915 θιε-
3534 2857 3640 2912 Νοη
3663 2857 3762 2910 iiiis

530 2955 750 3009 tualiter
774 2971 875 3026 pro
900 2971 1062 3026 posse
1096 2956 1378 3012 servitium
1408 2957 1704 3028 impendat.
1741 2977 1758 3010 ι
2227 2954 2314 3007 tur
2341 2960 2471 3007 ante
2509 2969 2715 3007 annum
2764 2951 2900 3010 H20
2937 2962 3032 3008 aut
3055 2953 3220 3010 finem
3255 2953 3393 3008 1121
3448 2953 3586 3010 diem
3634 2959 3759 3005 extze-

604 3046 938 3104 Bernardiin
971 3045 1184 3102 Novum
1222 3045 1613 3103 Monasterium
1639 3049 1896 3115 adventu,
1921 3063 1986 3102 ac
2012 3029 2138 3102 vir-I
2225 3061 2376 3100 mum
2421 3045 2707 3112 clausisse,
2755 3045 3029 3117 siquidem
3078 3044 3388 3112 Jotsaldus,
3431 3060 3591 3116 quem
3614 3044 3660 3096 in
3681 3041 3742 3110 cpi

527 3148 705 3194 tutum
735 3139 1004 3210 exemplo,
1059 3139 1112 3194 in
1147 3149 1356 3195 tantum
1405 3149 1566 3196 aucta
1608 3149 1694 3196 est
1739 3139 2122 3196 Cisterciensis
2151 3135 2196 3196 C
2229 3146 2486 3208 scopatus
2534 3153 2911 3194 successorem
2955 3137 3179 3205 habuit,
3207 3153 3277 3193 cx
3307 3137 3478 3210 epist.
3509 3133 3697 3191 Callisti
3717 3128 3763 3196 li,

529 3229 754 3298 familia,
783 3240 842 3287 ut
861 3231 928 3286 de
953 3247 1094 3287 novo
1123 3233 1410 3288 condendo
1441 3233 1772 3288 monasterio
1797 3233 2119 3304 cogitaverit
2225 3230 2404 3286 adhuc
2427 3231 2669 3286 decanos
2683 3239 2821 3286 erat.

2621 3369 3745 3398 ..ι-Μ

1219 3497 1626 3604 FORMA
1695 3503 2419 3605 ELECTIONIS
2486 3511 3158 3610 \VALTERII.

1531 3683 1696 3757 (Call.
1733 3684 1933 3742 Christ.
1971 3701 2120 3754 nov.,
2153 3685 2222 3740 IV
2260 3673 2549 3754 lnStrum.,
2587 3701 2643 3757 p.
2671 3685 2824 3758 231.)

597 3803 800 3857 Auctor
828 3811 1030 3858 nostrae
1061 3801 1475 3873 redemptionis,
1507 3799 1836 3873 Unigenitus
1860 3800 2115 3858 altissimi
2223 3807 2371 3856 storc
2400 3807 2618 3870 patrum
2652 3799 3024 3864 commissam,
3058 3799 3225 3856 verbo
3249 3800 3525 3856 decorare
3548 3799 3718 3872 pariter
3733 3804 3766 3848 rt

526 3893 722 3961 Patris,
747 3894 872 3961 sibi,
891 3895 1148 3950 nimirum
1179 3903 1306 3949 ante
1333 3893 1499 3948 totius
1515 3895 1615 3949 aevi
1644 3893 1997 3963 principium,
2021 3908 2115 3947 co-
2221 3895 2472 3966 exemplo
2495 3895 2846 3962 studuerunt,
2873 3903 2935 3949 ut
2978 3895 3103 3950 licet
3131 3895 3334 3951 summi
3373 3893 3636 3966 pontiﬁcii
3661 3903 3764 3946 rere-

522 3996 760 4043 teternus
811 3996 866 4042 et
913 3985 1430 4054 consubstantialis,
1477 4001 1603 4040 cum
1635 3985 1749 4056 jam
1779 3984 2132 4054 plenitudine
2220 3988 2392 4043 vendo
2418 3997 2605 4044 essent
2633 3987 2909 4042 sublimati
2939 3987 3200 4054 culmine,
3227 3987 3333 4043 sibi
3368 3996 3562 4044 tamen
3591 3982 3770 4040 subditis

522 4081 786 4152 temporis
812 4081 1154 4146 adveniente,
1185 4079 1252 4135 de
1281 4080 1547 4134 crelorum
1598 4077 1852 4148 supernis
1881 4077 2114 4132 descen-
2219 4079 2481 4152 eligerent
2507 4079 2768 4151 prodesse
2797 4079 2980 4150 potius
3011 4095 3178 4150 quam
3211 4096 3486 4150 pneesse,
3511 4077 3764 4150 :equissiua

521 4173 678 4238 deus,
712 4172 990 4227 hominem
1039 4171 1312 4226 induisset
1356 4170 1408 4224 in
1463 4169 1644 4236 terris,
1694 4177 1908 4224 servata
1941 4167 1995 4240 in
2024 4183 2116 4222 as-
2221 4189 2316 4230 eos
2344 4181 2593 4244 regentes
2621 4188 2880 4238 censura,
2908 4181 2962 4227 et
2988 4173 3230 4228 discreto
3259 4174 3659 4230 moderamine.
3695 4166 3767 4218 fo-

523 4269 744 4332 sumpto
774 4259 996 4315 homine
1027 4258 1316 4330 majestate
1341 4257 1672 4325 divinitatis;
1720 4255 1948 4327 expletis
1989 4264 2081 4310 tan

2220 4283 2343 4322 rum
2374 4267 2419 4323 si
2449 4265 2670 4336 quando
2695 4275 2884 4324 contra
2913 4282 3112 4336 pravos
3141 4265 3499 4322 subditorum
3530 4279 3692 4320 mores
3710 4277 3764 4313 1r-

522 4355 647 4407 dem
676 4353 955 4420 omnibus,
982 4369 1106 4424 (Ιυίε
1152 4351 1418 4423 ἀθίρδίυε
1447 4359 1767 4422 susceptura
1798 4348 2113 4420 leum‘ali-
2219 4361 2308 4417 lus
2353 4361 2604 4432 exigebat
2653 4359 2998 4415 rectitudinis
3029 4359 3238 4415 moveri
3290 4359 3386 4413 illo
3443 4358 3678 4430 quolibet
3699 4353 3770 4406 fer-

521 4455 605 4502 ter
633 4445 1005 4515 humanitate.
1050 4445 1378 4502 nobilissimi
1407 4445 1648 4515 antiqua:
1673 4443 1807 4514 legis
1833 4457 2114 4514 praecones
2219 4467 2347 4507 vore
2374 4451 2734 4507 districtionis
2765 4469 2778 4504 ε
2810 4451 2882 4505 ita
2933 4451 2986 4505 in
3036 4451 3315 4506 mentibus
3366 4451 3596 4507 illorum
3644 4447 3768 4500 vinus

523 4537 778 4594 veridicis
825 4523 1192 4608 prtédixerant
1236 4537 1552 4603 valiciniis,
1623 4535 1878 4607 protinus
1925 4549 2112 4590 εθεΐοσ
2217 4543 2630 4611 custodiebatur
2657 4544 3116 4611 mansuetudinis,
3153 4559 3278 4598 cum
3312 4553 3536 4601 terrore
3567 4541 3770 4600 severita-

522 4639 725 4689 sanctte
749 4639 925 4688 status
953 4629 1209 4688 Ecclesiae
1236 4631 1403 4702 etrapit
1431 4630 1636 4700 ubique
1665 4636 1932 4684 terrarum
1957 4627 2080 4682 inno

2217 4637 2308 4704 tis,
2335 4646 2396 4692 ut
2425 4647 2479 4692 ct
2504 4637 2642 4692 iram
2690 4636 3055 4692 mansuetudo
3081 4637 3332 4692 c-rrndirct
3357 4637 3714 4694 discretionis,
3734 4639 3767 4683 et

522 4724 658 4792 vari,
687 4723 1067 4780 saluberrimis
1115 4723 1490 4793 apostolorum
1529 4720 1816 4787 doctrinis,
1847 4721 1958 4776 imo
1986 4736 2075 4776 ma

2211 4727 2459 4783 eamdem
2503 4727 3009 4792 mansuetudinem,
3075 4743 3144 4782 ne
3199 4727 3339 4782 forte
3399 4727 3769 4784 dissolverem.

523 4814 802 4886 gnitudine
829 4813 1095 4869 virtutum
1121 4822 1175 4868 et
1199 4813 1518 4870 excellentia
1542 4812 1846 4882 signorum,
1869 4826 1992 4881 qua:
2015 4825 2110 4880 per
2213 4820 2355 4875 idem
2391 4820 2541 4875 zelus
2589 4820 2914 4875 accenderet
2941 4820 3310 4876 discretionis.
3357 4819 3481 4876 Hos
3516 4821 3670 4891 igitur
3693 4827 3769 4868 tam

523 4924 611 4964 :os
638 4908 842 4963 mirum
873 4906 930 4961 in
959 4905 1180 4962 modum
1212 4907 1542 4978 operabatur
1569 4904 1767 4960 divina:
1795 4903 1969 4975 gratia
1991 4903 2108 4959 dis-
2215 4913 2526 4968 reverendae
2553 4913 2678 4968 vine
2706 4912 2918 4981 Patres,
2959 4922 3220 4984 tanquam
3253 4914 3621 4969 admirabiles
3650 4909 3772 4967 cal~

522 4999 876 5069 peusationis.
909 4998 1158 5067 Quorum
1200 4998 1452 5054 videlicet
1493 5013 1684 5064 sonus,
1727 4997 1886 5068 juxta
1915 4995 2106 5052 valici-
2217 5005 2318 5061 stis
2363 5004 2666 5076 disciplina:
2710 5021 2966 5061 censores
2991 5047 3007 5070 ,
3056 5022 3160 5060 nos
3207 5006 3452 5060 humiles
3490 5005 3591 5060 ﬁlii
3635 5015 3772 5058 sam-

523 5093 701 5148 ιιεηηίε
729 5093 1056 5164 ρι’ωεαείιιω
1086 5092 1254 5164 regis,
1306 5091 1362 5146 ill
1389 5107 1608 5147 omnem
1659 5100 1861 5147 terram
1891 5099 1975 5146 est
2002 5087 2128 5162 dif-2
2217 5105 2422 5153 sancta:
2444 5097 2640 5152 matris
2685 5095 2944 5152 Ecclesia:
2987 5095 3372 5152 Cabilonensis
3402 5095 3620 5151 imitari
3643 5090 3772 5163 petr-

522 5201 674 5241 uzsus
703 5205 718 5240 :
750 5185 886 5241 ﬁnes
913 5201 1134 5256 quoque
1159 5185 1310 5240 orbis
1341 5193 1500 5242 terra:
1526 5186 1691 5242 verba
1715 5199 1907 5240 eorum
1935 5199 2104 5254 pene-
2207 5188 2407 5244 simum
2439 5188 2741 5258 cupientes,
2788 5189 2860 5242 ob
2905 5189 2957 5244 id
3002 5190 3260 5255 maxime,
3307 5189 3586 5257 quoniam
3626 5181 3768 5238 cedria

523 5294 692 5334 .rasse
721 5279 1007 5349 profitetur
1033 5278 1216 5333 omnis
1240 5277 1720 5344 Christiﬁdelium
1761 5285 1958 5333 ccetus.
1993 5273 2106 5332 Hos
2206 5287 2408 5334 nostrae
2437 5279 2584 5334 sedis
2630 5279 2910 5344 cathedra,
2959 5277 3286 5349 jamdudum
3333 5278 3575 5348 prOprio
3599 5282 3771 5346 pasten'

522 5371 701 5439 .taque'
749 5383 1018 5436 summos,
1045 5375 1099 5423 et
1125 5367 1329 5424 electos
1363 5366 1604 5422 ccelestis
1631 5375 1916 5422 senatores
1945 5367 2106 5433 aulae,
2206 5371 2458 5437 viduata,
2483 5371 2656 5425 multa
2709 5379 2762 5426 et
2785 5370 3076 5426 innumera
3117 5375 3148 5425 a’
3198 5371 3510 5425 mundanis
3540 5362 3770 5440 potesne

523 5480 546 5516 :
568 5459 800 5531 vestigio
829 5459 1003 5515 secuti
1047 5459 1290 5530 insignes
1330 5470 1573 5524 rectores
1601 5457 1880 5526 Ecclesiae,
1910 5457 2005 5528 qui
2035 5458 2081 5512 ο]

2211 5464 2311 5520 bus
2335 5463 2538 5534 patitur
2565 5463 2634 5518 ad
2661 5478 2902 5532 prtescns
2935 5461 3350 5518 infestationum
3379 5463 3597 5532 probra
3620 5479 3636 5515 ι
3660 5471 3769 5514 ποθὶ-

523 5549 774 5610 iucatum
822 5549 960 5605 recti
1012 5549 1226 5606 itineris
1255 5551 1324 5606 ad
1357 5551 1578 5621 superni
1608 5550 1872 5621 palatium
1915 5549 2098 5618 Regis,
2209 5555 2363 5612 muni
2390 5570 2618 5611 assensu
2649 5563 2704 5609 et
2731 5555 2850 5624 pari
2877 5563 3006 5610 γοιο
3034 5555 3304 5626 elegimus
3327 5555 3636 5624 quemdam
3669 5551 3774 5618 (ἦρεν

518 5643 709 5698 .nerito
737 5640 912 5696 habiti
938 5649 1068 5695 sunt
1091 5641 1241 5710 digni
1269 5643 1586 5712 pontificum
1623 5642 1878 5714 insigniri
1904 5658 2100 5714 COgIlO—
2203 5647 2328 5703 dem
2358 5646 2616 5702 Ecclesia:
2646 5646 2776 5700 olim
2802 5647 3060 5702 clericum
3094 5655 3149 5702 et
3192 5646 3679 5712 archidiaconum,
3699 5655 3770 5696 no-

517 5729 678 5786 mine.
709 5729 790 5786 Ita
816 5729 1076 5785 nimirum
1101 5731 1433 5800 praelibatam
1467 5733 1765 5789 Ecclesiam
1807 5733 1910 5790 sibi
1943 5751 1972 5788 a
2001 5750 2097 5804 pa-
2203 5737 2348 5792 mine
2367 5735 2710 5803 Walterium,
2739 5736 2804 5792 ad
2833 5736 3049 5792 culmen
3077 5737 3343 5808 pontiﬁcii
3371 5725 3626 5808 pratfatee
