3946 6306
185 407 321 466 1163

1610 401 2026 457 DIPLOMATA.

3317 386 3458 466 1160

172 525 395 580 Christo
432 519 666 575 Domino
688 521 1028 591 disponente,
1065 516 1387 588 regendum,
1418 517 1765 588 cujusjuris-
1791 524 1842 581 Α
1872 516 2132 572 Ecclesia
2155 515 2681 586 Matiscensis,'cum
2714 521 3007 577 reverenda
3031 525 3294 599 concione
3314 527 3465 597 ejus-

172 613 402 670 dictioni
442 621 493 666 et
524 612 658 683 jugo
689 613 774 668 sui
813 611 1095 682 regiminis
1125 624 1247 677 nos,
1291 618 1648 679 nostrumque
1678 610 1761 663 lo-

164 723 293 762 cum
344 705 614 760 tradimus
661 704 1084 774 disponendum,
1133 702 1434 757 secundum
1485 717 1761 757 canonum

160 804 215 851 et
264 795 657 850 inconvulsum
711 794 877 849 totius
927 792 1182 848 Ecclesia
1241 792 1607 862 privilegium.
1663 789 1760 845 Est

154 888 389 957 quippe,
420 886 501 940 uti
532 886 584 941 in
611 895 866 957 promptu
899 886 1151 951 habetur,
1175 885 1425 956 generosi
1453 884 1758 939 stemmatis

151 973 426 1047 prosapia
459 986 632 1041 ortus,
664 977 862 1047 peritia
901 991 1011 1030 nou
1043 978 1204 1032 modo
1239 962 1529 1031 sacrarum
1550 975 1758 1053 litterae

152 1084 303 1135 rum,
334 1084 532 1122 verum
556 1078 609 1123 et
629 1070 1030 1123 mundanarum
1063 1068 1333 1123 industria
1361 1068 1540 1139 legum
1568 1067 1758 1122 admo-

146 1160 285 1215 dum
334 1160 613 1227 eruditus,
653 1148 896 1231 jejuniis,
931 1160 1151 1230 vigiliis,
1198 1168 1253 1215 et
1298 1159 1663 1224 orationibus,
1694 1176 1758 1216 ac

145 1252 378 1308 cunctis
429 1252 820 1307 misericordia
868 1252 1181 1322 insignitus,
1217 1251 1603 1320 probatissima
1635 1235 1755 1304 mo-L

142 1358 274 1397 rum
309 1343 608 1396 honestate
644 1342 968 1411 praclarus,
1016 1342 1265 1396 omnium
1292 1344 1552 1395 virtutum
1582 1349 1757 1394 matre

140 1433 494 1488 discretione
536 1433 901 1502 pulcherrime
950 1433 1275 1499 redimitus,
1336 1420 1756 1487 luculentisSimi

139 1525 313 1579 etiam
348 1524 584 1595 eloquii,
617 1535 671 1580 et
697 1526 941 1596 apprime
964 1526 1222 1593 disertus,
1247 1534 1512 1595 quantum
1535 1541 1754 1595 quoque

136 1616 416 1671 humana
446 1616 715 1688 fragilitas
742 1618 1070 1674 conditionis
1111 1618 1366 1684 admittit,
1404 1619 1552 1672 omni
1603 1618 1757 1672 boni-

135 1716 255 1762 tate
282 1719 487 1763 manet
513 1710 864 1779 conspicuus.
895 1709 1063 1780 Igitur
1088 1724 1187 1780 pro
1216 1718 1294 1764 tot
1321 1718 1375 1763 et
1404 1694 1572 1764 tantis
1595 1710 1755 1766 cccle-

138 1801 317 1855 Stium
348 1802 755 1857 charismatum
786 1803 967 1869 donis;
997 1803 1102 1857 sibi
1132 1818 1372 1873 superno
1393 1819 1619 1858 munere
1648 1805 1753 1859 col-

1867 607 1991 662 dcm
2018 609 2171 676 cleri,
2194 611 2390 666 annuit
2415 620 2469 667 et
2490 611 2634 668 favet
2663 613 2948 684 multiplici
2980 614 3186 683 favore,
3219 616 3274 671 in
3298 618 3461 676 laude

1866 699 2023 755 istius
2050 701 2327 758 canonica
2350 713 2550 760 nostra
2571 704 2858 762 electionis
2888 723 3114 777 sperans
3148 708 3203 762 in
3239 707 3330 765 Dei
3357 712 3464 765 mi-

1865 783 2186 859 sericordia,
2216 794 2317 849 sibi
2351 810 2574 866 suaque
2605 795 2862 852 Ecclesia
2902 790 3180 854 subveniri
3231 801 3286 855 in
3316 802 3458 856 cele-

1861 883 2112 939 bratione
2139 886 2262 942 talis
2307 896 2580 958 tantaque
2632 890 3013 946 ordinationis.
3060 890 3156 948 His
3187 892 3458 963 siquidem

1861 975 2077 1031 eximiis
2098 972 2213 1047 jam
2249 976 2377 1034 fatis
2415 978 2787 1049 pontiﬁcibus,
2825 991 3191 1037 annectuntur
3215 984 3459 1040 illustres

1859 1069 2236 1124 emnobiorum
2267 1079 2467 1139 patres,
2494 1071 2621 1126 huic
2659 1072 2905 1141 profecto
2940 1068 3194 1129 electioni
3216 1075 3357 1131 votis
3384 1075 3462 1130 fa-

1858 1167 2048 1213 ventes
2078 1159 2333 1214 omnibus
2364 1178 2376 1213 :
2402 1160 2542 1215 inter
2566 1177 2707 1231 quos
2729 1163 2987 1218 nimirum
3020 1174 3201 1220 exstat
3221 1166 3460 1222 domnus

1861 1249 2016 1321 [Iugo
2045 1251 2187 1306 sacri
2211 1253 2448 1307 canobii
2472 1252 2857 1310 Cluniacensis
2887 1256 3058 1311 abbas
3084 1273 3274 1312 revera
3311 1259 3455 1313 cele-

1824 1414 1825 1417 η
1859 1341 2155 1411 bet-rimus,
2186 1345 2461 1426 simulque
2482 1348 2827 1402 venerandus
2870 1348 2976 1403 loci
3002 1347 3456 1406 Trenorchiensis

1858 1444 2038 1490 rector
2078 1437 2315 1493 domnus
2364 1429 2578 1504 Petrus,
2632 1440 2932 1509 prasidens
2967 1432 3186 1512 quoque
3221 1443 3460 1500 abbatia

1857 1526 1918 1580 B.
1946 1526 2091 1582 Petri
2117 1527 2448 1597 Cabilonica
2488 1531 2642 1585 urbis
2672 1532 2910 1586 domnus
2962 1530 3307 1604 Raynardus,
3347 1550 3460 1590 una

1856 1633 1981 1671 cum
2035 1619 2345 1674 reverendis
2375 1628 3000 1697 patrumrutrorumquc
3042 1624 3287 1679 locorum
3318 1641 3457 1681 con-

1857 1710 2137 1777 cionibus,
2200 1712 2302 1766 sub
2365 1714 2686 1769 monastica
2731 1714 2986 1770 tirocinio
3036 1714 3339 1786 disciplina
3398 1718 3455 1773 in

1856 1801 2057 1857 Christi
2092 1803 2313 1858 nomine
2358 1804 2739 1860 militantibus.
2769 1805 2875 1872 Qui
2916 1822 3107 1862 omnes
3133 1809 3324 1878 procul
3353 1810 3456 1863 du-

136 1893 290 1960 lat'is,
326 1890 579 1965 Spiritus
625 1895 795 1950 sancti
846 1905 1175 1965 cooperante
1217 1896 1391 1967 gratia
1437 1896 1656 1967 eligitur
1683 1897 1750 1951 ad
1785 1885 1827 1944 Β
1855 1891 1966 1959 hic,
1998 1901 2111 1949 toto
2135 1896 2334 1950 aunisu
2367 1896 2569 1951 mentis
2612 1896 2791 1951 idonei
2839 1898 3079 1954 existunt
3101 1908 3374 1966 auctores,
3399 1908 3455 1955 et

136 1981 367 2041 culmen
402 1987 571 2041 ollicii
601 1988 910 2058 pastoralis,
952 2002 1063 2042 non
1094 1987 1273 2043 solum
1304 2004 1335 2042 a
1382 1988 1542 2043 nobis
1581 1988 1755 2059 prali—

134 2079 283 2135 bata
314 2079 586 2136 Ecclesia
632 2080 778 2147 filiis,
818 2097 1009 2136 verum
1036 2080 1202 2136 etiam
1239 2099 1270 2137 a
1299 2082 1526 2136 diversa
1570 2082 1755 2137 condi-

135 2171 312 2227 tionis
333 2172 503 2241 plebe
531 2172 877 2228 cohabitante
906 2173 1048 2227 intra
1073 2182 1127 2228 et
1148 2182 1303 2228 extra
1325 2181 1527 2229 nostra
1548 2174 1752 2229 moenia

136 2261 332 2329 urbis,
383 2279 560 2333 quam
615 2264 969 2335 prosequitur
1017 2265 1182 2320 etiam
1230 2266 1517 2320 innumera
1566 2265 1753 2336 populi

136 2352 452 2408 multitudo
485 2355 849 2424 adiacentium
900 2355 1220 2426 regionum,
1270 2355 1473 2411 diversi
1503 2371 1669 2411 sexus
1699 2364 1754 2411 et

135 2445 339 2500 atatis.
401 2444 516 2512 Qui
563 2462 758 2502 omnes
798 2447 1003 2517 pariter
1050 2447 1260 2502 intimis
1322 2448 1749 2518 praeordiorum

137 2535 466 2605 affectibus,
509 2549 564 2593 et
611 2539 1005 2608 multiplicibus
1049 2540 1345 2612 efﬂagitant
1380 2540 1542 2608 votis,
1589 2526 1750 2596 istius

136 2629 317 2685 nostri
349 2630 515 2685 electi
547 2646 859 2701 personam,
892 2630 1018 2686 Jcsu
1044 2641 1319 2687 annuente
1347 2632 1601 2700 Domino,
1626 2635 1752 2689 sub-

134 2718 321 2775 limari
381 2721 559 2776 infula
602 2723 897 2794 pontificali
936 2723 1266 2779 Cabilonica
1296 2725 1459 2780 sedis.
1502 2725 1751 2797 Plerique

137 2811 305 2867 etiam
331 2814 605 2881 illustres,
639 2824 693 2870 et
734 2816 1059 2886 pranobiles
1107 2817 1466 2872 ecclesiarum
1522 2817 1617 2873 Dei
1656 2835 1745 2874 re-

136 2911 324 2958 ctores
372 2904 626 2975 existunt
671 2921 893 2976 quoque
930 2907 1160 2978 legitimi
1190 2907 1430 2963 fautores
1460 2908 1620 2963 istius
1642 2923 1745 2962 no-

134 3003 265 3050 stra
292 2996 611 3053 electionis.
658 2996 938 3064 Videlicet
969 2999 1225 3055 dominus
1248 3055 1251 3057 ,
1275 2999 1545 3055 Gihuinus
1567 3001 1749 3067 archi:

132 3090 340 3159 prasul
384 3091 629 3147 eximius
657 3102 1020 3148 sacrosancta
1034 3092 1311 3159 cathedra
1327 3092 1742 3163 Lugdunensis;

133 3179 404 3238 dominus
434 3184 599 3238 etiam
628 3184 841 3255 Agano,
879 3185 1107 3240 antistes
1140 3185 1484 3240 venerandus
1504 3185 1746 3240 ecclesia
1774 3209 1788 3255 ,-

112 3270 480 3341 .Heduensis,
512 3291 620 3331 una
650 3292 775 3330 cum
820 3276 1133 3332 reverendis
1178 3276 1430 3342 cmtihus,
1462 3284 1741 3331 utrorum-

129 3379 242 3434 que
281 3366 585 3438 regimini,
637 3367 844 3424 Christi
898 3348 1121 3423 Domini
1169 3368 1343 3440 gratia
1404 3367 1741 3438 providente,

126 3448 489 3515 commissis.
542 3457 852 3532 Religiosus
895 3460 1059 3515 etiam
1102 3460 1302 3529 prasul
1340 3458 1399 3515 D.
1445 3458 1746 3513 Laudricus

879 3635 1098 3647 ...ι-

1852 1983 2079 2056 legitimi
2116 1986 2562 2043 corroboratores
2592 1988 2760 2042 totius
2785 1989 3087 2067 electionis.
3143 1989 3199 2045 S.
3233 1990 3455 2046 Gausle—

1854 2075 1909 2129 ni
1935 2077 2126 2132 matris
2150 2088 2352 2134 nostra
2383 2080 2630 2135 ecclesia
2660 2080 2874 2148 decani,
2902 2070 2984 2137 ’8.
3030 2083 3293 2138 Almarici
3319 2083 3453 2138 Lin-

1853 2169 2110 2239 gonensis
2140 2170 2284 2237 dec.,
2328 2169 2385 2225 S.
2428 2171 2691 2227 Gotselmi
2748 2166 3070 2241 archidiac.,
3119 2174 3176 2229 8.
3206 2173 3453 2246 Hugonis

1852 2259 2153 2328 Portensis,
2204 2260 2261 2316 S.
2307 2261 2627 2335 Engilberti,
2658 2263 2715 2318 8.
2769 2264 3049 2331 Gaufredi,
3104 2265 3161 2320 S.
3191 2265 3451 2321 Laudrici

1854 2353 2221 2433 archipresb.,
2250 2354 2309 2409 S.
2332 2353 2628 2424 Cuillelmi,
2659 2355 2716 2412 8,
2743 2356 2908 2424 Petri,
2937 2356 2994 2412 8.
3013 2357 3216 2425 Caroli,
3241 2356 3298 2413 8.
3325 2358 3453 2413 Ber-

1854 2447 2030 2513 nardi,
2056 2445 2117 2500 S.
2154 2445 2397 2513 Roherti,
2430 2447 2488 2502 8.
2532 2448 2829 2516 Lamberti,
2861 2448 2920 2504 8.
2946 2448 3213 2520 Hugonis,
3259 2449 3316 2504 S.
3346 2449 3451 2506 Le-

1852 2538 1991 2593 tardi
2023 2538 2643 2610 archipresbyterorum,
2674 2539 2731 2595 8.
2768 2540 2854 2595 W.
2886 2539 3205 2608 Vernensis,
3242 2551 3296 2596 et
3325 2558 3447 2596 ma-

1849 2631 1949 2686 tris
1980 2632 2099 2702 ejus
2149 2630 2445 2700 Adelaidis,
2489 2632 2546 2687 S.
2585 2630 2848 2687 Valtherii
2892 2616 3200 2699 Neblelisis,
3229 2632 3286 2687 S.
3316 2633 3447 2687 Dal-

1851 2724 2012 2780 inasii
2053 2726 2120 2781 de
2163 2725 2410 2792 Giniaco,
2446 2724 2505 2780 8.
2551 2725 2817 2781 Bel-nardi
2844 2726 2911 2801 de
2954 2725 3141 2792 Porla,
3168 2724 3225 2780 S.
3261 2724 3450 2781 Gotse—

1850 2818 2033 2884 ranni,
2084 2826 2138 2873 et
2178 2817 2381 2873 ldmari
2441 2804 2628 2874 fratris
2678 2819 2819 2889 ejus,
2871 2817 2929 2873 8.
2984 2817 3229 2873 Duranni
3274 2817 3450 2872 archi-

1848 2910 2057 2979 presb.,
2090 2909 2147 2965 8.
2173 2910 2453 2976 Ademari,
2473 2909 2530 2966 8.
2559 2910 2803 2978 Roberti,
2831 2909 2887 2965 S.
2920 2909 3170 2965 Jotsaldi.
3202 2910 3337 2963 Acta
3364 2916 3452 2963 est

1849 2999 1967 3054 hac
2011 2999 2385 3055 ecclesiastica
2427 3010 2480 3055 et
2533 3001 2804 3071 generalis
2852 3002 3045 3076 electio
3086 3017 3232 3054 anno
3258 2999 3448 3055 lucar-

1849 3090 1962 3143 nati
1988 3091 2251 3161 unigeniti
2286 3090 2450 3145 Verbi
2478 3090 2617 3144 1080
2644 3075 3180 3167 ριιωείᾱρηιθράἰνίιηι
3209 3090 3450 3159 disposi-

1850 3180 1997 3235 tione
2026 3180 2288 3237 Romana
2325 3182 2440 3237 sedi
2470 3181 2930 3237 excellentissimo
2971 3168 3115 3257 papa
3147 3179 3443 3251 Gregorio:

1850 3282 2065 3341 sceptra
2088 3288 2307 3342 quoque
2330 3273 2650 3329 moderante
2680 3273 2833 3342 regni
2876 3271 3226 3327 nobilissimo
3254 3284 3445 3341 regum

1850 3364 2138 3436 Philippo;
2171 3366 2458 3420 consulatu
2485 3363 2817 3420 Cabilonica
2840 3364 2993 3419 urbis
3028 3371 3159 3418 tunc
3185 3360 3447 3431 temporis

1854 3467 2107 3512 manente
2130 3459 2337 3528 absque
2367 3466 2582 3512 terreno
2610 3456 2877 3527 principe.

1925 3622 3408 3648 W

946 3802 1672 3923 WALTERII
1752 3780 2631 3919 DiPLOMATA.

1081 4022 1245 4097 (σηη.
1278 4023 1472 4078 Christ.
1505 4036 1657 4087 uov.,
1681 4021 1773 4088 1V,
1796 4022 2074 4091 lustrum.,
2107 4042 2159 4097 p.
2200 4026 2297 4081 23!
2334 4042 2465 4096 seqq
2495 4026 2514 4095 )

1616 4182 1952 4194 .———-.'.

100 4453 335 4514 Charta
369 4449 631 4507 W’alterii
661 4445 1026 4504 Cabilonensis
1048 4444 1283 4514 episcopi
1298 4443 1361 4496 de
1387 4441 1741 4514 acquisitioue

131 4511 136 4544 ί
174 4526 379 4588 partis
444 4522 728 4576 comitatus
770 4511 1137 4573 Cabilonenztis
1169 4511 1499 4568 ἁδανενίεο
1549 4511 1739 4565 comite

175 4591 578 4653 Cabilonensi.

632 4678 809 4751 (Circa
842 4693 1047 4733 annum
1074 4675 1256 4745 1096.)

172 4802 238 4855 In
278 4796 530 4854 nomine
551 4808 782 4851 summa
809 4801 863 4846 et
888 4789 1183 4847 individua
1205 4787 1510 4853 Trinitatis,
1534 4786 1734 4853 Patris,

86 4905 148 4949 et
184 4893 363 4959 Filii,
395 4900 453 4945 et
484 4890 721 4960 Spiritus
749 4886 945 4952 sancti,
976 4901 1156 4940 amen.
1186 4883 1454 4950 Quoniam
1483 4884 1739 4938 humana

82 4995 342 5041 mentes
385 4982 596 5037 erroris
624 4980 708 5036 sui
737 4962 970 5048 caligine
1000 4992 1393 5047 nonnunquam
1435 4976 1548 5031 veri
1577 4985 1738 5032 notas

83 5078 424 5139 amittunt,
473 5073 568 5126 sed
597 5080 652 5126 et
680 5071 985 5124 hominum
1018 5068 1163 5124 dicta
1214 5068 1298 5122 vel
1328 5067 1471 5123 facta
1493 5077 1736 5123 vetustas

81 5174 163 5227 ab
198 5174 484 5226 humana
515 5166 777 5221 memoria
808 5165 1025 5220 abolere
1054 5163 1211 5229 solet,
1251 5161 1496 5231 nihilque
1523 5161 1738 5216 illitera-

84 5274 220 5318 tum
283 5263 354 5316 in
413 5261 671 5314 diuturna
716 5257 1029 5329 cognitione
1062 5255 1326 5321 habetur;
1380 5253 1586 5308 idcirco
1635 5268 1736 5325 ego

84 5336 444 5409 \Valterius
470 5348 852 5421 Cabilonensis
880 5345 1137 5402 Ecclesia
1171 5343 1459 5414 episcopus
1490 5357 1733 5397 conven—

77 5446 359 5507 tionem,
415 5457 576 5512 quam
614 5455 715 5511 ego
742 5447 797 5494 et
835 5437 1085 5494 canonici
1126 5435 1302 5493 nostri
1320 5440 1451 5491 cum
1480 5434 1735 5489 Saverico

75 5532 492 5591 Cabilonensi
536 5531 733 5586 comite
779 5528 1094 5594 habuimus,
1134 5527 1331 5583 litteris
1370 5534 1423 5582 et
1457 5526 1734 5607 memoria

76 5624 409 5679 mandare
445 5617 741 5693 [mandari]
776 5619 984 5674 curavi.
1020 5617 1222 5672 Notum
1245 5618 1337 5684 isit
1367 5616 1531 5688 igitur
1553 5616 1733 5671 omni-

75 5716 202 5771 bus
236 5726 379 5770 tam
409 5712 640 5780 posteris
665 5726 831 5781 quam
867 5709 1248 5780 prasentihus,
1279 5710 1430 5780 quia,
1461 5726 1573 5780 quo
1601 5718 1732 5763 tem~

76 5825 234 5863 nare
274 5804 597 5860 Gaufri-lus
625 5804 691 5859 de
732 5803 1007 5859 Dunziaco
1041 5789 1724 5868 Hierosolvmain'tendcre

1775 4329 1820 4387 D
1849 4326 2024 4392 vellet,
2048 4327 2144 4397 qui
2190 4335 2398 4388 partem
2453 4328 2686 4383 mediam
2739 4327 3034 4385 comitatus
3058 4322 3444 4407 Cabilonensis

1843 4418 2179 4488 possidebat,
2230 4435 2393 4489 quem
2440 4435 2566 4474 cum
2608 4419 2845 4476 Widonc
2871 4421 2939 4476 de
2982 4420 3210 4494 Tyhara
3240 4421 3339 4495 [aL
3371 4424 3441 4479 de

1844 4510 2033 4583 Thies]
2073 4510 2308 4582 partitus
2358 4510 2554 4578 fuerat,
2582 4521 2793 4583 partem
2836 4527 2994 4567 suam
3024 4513 3318 4569 comitatus
3339 4529 3438 4568 su-

1841 4607 2071 4679 pradicti
2105 4606 2204 4678 [aL
2248 4606 2586 4679 supradicto]
2617 4607 2821 4661 domno
2877 4605 3137 4664 Saverico
3163 4608 3439 4664 avunculo

1842 4716 1945 4756 suo
1969 4700 2203 4755 vendere
2234 4699 2534 4769 disposuit.
2581 4697 2744 4754 Venit
2788 4699 2957 4772 igitur
2988 4699 3056 4755 ad
3087 4714 3190 4755 nos
3213 4697 3436 4753 Saveri-

1841 4810 1940 4850 cus
1969 4809 2093 4849 cum
2123 4807 2293 4847 uxore
2331 4807 2453 4857 sua,
2475 4808 2678 4863 rogans
2704 4803 2766 4847 ut
2784 4802 2994 4863 partem
3025 4792 3199 4863 ipsius
3231 4791 3436 4846 medie-

1840 4887 1989 4953 tatis,
2013 4901 2178 4956 quam
2202 4885 2434 4950 emebat,
2477 4885 2546 4939 ah
2576 4900 2635 4941 se
2666 4885 2720 4939 in
2761 4885 2921 4940 vadio
2958 4885 3347 4954 reciperemus,
3381 4889 3437 4936 et

1840 4977 2019 5047 ipsum
2065 4977 2133 5031 de
2167 4976 2396 5046 pecunia
2432 4991 2599 5045 quam
2648 4976 2914 5042 solvebat,
2949 4975 3290 5045 juvaremus.
3322 4970 3434 5027 Nos

1840 5080 2024 5127 autem
2047 5087 2110 5126 ca
2137 5069 2344 5126 inducti
2368 5086 2485 5141 spe,
2532 5070 2797 5126 ducentas
2826 5070 3019 5143 uncias
3057 5067 3175 5121 auri
3200 5065 3435 5135 purissi-

1838 5163 1935 5231 mi,
1964 5179 2200 5234 quarum
2248 5163 2479 5234 singula
2509 5163 2670 5234 pretii
2717 5161 3080 5234 quadraginta
3127 5159 3431 5213 solidorum

1839 5252 2074 5319 fuerant,
2103 5253 2170 5308 de
2197 5262 2435 5321 moneta,
2463 5253 2622 5324 cujus
2650 5253 2829 5308 media
2856 5267 2985 5321 pars
3012 5258 3267 5323 argentea
3292 5259 3430 5315 erat,

1838 5358 2004 5412 quam
2051 5347 2153 5397 nos
2197 5341 2264 5397 de
2314 5343 2501 5398 tabula
2546 5342 2722 5398 sancti
2768 5339 3428 5406 Vincentiicorrasimus,

1836 5429 2043 5488 domno
2072 5433 2327 5489 Saverico
2350 5434 2909 5500 accommodavimus,
2941 5441 2995 5487 et
3018 5432 3259 5497 radium,
3284 5430 3433 5502 quod

1836 5526 1997 5581 nobis
2017 5525 2298 5593 offerebat,
2323 5528 2394 5583 ab
2428 5528 2548 5597 ipso
2594 5526 2927 5595 recepimus,
2967 5541 3031 5580 ea
3065 5525 3314 5580 videlicet
3341 5539 3433 5578 ra-

1838 5618 2006 5684 tione,
2058 5628 2118 5673 ut
2162 5619 2395 5673 ecclesia
2439 5617 2610 5673 sancti
2638 5616 2912 5672 Vineentii
2956 5617 3268 5672 reddituum
3314 5624 3430 5669 tam

1830 5710 2107 5780 justorum
2125 5727 2290 5781 quam
2322 5710 2654 5780 iniustorum
2680 5710 2749 5766 ad
2776 5717 2989 5780 partem
3019 5707 3269 5764 Gaufridi
3311 5706 3429 5762 sive

1837 5802 2079 5860 Saverici
2105 5804 2442 5861 successoris
2472 5804 2558 5860 sui
2585 5804 2973 5867 pertinentium
3000 5801 3346 5859 medietatem
3369 5801 3429 5857 in
