3994 6416
505 411 652 490 ,ηδτ

1525 395 1870 455 WALTEllil
1909 389 2411 449 (iABlLONE-NSIS
2448 387 2758 444 EPISCOPI

3663 383 3724 437 Η
3737 383 3802 438 38

501 541 646 602 pace
672 523 948 596 possideat
969 519 1113 575 infra
1153 517 1288 572 istas
1320 511 1758 594 terminationes,
1781 524 1812 563 a
1841 503 2100 563 crucibus
2127 507 2174 568 Λ
2203 500 2522 558 monasterii
2542 499 2796 602 .oliicinas
2816 493 3232 561 construendas,
3263 495 3332 598 ad
3355 493 3630 602 arandum

503 599 666 688 ,trans
693 615 750 670 S.
782 612 1022 668 Marcelli
1050 611 1234 665 villam
1258 603 1571 663 constitutis
1596 615 1772 672 usque
1791 599 1859 654 ad
1881 605 2098 688 portum

513 693 666 774 Luci,
715 702 857 761 sicut
888 703 1092 758 Falieta
1119 695 1592 773 [Talieta]delluit
1648 709 1680 748 a
1727 700 1893 762 ponte
1926 687 2100 744 Diroli

499 777 751 873 :[Doreti'I
801 811 978 866 usque
1031 793 1100 849 ad
1147 799 1366 863 pontem
1411 782 1844 856 Campifcrrcoli,
1874 791 1926 836 ct
1960 780 2104 835 sicut

515 899 624 944 tnta
665 897 810 943 terra
833 887 925 942 illa
947 884 1292 956 protenditur
1313 895 1485 952 usque
1505 879 1572 933 ad
1600 877 1903 940 Forestam,
1937 888 2101 944 quam

515 979 888 1034 ranonicalcm
913 975 1010 1048 [ιιι.
1038 970 1387 1043 canonicam]
1412 970 1662 1024 Vabriam
1684 973 1904 1031 vocant,
1931 979 2104 1035 usque

514 1073 582 1126 ad
607 1069 896 1140 [it-tedictas
943 1081 1156 1132 cruces,
1199 1072 1390 1134 praeter
1441 1067 1756 1116 casamenta
1788 1056 2023 1111 militum
2051 1063 2106 1110 ct

505 1142 854 1216 icastelletum
896 1169 1061 1230 atque
1101 1159 1250 1228 ipsos
1274 1170 1413 1226 quos
1433 1153 1597 1208 habet
1621 1152 1676 1205 in
1716 1148 1960 1205 dominio
1989 1163 2106 1202 ser-

515 1257 747 1319 vientes,
773 1260 826 1306 et
859 1260 1054 1322 pr:eter
1076 1257 1331 1318 capturas
1360 1245 1501 1309 illas,
1525 1258 1667 1314 quas
1702 1241 1755 1295 in
1788 1239 1954 1295 rebus
1985 1253 2104 1292 mo-

523 1347 826 1401 nachorum
853 1342 1097 1398 ecclesia:
1127 1339 1317 1395 Sancti
1346 1337 1582 1392 Marcelli
1617 1335 1767 1406 juste
1785 1333 1872 1389 vel
1908 1332 2107 1402 injuste

514 1422 728 1492 fecerit.
759 1435 875 1505 Ipse
928 1435 1092 1489 etiam
1133 1430 1424 1486 Savericus
1467 1427 1780 1484 exactiones
1817 1438 2006 1479 clunes
2044 1437 2108 1477 ac

526 1527 950 1582 consuetudines
983 1524 1163 1595 justas
1208 1522 1292 1576 vel
1341 1520 1577 1590 injustas
1617 1533 1757 1588 quas
1797 1531 1857 1572 se
1895 1514 2110 1568 dicebat

515 1614 720 1673 habere
778 1619 831 1670 in
869 1617 994 1671 villa
1025 1615 1199 1670 sancti
1239 1611 1434 1669 lsidori
1457 1618 1512 1665 et
1541 1610 1595 1664 in
1627 1607 1852 1663 Gemula
1887 1616 1940 1660 et
1963 1606 2109 1676 ipsa-

519 1715 644 1764 rum
669 1709 920 1762 villarum
951 1705 1280 1778 appenditiis
1308 1720 1377 1759 ex
1401 1711 1514 1758 toto
1548 1700 1813 1771 Wcrpivit
1830 1709 1884 1754 et
1913 1698 2112 1752 condo-

505 1801 688 1856 ‘narit.
730 1799 787 1853 lu
820 1798 972 1854 curia
1004 1813 1134 1853 vero
1160 1796 1258 1869 [αι.
1289 1793 1500 1866 tamen]
1527 1792 1714 1847 Sancti
1743 1790 1937 1846 lsidori
1968 1789 2110 1844 redi-

520 1905 634 1949 tum
674 1907 834 1946 suum
861 1889 1106 1957 retinuit,
1139 1905 1204 1944 eo
1234 1897 1394 1959 pacto
1427 1895 1488 1942 ut
1513 1885 1808 1941 canonicos
1841 1883 1926 1939 vel
1950 1881 2116 1936 rusti-

519 2001 614 2040 cos
637 1997 828 2038 eorum
863 1999 968 2036 non
998 1989 1270 2053 gravaret,
1317 1989 1372 2036 et
1418 1979 1565 2050 quod
1604 1977 1729 2032 inde
1761 1975 1992 2031 solidam
2019 1991 2115 2045 pa-

522 2091 638 2127 cem
689 2082 743 2127 ct
789 2071 1000 2126 firmam
1045 2070 1396 2126 Cabiloneusi
1428 2068 1685 2125 Ecclesia:
1715 2075 1943 2132 teneret,
1973 2081 2112 2138 pra:-

522 2175 674 2221 scntc
707 2165 910 2219 domno
937 2161 1256 2218 Goeeranno
1303 2160 1401 2236 [aL
1434 2159 1766 2231 .loceranno]
1807 2157 2116 2229 Lingoncn-

525 2257 668 2312 sium
700 2255 960 2325 episcopo
989 2262 1042 2308 et
1069 2252 1308 2308 Falconc
1329 2252 1396 2306 de
1433 2251 1637 2308 Reio..e
1662 2250 1759 2322 lat.
1792 2249 2028 2305 Fulconc
2047 2248 2115 2303 de

522 2350 733 2422 Reeue]
763 2358 818 2406 et
846 2348 1071 2415 llugonc
1097 2347 1380 2419 Bajacensi
1411 2343 1776 2419 [Baracensi],
1825 2342 2117 2398 Savericus

522 2463 580 2502 se
635 2454 820 2500 tenere
869 2459 1058 2515 pacem
1105 2450 1424 2512 perpetuam
1466 2439 1674 2510 juravit
1717 2448 1773 2493 et
1818 2451 1958 2491 uxor
2013 2451 2114 2490 sua

522 2536 812 2606 quemdam
846 2535 1074 2590 militem
1117 2533 1411 2588 Arbertum
1461 2531 1683 2586 nomine
1717 2545 1814 2600 pro
1838 2545 1897 2584 se
1927 2529 2116 2599 jurare

520 2629 818 2700 praecepit;
861 2636 916 2682 et
962 2636 1021 2682 ut
1049 2641 1154 2697 pax
1202 2625 1306 2680 ista
1334 2623 1542 2678 firmior
1599 2621 1891 2676 haberetur
1925 2619 2116 2692 viginti

522 2719 739 2775 obsides
767 2717 1059 2774 Savericus
1089 2716 1259 2784 misit,
1297 2731 1365 2770 eo
1395 2714 1562 2770 modo
1588 2723 1650 2769 ut
1672 2713 1719 2768 si
1763 2713 1878 2782 ipse
1902 2710 2118 2766 Sareri-

524 2826 623 2865 cus
648 2818 741 2864 aut
770 2809 1000 2880 quilibet
1039 2822 1266 2863 suorum
1289 2804 1494 2876 aliquid
1524 2803 1648 2859 inde
1673 2802 1980 2870 abstulerit,
2009 2800 2116 2857 nisi

525 2901 664 2956 infra
697 2900 1056 2971 quadraginta
1092 2899 1210 2954 dies
1232 2899 1285 2952 in
1330 2896 1530 2968 quibus
1567 2911 1690 2950 cum
1739 2911 1804 2949 co
1851 2893 1994 2948 ratio
2020 2908 2118 2964 po-

455 2990 462 2998 ’
526 2995 628 3049 sita
653 2993 816 3048 fuerit
837 2991 937 3066 [αι.
963 2992 1104 3047 ratio
1143 2990 1445 3060 composita
1481 2986 1690 3059 fuerit],
1726 2986 1955 3057 capitale
1997 2985 2115 3042 red—

525 3084 746 3150 diderit,
801 3082 1009 3137 ambitu
1055 3097 1339 3136 murorum
1391 3079 1544 3134 urbis
1587 3076 1966 3134 Cabilonensis
2007 3093 2116 3132 non

525 3175 713 3240 exibit,
764 3175 870 3230 nisi
913 3175 1003 3228 illa
1047 3172 1479 3244 prolongatioue,
1523 3187 1689 3241 quam
1735 3169 2116 3226 Cabilonensis
2145 3207 2188 3265 ο

526 3269 818 3338 episcopus
858 3267 942 3322 vel
992 3265 1237 3336 ejusdem
1281 3264 1527 3319 ecclesia:
1551 3265 1792 3318 decanus
1828 3279 1954 3318 cum
1991 3263 2115 3318 aliis

527 3359 742 3413 duabus
791 3355 1040 3427 personis
1091 3355 1296 3410 fecerit.
1351 3353 1502 3409 lianc
1549 3369 1678 3408 vero
1725 3352 2031 3423 pactionem
2067 3351 2118 3408 si

527 3449 818 3518 praedictus
843 3446 1135 3500 Savericus
1163 3453 1456 3500 exsecutus
1481 3458 1588 3497 non
1621 3442 1803 3509 fuerit,
1827 3451 2114 3514 postquam

530 3539 748 3592 obsides
770 3555 802 3592 a
833 3536 1114 3592 canonicis
1137 3536 1219 3600 vel
1239 3535 1308 3589 ab
1333 3534 1591 3604 episcopo
1613 3543 1860 3588 convent.
1893 3531 2114 3598 fuerint,

529 3639 626 3685 aut
648 3629 884 3700 capitale
903 3627 1045 3684 infra
1073 3627 1192 3682 dies
1211 3624 1572 3696 quadraginta
1603 3625 1827 3679 reddent
1858 3631 1956 3680 aut
1974 3623 2119 3693 capti

529 3723 737 3778 tamdiu
765 3722 818 3776 in
845 3719 1100 3791 praedicta
1133 3720 1266 3774 urbe
1293 3719 1610 3783 manebunt,
1644 3721 1816 3772 donec
1837 3717 2014 3772 ablata
2041 3732 2122 3772 re-

532 3823 866 3868 stanrcntur.
893 3810 1044 3866 Hanc
1075 3810 1240 3865 etiam
1271 3809 1686 3864 conventionem
1715 3807 2005 3864 Savericus
2033 3807 2120 3862 Si-

533 3919 747 3957 monem
771 3900 943 3957 filium
972 3916 1132 3956 suum
1156 3916 1280 3955 cum
1313 3914 1484 3954 uxore
1518 3913 1638 3965 sua,
1664 3899 1756 3954 sed
1785 3909 1840 3954 ct
1866 3899 2120 3954 Arkum

532 3996 704 4048 lilium
734 3995 968 4048 alterum
998 3991 1221 4049 laudare
1254 3990 1384 4046 fecit
1409 4009 1424 4058 ;
1452 3991 1519 4046 de
1545 3991 1827 4046 obsidibus
1854 4007 1984 4046 vero
2007 3993 2122 4048 lucc

533 4086 619 4139 lex
643 4085 769 4140 data
797 4091 881 4138 est
905 4091 964 4136 ut
986 4081 1077 4137 ubi
1100 4097 1245 4136 unus
1267 4089 1518 4135 mortuus
1547 4079 1729 4146 fuerit,
1756 4081 1892 4136 alter
1919 4081 1974 4136 in
2002 4082 2122 4138 loco

533 4177 657 4242 ejus
691 4190 816 4228 mox
843 4173 1190 4243 subl-egetur.
1223 4169 1453 4240 Signum
1475 4169 1819 4224 Gauceranni
1848 4169 1948 4243 [αι.
1973 4169 2124 4227 Jocc-

531 4263 1106 4336 1'1littll1LillgﬂneﬂSlS
1147 4261 1392 4333 episcopi
1425 4260 1483 4316 S.
1521 4261 1775 4318 Falconis
1827 4264 1893 4318 de
1917 4263 2124 4319 Reione

538 4365 593 4412 ξ.
623 4357 868 4428 ilugonis
889 4356 1204 4436 Bajaeensis
1239 4355 1612 4429 [Baraeensisl
1647 4357 1704 4410 S.
1750 4354 2033 4413 Humberti
2055 4359 2124 4414 de

541 4451 764 4505 ‘rilliaco
795 4448 851 4504 S.
886 4448 1178 4504 Raimundi
1211 4449 1482 4505 Gumbadi
1523 4447 1582 4504 S.
1621 4443 1866 4523 [lagonis
1908 4449 2122 4507 Rodulfi

539 4544 596 4597 :‘w.
631 4541 854 4598 Vitlonis
882 4541 950 4598 de
969 4539 1151 4596 Monte
1188 4539 1462 4596 Faleonis.

553 4659 556 4662 ’
1286 4631 1351 4692 Π.

893 4725 1102 4780 Notitia
1127 4724 1458 4796 fundationis
1494 4723 1762 4780 Cistcrcii.

1127 4819 1311 4890 (Anno
1344 4817 1528 4889 1098.)

607 4911 804 4967 Notum
828 4909 902 4966 sit
927 4909 1187 4964 omnibus
1207 4908 1556 4967 Christicolis
1579 4908 1940 4979 prmsentibus
1961 4921 2123 4980 atque

541 5005 756 5068 futuris,
782 5001 928 5072 quod
957 4999 1258 5058 Rainaldns
1286 4997 1890 5056 Belnensisvicecomcs
1908 5009 1963 5054 et
1987 5017 2126 5055 uxor

535 5093 655 5160 ejus
687 5089 956 5144 Hodierna
1009 5087 1254 5153 nomine,
1297 5095 1352 5142 et
1386 5101 1576 5142 eorum
1605 5088 1702 5144 lilii
1745 5087 1922 5160 llugo,
1949 5086 2123 5143 llum-

536 5189 743 5250 laertus,
789 5185 1122 5251 Rainardus,
1171 5183 1416 5256 Hagano,
1444 5199 1748 5256 eorumque
1799 5199 1959 5240 soror
1996 5184 2126 5246 liui-

537 5279 778 5343 mundis,
811 5293 908 5346 pro
957 5291 1185 5332 suorum
1240 5285 1590 5348 peccatorum
1643 5277 1970 5334 remissione
1992 5294 2126 5334 suo-

537 5385 771 5440 rumque
792 5377 1222 5433 antecessorum,
1253 5369 1474 5424 domino
1497 5367 1737 5424 Roberto
1761 5379 1818 5424 et
1841 5367 2124 5436 fratribus,

537 5463 780 5532 quicum
807 5473 873 5515 eo
916 5460 1159 5530 regulam
1193 5459 1367 5513 sancti
1409 5459 1686 5516 Benedicti
1717 5461 1921 5516 arctius
1965 5472 2129 5532 atque

538 5554 773 5618 ﬁdelius,
800 5566 966 5620 quam
997 5551 1128 5606 illuc
1158 5566 1335 5622 usque
1366 5560 1676 5620 tenuerant,
1708 5553 2000 5608 observare
2025 5570 2126 5610 cu-

539 5647 778 5715 piebant,
803 5643 1153 5699 contulerunt
1180 5643 1247 5699 de
1272 5643 1478 5714 praedio
1500 5661 1624 5712 suo,
1655 5645 1801 5714 quod
1825 5645 2127 5716 antiquitus

537 5737 864 5791 (listercium
892 5737 1211 5802 vocabatur,
1243 5746 1748 5808 quantumcumque
1796 5737 1930 5808 ipsis
1954 5746 2009 5793 et
2032 5749 2128 5794 e'o-

541 5845 662 5884 rum
700 5829 1115 5884 successoribus
1144 5826 1238 5882 Dei
1263 5827 1502 5894 famulis,
1529 5829 1595 5884 ad
1639 5829 2038 5885 monasterium
2073 5839 2127 5884 et

2203 610 2331 666 que,
2357 595 2468 649 imo
2492 591 2560 646 ad
2583 605 2802 646 omnem
2828 605 2989 646 usum
3024 587 3400 644 necessarium
3423 586 3612 642 fuerit.
3647 584 3802 641 Unde

2204 685 2320 757 ipse
2349 683 2670 739 Rainaudus
2707 690 2762 738 et
2802 683 2924 754 ejus
2969 697 3109 736 uxor
3151 681 3220 736 de
3268 679 3430 752 cujus
3482 678 3800 750 patrimonii

2198 779 2324 851 jure
2365 777 2510 833 idem
2539 775 2784 832 alodium
2820 775 2925 846 ipsi
2969 782 3322 844 provenerat,
3365 788 3432 828 ac
3471 773 3574 828 filii
3607 787 3802 828 eorum

2204 872 2610 946 praenominati,
2655 870 2862 927 donum
2920 868 3169 925 fecerunt
3215 868 3518 939 legitimum
3569 867 3638 922 ad
3669 882 3806 936 opus

2205 966 2474 1037 ipsorum,
2521 963 2634 1019 Deo
2685 961 2980 1033 imprimis,
3016 978 3084 1017 ac
3123 960 3434 1032 specialiter
3473 959 3807 1014 beatissime

2206 1059 2302 1116 Dei
2326 1058 2574 1132 genitrici
2603 1072 2932 1128 semperque
2956 1055 3166 1130 Virgini
3193 1055 3400 1121 Mariae,
3433 1056 3488 1110 in
3519 1071 3685 1124 cujus
3711 1055 3808 1109 bo-

2207 1167 2342 1207 nore
2379 1151 2536 1205 locus
2564 1149 2660 1220 qui
2717 1165 2868 1204 nunc
2895 1147 3107 1204 Novum
3131 1147 3542 1204 Monasterium
3581 1147 3808 1210 dicitur,

2206 1247 2565 1294 consecratus
2603 1245 2709 1302 est,
2739 1235 2880 1291 situs
2915 1235 2973 1289 in
3020 1235 3298 1290 territorio
3343 1234 3558 1305 pnefati
3597 1233 3807 1289 Cister—

2208 1328 2410 1384 ciensis
2436 1327 2621 1384 alodii.
2655 1325 2721 1382 Et
2741 1325 2870 1397 quia
2898 1325 3146 1396 ejusdem
3174 1324 3282 1380 loci
3301 1324 3620 1389 ecclesiam,
3642 1340 3812 1394 quam

2209 1423 2341 1478 illuc
2368 1437 2542 1492 usque
2591 1429 2862 1488 tenuerat,
2903 1436 3028 1492 qua:
3071 1419 3246 1476 divmi
3277 1429 3490 1476 tantum
3519 1419 3672 1488 juris
3705 1428 3812 1484 est,

2210 1515 2381 1572 abbas
2405 1522 2460 1568 et
2488 1513 2686 1584 reliqui
2711 1512 2910 1568 fratres
2939 1511 3007 1567 de
3043 1527 3209 1567 manu
3237 1513 3439 1583 ipsius,
3469 1512 3602 1582 quia
3633 1511 3810 1567 laicus

2211 1617 2348 1681 erat,
2391 1605 2674 1676 suscipere
2719 1605 2947 1662 minimc
2984 1605 3262 1660 duxerunt
3293 1603 3546 1675 dignum,
3601 1603 3817 1670 dimisit

2211 1713 2357 1766 eam,
2392 1707 2556 1770 atque
2577 1697 2648 1753 ab
2679 1695 2994 1752 omnimoda
3022 1695 3148 1766 ejus
3195 1695 3428 1750 ulterius
3458 1695 3818 1764 possessione

2213 1791 2561 1856 renuntians,
2583 1789 2858 1860 pracdict's
2889 1786 3154 1844 fratribus
3179 1787 3250 1843 ad
3287 1786 3384 1842 Dei
3405 1787 3700 1842 servitium
3730 1787 3818 1841 de

2214 1883 2454 1953 reliquit.
2491 1881 2569 1936 De
2609 1881 2832 1940 residuo
2859 1896 3083 1951 quoque
3124 1879 3298 1950 ipsius
3328 1889 3509 1946 terrae,
3538 1880 3698 1950 quod
3727 1879 3818 1934 di-

2215 1979 2303 2026 cto
2327 1971 2594 2026 Rainaldo
2613 1971 2818 2041 placuit
2842 1970 3101 2036 retinere,
3126 1967 3255 2024 fecit
3277 1965 3398 2023 Odo
3418 1969 3531 2024 dux
3563 1967 3822 2038 Burgun-

2213 2063 2316 2119 dia:
2341 2063 2408 2118 ad
2449 2063 2597 2119 illius
2625 2063 3040 2120 concessionem
3065 2071 3119 2117 et
3145 2061 3365 2116 libitum
3397 2061 3562 2116 talem
3591 2077 3723 2116 cum
3750 2077 3820 2115 eo

2215 2156 2703 2212 commutationem
2733 2166 2787 2212 et
2814 2164 3037 2226 pactum
3063 2155 3132 2210 ad
3162 2170 3303 2225 opus
3328 2153 3662 2210 eorumdem
3708 2171 3821 2208 mo-

2213 2249 2542 2316 nachorum,
2581 2257 2642 2304 ut
2677 2248 2887 2304 scilicet
2933 2262 3035 2317 pro
3065 2256 3210 2302 terra
3261 2247 3352 2301 illa
3387 2247 3628 2319 singulis
3657 2248 3821 2302 annis

2215 2341 2271 2398 in
2303 2350 2484 2398 castro
2540 2341 2795 2398 Belnensi
2834 2341 3042 2398 solidos
3089 2357 3162 2395 xx
3204 2339 3516 2410 susciperet
3556 2351 3673 2396 tam
3707 2341 3822 2411 ipse

2215 2448 2380 2504 quam
2403 2443 2458 2488 et
2480 2433 2655 2504 ipsius
2693 2442 2820 2504 post
2853 2441 2981 2489 eum
3035 2431 3298 2488 barredcs.
3322 2430 3618 2502 Propterea
3651 2435 3708 2488 in
3731 2449 3822 2488 ea-

2215 2525 2338 2581 dem
2368 2527 2702 2582 cambitione
2757 2525 3034 2582 concessit
3077 2525 3126 2580 ei
3151 2539 3216 2580 ac
3255 2523 3384 2579 filiis
3413 2525 3532 2581 suis
3565 2525 3687 2596 ipse
3711 2527 3820 2582 du)

2217 2623 2724 2686 quantumcumque
2748 2616 3034 2672 vinearum
3060 2615 3112 2670 in
3139 2629 3279 2685 pago
3312 2613 3569 2672 Beiecnsi
3595 2628 3818 2688 posssnt

2218 2706 2464 2778 plantare
2493 2715 2548 2761 et
2573 2707 2756 2763 colere
2781 2706 2834 2761 in
2861 2706 3082 2778 propria
3102 2703 3530 2762 dominicatura.
3565 2706 3816 2762 Iit-tinuit

2221 2806 2404 2854 autem
2433 2799 2574 2854 idem
2623 2797 2926 2856 Rainaldus
2947 2800 3088 2857 duos
3127 2817 3320 2858 servos
3345 2801 3516 2871 ejus).
3539 2816 3594 2854 m
3628 2799 3820 2866 rlodii,
3865 2793 3870 2796 ’

2221 2888 2622 2946 Theodericum
2665 2899 2831 2961 atque
2879 2890 3196 2960 Martinum,
3227 2901 3282 2950 ct
3330 2891 3588 2949 ancillam
3616 2906 3807 2961 quam-

2219 2981 2346 3038 dam
2382 2981 2661 3038 Osannam
2689 2982 2934 3050 nomine,
2963 2982 3028 3038 de
3064 2993 3208 3040 terra
3234 2999 3456 3056 quoque
3487 2983 3608 3052 ipsa
3637 2997 3818 3052 quan-

2222 3081 2337 3128 tum
2360 3072 2442 3129 eis
2469 3072 2526 3128 in
2550 3073 2806 3143 proprios
2830 3089 2965 3128 usus
2983 3074 3049 3130 ad
3073 3075 3362 3130 colendum
3395 3073 3650 3131 sufficiat.
3668 3072 3818 3126 illam

2219 3173 2402 3220 autem
2429 3173 2631 3221 terram
2659 3165 3045 3221 tantummodo
3071 3167 3324 3222 ercelent
3369 3181 3540 3236 quam
3563 3166 3682 3235 ipse
3707 3166 3818 3218 dux

2221 3269 2285 3310 ac
2307 3252 2597 3325 saepefatus
2627 3253 2948 3322 Rainaldus,
2977 3255 3208 3327 ejusque
3230 3271 3389 3322 uxor,
3421 3255 3472 3315 si
3499 3255 3697 3314 adesse
3721 3271 3818 3310 xo—

2220 3347 2402 3414 luerit,
2431 3347 2669 3402 domnus
2705 3362 2924 3418 quoque
2955 3347 3127 3402 abbas
3156 3349 3291 3418 ipsis
3333 3347 3580 3403 divident
3603 3358 3658 3402 et
3681 3346 3820 3402 assi-

2219 3439 2483 3510 gnabunt,
2535 3437 2591 3493 in
2639 3445 2793 3509 parte
2843 3437 3052 3494 scilicet
3089 3447 3295 3494 remota
3338 3455 3371 3494 a
3416 3439 3816 3494 monachorum

2221 3527 2456 3582 cultura.
2516 3525 2712 3582 Postea
2778 3542 2904 3582 eum
2963 3527 3308 3584 dedicaretur
3359 3529 3611 3584 ecclesia.
3684 3527 3818 3582 Novi

2221 3619 2538 3675 Monasterii
2575 3619 2687 3675 dux
2734 3619 2850 3690 ipse
2881 3628 2935 3675 et
2968 3619 3268 3678 Rainallus
3310 3636 3438 3676 cum
3489 3637 3662 3676 uxore
3696 3638 3817 3688 sua,

2222 3711 2350 3768 inde
2374 3713 2571 3768 iterum
2597 3712 2803 3767 donum
2830 3711 3078 3769 fecerunt
3093 3713 3146 3767 in
3173 3723 3473 3784 conspectu
3499 3713 3686 3768 multa:
3707 3714 3818 3783 pie-

2222 3804 2310 3859 bis
2336 3820 2461 3874 qua:
2503 3803 2713 3869 aderat,
2750 3803 2806 3857 in
2860 3819 3028 3859 manu
3075 3803 3285 3864 domini
3332 3802 3561 3859 Walteri
3603 3803 3814 3858 (2³1ῦο-

2225 3895 2412 3951 ncnsis
2441 3895 2682 3965 episcopi
2743 3894 2812 3950 ad
2865 3911 3028 3950 usum
3075 3895 3518 3966 supradictorum
3565 3893 3819 3960 fratrem.

2225 3997 2500 4060 quatenus
2526 3987 2626 4058 ipsi
2659 3986 2762 4042 sub
2792 3988 3058 4043 tutamine
3093 3989 3180 4044 sui
3215 3987 3492 4058 pontificis
3521 4003 3552 4042 a
3581 3990 3818 4058 putentia

2225 4078 2405 4134 laicali
2430 4087 2485 4133 et
2509 4078 2659 4134 omni
2709 4081 2940 4149 strepitu
2983 4079 3230 4136 saeculari
3261 4079 3442 4148 liberi,
3479 4081 3708 4136 servitio
3736 4081 3818 4134 sui

2225 4175 2503 4232 Creatoris
2540 4176 2780 4247 quietius
2821 4187 3097 4232 vacarent.
3141 4175 3262 4248 Ipse
3299 4192 3430 4232 vero
3475 4178 3585 4234 dux
3621 4189 3732 4233 tam
3767 4181 3819 4234 in

2229 4285 2452 4324 nemore
2479 4267 2707 4340 praefato
2745 4270 3000 4325 emnobio
3045 4270 3360 4340 conjuncta,
3393 4287 3560 4340 quam
3593 4273 3647 4326 in
3672 4274 3819 4326 cmni

2229 4362 2658 4433 circumquaque
2679 4361 3082 4418 dominicatura
3113 4378 3212 4418 sua
3247 4363 3538 4418 usuarium
3562 4365 3818 4434 plebissi-

2230 4469 2380 4510 mum
2402 4453 2608 4510 eisdem
2633 4453 2898 4509 fratribus
2925 4454 3193 4509 attribuit.
3227 4453 3368 4510 Huic
3405 4457 3822 4512 commutationi

2149 4563 2198 4624 ι)
2224 4547 2606 4618 suprascripta
2634 4553 2688 4601 et
2726 4545 2874 4600 dono
2904 4545 3151 4600 interfuit
3179 4545 3337 4618 Hugo
3377 4548 3526 4604 filius
3545 4549 3706 4604 ducis
3730 4550 3820 4621 qui

2222 4641 2441 4698 etidcm
2476 4638 2774 4701 concessit,
2829 4638 2920 4693 sed
2950 4647 3003 4692 et
3030 4635 3199 4692 frater
3243 4639 3364 4709 ejus
3413 4638 3688 4696 Henricus
3721 4643 3816 4696 hor

2225 4733 2366 4788 idem
2390 4739 2580 4803 postea
2608 4731 2898 4786 concessit.
2947 4727 3255 4785 Adfuerunt
3274 4731 3441 4786 etiam
3484 4742 3654 4788 testes
3683 4733 3818 4788 iulia

2226 4823 2542 4894 subscripti,
2587 4821 2744 4894 [Iugo
2792 4821 2862 4876 de
2889 4821 3072 4878 Monte
3099 4821 3156 4877 S.
3201 4821 3491 4892 Johannis,
3537 4825 3712 4880 Gualo
3753 4828 3815 4882 de

2230 4911 2430 4979 Salvia,
2462 4911 2736 4984 Seguinus
2763 4909 2832 4967 de
2860 4909 3026 4966 Belua
3052 4921 3106 4966 et
3141 4911 3286 4970 [ilius
3313 4913 3436 4985 ejus
3455 4913 3634 4987 I‘lugo,
3667 4916 3818 4989 "tth

2229 5005 2296 5060 de
2317 5004 2608 5070 Granceio,
2635 5012 2740 5058 etc.

2971 5115 3060 5172 Ill.

2230 5227 2448 5285 Litterae
2476 5227 2718 5282 Gualteri
2766 5230 2999 5299 episcopi
3046 5229 3418 5285 Cabilonensu
3442 5233 3516 5286 ad
3538 5231 3809 5290 Rana-tum

2302 5299 2690 5372 ΙιὲηίιοηιιηδειηΔ
2726 5301 3028 5372 episcopum
3053 5341 3069 5354 .
3117 5301 3182 5372 de
3243 5303 3544 5372 recipiendo
3600 5303 3811 5365 [inlicito

2300 5375 2488 5441 abbate
2515 5370 2783 5439 quondam
2814 5370 3035 5425 Cisterc.
3069 5371 3138 5424 ad
3161 5387 3317 5425 suum
3343 5370 3495 5441 prius
3523 5377 3806 5428 ciuitatium

2304 5439 2640 5494 Molismcuse
2661 5450 2963 5494 reuertente.

2826 5532 3008 5604 (Anno
3034 5532 3219 5604 1099.)

2303 5643 2667 5700 Dilectissimo
2693 5643 2850 5700 fratri
2872 5654 2926 5700 et
2951 5647 3279 5716 coepiscopo
3303 5645 3561 5703 Ronan-ro
3591 5646 3800 5719 Lingon.

2227 5737 2502 5806 episcopo,
2527 5735 2853 5791 Guaunnus
2893 5735 3148 5792 Ecclesiae
3179 5736 3562 5795 Cabilonensis
3601 5753 3802 5800 servus,

2228 5830 2480 5886 salutem.
2510 5827 2709 5889 Notum
2739 5831 2809 5890 sit
2833 5829 2987 5888 vobis
3017 5828 3238 5887 fratrem
3266 5829 3584 5898 Robertum,
3603 5832 3688 5887 cui
3719 5830 3811 5888 abs
