3946 6306
202 350 332 406 "69

118 584 123 589 -
188 573 311 613 vum
342 555 734 610 Monasterium
777 555 999 622 dicitur,
1032 553 1511 622 commiscramus,
1562 575 1593 613 a
1650 575 1777 630 pro-

182 649 422 705 Iessione
447 662 615 717 quam
634 646 987 703 Cabilonensi
1014 646 1271 703 Ecclesia:
1298 646 1444 715 fecit,
1474 658 1529 704 et
1549 650 1619 704 ab
1643 651 1775 707 obe-

177 739 384 796 dientia
433 753 603 808 quam
658 738 817 794 nobis
876 739 1167 808 promisit,
1214 741 1516 797 secundum
1567 742 1776 797 domini

176 830 583 899 archiepiscopi
628 828 874 901 llngonis
913 830 1324 899 deﬁnitionem,
1373 848 1405 888 a
1452 833 1613 889 nobis
1652 847 1776 890 esse

171 926 515 981 absolutum.
541 924 661 995 Ipse
688 934 873 980 autem
902 926 1203 983 monachos
1229 927 1375 996 illos,
1404 928 1513 999 qui
1548 928 1603 983 in
1636 944 1773 999 prte-

172 1017 286 1071 l‘ato
346 1015 510 1071 Novo
540 1016 872 1072 Monasterio
917 1033 1203 1075 remanere
1268 1019 1647 1086 decreverunt,
1702 1020 1773 1077 ab

169 1109 512 1175 obcdientia,
544 1125 709 1179 quam
750 1109 855 1165 sibi
889 1111 1274 1179 promiserant,
1310 1120 1364 1167 et
1409 1110 1770 1182 professione,

169 1201 444 1266 absolvit,
495 1210 551 1255 et
600 1202 804 1256 liberos
864 1202 1090 1257 dimisit.
1158 1202 1314 1258 Illum
1358 1204 1525 1275 igitur
1572 1203 1771 1260 amodo

166 1295 480 1363 suscipere,
517 1305 573 1348 et
622 1294 921 1350 honoriﬁce
957 1303 1194 1351 tractare
1223 1311 1293 1350 ne
1319 1295 1637 1352 vereamini.
1666 1294 1773 1351 Va—
1822 1324 1826 1329 -

166 1388 289 1441 lclc.

928 1498 1019 1554 IV.

168 1588 393 1642 Littera:
416 1589 656 1659 ejusdem
705 1587 946 1643 Cualteri
995 1590 1065 1644 ad
1097 1589 1412 1644 Paschalem
1454 1605 1646 1660 papam
1673 1605 1769 1658 pro

667 1661 986 1715 monasterio
1017 1660 1281 1716 Cistercii.

776 1752 958 1822 (Anno
997 1753 1179 1825 1100.)

244 1865 563 1920 Venerabili
587 1864 735 1919 Patri
752 1880 904 1935 papae
924 1864 1209 1933 Pascuau,
1235 1864 1561 1922 Gust'renus
1583 1864 1768 1921 Eccle-

169 1958 267 2014 si.e
301 1958 560 2014 Cabilon.
592 1973 803 2025 servus,
850 1959 1081 2014 salutem
1111 1966 1167 2013 et
1201 1958 1439 2013 debitam
1475 1957 1768 2027 subjectio—

171 2070 315 2108 nem.
350 2052 791 2111 Sicntsanctitas
806 2063 1009 2120 vestra,
1037 2062 1141 2108 etc.
1179 2052 1309 2108 Vide
1332 2054 1387 2109 in
1409 2052 1765 2107 Paschalill.

948 2161 1014 2217 ν.

177 2250 477 2306 Walterius
500 2255 659 2323 epist.
689 2253 930 2325 Cubilqn.
963 2262 1012 2308 et
1037 2252 1260 2309 Jarento
1301 2254 1635 2309 Divionensis
1670 2256 1769 2311 ab-

236 2324 338 2398 bas
393 2325 581 2398 ineunt
634 2324 938 2380 societatem
989 2326 1127 2379 inter
1162 2342 1216 2380 se
1249 2336 1299 2380 et
1342 2328 1769 2398 congregationes

234 2395 338 2447 sibi
368 2396 706 2449 commissas.

777 2486 960 2557 (Anno
994 2485 1178 2558 ιιιι.)

242 2603 301 2657 in
332 2604 561 2658 nomine
590 2603 796 2658 Christi
831 2618 956 2657 cum
1006 2601 1193 2660 omnia
1234 2602 1376 2657 bona
1406 2602 1644 2657 ﬁdelium
1673 2618 1772 2673 per

180 2696 440 2751 unitatem
473 2696 614 2759 ﬁdei,
641 2695 919 2750 vinculum
937 2693 1243 2761 charitatis,
1267 2695 1581 2748 communia
1608 2708 1772 2764 gene-

182 2789 361 2843 raliter
405 2790 735 2854 habeantur,
772 2788 913 2841 inter
957 2786 1242 2858 religiosos
1270 2795 1449 2841 tamen
1473 2802 1596 2842 mos
1622 2788 1770 2841 anti-

180 2897 318 2950 quus
344 2881 607 2946 obtinuit,
643 2888 702 2934 ut
728 2878 951 2949 speciali
987 2879 1249 2934 societate
1276 2878 1380 2933 sibi
1412 2879 1643 2934 invicem
1668 2878 1771 2935 fte-

180 2972 461 3038 dcientur,
508 2984 779 3043 quatenus
821 2981 974 3027 tanto
1005 2971 1110 3027 sibi
1169 2974 1492 3027 alterutrum
1519 2973 1769 3030 devotius

176 3065 305 3118 etin
336 3065 461 3119 suis
490 3063 766 3134 prosperis
788 3061 1185 3133 congaudcant,
1217 3071 1273 3117 et
1297 3062 1354 3116 in
1379 3062 1624 3118 adversis
1645 3078 1771 3118 con-

1605 352 2019 411 DlPLOMATA.

189 468 392 523 batiam
427 464 574 517 illam
620 464 676 517 in
706 473 894 519 nostro
922 466 1240 534 episcopatu
1284 463 1465 529 sitam,
1511 482 1633 536 qua:
1659 467 1771 523 No-
1802 478 1848 532 Α

3323 382 3459 439 11Ἱῦ

2621 479 2702 535 Π-

1879 588 2078 645 Cltarta
2113 591 2333 648 Vallerii
2363 593 2604 671 Cabilon.
2637 600 2822 671 apisci,
2858 618 2961 671 qua
2993 602 3050 671 S.
3086 605 3340 663 Marcello
3364 610 3460 665 dat

2368 665 2643 719 ecclesiam
2666 665 2738 723 de
2769 665 2957 727 Boens.

1947 748 2213 809 Omnibus
2262 754 2315 809 in
2353 757 2560 812 unitate
2608 760 2731 814 ﬁdei
2777 762 3103 829 viventibus,
3147 766 3461 839 Christique

1876 840 2307 899 miscricordiam
2348 849 2808 919 pratstolantibns,
2860 861 2915 908 et
2942 856 3089 909 verbi
3121 855 3215 911 Dei
3258 860 3459 928 pabulo

1875 934 2072 991 mentis
2121 951 2236 992 suae
2277 952 2477 993 arcana
2529 941 2820 1008 alentibus,
2858 959 3040 1000 sermo
3074 947 3285 1004 intonat
3316 950 3456 1004 diviv

1875 1041 2002 1091 nus,
2026 1028 2171 1096 quod
2200 1028 2273 1083 ita
2284 1029 2619 1099 dispensatio
2634 1032 3011 1105 Redemptoris
3023 1038 3461 1111 quibuscumque

1876 1119 2115 1174 consulit
2134 1120 2359 1188 ditibus,
2394 1131 2453 1177 ut
2480 1139 2544 1179 ex
2578 1126 2813 1195 propriis
2861 1127 3045 1195 rebus,
3086 1146 3225 1199 quas
3280 1143 3453 1187 trans-

1875 1210 2033 1266 itorie
2054 1213 2355 1282 possident,
2383 1216 2805 1286 centuplicatum
2823 1219 3040 1275 valeant
3054 1221 3341 1291 adquirere
3359 1222 3460 1278 fm-

1874 1319 2009 1383 nus,
2034 1305 2080 1359 si
2130 1306 2294 1360 modo
2334 1306 2539 1362 eisdem
2571 1309 2709 1364 bene
2754 1310 2956 1368 utendo
3011 1312 3196 1380 rebus,
3233 1323 3288 1368 et
3338 1331 3461 1385 qua:

1875 1395 2077 1451 habent
2102 1396 2357 1454 studeant
2376 1414 2603 1471 erogare
2624 1404 2975 1472 pauperibus,
3002 1413 3058 1459 et
3091 1407 3375 1475 quoniam,
3403 1416 3462 1462 ut

1871 1486 1950 1540 ait
1978 1486 2294 1556 Apostolus,
2328 1506 2432 1543 non
2457 1490 2706 1545 habemus
2735 1491 2821 1545 hic
2869 1504 3163 1548 manentem
3190 1496 3461 1550 civitatem

1873 1575 2061 1646 (Hebr.
2087 1594 2205 1645 xm,
2235 1580 2348 1649 Μ),
2366 1580 2589 1652 diesque
2604 1583 2780 1639 nostri
2807 1592 3087 1657 tamquam
3114 1588 3306 1641 umbra
3331 1603 3464 1657 pra:-

1874 1669 2078 1725 teriens
2122 1672 2366 1740 quotidie
2411 1684 2769 1745 evanescunt,
2816 1688 2871 1732 ct
2898 1693 3031 1733 voce
3061 1678 3313 1735 Veritatis
3342 1680 3462 1735 luce

1872 1760 2075 1816 clarius
2100 1769 2319 1821 constat
2346 1779 2568 1820 omnem
2589 1767 2863 1834 arborem,
2898 1784 3020 1838 qua:
3049 1786 3157 1824 non
3184 1770 3315 1825 facit
3347 1770 3462 1825 fru-

1874 1861 2019 1908 ctum
2072 1853 2297 1921 bonum,
2330 1857 2507 1912 excidi
2559 1866 2615 1912 et
2667 1859 2723 1912 in
2787 1859 2966 1929 ignem
3016 1860 3156 1915 mitti
3210 1871 3465 1931 Oportere

1872 1945 2093 2013 (Matth.
2131 1963 2231 2013 vn,
2266 1948 2376 2018 i9),
2408 1949 2646 2005 maxime
2687 1964 2788 2005 nos
2823 1951 2917 2020 qui
2947 1966 3058 2021 prae
3088 1953 3299 2008 caeteris
3327 1970 3464 2022 prae-

1870 2038 1968 2092 lati
1991 2038 2257 2105 videmur,
2286 2048 2344 2094 ut
2371 2040 2502 2094 dum
2534 2041 2588 2095 in
2630 2041 2735 2096 hoc
2770 2056 2999 2111 corpore
3038 2057 3228 2099 sumus
3258 2044 3464 2114 aliquid

1872 2144 1938 2184 ex
1970 2130 2056 2185 his
2080 2146 2203 2200 qua:
2250 2131 2317 2186 ad
2353 2131 2449 2187 Dei
2495 2134 2704 2190 cultum
2733 2135 3025 2206 pertinent,
3076 2151 3143 2191 eo
3173 2137 3464 2208 adjuvante

1874 2246 2185 2302 operemur,
2216 2240 2489 2303 quatenus
2536 2234 2593 2288 in
2634 2234 2818 2291 futuro
2847 2242 3065 2290 aeternae
3088 2237 3464 2291 retributionis

1873 2324 2165 2394 participes
2206 2325 2441 2382 existere
2484 2341 2813 2383 mereamur.
2865 2325 3210 2398 Quapropter
3245 2340 3344 2400 ego
3370 2328 3471 2384 Dei

1874 2416 2048 2488 gratia
2078 2415 2374 2474 Walterius
2406 2417 2852 2475 Cabilonensium
2875 2420 3185 2491 episcopus,
3213 2430 3477 2491 peccato—‘

1874 2526 1997 2565 rum
2024 2526 2271 2565 meorum
2298 2510 2531 2567 veniam
2555 2519 2612 2567 et
2653 2511 2851 2568 divina:
2879 2512 3068 2584 gratia:
3112 2512 3331 2583 pietatis
3361 2511 3466 2566 Ini—

1874 2601 2231 2657 sericordiam
2265 2602 2531 2673 consequi
2576 2602 2917 2670 desiderans,
2946 2604 3093 2660 dono
3121 2613 3175 2659 et
3218 2604 3461 2661 concedo

1874 2693 1987 2749 Deo
2007 2702 2062 2749 ct
2085 2694 2290 2750 sanctis
2311 2695 2574 2765 apostolis
2585 2695 2706 2765 ejus
2730 2694 2892 2752 Petro
2914 2704 2967 2751 et
2985 2694 3157 2752 Paulo
3177 2696 3247 2751 ad
3279 2697 3465 2751 locum

1876 2784 1935 2841 S.
1966 2785 2207 2842 Marcelli
2225 2788 2482 2859 martyris
2510 2786 2910 2857 Cabilonensis,
2940 2789 3030 2845 cui
3076 2799 3273 2859 prazest
3299 2789 3459 2843 dom-

1875 2894 1982 2934 nus
2016 2875 2177 2949 Hugo
2204 2888 2571 2951 cognomento
2603 2879 2817 2938 Beraldi
2865 2882 3170 2938 monachus
3222 2881 3279 2937 S.
3317 2880 3461 2937 Petri

1874 2966 2274 3039 Cluniaeensis,
2337 2972 2407 3028 ad
2448 2972 2609 3042 cujus
2656 2974 3061 3031 ordinationem
3119 2974 3261 3030 idem
3310 2975 3466 3029 locus

1875 3072 2125 3133 spectare
2167 3063 2401 3131 videtur,
2450 3074 2507 3119 ct
2538 3063 2801 3121 fratribus
2852 3066 2908 3120 in
2969 3066 3159 3122 eodem
3207 3066 3326 3121 loco
3356 3065 3483 3121 Deo

181 3156 417 3223 doleant,
447 3166 655 3227 quanto
686 3172 745 3212 se
774 3155 1019 3211 strictius
1047 3153 1328 3226 colligatos
1351 3156 1635 3212 charitatis
1664 3155 1768 3213 im-
1798 3171 1844 3232 ε
1873 3155 2257 3223 servientibus,
2303 3155 2593 3211 ecclesiam
2635 3156 2704 3212 de
2750 3156 2929 3213 Boens
2958 3173 3083 3213 cum
3110 3158 3368 3213 omnibus
3396 3160 3487 3213 ad.

179 3251 304 3304 dere
324 3265 439 3304 non
473 3249 743 3319 ignorant.
773 3245 1116 3318 Quapropter
1149 3246 1499 3303 notiﬁcamus
1533 3263 1774 3319 prtesen-

182 3341 323 3397 tibus
347 3350 405 3396 et
436 3341 657 3407 futuris,
690 3355 855 3411 quam
886 3339 1111 3410 speciali
1147 3337 1520 3395 familiaritate
1549 3340 1772 3395 Cabilo-

178 3436 365 3490 nensis
388 3443 449 3489 et
469 3432 815 3489 Divionensis
838 3431 1082 3488 Ecclesia
1102 3448 1221 3488 sese
1235 3442 1427 3488 mutuo
1442 3433 1771 3504 colligarint,

181 3534 240 3579 ut
263 3527 431 3596 hujus
470 3526 778 3581 dilectionis
826 3524 1025 3611 fmdqs,
1077 3524 1638 3595 quodCabilonensis
1672 3524 1778 3582 Ec—

176 3617 341 3674 clcsia
375 3634 505 3672 cum
537 3617 849 3673 Divionensi
871 3632 997 3673 cum
1020 3632 1221 3688 magna
1244 3616 1530 3672 devotione
1552 3618 1690 3684 iniit,
1719 3626 1776 3674 et

179 3713 321 3782 quod
352 3711 704 3767 Divionensis
732 3725 761 3764 a
788 3709 1139 3765 Cabilonensi
1166 3725 1293 3764 cum
1343 3725 1541 3781 magna
1568 3710 1772 3782 gratia-

177 3822 299 3861 rum
352 3806 572 3861 actione
614 3803 904 3873 acccperit,
959 3802 1109 3857 nulla
1161 3802 1451 3858 oblivionis
1507 3811 1780 3860 vetustate

179 3896 323 3967 apud
376 3904 630 3967 posteros
682 3893 949 3959 dclcatur,
1002 3891 1153 3946 nulla
1202 3907 1445 3961 unquam
1487 3891 1776 3949 discordia:

177 3990 453 4045 scissione
476 3996 785 4057 rumpatur.
830 3986 989 4039 Anno
1022 3984 1207 4055 itaque
1242 3983 1398 4038 Dom.
1439 3982 1776 4039 lncarnatio—

178 4078 266 4134 nis
304 4078 439 4133 illi
459 4076 715 4132 dominus
736 4075 1030 4131 Walterius
1051 4073 1436 4129 Cabilonensis
1463 4075 1773 4144 cpiscopus,

176 4176 230 4221 et
256 4167 499 4222 domnus
518 4165 743 4221 Jarento
777 4164 1120 4220 Divionensis
1138 4164 1327 4231 abbas,
1355 4163 1518 4218 talem
1546 4164 1687 4218 inter
1716 4179 1777 4220 se

177 4269 233 4316 et
262 4259 719 4332 congregationcs
764 4257 869 4313 sibi
918 4256 1244 4313 commissas
1288 4255 1607 4310 societatem
1635 4254 1773 4311 inic-

175 4361 330 4410 runt.
360 4364 421 4407 ut
449 4367 574 4407 cum
606 4350 773 4404 brevis
821 4350 888 4405 de
913 4349 1180 4405 canonico
1214 4346 1569 4403 Cabilonensi
1608 4361 1774 4402 vene-

176 4446 250 4500 rit
302 4445 612 4511 Divionem,
644 4443 727 4497 vel
772 4441 839 4497 de
887 4442 1159 4497 monacho
1208 4439 1524 4494 Divionensi
1565 4438 1776 4493 venerit

1872 3263 1991 3302 eam
2035 3247 2458 3318 pertinentibus,
2508 3247 2759 3304 videlicet
2811 3250 2995 3315 terris,
3053 3250 3243 3319 pratis,
3287 3250 3461 3315 silvis,

1872 3339 2052 3410 aquis,
2080 3355 2146 3395 ea
2176 3339 2491 3395 conditione
2516 3348 2578 3395 ut
2605 3340 2708 3410 ipsi
2746 3340 2803 3395 in
2836 3349 3154 3410 perpetuum
3204 3341 3460 3407 habeant,

1872 3439 2095 3486 teneant
2120 3440 2175 3486 et
2202 3431 2543 3501 possideant,
2569 3447 2634 3486 ac
2659 3447 2758 3502 pro
2787 3432 2947 3486 nobis
2994 3431 3200 3486 Christi
3224 3443 3464 3489 exorent

1873 3521 2221 3578 clementiam
2251 3540 2265 3577 :
2296 3532 2350 3579 et
2372 3522 2501 3593 quia
2531 3523 2721 3578 eadem
2747 3523 2977 3578 ecclesia
3004 3523 3284 3593 pertinens
3303 3533 3386 3579 cst
3410 3534 3465 3578 rt

1873 3616 2120 3686 subjecta
2145 3616 2390 3671 ecclesiae
2430 3614 2616 3671 Sancti
2647 3614 2919 3671 Vincentii
2968 3614 3366 3680 Cabilonensis,
3402 3627 3463 3671 ut

1873 3708 2177 3775 videbatur,
2222 3708 2281 3762 in
2315 3707 2554 3778 capitulo
2596 3708 2838 3780 generali
2880 3708 3000 3779 ipso
3023 3709 3111 3765 die
3130 3708 3462 3763 inventionis

1873 3800 2046 3858 sancti
2081 3799 2355 3856 Vincentii
2380 3815 2506 3855 cum
2538 3800 2771 3857 consilio
2806 3810 2861 3855 et
2913 3800 3190 3855 voluntate
3232 3799 3465 3855 canoni-

1874 3909 2066 3949 corum
2104 3893 2351 3963 ejusdem
2393 3893 2658 3959 ecclesiae,
2685 3893 2895 3951 domini
2939 3893 3187 3948 videlicet
3232 3891 3466 3947 Jotsalli

1875 3986 2089 4053 dccani,
2121 3984 2365 4056 llugonis
2385 3985 2650 4052 cantoris,
2672 3984 2897 4040 Ansidei
2930 3984 3322 4050 archidiaconi,
3352 3983 3465 4040 Hu-

1875 4078 2034 4149 gouis
2052 4078 2120 4133 de
2167 4077 2402 4144 Miliaco,
2449 4076 2695 4132 Rotbcrti
2725 4077 2791 4133 de
2817 4076 3139 4142 Mirmanda,
3176 4075 3464 4130 Raimondi

1875 4170 1942 4225 de
1973 4170 2253 4237 Bussiaco,
2291 4169 2562 4241 Rodulphi
2611 4168 2844 4241 Signini,
2876 4167 3137 4240 Stephani
3186 4167 3464 4222 Bruniar-

1878 4262 2294 4333 chiprcsbyteri,
2345 4272 2401 4318 et
2425 4271 2747 4319 cancrorum
2797 4262 2893 4332 qui
2946 4261 3259 4326 adfuerunt,
3289 4261 3436 4330 majo

1877 4368 2002 4407 rum
2046 4352 2161 4408 sive
2199 4353 2497 4418 minorum,
2550 4354 2655 4408 hoc
2697 4353 2901 4407 donum
2931 4350 3133 4407 factum
3182 4359 3268 4407 est
3300 4361 3467 4420 atque

1878 4444 2261 4503 conﬁrmatum
2285 4445 2430 4501 dono
2452 4444 2558 4501 mei
2576 4445 2767 4500 annuli
2789 4444 2844 4499 in
2870 4459 3034 4499 manu
3058 4443 3301 4512 praedicti
3324 4443 3470 4512 prio-

174 4538 523 4605 Cabilonem,
575 4536 760 4592 statim
810 4550 910 4606 pro
951 4550 1017 4590 eo
1056 4535 1148 4589 ﬁat
1195 4532 1498 4603 plcnarium
1536 4530 1773 4586 ollicium
1806 4530 1851 4588 υ
1878 4538 1979 4593 ris.
2031 4537 2301 4604 Quoniam
2348 4538 2514 4609 igitur
2549 4553 2582 4592 a
2622 4536 2887 4595 memoria
2931 4536 3040 4591 cito
3069 4534 3288 4600 labitur,
3316 4548 3466 4604 quot;

178 4638 530 4684 mortuorum
558 4646 572 4695 ;
619 4628 725 4683 hoc
750 4636 833 4683 est
855 4626 1037 4697 vigilia
1065 4637 1119 4682 et
1162 4627 1352 4691 missa,
1377 4633 1431 4681 et
1460 4640 1526 4679 co
1558 4624 1645 4679 die
1671 4624 1772 4678 ha-

178 4719 310 4776 beat
359 4721 728 4792 praebendam.
778 4718 982 4774 Praeter
1010 4718 1125 4773 lucc
1154 4718 1319 4772 etiam
1369 4725 1633 4771 statutum
1668 4724 1775 4783 est,

178 4813 329 4868 utin
365 4812 704 4868 bebdomada
751 4819 875 4881 post
919 4809 1259 4864 Dominicam
1292 4808 1483 4864 media:
1526 4807 1776 4875 Quadra—

178 4906 409 4976 gesima:
454 4905 550 4959 ﬁat
598 4903 741 4973 apud
773 4911 1039 4975 utrosque
1085 4916 1186 4970 pro
1234 4900 1482 4970 utrisque
1524 4900 1775 4970 generale

178 4996 423 5051 oﬁicium
452 5005 508 5051 ct
526 4993 715 5049 missa.
748 4991 1034 5048 Concessit
1057 4998 1314 5061 praeterea
1343 4987 1601 5058 praefatus
1621 4989 1776 5044 dom-

180 5105 292 5144 nus
325 5087 467 5143 Wal.
497 5087 786 5157 cpisc0pus
834 5084 1038 5140 domno
1066 5081 1247 5137 abbati
1291 5079 1405 5135 Jar.
1443 5089 1497 5136 et
1519 5080 1778 5136 omnibus

180 5178 605 5235 successoribus
639 5176 780 5247 ejus,
813 5190 978 5231 unam
1008 5173 1381 5230 canonicalem
1429 5172 1776 5242 praebendam

182 5270 457 5340 integram
486 5277 539 5323 et
564 5265 939 5338 quotidianam
969 5264 1023 5318 in
1043 5262 1273 5319 ecclesia
1301 5261 1476 5317 sancti
1504 5259 1775 5317 Vincentii

181 5376 356 5430 quam
394 5360 534 5416 idem
582 5358 819 5413 domnus
848 5356 1019 5411 abbas
1068 5352 1340 5410 concessit
1382 5353 1653 5407 monacho
1678 5349 1773 5405 Di-

180 5453 433 5509 vionensi
474 5452 619 5523 apud
649 5459 895 5507 sanctam
948 5449 1174 5505 Mariam
1210 5448 1600 5515 commanenti,
1630 5455 1685 5502 et
1715 5456 1775 5502 ut

182 5545 495 5599 monachus
533 5543 677 5598 idem
721 5542 863 5614 apud
906 5551 1156 5597 sanctum
1210 5539 1551 5597 Vincentium
1602 5538 1771 5609 septi-

184 5649 409 5689 manam
456 5633 713 5701 faciat,et
763 5632 1109 5689 Divionensis
1154 5633 1384 5688 ecclesia
1416 5633 1774 5701 elcemosyute

189 5724 360 5795 hujus
383 5743 569 5793 causa,
602 5725 951 5781 Cabilonensi
986 5724 1230 5780 ecclesia:
1259 5733 1312 5779 et
1340 5722 1698 5793 corporaliter
1718 5728 1774 5776 et

186 5818 546 5889 spiritualitcr
571 5836 669 5894 pro
702 5836 865 5895 posse
891 5820 1170 5879 servitium
1194 5818 1485 5892 impendat.

1879 4645 1989 4685 non
2013 4630 2123 4695 cito
2152 4630 2436 4702 scripturae
2461 4629 2714 4696 traditur,
2749 4629 2818 4684 ad
2846 4627 3246 4683 munimentum
3287 4626 3468 4697 possi-

1879 4719 2160 4785 dentium,
2210 4727 2510 4789 contraque
2556 4718 2824 4789 quterelas
2876 4717 3269 4782 invidentium,
3324 4718 3466 4771 hanc

1879 4812 2124 4868 chartam
2152 4811 2268 4866 ﬁeri
2298 4811 2576 4866 voluimus
2599 4819 2775 4881 atque
2818 4810 3219 4874 mandavimus,
3246 4816 3465 4862 nostra-

1879 4921 1986 4977 que
2017 4906 2339 4961 auctoritate
2373 4905 2876 4961 corroboravimus.
2908 4904 3133 4960 Factum
3178 4912 3262 4957 est
3301 4902 3467 4972 igitur

1881 4997 1988 5051 hoc
2007 4996 2212 5051 donum
2241 4996 2297 5050 in
2318 4990 2669 5052 Cilbiloncnsi
2694 4996 2913 5052 civitate
2948 4996 3003 5049 in
3031 4992 3268 5063 capitulo
3294 5008 3493 5047 cano»

1879 5089 2128 5145 nieorum
2159 5105 2347 5145 mense
2377 5089 2680 5160 Septembri
2708 5108 2763 5145 Ix
2789 5090 2907 5144 Kal.
2953 5087 3071 5144 Oct.
3114 5103 3259 5141 anno
3288 5088 3358 5142 ab
3378 5087 3473 5141 ln-

1879 5195 2031 5235 carn.
2060 5178 2218 5234 Dom.
2253 5179 2390 5235 illi
2413 5191 2605 5252 cpacta
2631 5196 2790 5247 xxm,
2845 5178 3121 5235 Ludovico
3147 5194 3274 5249 rege
3295 5178 3465 5233 Fran-

1880 5284 2072 5326 corum
2095 5278 2376 5343 regnante.

2614 5381 2726 5436 VII.

1876 5477 2086 5531 Donum
2121 5476 2325 5532 Galteri
2346 5477 2576 5599 episcopi
2599 5472 2845 5599 ngil‘on.
2869 5474 2967 5529 sub
3009 5473 3170 5530 Petro
3198 5473 3461 5531 Firmita--

2536 5563 2582 5599 is
2604 5562 2637 5598 a
2704 5562 2739 5599 a
2763 5562 2812 5599 ε.

2536 5563 2582 5599 ιε
2604 5562 2812 5600 αυοαιε.

1944 5634 2143 5690 Νοιιιιιι
2173 5634 2245 5689 sit
2265 5634 2522 5690 omnibus
2548 5634 2697 5704 quod
2718 5634 2957 5690 domnus
2991 5635 3267 5690 Galterius
3292 5634 3460 5690 Cabi-
3490 5648 3495 5653 '

1874 5724 2122 5779 lonensis
2162 5724 2474 5794 episcopus,
2511 5739 2800 5782 successor
2836 5726 3022 5781 domui
3051 5724 3282 5781 Jotsaldi
3320 5741 3462 5797 prte-

1872 5813 1997 5871 fatae
2013 5813 2249 5871 civitatis
2265 5813 2525 5889 episcopi,
2538 5824 2660 5897 post
2681 5816 2968 5874 decessum
2992 5815 3183 5874 domui
3202 5813 3455 5883 Jotsaldi,
