3946 6306
514 270 654 327 H79

1472 252 1778 311 RADULFI
1817 251 2147 310 'l'OR'l‘Altll
2186 251 2499 307 MONACIII
2533 252 2852 308 FLORIAC.

516 390 712 453 maria,
773 384 945 439 altera
995 381 1314 455 secundaria
1367 379 1475 432 dici
1504 386 1693 448 potest.
1735 377 2012 431 Primaria
2042 393 2106 430 ea:
2134 379 2184 438 Α
2211 376 2356 431 leum
2401 377 2455 431 in
2486 378 2718 433 ecclesia
2750 376 2931 433 Beata:
2953 377 3158 445 Mariae,
3193 393 3326 448 tnta:
3369 374 3477 444 jam
3507 392 3592 446 per
3628 378 3741 434 bien-

516 460 817 544 Adelberto,
848 475 1169 540 Adrevaldo,
1205 472 1262 528 S.
1293 471 1474 527 Odone
1499 470 1706 537 abbate,
1734 470 1959 541 aliisque
1983 485 2109 538 pro-
2142 472 2161 487 ‘

520 574 709 643 fertur,
756 569 1010 623 nimirum
1040 563 1325 619 tumulatio
1354 561 1412 616 S.
1453 562 1732 616 Benedicti
1784 562 1839 614 in
1885 559 2111 613 basilica

527 665 740 721 Sancta:
780 660 972 715 Maria:
1013 660 1100 712 die
1146 672 1198 711 iv
1222 654 1524 709 Decembris
1559 655 1725 723 facta.
1761 652 1963 722 Quippe
1992 668 2113 705 cum

522 756 581 813 S.
616 754 889 811 Benedicti
933 767 1122 822 corpus
1174 766 1239 803 ex
1279 756 1454 802 monte
1481 746 1676 802 Casino
1709 745 2027 798 translatum
2058 744 2113 797 in

521 845 903 901 monasterium
932 841 1293 907 Floriacense,
1324 838 1410 892 die
1441 854 1480 892 11
1493 836 1631 890 Julii
1656 834 2029 890 iu‘oralorium
2054 833 2113 888 S.

521 912 676 989 Petri
716 933 1018 1004 depositum
1047 930 1265 1000 fuisset;
1308 931 1364 983 in
1407 943 1466 981 eo
1501 927 1687 981 tandiu
1711 927 1928 991 mansit,
1956 926 2118 978 donec

522 1043 678 1080 sacro
699 1026 909 1095 corpori
938 1040 1172 1094 congrua
1212 1022 1359 1076 sedes
1385 1022 1442 1075 in
1470 1021 1691 1076 ecclesia
1718 1020 1775 1076 S.
1806 1020 1996 1075 Marica
2023 1037 2121 1090 pa-

525 1106 759 1182 raretur,
809 1116 900 1169 ubi
937 1114 1149 1169 tandem
1173 1113 1491 1167 collocatum
1528 1113 1693 1183 fuisse
1738 1112 1911 1182 pridie
1935 1110 2121 1168 Nonas

528 1198 844 1263 Decembris
866 1217 1049 1261 narrat
1077 1206 1390 1279 Adelbertus
1429 1205 1737 1271 monachus,
1767 1214 1819 1258 et
1842 1205 2121 1258 Aimoinus

527 1307 646 1367 post
666 1314 787 1352 eum
814 1299 867 1351 in
889 1296 1072 1350 libello
1100 1296 1173 1349 De
1197 1296 1552 1349 translatione
1565 1295 1622 1349 S.
1642 1295 1934 1349 Benedicti.
1949 1294 2122 1348 Porro

531 1391 915 1445 tumulationis
944 1407 1033 1443 seu
1061 1389 1421 1459 depositionis
1449 1387 1506 1443 S.
1542 1388 1814 1442 Benedicti
1837 1388 1984 1441 dicta
2013 1387 2125 1441 llaec

530 1484 665 1553 dies,
688 1484 752 1535 ab
781 1499 841 1536 eo
870 1492 1098 1551 tempore
1113 1481 1381 1536 celebrata
1402 1492 1478 1536 est
1511 1491 1623 1535 tum
1643 1480 1904 1547 Floriaci,
1929 1490 2041 1535 tum
2070 1482 2126 1535 in

529 1576 793 1648 plerisque
816 1575 1009 1631 Gallia:
1038 1576 1396 1641 monas'eriis,
1435 1585 1490 1628 ut
1540 1585 1727 1628 auctor
1753 1584 1830 1628 es!
1864 1573 2125 1628 Adreral-

539 1670 641 1722 dus
668 1669 721 1721 in
745 1668 882 1721 libro
910 1667 982 1721 De
1019 1666 1316 1735 miraculis,
1337 1684 1454 1735 cap.
1478 1666 1548 1720 2;).
1586 1685 1598 1720 :
1636 1666 1890 1720 Solemnc
1926 1665 2124 1721 festum

537 1760 907 1830 impendebat,
933 1760 1126 1829 inquit,
1157 1759 1333 1813 sancti
1364 1758 1697 1814 confessoris
1724 1759 1929 1815 Christi
1957 1758 2127 1813 Bene-

534 1849 854 1921 dicti,quo.l
887 1868 952 1905 ex
1004 1851 1172 1904 veteri
1202 1852 1599 1905 consuetudine
1625 1852 1922 1919 quotannis
1952 1852 2128 1921 pridie

534 1942 817 1999 Nonarum
849 1926 1231 1999 Decembrium
1283 1944 1486 2014 agitur,
1513 1960 1625 2013 quo
1652 1953 1953 1999 conventus
1982 1945 2130 1998 mul-

536 2046 718 2092 torum
758 2037 1083 2107 popu'orum
1139 2036 1211 2090 ob
1252 2037 1388 2090 1111111
1428 2036 1748 2090 memoriam
1788 2035 1966 2091 Patris
1997 2050 2131 2092 con-

538 2130 708 2184 ﬂuere
758 2129 1095 2183 monasterio
1146 2129 1302 2183 solet.
1336 2126 1402 2180 Et
1446 2136 1661 2181 sanctus
1694 2126 1844 2181 Oddo
1886 2127 2049 2180 abbas
2076 2127 2133 2181 in

538 2238 777 2276 sermone
818 2222 882 2274 de
923 2229 1110 2274 sancto
1146 2219 1429 2273 Benedicto
1473 2220 1585 2289 agit
1631 2219 1697 2273 de
1753 2227 1942 2273 sancta
1986 2218 2133 2273 illius

538 2314 919 2380 translatione,
945 2328 1156 2367 necnon
1188 2321 1241 2366 et
1266 2312 1647 2377 tumulatioue,
1669 2328 1786 2382 qua:
1825 2312 1903 2365 sic
1930 2311 2135 2365 divini-

537 2415 629 2461 tus
650 2419 773 2460 esse
792 2404 1079 2474 disposita,
1106 2404 1277 2459 multa
1308 2404 1589 2474 signorum
1633 2411 1760 2458 sunt
1783 2403 2129 2458 documenta.

541 2495 611 2551 In
637 2496 921 2552 Chartario
948 2497 1361 2563 Patriciacensi,
1379 2497 1519 2567 quod
1544 2495 1839 2565 Stephanus
1865 2494 2133 2549 Gerardus

539 2591 599 2643 in
614 2588 936 2645 Collectione
952 2600 1406 2644 monumentorum
1430 2588 1760 2659 Burgundiar
1774 2589 1963 2655 edidit,
1977 2589 2044 2642 hu
2041 2589 2135 2659 jus

541 2682 761 2752 festi/it
804 2684 1000 2737 mentio
1052 2684 1108 2735 in
1149 2683 1350 2736 chartis
1375 2681 1465 2747 29,
1502 2681 1571 2734 52
1591 2691 1641 2734 et
1670 2682 1759 2749 54,
1800 2681 1890 2735 ubi
1918 2691 2138 2736 roc‘atur

544 2774 712 2828 missa
743 2774 920 2829 sancti
945 2774 1220 2832 Benedicti
1253 2789 1377 2842 quae
1393 2781 1478 2827 est
1502 2773 1557 2826 in
1578 2788 1766 2828 mense
1791 2772 2135 2829 Decembrio.

548 2864 739 2931 Missa,
768 2866 824 2917 id
858 2874 935 2919 est
975 2866 1188 2935 festum,
1216 2865 1354 2936 quod
1396 2867 1451 2919 in
1490 2866 1706 2919 vetustis
1737 2864 2137 2937 Martyrologiis

542 2973 704 3027 quam
729 2955 913 3010 multis
941 2957 1256 3028 inscriptum
1281 2958 1560 3027 reperitur.
1600 2956 1667 3011 In
1698 2957 1999 3014 Corbeiensi
2022 2957 2070 3011 Κ
2078 2977 2139 3012 a-

541 3047 784 3104 lendario
826 3049 1022 3119 scripto
1072 3049 1136 3103 ab
1190 3051 1346 3103 annis
1393 3051 1731 3120 octingentis,
1787 3052 1926 3121 quod
1976 3051 2137 3105 Libro

544 3140 821 3201 Pastorali
875 3140 933 3196 S.
977 3141 1217 3213 Gregorii
1263 3145 1632 3213 prcemittitur,
1688 3142 1911 3197 habetur
1964 3144 2136 3213 pridie

544 3232 732 3289 Nonas
761 3233 1078 3297 Decembris
1101 3235 1374 3306 depositio
1401 3234 1680 3291 Benedicti
1709 3236 1942 3291 abbatis.
1968 3235 2135 3290 Deni-

544 3343 646 3396 que
699 3327 901 3397 rigebat
949 3328 1125 3382 adhuc
1173 3329 1553 3385 tumulationis
1587 3328 1900 3383 vocabulum
1943 3330 2137 3384 swculo

544 3417 878 3485 duodecimo,
925 3428 983 3473 ut
1019 3429 1227 3474 constat
1270 3436 1337 3474 ea:
1370 3421 1582 3491 Rodul/i
1616 3420 1849 3475 Tortarii
1877 3421 2013 3475 libro
2062 3422 2138 3476 De

547 3509 822 3564 miraculis
844 3512 1017 3565 sancti
1050 3511 1345 3579 Benedicti,
1377 3505 1493 3582 cap.
1528 3513 1597 3566 55
1644 3514 1698 3566 in
1727 3512 1838 3567 hcec
1871 3513 2044 3566 rerba.
2078 3512 2139 3568 In

546 3598 727 3656 Patris
767 3601 935 3673 igitur
967 3603 1329 3658 tumulatione
1375 3619 1500 3673 quae
1549 3604 1606 3657 in
1646 3604 1840 3661 diebus
1867 3604 2138 3659 Dominici

549 3691 830 3750 Adventus
859 3710 955 3766 per
994 3711 1189 3751 omnes
1221 3695 1426 3752 Gallias
1475 3696 1759 3751 annuatim
1810 3713 1936 3751 cum
1980 3714 2136 3753 reve-

552 3784 728 3840 rentia
755 3787 1044 3855 excolitur,
1076 3788 1295 3854 mulier,
1319 3797 1419 3843 etc.
1448 3786 1535 3841 Ex
1578 3789 1781 3858 quibus
1804 3791 2139 3859 perspicuum

548 3887 628 3933 est
682 3879 857 3949 qualis
907 3880 1066 3949 fuerit
1120 3880 1278 3950 hujus
1326 3879 1646 3933 celebritatis
1703 3880 1971 3934 institutio
2028 3883 2143 3951 pri-

553 3976 749 4030 maria.

622 4065 675 4119 5.
734 4064 1118 4120 Secundariam
1166 4067 1325 4136 refert
1375 4067 1687 4121 Diedericus
1749 4066 2139 4138 Hersfeldensis

551 4155 852 4212 Germania:
875 4158 1183 4224 monachus,
1217 4159 1308 4228 qui
1348 4143 1412 4211 in
1454 4157 1788 4214 Floriacensi
1820 4162 2139 4216 monasterio

548 4247 645 4300 sub
668 4247 883 4301 initium
917 4248 1103 4303 swculi
1132 4265 1187 4303 x1
1209 4249 1302 4303 diu
1339 4260 1715 4319 commoratus,
1759 4263 1874 4323 post
1911 4255 2140 4309 reditum

549 4338 607 4390 in
633 4339 865 4407 patriam
888 4339 1244 4411 interrogatus
1263 4341 1554 4412 aliquando
1598 4362 1631 4398 a
1663 4345 1931 4401 llic/tarle
1953 4347 2141 4403 Amer-

2215 470 2366 524 nium
2398 469 2482 523 sui
2516 471 2793 525 mansoris
2820 471 3108 541 praesentia
3129 479 3411 526 caruerat.
3446 468 3580 523 Unde
3596 480 3743 527 statu-

2213 573 2337 617 runt
2365 564 2615 633 episcopi,
2648 565 2739 634 qui
2762 565 2836 617 rei
2858 572 3017 634 gestae
3066 563 3448 633 interfuerunt,
3477 562 3743 630 utquonian

2213 654 2405 709 relatio
2430 663 2484 708 et
2510 653 2681 709 illatio
2704 654 2901 709 eodem
2919 654 3008 709 die
3036 668 3185 721 anno
3220 652 3470 707 revoluto
3512 651 3645 707 factte
3664 654 3745 708 lue-

2215 754 2361 812 rant,
2394 746 2680 801 annuatim
2724 740 2882 801 omni
2904 755 3150 816 tempore
3169 742 3349 800 futuri
3379 744 3476 799 sevi
3499 745 3747 800 solemnitet

2216 841 2407 897 eodem
2429 840 2518 895 die
2545 855 2643 911 per
2666 849 2839 895 totam
2874 839 3106 895 Galliam
3137 838 3537 909 celebraretur.
3575 835 3747 906 Denique

2217 935 2275 988 in
2317 934 2497 988 eodem
2547 932 2683 987 libro
2725 933 2869 986 idem
2917 942 3107 985 auctor
3148 930 3323 984 tradit
3374 928 3748 983 Caroloman":

2222 1029 2393 1096 (quem
2426 1024 2756 1096 Sigebertum
2791 1041 2885 1095 per
2930 1040 3161 1079 errorem
3205 1021 3473 1091 nominat)
3518 1030 3619 1090 post
3656 1022 3749 1074 Ιωιι

2222 1119 2535 1173 relationem
2581 1118 2803 1187 missum
2830 1133 2944 1172 esse
2990 1118 3048 1170 in
3081 1115 3321 1182 Gallias,
3374 1114 3445 1166 ad
3491 1114 3751 1182 repetendu-

2221 1227 2411 1280 corpus
2436 1208 2493 1265 S.
2530 1209 2824 1277 Benedicti,
2856 1201 2997 1280 quod
3045 1207 3157 1262 Deo
3203 1213 3524 1277 repugnante
3562 1206 3750 1274 infectu

2223 1305 2315 1357 sit.
2356 1302 2489 1357 Hinc
2532 1301 2844 1357 Diedericus
2876 1316 2895 1355 :
2919 1301 3071 1371 cujus
3091 1300 3254 1370 fidem
3284 1298 3389 1351 hac
3439 1298 3493 1351 in
3535 1313 3584 1350 re
3603 1296 3751 1350 olerent

2228 1394 2371 1451 Socii
2402 1394 2751 1449 Bollandiani
2782 1394 2839 1447 in
2867 1409 2963 1448 suo
2998 1392 3219 1456 Martio,
3248 1390 3344 1444 ubi
3366 1407 3429 1444 ea
3468 1405 3577 1460 quae
3601 1389 3654 1442 dc
3686 1388 3752 1441 hac

2225 1487 2469 1542 illatione
2490 1505 2524 1541 a
2541 1486 2819 1541 Diederico
2838 1481 3161 1556 referuntur,
3179 1472 3633 1553 prtztermiserunt,
3648 1483 3751 1550 quia,

2227 1581 2494 1651 inquiunt,
2550 1578 2664 1634 fere
2695 1578 3071 1634 commentitia
3111 1584 3264 1643 sunt,
3294 1583 3352 1629 et
3381 1574 3519 1644 apud
3552 1571 3751 1627 Joannem

2230 1673 2484 1729 Boscium
2514 1673 2621 1743 legi
2653 1683 2906 1742 possunt,
2953 1670 3184 1724 contenti
3234 1667 3470 1736 simplici
3505 1666 3753 1734 exposition:

2229 1766 2425 1836 gemini
2456 1764 2706 1819 miraculi
2738 1764 2802 1818 de
2833 1763 3005 1835 glacie
3051 1762 3147 1816 sub
3177 1776 3403 1830 corpore
3443 1760 3600 1812 sancti
3635 1757 3752 1811 Bene-

2229 1855 2361 1908 dicti
2409 1853 2553 1908 ultro
2603 1853 2803 1921 soluta,
2854 1862 2904 1907 et
2934 1852 3000 1906 de
3041 1848 3327 1906 arboribus
3344 1848 3752 1919 'erumpentibuin

2230 1947 2407 2015 ﬂores.
2458 1943 2611 2009 Quod
2656 1954 2832 1998 tamen
2888 1930 3171 2014 utrumque
3219 1929 3327 1997 sibi
3376 1949 3754 2011 suspectan

2232 2039 2470 2109 fatentur
2510 2038 2565 2090 in
2612 2021 3053 2090 adnotationibus
3083 2020 3484 2090 ad‘Adrevaldi
3523 2031 3753 2086 librumlle

2234 2130 2511 2184 miraculis
2532 2132 2704 2184 sancti
2738 2119 3034 2194 Benedicti,
3070 2145 3217 2183 num.
3256 2128 3345 2183 19.

2302 2223 2356 2275 4.
2405 2221 2595 2275 Verum
2634 2223 2917 2292 tenuiorem
2960 2221 3042 2293 (ut
3091 2204 3308 2289 sperare
3336 2219 3478 2287 licet)
3511 2219 3754 2271 sententiain

2236 2315 2365 2385 feret
2396 2316 2624 2385 prudens
2655 2314 2841 2380 lector,
2872 2314 2920 2367 si
2952 2296 3243 2367 attenderit
3292 2328 3396 2365 non
3437 2310 3592 2363 solum
3618 2307 3754 2361 Dicte-

2236 2411 2407 2463 ricum
2434 2409 2569 2463 hanc
2596 2407 2859 2461 illationis
2889 2392 3170 2460 historiam
3200 2404 3400 2457 litteris
3423 2402 3752 2464 mandasse,“

2235 2502 2399 2555 etiam
2425 2498 3065 2571 Rodulfum‘Tortarinm,
3096 2496 3322 2551 Petrum
3345 2494 3573 2549 abbatem
3594 2490 3752 2546 Clanis-

2237 2610 2462 2660 censem,
2510 2592 2872 2647 Venerabilem
2920 2591 3145 2655 dictum,
3196 2586 3627 2657 chronographum
3666 2581 3749 2635 Flo-

2239 2688 2527 2740 riacensem
2551 2685 2692 2756 apud
2718 2682 3004 2738 Ghesnium
3028 2683 3184 2736 initio
3233 2680 3593 2735 historicorum
3613 2674 3744 2728 North

2241 2795 2574 2846 marinorum,
2603 2777 2838 2848 aliosque
2860 2776 3055 2830 multos
3073 2774 3255 2829 eodem
3276 2788 3488 2844 prorsus
3510 2769 3639 2823 modo
3657 2777 3748 2820 retu-

2240 2872 2385 2926 lisse.
2420 2870 2679 2940 Rodulfus
2703 2869 2983 2923 Tortarius
3013 2867 3387 2922 Cluniacensis
3426 2861 3670 2917 monachus
3688 2858 3749 2909 111

2241 2963 2455 3017 initium
2481 2962 2665 3017 διεσαΙὶ
2716 2977 2792 3015 xu
2821 2962 2963 3014 inter
2986 2960 3109 3014 alia
3148 2960 3367 3012 metrico
3387 2954 3597 3009 reddidit
3619 2951 3747 3004 Hinc.

2192 3077 2210 3134 ς
2244 3059 2381 3111 riam
2407 3056 2779 3110 translationis
2812 3071 3000 3125 corpus
3034 3052 3093 3107 S.
3119 3050 3398 3106 Benedicti
3422 3050 3471 3101 in
3495 3045 3749 3106 Galliam,ct

2241 3150 2296 3202 in
2323 3149 2428 3218 ﬁne
2455 3147 2712 3217 poematis
2735 3146 2819 3200 sui
2849 3145 2962 3199 lucc
2983 3143 3134 3198 addit
3165 3158 3185 3196 :

2311 3239 2439 3294 Post
2458 3238 2724 3293 tumulata
2744 3237 2869 3307 pius
2887 3251 3011 3305 quae
3032 3233 3203 3305 gessit
3216 3232 3461 3286 membra
3487 3237 3713 3299 patronus.

2382 3331 2509 3386 Haec
2530 3329 2694 3386 simul
2720 3330 2824 3383 hac
2844 3343 2955 3382 una
2980 3341 3220 3396 congero
3249 3323 3516 3396 paginula.

2311 3422 2584 3478 Astrictns
2606 3422 2779 3493 glacie
2804 3419 2966 3492 Liger
2988 3418 3190 3483 amnis,
3224 3427 3470 3487 tempore
3493 3415 3665 3468 bruma

2381 3514 2592 3571 Praebet
2620 3515 2722 3570 iter
2745 3522 2939 3569 sancto
2968 3511 3148 3567 nobile
3178 3510 3425 3581 legifero.

2310 3608 2603 3679 lmponunt
2622 3606 2747 3662 navi
2772 3606 2893 3662 sine
2918 3605 3123 3675 remige
3152 3602 3400 3657 membra
3428 3595 3655 3668 magistri,

2383 3700 2708 3771 Oppositum
2735 3698 2937 3753 1111111011
2967 3712 3077 3767 quo
3098 3703 3251 3751 secat
3274 3703 3328 3749 et
3350 3692 3558 3764 glaciem

2312 3794 2495 3850 Floret
2516 3792 2818 3859 Floriaeus,
2843 3791 2964 3847 visu
2994 3788 3310 3860 spectabile,
3344 3787 3511 3849 vicus,
3558 3816 3561 3819 ‹

2383 3886 2563 3940 Patris
2585 3886 2653 3940 ad
2677 3884 2987 3948 introitum,
3014 3882 3105 3935 lux
3128 3888 3247 3935 erat
3270 3878 3541 3949 ell‘ugium.

2315 3975 2456 4033 lliuc
2477 3976 2712 4046 sumpsit
2733 3957 2954 4039 nomen,
2983 3972 3143 4042 cujus
3170 3970 3277 4025 fuit
3299 3978 3424 4025 ante
3447 3979 3664 4022 vocamen

2240 4056 2243 4061 I
2386 4072 2566 4127 Aurea
2588 4069 2779 4137 Vallis,
2807 4083 2873 4124 eo
2902 4067 3051 4139 quod
3073 4066 3144 4121 sit
3166 4064 3388 4136 Opimus
3410 4064 3576 4118 humo.

2244 4163 2438 4222 Petrus
2476 4161 2822 4228 Venerabilis,
2867 4163 2924 4214 in
2956 4160 3147 4230 hymno
3175 4159 3239 4212 de
3280 4154 3599 4210 translatione
3627 4140 3742 4198 sancti

2245 4257 2542 4322 Benedicti,
2567 4255 2719 4325 cujus
2748 4254 2933 4324 hgmni
2953 4253 3015 4322 ﬁt
3055 4252 3251 4306 mentio
3280 4236 3339 4303 in
3382 4248 3469 4302 lib.
3499 4259 3560 4307 tv,
3585 4232 3742 4308 ερὶειοιε

2245 4349 2335 4415 50,
2389 4349 2655 4419 geminum
2707 4345 2803 4399 hoc
2851 4343 3113 4397 illationis
3149 4340 3466 4396 miraculum
3491 4333 3740 4403 reptatam

551 4430 763 4484 bacensi
805 4432 995 4487 abbate
1039 4450 1291 4505 quaenam
1309 4451 1478 4493 causa
1521 4429 1722 4495 existat
1794 4441 1941 4497 illius
1988 4442 2142 4497 festi-
2174 4434 2223 4493 D
2249 4442 2331 4496 his
2357 4441 2635 4496 versibus:

547 4521 732 4578 vitatis
790 4524 1093 4581 beatissimi
1148 4527 1325 4585 Patris
1381 4532 1778 4587 monachorum
1837 4534 2135 4602 Benedicti,

543 4630 671 4685 ([0113
721 4618 865 4686 apud
918 4617 1123 4675 Gallias
1168 4623 1442 4697 praecipue
1496 4624 1805 4679 celebratur
1842 4626 1898 4680 in
1945 4627 2138 4684 diebus

546 4706 819 4764 Dominici
862 4709 1143 4768 Adventus
1189 4715 1293 4770 sub
1350 4717 1572 4772 nomine
1626 4718 1908 4786 illationis,
1956 4720 2140 4774 condi-

543 4802 627 4856 dit
679 4820 742 4857 ea
770 4803 836 4858 de
873 4819 928 4857 re
956 4804 1214 4873 libellum,
1258 4810 1315 4862 in
1353 4826 1456 4880 quo
1495 4810 1661 4863 tradit
1710 4827 1928 4865 causam
1981 4812 2137 4882 hujus

542 4896 896 4954 solemnitatis
949 4916 1061 4955 esse
1110 4902 1417 4958 relationem
1469 4907 1704 4975 corporis
1744 4909 1918 4960 sancti
1968 4908 2137 4963 Bene-

542 4989 675 5042 dicti
716 4991 914 5059 fectant
943 5008 1008 5046 ea
1042 4993 1169 5047 urbe
1222 4994 1618 5062 Aureliunensi;
1672 5009 1791 5069 post
1843 5000 2049 5054 cladem
2100 5020 2136 5055 a

553 5079 933 5139 Nortltmannis
961 5086 1177 5141 illatam
1204 5090 1522 5144 monasterio
1549 5091 1909 5157 Floriacensi,
1936 5112 2041 5165 qua
2082 5096 2138 5148 in

544 5170 799 5227 relatione
848 5174 1056 5246 Ligeris
1087 5179 1255 5250 glacie
1302 5192 1575 5236 concretus
1614 5184 1915 5238 naviculam
1967 5188 2137 5239 sacris

545 5267 784 5340 reliquiis
839 5282 1085 5324 onustam
1124 5271 1302 5325 soluta
1354 5272 1525 5343 glacie
1562 5291 1655 5343 per
1696 5276 1946 5329 adversas
2002 5278 2138 5331 alvei

546 5379 711 5433 aquas
765 5361 1076 5418 Floriacum
1123 5367 1395 5432 reuexerit,
1423 5375 1472 5420 et
1506 5367 1722 5422 arbores
1764 5370 2032 5438 eruperint
2079 5369 2136 5422 in

544 5457 723 5528 fle-res,
756 5460 894 5514 unde
915 5476 1104 5514 nomen
1138 5461 1253 5515 loco
1289 5460 1595 5517 Floriacus.
1627 5462 1730 5516 His
1777 5463 1929 5516 addit
1957 5479 2139 5516 sacras

547 5554 721 5606 sancti
748 5552 1022 5608 Benedicti
1046 5554 1297 5625 reliquias
1324 5572 1384 5609 eo
1413 5555 1500 5611 die
1522 5556 1579 5610 in
1614 5555 1802 5610 Sancti
1835 5554 1982 5610 Petri
2017 5570 2139 5608 mo-

548 5646 809 5711 nasterio,
851 5646 909 5699 id
937 5654 1013 5701 est
1043 5646 1285 5711 ecclesia,
1320 5650 1576 5717 repositas
1602 5648 1785 5717 fuisse,
1810 5658 1861 5701 et
1897 5648 2142 5701 anniver-

550 5736 695 5790 sario
739 5738 824 5791 die
850 5740 1111 5808 sequentis
1155 5740 1281 5793 anni
1308 5738 1493 5794 illatas
1516 5741 1570 5796 iu
1612 5740 1894 5812 proprium
1921 5754 2143 5794 mausov

2465 4532 2633 4587 Navis
2657 4547 2754 4602 per
2778 4530 3005 4585 ﬂuvium
3033 4538 3126 4583 nat
3147 4527 3267 4583 sine
3292 4525 3501 4596 remige,

2464 4623 2714 4679 Mirando
2741 4623 2972 4694 glaciem
2998 4622 3236 4677 dissecat
3256 4620 3474 4689 impetu,

2467 4717 2653 4772 Sancti
2680 4716 2925 4771 membra
2951 4714 3136 4769 ferens
3162 4712 3325 4768 obvia
3355 4706 3544 4765 ﬂumini

2574 4810 2759 4865 Undas
2783 4820 2931 4864 retro
2958 4808 3289 4864 reverberat.

2460 4902 2728 4957 Eductam
2752 4901 2918 4956 ﬂuvio
2946 4900 3119 4955 sensit
3150 4908 3207 4953 111
3229 4897 3401 4961 arida,

2460 4993 2579 5050 Non
2602 5009 2803 5050 curans
2825 4993 2986 5065 gelidi
3020 4992 3221 5062 frigora
3247 4988 3511 5059 temporis,

2462 5085 2639 5142 Vcstit
2660 5093 2856 5140 cuncta
2884 5084 3043 5138 novis
3069 5082 3193 5137 ilico
3215 5081 3435 5136 ﬂoribus

2568 5178 2777 5233 Mutata
2803 5177 2943 5233 facie
2974 5176 3098 5231 soli.

2253 5271 2482 5325 Tantum
2505 5271 2701 5337 virum,
2730 5270 2810 5323 uti
2833 5278 2884 5323 et
2930 5267 3262 5333 Tortarium,
3290 5265 3403 5319 sola
3436 5247 3731 5315 DiellcriciJO-

2247 5364 2407 5417 minis
2434 5363 2699 5429 extranei,
2731 5360 3055 5414 auctoritate
3082 5357 3363 5411 inductum
3408 5353 3504 5406 Iure
3545 5338 3732 5409 scriP‘i‘“

2246 5471 2349 5509 non
2367 5464 2517 5525 puto,
2543 5454 2633 5508 sed
2661 5454 2891 5506 certiora
2921 5456 3285 5514 monumenta,
3311 5461 3424 5517 qua:
3461 5439 3580 5495 nobis
3607 5432 3728 5525 lutatio

2246 5549 2307 5603 ob
2330 5513 2515 5602 oculos,
2558 5546 2826 5599 habuisse.
2884 5540 3096 5595 Forsan
3140 5538 3240 5592 illo
3282 5513 3339 5591 in
3388 5534 3507 5588 libro

2249 5645 2483 5699 adventu
2516 5639 2692 5697 sancti
2715 5634 2995 5692 Benedicti
3021 5634 3205 5688 beatas
3232 5630 3348 5686 Odo
3372 5622 3598 5695 scripsi!”

2252 5739 2422 5804 betur,
2465 5736 2579 5805 ejus
2634 5735 2706 5789 rei
2760 5732 2957 5787 mentio
2997 5737 3132 5784 erat.
3168 5726 3321 5783 Certe
3370 5718 3595 5777 :limoimu
3630 5708 3728 5758 imm
