3946 6306
192 293 332 352 1181

1292 290 1653 350 MIRACULA
1695 294 1943 351 SANCTI
1981 297 2366 355 BENEDICTI.

3330 302 3466 358 M83

185 406 318 463 ﬁbri
342 422 381 462 ιι
411 404 486 460 De
509 407 805 474 miraculis,
836 408 1046 463 innuero
1067 403 1282 462 videtur
1307 406 1561 461 Floriaco
1592 424 1780 462 nomen
1810 413 1854 471 Α
1884 419 2005 462 sunt
2032 426 2098 463 ea:
2139 408 2401 464 miraculo
2427 408 2642 477 ﬂorum,
2687 408 2827 479 quod
2856 420 3248 478 commemorat,
3280 427 3467 469 nomen

185 498 473 555 accessisse
509 514 575 552 ex
619 500 877 554 miraculo
930 501 1142 569 florum.
1204 497 1537 566 Favorabili,
1586 499 1778 570 inquit,

184 603 444 659 supernae
470 590 807 660 dignationis
838 592 1126 662 prazsagio,
1160 590 1267 648 hoc
1316 593 1373 646 in
1401 608 1513 662 quo
1542 591 1653 647 Deo
1682 608 1781 646 au-

182 691 340 737 ctore
389 680 725 737 famulamur
773 684 1110 750 coenobium,
1167 692 1228 739 ut
1282 684 1563 740 Floriacus
1612 699 1778 763 voca:

181 784 360 841 retur,
412 775 642 844 accepit,
679 777 785 846 qui
820 777 1019 846 priscis
1070 778 1409 848 temporibus
1448 792 1557 833 non
1611 777 1778 832 dissi-

175 866 334 922 milis
364 869 551 938 gratia:
570 870 933 940 praerogativa
964 868 1132 926 Vallis
1162 870 1548 925 nominabatur
1575 869 1774 925 Aurea.

175 958 319 1015 llam
342 960 496 1015 verba
519 963 732 1016 omnino
758 974 1050 1018 consonant
1085 964 1354 1019 Diederici
1383 964 1551 1019 verbis
1578 972 1629 1019 et
1654 963 1780 1018 Tor-

177 1054 316 1107 tarii
328 1071 348 1119 ;
369 1053 459 1124 qui
488 1053 594 1108 duo
614 1055 875 1125 prwdicta
898 1055 1164 1111 miracula
1184 1056 1423 1125 proxime
1445 1066 1563 1126 post
1585 1055 1745 1110 Histo
1760 1086 1776 1098 -

174 1162 208 1199 r
232 1162 325 1199 am
367 1147 740 1201 translationis
782 1148 999 1218 subjicit
1029 1148 1189 1219 (quod
1221 1149 1386 1202 etiam
1427 1148 1557 1217 facit
1582 1146 1776 1202 Petrus

186 1235 539 1309 Venerabilis)
562 1255 655 1309 per
695 1241 1156 1310 anticipationem,
1189 1257 1313 1305 non,
1333 1241 1475 1311 quod
1502 1257 1565 1294 ea
1590 1242 1776 1294 statim

170 1346 210 1383 α
238 1329 590 1385 translatione
639 1332 785 1401 facta
816 1332 980 1402 fuisse
1018 1332 1325 1398 crediderit,
1359 1335 1441 1388 uti
1489 1333 1659 1388 visum
1698 1340 1776 1386 est

169 1420 339 1474 sociis
361 1420 764 1488 Bollandianis,
791 1422 881 1476 sed
915 1423 1042 1492 quia
1071 1432 1182 1477 tam
1204 1423 1414 1495 insigne
1456 1422 1775 1478 miraculum

172 1513 549 1568 translationis
569 1516 871 1569 narrationi
893 1517 1312 1571 continuandum
1335 1527 1472 1583 erat,
1502 1527 1560 1571 ut
1585 1533 1650 1571 cx
1671 1533 1773 1571 uno

169 1605 293 1661 alia
313 1606 575 1661 miracula
597 1606 1034 1678 intelligeremus.

190 1750 197 1757 .
245 1700 305 1755 5.
360 1698 593 1771 Denique
648 1700 955 1754 Aurelianis
1008 1700 1259 1755 hactenus
1321 1710 1496 1756 exstat
1548 1700 1772 1755 ec‘lesia

169 1789 363 1847 Sancti
383 1792 678 1859 Benedicti,
701 1809 819 1862 quae
852 1792 1005 1846 modo
1031 1792 1334 1862 paraecialis
1354 1802 1453 1860 est,
1478 1793 1545 1847 de
1578 1791 1652 1848 Re
1670 1793 1771 1846 litu

167 1884 331 1956 vulgo
382 1884 672 1956 appellata,
716 1886 778 1939 ob
815 1885 973 1955 hujus
1021 1886 1153 1955 facti
1206 1888 1538 1953 memoriam,
1574 1897 1632 1940 ut
1663 1887 1769 1956 fert

164 1979 370 2032 civium
397 1978 693 2047 persuasio,
737 1978 946 2031 tametsi
967 1977 1088 2047 jam
1117 1986 1238 2032 ante
1260 1977 1560 2032 illationem
1591 1996 1624 2031 a
1658 1978 1772 2033 Me-

164 2070 310 2125 done
334 2069 522 2125 abbate
543 2071 813 2141 ludificata
834 2071 1033 2140 fuerat,
1059 2070 1151 2125 sed
1200 2071 1386 2141 forsan
1413 2081 1528 2142 post
1562 2070 1770 2126 cladem

167 2158 671 2214 Northmannorum
710 2161 768 2214 in
829 2162 1138 2215 memoriam
1188 2161 1451 2216 illationis
1499 2164 1765 2217 restituta.

164 2251 445 2307 Illationis
471 2262 644 2307 tamen
676 2252 988 2308 vocabulum
1019 2270 1142 2307 raro
1168 2255 1434 2309 invenitur
1450 2256 1508 2308 in
1531 2256 1776 2325 antiquis,

165 2341 575 2413 Martyrologiis
596 2352 647 2396 et
673 2342 1054 2398 ecclesiasticis
1082 2343 1257 2408 libris,
1281 2359 1347 2397 ex
1378 2343 1568 2414 quibus
1601 2356 1769 2407 unum

163 2436 371 2505 reperio
401 2434 845 2506 Martyrologium
876 2434 1106 2490 abbatice
1133 2433 1192 2490 S.
1218 2434 1411 2490 Maria:
1437 2435 1515 2489 De
1529 2436 1768 2506 quadra-

164 2525 323 2597 ginta
355 2526 592 2579 dioecesis
645 2524 1046 2591 Narbonensis;
1082 2528 1138 2580 in
1178 2543 1281 2598 quo
1308 2535 1486 2580 noster
1507 2525 1768 2580 Claudius

169 2615 549 2687 Stephanotius
595 2616 706 2671 haec
742 2617 868 2688 legit
900 2632 919 2670 :
948 2617 1094 2672 Prid.
1125 2617 1243 2673 Non
1263 2659 1276 2672 .
1315 2618 1565 2673 Decemb.
1594 2616 1769 2673 Auro--

172 2708 362 2775 lianis,
393 2709 449 2762 in
480 2709 603 2763 loco
625 2709 733 2778 qui
750 2718 978 2764 vocatur
1000 2707 1308 2776 Floriacus,
1329 2709 1499 2764 illatio
1520 2712 1769 2781 corporis

170 2800 229 2856 S.
257 2799 537 2856 Benedicti
564 2800 778 2856 abbatis
803 2810 859 2855 et
880 2801 1159 2855 monachi.
1196 2800 1312 2855 Hoc
1347 2819 1465 2856 vero
1495 2802 1768 2874 Martyro-

168 2890 373 2961 logium
393 2890 489 2945 sub
514 2907 713 2945 annum
748 2892 880 2946 lllO
907 2900 1189 2946 exaratum
1217 2902 1315 2946 est.

237 2985 293 3037 ϐ.
331 2982 459 3039 1am
506 2985 847 3055 expendenda
899 2996 1023 3039 sunt
1080 2987 1349 3052 rationum
1403 2997 1763 3056 monumenta,

163 3073 356 3144 quibus
407 3077 535 3130 moti
580 3085 691 3130 tum
716 3079 850 3131 socii
890 3076 1260 3145 Bollandiani,
1295 3088 1407 3131 tum
1460 3079 1579 3146 alii,
1626 3080 1763 3134 hanc

165 3167 432 3222 illationis
461 3167 786 3237 Historiam,
810 3182 967 3240 prout
998 3189 1030 3225 a
1061 3172 1339 3226 Diederico
1365 3173 1631 3242 descripta
1652 3175 1764 3243 pri-

163 3275 311 3313 mum
342 3268 440 3327 est,
486 3261 544 3315 in
572 3261 793 3316 dubium
844 3271 1176 3329 revocarunt,
1214 3264 1382 3334 iisque
1426 3265 1765 3333 satisfacien-

161 3349 292 3403 dum
312 3367 407 3420 pro
432 3352 645 3406 modulo
668 3362 868 3420 nostro,
884 3363 1142 3424 quantum
1165 3356 1347 3421 sinunt
1365 3357 1604 3410 veritatis
1626 3357 1761 3428 leges

160 3452 213 3496 et
256 3443 548 3515 religionis,
577 3463 696 3516 quae
744 3449 989 3517 praecipit
1020 3449 1201 3502 omnia
1243 3449 1487 3519 probare,
1514 3459 1564 3504 et
1613 3452 1760 3505 omni

158 3535 399 3603 poscenti
429 3537 687 3590 rationem
716 3537 953 3593 reddere.

237 3624 519 3680 7.,Printa
567 3627 850 3681 dubitandi
897 3628 1037 3681 ratio
1087 3628 1212 3681 duci
1241 3637 1410 3698 potest
1441 3645 1506 3683 ea:
1544 3629 1760 3685 silentio

158 3716 567 3771 domesticorum
591 3728 869 3772 auctorum
892 3718 1169 3772 Diederico
1192 3720 1544 3789 superiorum,
1578 3737 1759 3792 nempe

156 3808 471 3877 Adrevaldi,
498 3810 752 3876 Adelerii,
775 3819 826 3865 et
848 3811 1116 3881 Aimoini;
1140 3813 1231 3883 qui
1270 3828 1390 3865 cum
1422 3829 1502 3865 res
1536 3813 1604 3866 ad
1628 3830 1757 3867 san-

155 3914 306 3960 ctum
334 3905 678 3959 Benedictum
705 3908 1010 3973 attinentes,
1040 3916 1090 3960 et
1142 3907 1405 3961 miracula
1435 3924 1527 3977 per
1582 3909 1756 3978 ipsum

154 3999 307 4070 facta
341 3999 522 4055 dedita
553 4016 710 4070 opera
735 4001 1064 4070 scripserint,
1095 4017 1230 4054 unus
1254 4011 1374 4070 post
1401 4001 1591 4067 alium,
1629 4002 1755 4056 nul-

153 4089 241 4147 lus
266 4101 437 4147 tamen
462 4110 643 4147 eorum
666 4095 983 4148 mentionem
1005 4094 1137 4164 facit
1165 4093 1451 4160 illationis,
1470 4094 1755 4149 duorumve

150 4185 562 4252 miraculorum,
593 4202 709 4256 qua:
762 4185 1072 4240 Diedericus
1124 4197 1521 4240 commemorat.
1579 4186 1645 4240 Et
1694 4197 1753 4240 ut

149 4275 255 4329 illa
283 4276 454 4331 videre
475 4278 763 4347 nequiverit
782 4276 1139 4343 Adrevaldus,
1156 4278 1341 4347 forsan
1363 4288 1602 4332 mortuus
1630 4289 1754 4334 ante

149 4368 209 4422 id
244 4376 466 4440 tempus,
487 4387 589 4440 quo
611 4370 723 4424 haec
745 4379 891 4441 gesta
921 4379 1075 4434 sunt;
1091 4387 1154 4425 ea
1183 4370 1533 4424 nihilominus
1554 4371 1751 4425 vidisse

1884 496 2138 554 Floriaco
2165 502 2467 568 accessisse,
2491 518 2554 555 ac
2580 500 3050 569 Carolomannum,
3079 520 3230 573 quem
3251 504 3359 557 alio
3379 523 3465 559 er-

1882 608 1999 645 rore
2039 590 2369 664 Sigebertum
2403 593 2656 665 appellat,
2683 604 2799 664 post
2822 595 3026 649 cladem
3064 596 3464 652 Northmanno-

1882 699 1999 736 rum
2026 685 2085 738 in
2125 684 2331 740 Gallias
2373 686 2692 756 advenisse),
2720 686 2966 742 sublesta:
3000 689 3205 742 videtur
3231 690 3465 743 auctori-

1881 775 2030 830 tatis.
2062 775 2246 848 Neque
2270 780 2411 833 enim
2435 778 2775 833 Diedericum
2800 781 2967 850 magis
2998 780 3274 834 callentem
3300 782 3463 849 fuisse

1880 881 2056 920 rerum
2111 866 2533 923 Floriacensium
2586 887 2745 941 quam
2786 869 3123 935 Aimoinum,
3156 873 3246 942 qui
3302 871 3464 941 paulo

1879 966 2001 1010 ante
2025 974 2144 1011 eum
2165 961 2447 1015 scribebat.
2478 960 2756 1014 Aimoinus
2789 962 3045 1032 siquidem
3072 962 3235 1016 libros
3263 962 3335 1017 De
3357 963 3463 1017 mi-

1879 1049 2076 1104 raculis
2091 1054 2263 1106 sancti
2278 1052 2546 1107 Benedicti
2562 1055 2774 1124 scripsit
2796 1070 2934 1108 anno
2954 1054 3230 1108 millesimo
3245 1057 3462 1126 quinto;

1876 1146 2189 1202 Diedericus
2216 1163 2334 1202 vero
2358 1148 2596 1209 libellum
2628 1147 2706 1202 De
2731 1148 2973 1202 illatione
3003 1150 3323 1218 nuncupavit
3364 1149 3463 1202 Ri—

1875 1240 2072 1295 chardo
2093 1241 2464 1297 Amerbacensi
2492 1242 2696 1309 abbati,
2718 1243 2808 1312 qui
2834 1258 2973 1295 anno
2996 1241 3275 1294 millesimo
3300 1244 3462 1311 trige-

1874 1334 2010 1387 simo
2042 1349 2178 1387 nono
2202 1334 2309 1387 vita
2339 1334 2554 1402 functus
2578 1342 2676 1399 est,
2705 1343 2929 1387 testante
2957 1333 3196 1387 Browero
3223 1334 3279 1386 in
3307 1333 3465 1386 Anti-

1874 1427 2139 1496 quitatum
2169 1425 2520 1481 Fuldensium
2546 1443 2663 1495 cap.
2695 1426 2784 1480 20.

1945 1516 1999 1571 9.
2038 1514 2321 1570 Postrema
2370 1515 2655 1585 difﬁcultas
2696 1514 2930 1585 procedit
2976 1530 3041 1568 ea:
3090 1522 3319 1583 tempore
3360 1529 3464 1584 quo

1874 1607 1985 1662 haec
2015 1607 2274 1674 accidisse
2319 1608 2593 1674 dicuntur,
2639 1607 2889 1660 nimirum
2925 1614 3042 1675 post
3079 1606 3378 1659 incendium
3411 1613 3463 1659 et

1872 1699 2217 1769 direptionem
2266 1698 2625 1753 Floriacensis
2660 1699 2967 1752 monasterii
3002 1714 3095 1767 per
3131 1696 3460 1759 Northman-

1807 1777 1849 1832 Β
1875 1808 1988 1846 nos.
2017 1790 2393 1861 Apudprobos
2422 1800 2663 1845 auctores
2708 1790 2922 1856 unicum
2947 1788 3104 1857 hujus
3134 1787 3353 1841 caenobii
3386 1787 3463 1842 le-

1874 1884 2021 1953 gitur
2071 1882 2373 1937 incendium
2424 1883 2629 1952 factum
2678 1898 2770 1951 per
2828 1879 3257 1946 Northmannos,
3321 1895 3460 1932 anno

1872 1973 2077 2029 Christi
2103 1975 2430 2044 sexagesimo
2454 1974 2638 2044 quinto
2678 1989 2840 2042 supra
2866 1972 3370 2042 octingentesimum,
3396 1971 3461 2025 de

1869 2083 1972 2136 quo
2008 2066 2341 2120 Adrevaldus
2389 2064 2616 2119 inlibro
2658 2064 2731 2118 De
2769 2064 3046 2130 miraculis
3082 2064 3254 2117 sancti
3290 2063 3455 2116 Bene-

1870 2158 2023 2225 dicti,
2073 2176 2190 2229 cap.
2239 2160 2328 2225 54,
2363 2157 2594 2212 Annales
2637 2157 2960 2221 Bertiniani,
3007 2165 3059 2211 et
3107 2156 3253 2210 breve
3294 2155 3455 2210 Chro-

1870 2251 2046 2316 nicon,
2092 2250 2233 2321 quod
2282 2250 2523 2304 Andreas
2565 2248 2823 2326 Chesnius
2865 2249 3210 2318 scriptoribus
3257 2246 3438 2302 North

1870 2344 2132 2396 mannicis
2161 2344 2440 2413 praemisit.
2486 2343 2646 2413 Atqui
2671 2358 2731 2397 eo
2762 2359 2902 2396 anno
2930 2359 3034 2396 non
3060 2351 3137 2395 est
3162 2342 3307 2411 facta
3331 2340 3448 2395 illa-

1871 2436 1973 2500 tio,
2022 2444 2135 2489 tum
2177 2436 2305 2506 quia
2333 2435 2449 2505 ejus
2490 2435 2566 2488 rei
2607 2436 2926 2490 meminisset
2966 2433 3325 2499 Adrevcldus,
3369 2449 3460 2503 qut

1870 2525 2075 2596 aliquot
2096 2527 2250 2580 annis
2274 2534 2536 2596 superstes
2563 2526 2732 2579 multa
2754 2525 2966 2595 scripsit
2993 2525 3055 2578 de
3078 2534 3261 2577 sancto
3288 2523 3459 2577 Bene-

1868 2618 2032 2686 dicto,
2079 2635 2196 2689 qua:
2237 2628 2353 2689 post
2392 2617 2530 2672 illud
2575 2628 2776 2688 tempus
2817 2618 3144 2683 acciderunt,
3177 2626 3288 2670 tum
3332 2618 3459 2687 quia

1867 2711 2039 2765 sancti
2074 2710 2351 2765 Benedicti
2374 2728 2587 2782 corpus,
2615 2727 2716 2764 non
2741 2711 3056 2777 Aurelianos
3083 2719 3194 2763 tum
3222 2709 3458 2763 delatum

1865 2809 1964 2867 est,
2001 2800 2093 2854 sed
2122 2800 2226 2857 bac
2246 2809 2300 2856 et
2325 2801 2469 2868 illac,
2493 2810 2650 2871 prout
2687 2800 2923 2871 fugiendi
2961 2800 3242 2854 necessitas
3268 2799 3458 2868 impel-

1868 2891 2029 2947 lebat.
2078 2892 2281 2948 Deinde
2329 2910 2500 2968 regem
2552 2890 2917 2958 Francorum,
2959 2892 3109 2961 cujus
3153 2893 3459 2962 principatu

1867 2987 2087 3056 contigit
2130 2986 2330 3057 illatio,
2376 2985 2858 3052 Carolomannum,
2900 2984 3154 3040 Ludovici
3189 2984 3347 3039 Balbi
3373 2985 3457 3062 ffi-

1867 3075 2018 3144 lium,
2070 3079 2204 3130 satis
2253 3077 2494 3148 designat
2542 3076 2889 3142 Diedericus;
2938 3076 3210 3144 Carolum,
3263 3094 3456 3147 cogno-

1867 3180 2040 3224 mento
2084 3168 2409 3240 Simplicem,
2445 3169 2871 3240 chronographus
2911 3157 3203 3239 anonymus
3232 3170 3457 3238 inferius

1865 3264 2207 3321 exhibendas.
2246 3261 2436 3317 Verum
2457 3280 2520 3317 ea
2546 3279 2625 3316 res
2647 3278 2750 3315 non
2775 3262 2994 3331 fugisset
3021 3260 3323 3314 Adelerium
3345 3260 3455 3316 Ca-

1866 3354 2163 3408 rolomanni
2204 3363 2431 3423 tempore
2470 3352 2809 3417 scribentem,
2848 3352 2896 3404 si
2943 3360 3193 3421 regnante
3227 3349 3454 3407 Carolo-

1864 3463 2056 3500 manno
2082 3446 2423 3516 contigisset;
2457 3446 2505 3499 si
2549 3443 2746 3499 Carolo
2789 3442 3041 3514 Simplice
3064 3460 3201 3515 rege,
3225 3460 3342 3497 eam
3367 3458 3455 3496 re-

1865 3538 2095 3591 scivisset
2140 3537 2439 3604 Aimoinus,
2471 3537 2561 3607 qui
2596 3552 2701 3589 non
2729 3536 2934 3607 integro
2962 3535 3156 3590 saeculo
3195 3552 3229 3588 a
3257 3533 3452 3590 Carolo

1861 3629 2067 3684 aberat.
2698 3620 2702 3625 ’

1930 3719 2017 3774 10.
2060 3719 2329 3774 Praeterea
2352 3720 2461 3774 dici
2496 3736 2597 3774 non
2622 3728 2792 3791 potest
2824 3720 3059 3791 corporis
3088 3718 3147 3774 S.
3178 3718 3452 3773 Benedicti

1860 3812 2167 3867 relationem
2197 3822 2316 3883 post
2349 3812 2650 3868 absolutam
2689 3812 2924 3889 Adelerii
2963 3812 3301 3882 scriptionem
3333 3826 3465 3864 eve-

1860 3905 2018 3971 nisse,
2054 3913 2163 3957 tum
2200 3905 2326 3975 quia
2368 3905 2425 3957 in
2469 3904 2567 3958 illa
2600 3904 3090 3958 Northmannorum
3134 3904 3447 3973 direptione,

1857 3984 2015 4067 quam
2044 3996 2293 4050 describit
2318 3995 2619 4064 Adelerius,
2645 3996 2780 4050 nulli
2812 3994 3176 4050 Floriacenses
3204 3994 3449 4048 monachi

1857 4089 1980 4142 cazsi
2026 4089 2298 4155 dicuntur,
2346 4106 2496 4144 secus
2544 4089 2600 4142 in
2644 4088 2914 4142 Diederici
2962 4089 3288 4155 narratione,
3336 4096 3448 4142 tum

1855 4184 1981 4253 quia
2012 4182 2379 4237 Floriacenses
2419 4192 2530 4255 tum
2570 4183 2935 4253 confugerant,
2968 4197 3072 4235 non
3108 4181 3449 4250 Aurelianos,

1855 4291 1972 4345 qam
2008 4275 2131 4329 urbs
2172 4283 2282 4328 tum
2313 4284 2469 4345 capta
2509 4275 2671 4344 fuisse
2716 4275 2921 4328 videtur
2957 4290 3023 4327 ea:
3055 4272 3320 4341 Adelerio,
3354 4274 3445 4329 sed

1856 4365 1923 4419 ad
1967 4366 2235 4435 praedium
2280 4365 2700 4421 Matriniaccnse
2748 4367 2875 4436 pagi
2912 4364 3300 4433 Wastinensis,
3343 4384 3467 4437 quo,

147 4463 326 4530 potuit
346 4462 642 4528 Adelerius,
676 4465 955 4535 utpotequi
989 4465 1185 4532 referat
1206 4481 1543 4534 congressum
1564 4464 1750 4535 Ilugo—
1780 4473 2029 4534 Πείσωνι
2064 4457 2304 4527 pretiosa
2351 4473 2583 4527 quaeque
2622 4466 3098 4527 comportaverant,
3134 4474 3197 4511 ac
3226 4458 3446 4527 proinde

145 4554 235 4608 nis
261 4553 468 4608 abbatis
496 4563 547 4608 et
571 4552 812 4609 Girboldi
868 4555 1349 4610 Antissiodorensis
1383 4540 1591 4610 comitis
1630 4572 1752 4609 cum

144 4646 543 4704 Northmannis
571 4648 633 4703 ob
658 4649 861 4719 factam
900 4648 1262 4703 Floriacensis
1311 4648 1619 4701 monasterii
1662 4648 1749 4700 di-

141 4741 460 4812 reptionem,
510 4742 600 4812 qui
648 4741 943 4797 Girbollus
994 4758 1112 4808 non.
1140 4740 1498 4810 alius.fuisse
1524 4740 1748 4806 videtur,

140 4850 312 4904 quam
355 4832 618 4888 Gisloll‘us
649 4850 841 4900 comes,
889 4834 1045 4887 istius
1087 4833 1396 4887 monasterii
1428 4832 1743 4897 advocatus,

140 4925 205 4978 in
228 4922 496 4977 Diederici
517 4925 826 4978 narratione
856 4925 1303 4993 memoratus,qui
1329 4923 1545 4977 hortatu
1568 4923 1744 4976 sancti

140 5014 425 5068 Benedicti
452 5016 507 5069 in
537 5015 736 5069 somnis
763 5015 1071 5084 apparentis
1101 5013 1501 5068 Northmannos
1532 5016 1742 5068 insecu-

142 5115 236 5160 tus
264 5107 357 5172 sit,
392 5107 695 5176 viceritque.
747 5104 892 5160 Nam
935 5105 1120 5160 eadem
1167 5106 1310 5175 apud
1361 5106 1664 5160 Adelerium
1693 5115 1744 5161 et

142 5195 488 5251 Diedericum
534 5194 827 5266 singulares
893 5204 1051 5260 notw,
1104 5195 1276 5248 visum
1317 5195 1521 5249 scilicet
1560 5197 1744 5250 comiti

141 5289 409 5360 pugnanti
433 5297 677 5341 sanctum
698 5286 1040 5341 Benedictum
1066 5288 1358 5341 mouastico
1376 5287 1559 5340 habitu
1586 5288 1743 5341 indu-

151 5400 282 5452 ;vm,
312 5386 404 5455 qui
450 5385 760 5439 dimicantis
806 5401 997 5455 equum
1041 5400 1202 5437 manu
1259 5384 1495 5450 duxerit,
1529 5384 1744 5455 aliaque

144 5491 314 5528 manu
337 5473 597 5545 plurimos
624 5473 855 5529 hostium
884 5474 1157 5528 occiderit.

186 5614 193 5617 _
224 5566 277 5621 8.
323 5564 448 5620 Non
474 5566 702 5621 multum
727 5565 1009 5621 dissimilis
1039 5567 1335 5637 argumenti
1368 5574 1445 5620 est
1477 5566 1618 5636 quod
1648 5582 1742 5620 ur-

145 5667 270 5730 gent
302 5675 367 5712 ea:
398 5659 515 5729 ipsa
550 5658 815 5713 Diederici
862 5660 1169 5729 scriptione,
1198 5676 1316 5731 qua:
1356 5676 1473 5713 cum
1506 5660 1742 5713 auctoris

146 5751 220 5805 sit
261 5752 601 5812 oosterioris.
648 5760 697 5806 et
730 5750 975 5809 oleraaue
1029 5751 1168 5807 falsa
1216 5753 1476 5808 contineat
1526 5754 1543 5807 l
1557 5751 1741 5816 qualia

1852 4566 2039 4618 corpus
2093 4546 2151 4603 S.
2194 4549 2491 4603 Benedicti.
2542 4549 2695 4615 Quod
2734 4550 2835 4603 etsi
2878 4548 3168 4619 aliquando
3213 4550 3443 4620 perfugii

1852 4658 2014 4695 causa
2042 4640 2275 4695 delatura
2307 4644 2379 4697 sit
2419 4641 2759 4706 Aurelianos,
2799 4658 2904 4696 non
2946 4652 3123 4695 tamen
3157 4643 3442 4711 repositum

1849 4735 2056 4789 videtur
2086 4736 2142 4788 in
2169 4735 2391 4790 ecclesia
2427 4734 2485 4789 S.
2519 4735 2773 4803 Anuiani,
2806 4745 2864 4789 ut
2896 4734 3080 4788 scribit
3108 4734 3438 4798 Diedericus,

1848 4844 1966 4898 qua:
1991 4838 2114 4882 tunc
2141 4838 2293 4882 extra
2321 4845 2497 4882 muros
2524 4838 2671 4892 erat;
2701 4828 2792 4883 sed
2815 4830 2995 4898 potius
3021 4829 3078 4882 in
3103 4828 3329 4881 radicula
3350 4844 3440 4881 δα·-

1848 4936 1962 4988 cra,
2007 4937 2168 4990 quam
2207 4919 2362 4973 Medo
2403 4920 2565 4975 abbas
2602 4921 2658 4973 in
2688 4922 2858 4975 sancti
2884 4919 3156 4973 Benedicti
3190 4918 3438 4970 honorem

1846 5022 2238 5081 construxerat,
2283 5023 2340 5067 ut
2376 5014 2577 5068 dictum
2605 5024 2703 5069 est.
2743 5014 2887 5068 Nam
2928 5030 2987 5067 eo
3017 5022 3125 5064 tum
3161 5011 3461 5080 confugere,

1846 5107 1994 5161 soliti
2034 5117 2189 5161 erant
2219 5107 2611 5174 Floriacenses,
2640 5118 2769 5163 teste
2789 5105 3086 5161 Adrevaldo
3108 5106 3165 5158 in
3198 5105 3332 5158 libro
3358 5103 3436 5158 De

1846 5201 2124 5254 miraculis
2157 5199 2215 5256 S.
2240 5201 2536 5268 Benedicti,
2561 5219 2676 5272 cap.
2703 5203 2792 5254 2|.
2954 5262 2959 5267 _

1920 5293 2006 5348 11.
2046 5293 2280 5365 Denique
2310 5284 2367 5348 ut
2403 5311 2462 5348 eo
2506 5305 2732 5363 tempore
2772 5290 3115 5344 Floriacense
3144 5290 3436 5343 coenobium

1842 5382 2157 5438 violaverim
2184 5383 2567 5449 Northmanni,
2593 5391 2800 5436 tantum
2826 5381 2971 5435 abest
2995 5390 3049 5434 ut
3075 5380 3225 5434 llollo
3251 5397 3433 5434 eorum

1841 5476 1952 5530 dua:
1980 5484 2099 5546 post
2141 5486 2403 5531 vastatam
2438 5476 2589 5545 longe
2634 5473 3002 5544 Burgundioni
3039 5473 3433 5527 monasterium

1844 5566 1901 5623 S.
1927 5567 2202 5624 Benedicti
2227 5560 2601 5624 contaminare
2622 5566 2879 5631 noluerit,
2904 5582 3005 5620 nec
3023 5566 3254 5635 praedari
3284 5565 3431 5618 illam

1840 5661 2214 5729 provinciam,
2268 5660 2610 5714 Floriacense
2664 5658 2905 5713 videlicet
2958 5658 3159 5724 solum,
3211 5665 3432 5727 propter

1841 5761 2091 5808 sanctum
2134 5753 2482 5810 Benedictum
2526 5752 2868 5815 permiserit.
2914 5760 2970 5806 ut
3019 5750 3170 5805 Dudo
3214 5750 3431 5815 Quinti-
