3946 6306
565 323 705 381 “83

1525 311 1827 367 RABULFI
1866 310 2196 367 TORTAllll
2237 309 2547 366 MONACHI
2587 305 2907 365 FLORIAG.
3678 315 3767 375 “Si

567 440 758 494 nianus
788 446 1021 491 decanus
1051 433 1235 488 scribit
1273 432 1328 486 in
1358 430 1453 484 lib.
1483 445 1543 496 ιι,
1566 430 1652 483 cui
1678 427 2018 484 Wuillelmus
2046 425 2150 480 σε·
2180 431 2227 489 Α
2255 427 2387 480 dicit
2413 427 2693 481 Adelerius
2722 443 2912 496 corpus
2955 428 3129 480 sancti
3156 426 3441 481 Benedicti
3478 426 3770 488 Halriniam

564 529 861 585 meticensis
908 526 1193 580 monachus
1244 524 1461 578 totidem
1510 522 1679 577 verbis
1723 521 2057 591 suffragatur
2096 522 2153 573 in

565 622 659 675 lib.
698 637 756 687 ιι,
800 636 917 689 cap.
958 619 1044 672 Η.
1082 616 1149 670 Et
1185 617 1296 671 hce'c
1330 623 1452 668 sunt
1492 615 1761 685 praecipua
1803 629 1920 683 qua:
1966 621 2153 666 contra

575 712 837 766 Diederici
867 709 1172 779 scriptionis
1198 708 1569 761 auctoritatem
1600 705 1782 775 afferri
1805 713 2021 775 possunt
2046 720 2156 757 mo-

570 814 764 869 menta,
794 819 930 874 quae,
959 802 1058 855 etsi
1087 818 1190 855 non
1220 801 1354 854 levia
1381 816 1492 854 esse
1512 797 1879 863 concedamus,
1909 813 2012 850 non
2039 796 2153 865 ejus

565 906 739 952 tamen
798 904 921 948 sunt
984 895 1186 947 roboris
1240 900 1297 946 ut
1356 894 1728 945 incunctanter
1784 888 2155 944 commentitia

565 988 764 1042 censeri
787 986 1007 1040 debeant
1036 999 1098 1039 ea
1125 1002 1242 1056 qua:
1269 985 1332 1038 ab
1368 985 1481 1055 ipso
1512 984 1832 1053 referuntur.

641 1081 727 1134 ιι.
779 1079 967 1133 Primo
1007 1079 1145 1132 cnim
1198 1078 1464 1132 Diederici
1518 1093 1668 1130 error
1721 1076 1775 1129 in
1831 1074 2157 1146 assignanda

568 1188 755 1239 causa,
809 1187 926 1242 qua:
976 1168 1216 1224 Floriaci
1267 1168 1675 1240 appellationem
1720 1168 2008 1230 indiderit,
2062 1175 2155 1220 aut

569 1262 749 1316 nullus
780 1274 878 1329 est,
905 1272 998 1317 aut
1044 1274 1181 1318 certe
1223 1264 1478 1318 levissimi
1505 1265 1773 1318 momenti.
1807 1262 1951 1317 Nam
1973 1272 2024 1317 et
2056 1263 2156 1316 Ai-

570 1356 779 1409 moinus
803 1357 858 1409 in
887 1357 1069 1410 eadem
1098 1358 1296 1411 versari
1322 1357 1531 1410 videtur
1558 1356 1836 1422 sententia,
1864 1366 1916 1410 et
1934 1357 2159 1425 scripta-

569 1446 717 1500 ribus
741 1448 1012 1517 familiare
1033 1458 1110 1502 est
1137 1449 1426 1520 aliquando
1448 1449 1579 1503 data
1608 1450 1880 1503 occasione
1903 1447 2081 1503 ludere
2102 1448 2158 1502 in

567 1539 706 1591 seria
738 1548 1065 1608 argumento.
1101 1539 1232 1594 Esto
1266 1557 1384 1594 vero
1421 1540 1733 1595 Diedericus
1781 1541 1954 1611 falsus
1992 1542 2063 1594 sit
2100 1540 2157 1593 in

567 1627 894 1697 designanda
942 1638 1187 1699 tempore,
1232 1648 1333 1701 qua
1375 1630 1797 1686 Carolomannus
1838 1632 1892 1685 in
1921 1629 2157 1685 Calliam

566 1720 809 1785 accessit,
842 1729 896 1773 at
924 1721 980 1775 id
1025 1738 1128 1775 non
1159 1722 1412 1792 impedit,’
1439 1739 1540 1794 quo
1572 1725 1746 1777 minus
1791 1725 1843 1777 in
1872 1724 1987 1794 ipsa
2031 1739 2150 1775 nar-

569 1812 794 1865 rationis
822 1812 1125 1867 substantia
1153 1816 1426 1869 veritatem
1451 1824 1727 1869 assecutus
1761 1817 1852 1870 sit.
1888 1815 2039 1870 Certe
2066 1831 2158 1869 va-

570 1906 772 1959 riorum
793 1909 1113 1977 scriptarum
1138 1909 1230 1980 qui
1260 1911 1433 1962 sancti
1454 1908 1729 1963 Benedicti
1752 1907 2015 1961 miracula
2040 1924 2159 1960 con-

567 2006 841 2067 sequenter
868 1999 1092 2067 posteris
1134 1999 1476 2065 mandarunt,
1514 1998 1787 2053 silentium
1828 2014 1931 2051 non
1960 1999 2037 2050 ita
2067 1997 2159 2051 de-

568 2089 854 2143 cretorium
899 2099 977 2143 est
1011 2099 1068 2143 ut
1103 2108 1167 2144 ea:
1203 2108 1261 2144 eo
1290 2108 1452 2145 causa
1485 2108 1583 2145 sua
1623 2090 1934 2143 Diedericus
1972 2088 2158 2142 cadere

567 2179 774 2234 debeat.
812 2179 955 2234 Nunt
977 2190 1329 2252 praeterquam
1357 2182 1495 2253 quod
1519 2182 1584 2235 ab
1608 2181 1788 2252 aliqua
1813 2180 1922 2235 alio
1945 2188 2158 2233 auctore

568 2270 811 2341 antiquo,
848 2274 938 2342 qui
981 2274 1261 2341 exciderit,
1308 2276 1508 2345 scripta
1553 2275 1737 2344 forsan
1773 2283 1850 2327 est
1895 2272 2157 2327 illationis

566 2363 815 2429 historia,
844 2365 941 2419 hoc
978 2367 1049 2419 ad
1074 2383 1181 2420 rem
1206 2375 1442 2421 nostram
1472 2368 1704 2421 maxime
1725 2367 1879 2437 facit,
1910 2366 2048 2436 quod
2069 2381 2160 2418 ne-

567 2472 670 2527 que
696 2460 875 2512 omnia
902 2462 1073 2514 sancti
1096 2461 1366 2516 Benedicti
1394 2462 1657 2517 miracula
1687 2479 1805 2534 quae
1831 2479 1923 2533 per
1943 2462 2000 2515 id
2024 2471 2158 2515 tem-

567 2564 668 2619 pus
699 2553 1027 2620 acciderunt,
1053 2555 1251 2625 scripta
1275 2572 1406 2623 esse,
1439 2572 1600 2627 neque
1626 2556 1933 2609 Aimoinum
1961 2571 2021 2608 ea
2042 2569 2160 2624 qua:

568 2649 637 2696 de
672 2643 803 2713 ipsis
828 2646 882 2699 in
918 2646 1128 2701 litteras
1157 2648 1328 2701 relata
1356 2658 1499 2715 sunt,
1529 2639 1707 2703 6mnia
1738 2647 1924 2719 legisse
1950 2653 2160 2700 constat

568 2750 635 2788 ca:
663 2733 789 2789 libri
818 2754 879 2791 ιιι
908 2737 972 2792 de
1003 2738 1128 2792 Vita
1153 2740 1324 2793 sancti
1350 2740 1573 2808 Odanis,
1604 2757 1722 2811 cap.
1757 2740 1845 2807 1³5,
1868 2738 1959 2792 ubi
1984 2736 2158 2791 Joan-

571 2838 661 2879 nes
691 2830 976 2883 monachus
1000 2841 1372 2886 commemorat
1395 2833 1661 2903 quoddam
1689 2834 1863 2888 sancti
1889 2830 2161 2886 Benedicti

571 2916 893 2972 miraculum
942 2921 1005 2973 ab
1055 2923 1182 2977 aliis
1225 2925 1572 2996 scriptoribus
1620 2928 1872 2982 omissum
1917 2922 2161 3000 (tametsi

570 3004 776 3078 aliquid
826 3011 999 3065 simile
1043 3013 1277 3083 referunt
1322 3016 1654 3073 Adrevaldns
1696 3021 1754 3073 in
1802 3024 2061 3092 cap.'22,
2108 3037 2158 3082 ει
2254 3012 2399 3083 jecta
2429 3028 2532 3066 non
2565 3012 2752 3082 fuisset
2790 3010 2998 3082 religio,
3031 3011 3136 3064 nisi
3169 3027 3236 3066 ea:
3265 3010 3527 3065 similibus
3563 3009 3767 3079 prodigiis,

567 3098 893 3172 Adclerius,)
921 3113 969 3157 et
985 3103 1182 3160 librum
1208 3105 1285 3163 De
1314 3106 1558 3164 Adventu
1590 3114 1836 3182 corporis
1859 3117 2033 3171 sancti
2060 3117 2164 3174 Be-
2188 3122 2230 3182 c
2262 3120 2380 3176 qua!
2410 3103 2720 3158 Πίεάθνίσαθ
2749 3103 2929 3173 refert.
2978 3110 3030 3156 ετ
3069 3109 3131 3156 ου
3175 3103 3418 3157 eamdem
3454 3102 3578 3171 {om
3616 3113 3765 3152 mm

569 3192 793 3261 nedicti,
817 3212 968 3267 quem
989 3209 1205 3255 sanctus
1228 3199 1419 3256 Odoin
1439 3202 1813 3261 Aurelianensi
1836 3213 2157 3266 monasterio

566 3283 910 3356 descripsisse
937 3286 1128 3360 fertur,
1178 3292 1244 3347 ab
1282 3294 1528 3349 Aimaino
1570 3297 1891 3368 ignoratum.
1930 3301 2014 3355 Ad
2047 3302 2159 3358 hcce

566 3372 847 3431 Aimoinus
890 3380 1001 3450 ipse
1039 3383 1244 3452 fatetur
1290 3385 1347 3437 in
1375 3384 1511 3440 libra
1541 3388 1712 3458 primo
1756 3388 1834 3444 De
1860 3391 2156 3461 miraculis,

570 3482 689 3537 cap.
733 3469 787 3535 4,
822 3472 1083 3528 miracula
1115 3492 1232 3547 quae
1278 3476 1481 3532 Odonis
1509 3478 1716 3534 abbatis
1749 3488 1976 3553 tempore
2012 3497 2159 3555 gesta

568 3567 712 3625 sunt,
756 3561 1031 3635 incognita
1074 3583 1296 3624 manere
1330 3570 1528 3639 partim
1576 3573 1919 3644 antiquitate,
1959 3578 2158 3647 partim

570 3652 905 3722 scriptorum
930 3659 1257 3731 negligentia
1286 3662 1546 3718 oblivioni
1570 3664 1791 3731 tradita,
1818 3677 2015 3738 quanto
2044 3686 2161 3724 ma-

571 3741 656 3811 gis
678 3759 740 3796 ea
762 3761 880 3814 qua:
903 3764 995 3817 per
1015 3748 1497 3807 turbulentissimas
1520 3753 1645 3808 illas
1669 3754 2161 3814 Northmannarum

570 3842 905 3906 tempestates
948 3842 1095 3911 facta
1143 3853 1286 3913 sunt,
1320 3846 1437 3916 ejus
1488 3849 1735 3903 notitiam
1775 3850 1953 3921 fugere
1979 3863 2161 3923 potue-

571 3938 694 3982 runt
710 3930 737 3984 1’

644 4020 733 4075 15.
776 4021 951 4076 Paulo
994 4026 1169 4079 minus
1206 4028 1368 4096 facile
1402 4039 1479 4084 est
1513 4031 1711 4085 solvere
1740 4033 1880 4103 quod
1912 4032 2164 4103 objicitur

568 4113 637 4167 de
662 4121 889 4184 tempore
911 4134 1014 4187 quo
1049 4117 1159 4173 haec
1184 4120 1447 4174 illationis
1475 4122 1702 4177 historia
1728 4141 1759 4177 a
1779 4123 2060 4180 Diederico
2082 4144 2163 4182 re-

569 4203 684 4259 lata
730 4208 989 4262 accidisse
1026 4210 1215 4278 fertur.
1262 4210 1405 4266 Nam
1440 4213 1591 4267 aliud
1636 4216 1863 4285 fortasse
1909 4217 2160 4273 Floriaco

568 4298 871 4352 incendium
895 4317 989 4370 per
1018 4300 1416 4360 Northmannos
1447 4305 1660 4361 illatum
1702 4318 1779 4363 est
1803 4320 1996 4379 prccter
2024 4311 2161 4366 illud

570 4388 637 4443 ab
667 4389 966 4448 Adrevaldo
992 4394 1218 4466 aliisque
1241 4409 1726 4468 commemoratum,
1757 4403 1896 4473 quod
1925 4403 2159 4457 illationi

568 4485 747 4553 aptari
769 4487 966 4557 nequit.
996 4486 1148 4543 Certe
1174 4488 1439 4545 Diederici
1465 4497 1741 4548 sententiae
1767 4471 1998 4549 maxime
2021 4496 2159 4565 favet
2187 4471 2240 4532 υ
2262 4490 2557 4544 illationem
2581 4497 2828 4559 regnante
2849 4485 3240 4542 Carolomanno
3261 4484 3533 4544 accidisse,
3555 4475 3760 4549 17ml”

569 4575 847 4630 Adelerius
872 4579 926 4632 in
954 4596 1013 4634 ea
1034 4582 1172 4652 quod
1197 4599 1443 4654 magnam
1465 4585 1579 4655 ejus
1601 4589 1926 4641 narrationis
1957 4599 2160 4658 portent

568 4678 943 4722 commemorat
989 4672 1330 4727 describenda
1365 4675 1713 4746 irruptionem
1754 4676 2150 4732 Northmanno-

571 4774 691 4813 rum
740 4759 1082 4829 Floriacum,
1131 4775 1180 4818 et
1221 4764 1465 4820 Cirboldi
1515 4769 1794 4822 victoriam
1842 4779 2025 4825 contra
2073 4788 2161 4825 eos

573 4852 705 4905 duce
730 4865 915 4908 sancto
949 4854 1233 4911 Benedicto
1268 4868 1599 4930 reportatum
1628 4861 1723 4915 sub
1752 4878 1907 4933 regno
1935 4862 2161 4918 Carolo-

570 4947 772 5000 manni.
795 4945 976 5019 Neque
995 4949 1168 5003 obstat
1188 4953 1326 5021 quod
1345 4952 1620 5007 Adelerius
1640 4955 1847 5010 reticuit
1862 4956 2164 5013 incendium

570 5040 812 5103 caenobii,
838 5051 886 5094 et
909 5042 1105 5096 ccedam
1130 5045 1483 5114 quorumdam
1504 5046 1904 5116 monachorum,
1930 5048 2163 5122 nihilque

568 5130 635 5185 de
659 5133 919 5201 illatiane,
959 5154 1117 5208 quam
1147 5147 1330 5208 postea
1360 5138 1560 5209 factam
1593 5141 1668 5194 ait
1693 5141 2025 5210 Diedericus,
2066 5142 2149 5197 lit-

573 5226 698 5279 teris
740 5228 1086 5299 consignavit.
1132 5229 1339 5285 Desinit
1380 5231 1643 5302 siquidem
1682 5232 1918 5288 Adelerii
1946 5234 2080 5289 liber
2106 5235 2161 5289 in

571 5314 814 5387 Iluganis
858 5329 907 5373 et
945 5320 1187 5376 Criboldi
1220 5324 1443 5378 victoria
1468 5325 1546 5394 ;de
1573 5323 1990 5394 Northmannis,
2021 5336 2168 5397 post-

571 5424 728 5478 quam
772 5411 917 5480 facta
964 5424 1043 5468 est
1097 5414 1287 5470 relatio
1338 5418 1575 5486 corporis
1607 5414 1664 5471 S.
1710 5416 2014 5483 Benedicti;
2064 5435 2165 5490 quo

572 5507 800 5568 tempore
828 5502 1105 5558 Adelerius
1130 5506 1415 5573 scribendi,
1441 5519 1504 5560 ac
1532 5506 1759 5577 fortasse
1779 5508 1982 5563 vivendi
2006 5509 2165 5578 finem

563 5588 683 5659 jam
715 5589 930 5661 fecerat.
968 5595 1164 5650 Deinde
1185 5607 1310 5668 quot
1338 5599 1633 5669 singulares
1655 5599 1917 5670 ejusmodi
1939 5602 2166 5655 circum-

572 5684 885 5737 stantixts‘in
912 5683 1126 5755 prolixa
1153 5689 1462 5741 narratione
1490 5689 1726 5743 videmus
1755 5690 1811 5743 in
1845 5690 1958 5745 dies
1990 5692 2164 5746 omitti

570 5785 608 5826 α
638 5774 904 5827 nonnullis
933 5775 1221 5841 historicis,
1246 5793 1362 5846 quw
1387 5776 1450 5831 ab
1475 5777 1595 5832 aliis
1622 5780 1959 5849 referuntur?
1984 5781 2164 5840 Neaue

2256 519 2512 587 delatum,
2563 529 2657 573 aut
2701 518 3116 574 Aurelianorum
3163 520 3355 575 urbem
3396 539 3429 575 a
3474 521 3770 583 Nonianum:

2242 621 2371 666 'tum
2397 621 2610 682 captam
2640 612 2826 682 fuisse,
2852 613 2942 666 sed
2988 621 3200 666 tantum
3237 614 3479 684 pretiosa
3511 631 3699 686 quaeque
3729 622 3773 676 ad

2260 706 2527 776 praedium
2558 704 2983 761 Matriniaccnse
3017 707 3232 760 derecta
3273 715 3326 761 et
3375 705 3714 764 Narthmanm
3737 716 3773 767 in
3870 712 3871 725 ‘

2256 816 2374 854 eam
2412 798 2594 853 urbem
2643 799 2929 854 devenisse.
2982 798 3100 872 Ima
3128 802 3301 855 etiam
3331 801 3378 854 si
3407 800 3535 855 illud
3572 813 3773 876 utrumn

2257 892 2474 958 diceret,
2518 907 2620 945 non
2649 900 2825 945 tamen
2852 892 3128 961 impediret
3156 893 3445 963 quominus
3476 893 3676 963 reliquie
3692 914 3774 951 δαι-
3870 908 3871 921 ‘

2258 991 2357 1037 cla:
2385 980 2708 1037 Matriniaco
2738 984 2792 1036 in
2837 982 3017 1036 urbem
3050 983 3473 1038 Aurelianorum
3506 986 3689 1053 fuissent
3710 992 3775 1042 ad-

2259 1085 2437 1142 vectae,
2465 1074 2630 1130 donec
2673 1074 3019 1130 Floriaccnse
3057 1077 3360 1131 coenobium
3398 1077 3691 1148 aliquatenus
3717 1084 3773 1134 in-

2258 1176 2443 1222 staura
2451 1178 2610 1223 retur.

2330 1261 2419 1315 Η.
2461 1260 2547 1315 Ea:
2570 1261 2653 1316 his
2676 1279 2835 1333 porro
2865 1262 3027 1335 facile
3054 1263 3416 1334 intelligimus
3443 1280 3537 1318 cur
3554 1264 3691 1328 Rollo.
3711 1284 3772 1321 ται

2258 1362 2405 1408 stata
2446 1354 2569 1407 dein
2614 1354 2955 1426 Burgundia,
3000 1357 3335 1410 monasterio
3375 1366 3425 1409 et
3463 1373 3582 1426 agro
3618 1356 3771 1410 Floria-

2259 1448 2401 1501 censi
2428 1449 2711 1517 temperari
2724 1448 2948 1518 jusserit
2969 1458 3185 1519 propter
3211 1457 3465 1503 sanctum
3488 1447 3769 1515 Benedicta,
3870 1456 3871 1529 ᾖ

2258 1556 2410 1610 quem
2434 1539 2495 1592 ob
2522 1539 2786 1593 miracula
2807 1540 2862 1593 in
2887 1538 3130 1594 Cirboldi
3158 1541 3416 1605 victoria,
3441 1549 3490 1593 et
3513 1542 3565 1594 in
3589 1542 3681 1610 ejus
3696 1559 3773 1594 cor-
3870 1596 3871 1599 η

2259 1632 2402 1694 poris
2432 1631 2687 1685 relatione
2710 1640 2927 1702 patrata
2962 1633 3215 1687 reveritus
3237 1641 3342 1686 est.
3376 1630 3459 1685 En
3482 1631 3612 1686 locus
3637 1623 3773 1705 integer

2266 1723 2502 1778 Dudonis
2525 1725 2711 1778 decani
2743 1724 3080 1790 Quintiniani
3103 1742 3168 1779 ex
3194 1725 3339 1778 libra
3369 1727 3602 1792 secundo,
3624 1737 3665 1778 et
3684 1726 3773 1779 ll'il-

2260 1816 2404 1870 lclmi
2435 1815 2809 1871 Cemeticensis
2853 1818 3071 1871 totidem
3098 1818 3270 1871 verbis
3302 1818 3361 1870 id
3391 1817 3644 1871 tradentis.
3668 1816 3772 1872 Bollo

2259 1919 2459 1978 putans
2478 1926 2557 1974 se,
2583 1918 2804 1980 propter
2825 1910 3173 1965 securitatem
3199 1926 3373 1980 quam
3397 1910 3555 1974 dedit,
3572 1926 3597 1963 a
3614 1909 3774 1964 Francis
3870 1920 3871 1983 ἢ

2259 2000 2421 2054 vilem
2451 2001 2804 2067 aestimatum,
2835 1999 3091 2056 ferociter
3126 2010 3179 2055 et
3200 2000 3498 2057 crudeliter
3517 1999 3772 2055 devastanio

2259 2091 2571 2160 provincias
2596 2092 2761 2162 coepit
2782 2092 2990 2147 laniare
3010 2101 3065 2146 et
3092 2092 3336 2163 afﬂigere
3363 2101 3524 2162 atque
3548 2091 3772 2159 delet-epo-

2260 2184 2469 2253 pulum.
2503 2182 2599 2238 Sui
2624 2193 2807 2239 autem
2831 2184 2886 2238 in
2910 2183 3288 2256 Burgundiam
3311 2191 3603 2253 pergentes,
3629 2196 3773 2251 perque

2258 2274 2452 2329 locum
2496 2276 2549 2328 in
2602 2274 2858 2346 Sigonam
2896 2275 3237 2347 navigantes,
3269 2283 3553 2345 terrasque
3588 2275 3773 2327 amnibus

2260 2364 2447 2419 amnes
2477 2381 2652 2435 usque
2690 2365 2915 2420 Clarum
2947 2365 3185 2421 Montem
3219 2366 3467 2436 undique
3496 2380 3635 2420 secus
3666 2364 3773 2418 dera-

2262 2464 2491 2522 stantes,
2519 2455 2751 2511 Senonis
2777 2457 3114 2527 provinciam
3143 2457 3488 2523 invaserunt,
3521 2467 3659 2526 atque
3681 2471 3771 2509 cun-

2262 2558 2348 2605 cta
2402 2549 2794 2619 depopulantes
2840 2550 2909 2604 ad
2958 2558 3210 2606 sanctum
3250 2548 3592 2605 Benedictum
3639 2556 3769 2601 contra

2263 2640 2546 2697 Rollonem
2573 2649 2920 2698 reverterunt.
2945 2639 3152 2698 Videns
3186 2651 3376 2697 autem
3399 2642 3548 2696 Rollo
3570 2650 3770 2695 monaste-

2261 2734 2405 2789 rium
2440 2732 2627 2788 Sancti
2650 2733 2949 2801 Benedicti,
2976 2733 3106 2789 illud
3133 2735 3513 2790 contaminare
3531 2733 3688 2797 noluit,
3705 2744 3771 2786 nec

2262 2827 2495 2900 praedari
2521 2827 2668 2882 illam
2694 2827 3032 2898 provinciam
3076 2835 3305 2899 propter
3338 2837 3577 2882 sanctum
3603 2824 3766 2878 Beudi-

2262 2929 2411 2978 ctum
2443 2921 2710 2991 permisit.
2762 2919 3035 2975 Nimirum
3071 2920 3252 2974 anima
3292 2921 3483 2991 feracis
3509 2918 3696 2972 hominis
3716 2917 3767 2967 is-

2265 3195 2613 3251 Theodericus
2657 3212 2827 3251 comes
2882 3195 3255 3250 Patriciacum‘
3288 3195 3591 3249 monasterio
3616 3191 3765 3245 Floria-

2263 3291 2404 3344 censi
2426 3307 2458 3344 a
2484 3306 2538 3344 se
2562 3290 2889 3344 abstractum
2918 3290 3151 3344 restituit
3176 3306 3301 3343 cum
3343 3304 3529 3359 magno
3550 3282 3767 3357 paenitentis

2262 3384 2430 3437 animi
2469 3383 2689 3450 indicio,
2736 3391 2795 3436 ut
2843 3382 3038 3454 legitur
3081 3383 3138 3436 in
3179 3384 3528 3436 instrumento
3568 3377 3766 3432 undecimo

2264 3476 2537 3533 Chartarii
2561 3475 2998 3543 Patriciacensis,
3022 3476 3150 3530 data
3179 3490 3376 3531 mense
3400 3473 3559 3544 Aprili
3583 3466 3767 3525 annodc-

2263 3568 2560 3624 functionis
2610 3566 2964 3623 Carlomanni
3010 3567 3175 3638 regis,
3219 3565 3604 3622 lncarnationis
3641 3556 3766 3613 Domi-

2263 3659 2401 3714 nieae
2431 3674 2576 3713 anno
2610 3657 2735 3713 885.
2764 3657 2911 3711 Nam
2935 3674 2995 3712 eo
3018 3673 3156 3711 anno
3179 3658 3427 3711 currebat
3452 3670 3604 3710 annus
3627 3652 3763 3719 prius:

2263 3769 2296 3805 a
2328 3759 2494 3805 morte
2539 3750 2941 3817 Caralomanni,
2979 3751 3070 3821 qui
3119 3766 3257 3803 anno
3296 3748 3499 3805 Christi
3526 3742 3763 3817 precedent:

2263 3844 2486 3897 obierat.
2545 3841 2624 3896 Eo
2674 3843 2787 3912 ipsa
2842 3858 2981 3896 anno
3032 3842 3276 3896 inducias
3321 3850 3509 3911 pactus
3551 3844 3646 3892 erat
3688 3845 3762 3884 rm

2267 3935 2676 4000 Northmannis,
2707 3944 2765 3989 ut
2813 3935 3035 4007 legimus
3077 3935 3133 3987 in
3158 3933 3459 3988 Annalibus
3486 3925 3762 3986 Bertinian's;

2264 4044 2444 4098 nempe
2471 4035 2586 4098 post
2611 4027 3009 4097 impressionem
3030 4024 3096 4079 ab
3117 4025 3194 4079 eis
3223 4025 3448 4095 factam,
3482 4014 3762 4093 quam-iddi-

2264 4122 2374 4175 rius
2398 4119 2669 4174 describit.
2695 4119 2931 4191 Denique
2961 4135 3098 4172 anno
3125 4117 3231 4173 885
3253 4118 3518 4172 Adventus
3535 4113 3675 4183 prima
3690 4106 3761 4159 diu

2262 4214 2529 4268 incidebat
2559 4214 2614 4266 in
2654 4211 2925 4266 Kalendas
2972 4210 3303 4273 Decembris;
3344 4226 3462 4281 qua:
3495 4206 3646 4261 omnia
3675 4207 3761 4253 recte

2263 4321 2382 4359 cum
2404 4303 2671 4358 Diederici
2699 4303 3006 4357 narratione
3029 4300 3358 4355 conveniunt.

2338 4399 2425 4453 iii.
2462 4397 2543 4452 Ea:
2560 4397 2748 4468 quibus
2768 4404 2912 4467 patet
2932 4394 3197 4449 Diederici
3217 4394 3542 4455 sententious,
3564 4381 3759 4441 scribam

2262 4583 2389 4636 dam
2416 4598 2526 4636 esse
2565 4580 2880 4636 auctoritati
2913 4578 3159 4648 anongmi
3188 4572 3559 4646 chronographi
3592 4581 3679 4622 call
3708 4577 3760 4614 tt-

2556 4633 2877 4744 adﬂtempus
2923 4633 3106 4728 Caroli
3146 4633 3420 4741 Simplicis
3464 4633 3567 4736 ejus
3606 4656 3755 4731 fratris,
3866 4633 3872 4744 ι

2266 4786 2445 4840 nempe
2486 4769 2555 4823 ad
2585 4784 2782 4821 annum
2812 4766 3025 4820 circiter
3057 4762 3630 4834 undenongentesitnum,

2265 4869 2382 4932 post
2406 4859 2730 4913 obsidionem
2754 4856 3157 4912 Carnutensem.
3188 4852 3255 4907 In
3276 4854 3377 4907 hac
3408 4861 3564 4907 autem
3583 4851 3755 4907 amitti"

2267 4953 2511 5023 opinione
2546 4951 2825 5005 dicendum
2850 4957 2982 5003 esset
3009 4946 3283 5002 Rollonem
3305 4944 3591 5016 prarcepisse
3612 4933 3754 5023 φιὶὰιξ

2267 5015 2378 5099 suis
2429 5053 2486 5099 ut
2520 5041 2842 5096 monasterio
2885 5040 3059 5096 sancti
3097 5039 3371 5093 Benedicti
3409 5036 3666 5107 parcerem;
3698 5015 3755 5072 κδ

2268 5149 2444 5193 tamen
2478 5145 2661 5191 contra
2699 5134 2813 5205 ejus
2858 5132 3169 5186 mandatum
3204 5131 3530 5201 pabulatores
3563 5132 3604 5177 et
3629 5127 3755 5171 MP

2271 5247 2413 5285 sares
2460 5229 2718 5300 quosdam
2746 5225 2882 5280 illud
2923 5226 3224 5295 diripuisse.
3264 5223 3332 5276 In
3364 5241 3425 5277 ea
3466 5206 3754 5300 sententislll

2269 5339 2445 5378 verum
2472 5298 2673 5392 fatear)
2703 5319 2758 5373 id
2794 5317 3125 5373 commodum
3169 5317 3430 5370 invenitur
3458 5309 3577 5383 quod
3597 5298 3750 5362 εανοιιδ

2267 5414 2505 5485 Simplex
2526 5429 2664 5468 anno
2706 5410 3098 5482 nongentesimo
3132 5417 3369 5465 versatus
3389 5415 3460 5460 est
3485 5393 3751 5491 Naristi-Io!

2265 5515 2473 5562 constat
2510 5522 2576 5560 ex
2609 5503 2898 5576 diplomate
2942 5501 3208 5556 Uticensis
3246 5495 3535 5553 monasterii
3560 5491 3747 5576 canant“

2265 5602 2413 5671 (nam
2438 5599 2513 5653 ibi
2540 5607 2663 5652 tunc
2693 5596 2937 5651 canonici
2958 5591 3235 5664 degebant)
3263 5604 3495 5645 concesso
3516 5600 3594 5656 pro
3615 5572 3748 5671 Qui"

2265 5668 2497 5746 matione
2516 5691 2838 5761 praediorum
2859 5702 3097 5742 suorum.
3117 5683 3205 5739 Sic
3226 5685 3363 5739 enim
3380 5679 3552 5737 desinit
3568 5668 3743 5739 άίριοιιε·

2266 5784 2465 5840 Datum
2503 5783 2676 5853 pridie
2712 5780 2829 5837 Kal.
2877 5777 3163 5846 Novemb.,
3206 5776 3391 5832 indici.
3424 5788 3499 5840 ιιι,
3538 5776 3650 5823 animo
3668 5764 3745 5815 uti.
