3946 6306
193 348 332 407 11Βῦ

1314 332 1674 393 MIBACULA
1711 336 1960 393 SANCTI
2000 335 2387 402 BENEDICTI.

3337 346 3478 405 1186

187 462 604 529 ηόίηιθῧηηιθ
635 469 717 521 ιη,
744 462 1003 526 regnante
1042 452 1255 509 domno
1284 449 1485 506 Carolo
1510 451 1794 522 gloriosis-
1821 458 1865 511 A
1896 450 2261 508 Floriacensis
2284 453 2493 508 abbatis
2511 453 2758 508 exstincti
2779 470 2917 509 anno
2945 456 3225 512 millesimo
3248 472 3441 529 quarto
3460 504 3479 528 ,

170 550 333 610 'simo
384 562 534 616 rege.
589 545 786 601 Actum
834 543 1168 600 monasterio
1216 540 1274 597 S.
1323 540 1620 598 Benedicti.
1674 541 1791 607 Quo

187 641 347 697 modo
397 636 638 708 diploma
682 635 826 690 istud
873 634 1086 690 redierit
1132 632 1190 686 in
1229 648 1417 686 ntanus
1465 630 1791 687 Uticensium

182 732 598 797 monachorum,
631 729 798 783 obiter
823 727 1079 782 discimus
1109 742 1175 781 ex
1197 725 1373 792 titulo,
1407 724 1497 796 qui
1536 724 1789 794 praeﬁxas

181 823 420 877 habetur
465 822 518 873 in
568 820 746 874 codice
794 835 896 873 ms.
935 817 1191 872 Formam
1239 815 1562 886 subscripta:
1604 813 1787 871 Caroli

177 915 334 986 regis
363 914 574 967 charta:
608 910 917 968 Rodbertus
952 908 1230 965 Uticensis
1259 907 1579 964 monasterii
1619 908 1788 964 abbas

174 993 507 1062 A'urclianis
533 1005 761 1072 invenit,
787 1015 841 1060 et
863 1004 1039 1075 ipsius
1056 1004 1214 1075 jussu
1240 1002 1567 1059 Goscelinus
1589 1017 1785 1057 mona-

172 1101 321 1156 chus
362 1098 606 1169 scriptor
637 1097 894 1170 egregius
940 1098 1189 1153 celeriter
1216 1097 1580 1167 transcripsit,
1611 1104 1684 1162 et,
1716 1094 1786 1151 ad

172 1192 447 1246 notitiam
476 1189 839 1245 intimandam
869 1197 1089 1260 quantm
1117 1187 1278 1244 fama:
1301 1188 1496 1243 beatus
1526 1186 1785 1242 Ebrulfus

171 1284 324 1355 apud
363 1283 555 1341 Gallos
579 1283 882 1355 antiquitus
906 1282 1090 1349 fuerit,
1125 1281 1474 1338 Uticensibus
1499 1281 1785 1337 monachis

168 1390 435 1449 tempore
466 1377 703 1449 Philippi
749 1377 893 1448 regis
934 1376 1274 1432 Francorum
1312 1376 1483 1431 misit.
1531 1374 1695 1447 Ergo,
1726 1384 1783 1429 ut

169 1471 315 1537 dixi,
340 1468 622 1541 probabile
640 1479 718 1524 est
738 1467 991 1524 Carolum
1014 1477 1126 1522 tum
1151 1470 1432 1523 accessisse
1449 1466 1781 1534 Floriacum,

168 1562 480 1615 adductum
507 1560 759 1633 religione
779 1561 904 1628 loci,
930 1571 979 1615 et
1009 1562 1504 1616 commemoratione
1524 1562 1780 1627 victoriae,

166 1670 334 1722 quant
368 1652 638 1723 Gistolfus
662 1670 837 1707 recens
866 1654 930 1707 de
972 1650 1361 1706 Northmannis
1391 1651 1597 1706 caelitus
1634 1661 1782 1707 retu-

166 1743 330 1798 lerat.
368 1742 510 1797 Hazc
546 1743 680 1797 satis
718 1743 782 1797 de
826 1751 940 1796 tota
985 1742 1082 1795 illa
1113 1742 1499 1806 controversia;
1533 1756 1669 1794 nunc
1710 1739 1780 1794 ad

166 1835 281 1889 alia
314 1834 637 1889 veniendum
668 1843 765 1888 est.

240 2016 331 2071 16.
378 2015 597 2071 Prazter
644 2024 885 2069 auctores
934 2016 1023 2086 qui
1073 2016 1237 2069 vitam
1286 2016 1457 2069 sancti
1505 2013 1777 2069 Benedicti

168 2109 369 2163 litteris
403 2108 771 2174 mandarunt,
794 2106 972 2177 plures
1003 2110 1166 2161 etiam
1193 2107 1308 2177 ejus
1356 2106 1621 2161 miracula
1648 2124 1776 2177 pro-

169 2198 409 2253 tulerunt
446 2198 501 2251 in
532 2197 723 2263 lucem,
756 2197 985 2251 maxime
1015 2196 1303 2251 Gallicani.
1344 2195 1561 2251 Primus
1590 2196 1778 2251 Histo-

169 2293 309 2346 riam
340 2292 727 2345 translationis
758 2291 815 2343 in
837 2289 1074 2345 Galliam
1094 2332 1109 2355 ,
1130 2301 1179 2345 et
1208 2290 1468 2345 miracula
1497 2300 1607 2346 tum
1631 2291 1777 2361 facta

166 2386 388 2456 scripsit
421 2384 749 2439 Adalbertus
776 2426 791 2450 ,
823 2383 1185 2438 Floriacensis
1218 2385 1526 2452 monachus,
1552 2396 1776 2441 testante

168 2480 404 2550 Bodulfo
442 2479 690 2533 Tortario
731 2480 788 2532 in
808 2478 1057 2532 carmine
1084 2477 1149 2531 de
1172 2476 1353 2530 eadem
1386 2477 1770 2546 translatione,

168 2584 327 2639 quam
354 2569 445 2622 sic
459 2567 736 2623 exorditur
757 2583 774 2621 :

310 2660 506 2716 Patris
536 2661 866 2717 Adalbertus
889 2661 1183 2715 translatos
1206 2660 1399 2715 edocet
1419 2669 1572 2717 artus

383 2753 656 2821 Quaedam
678 2762 832 2825 gesta
863 2754 1005 2826 stylo
1032 2752 1334 2823 subjicicns
1365 2754 1556 2809 nitido.

173 2845 509 2901 Existimavi
567 2846 858 2918 aliquando
901 2844 1249 2899 Adalbertum
1294 2861 1398 2898 non
1444 2845 1612 2898 alium
1661 2859 1772 2898 esse

171 2956 328 3011 quam
357 2938 749 3005 Adrevaldum,
772 2938 963 2992 ductus
991 2946 1102 2991 tum
1132 2938 1433 2990 testimonio
1458 2937 1692 2990 Aimoini
1715 2938 1771 2990 in

170 3033 386 3105 prologo
420 3031 832 3099 miraculorum,
855 3031 944 3085 ubi
966 3031 1044 3084 ait
1068 3045 1087 3084 :
1107 3028 1477 3084 Adrevaldum
1506 3036 1561 3083 et
1583 3036 1769 3083 trans-

171 3126 390 3182 lationis
444 3125 587 3182 sacri
627 3124 875 3196 corporis
898 3123 1170 3191 ordinem,
1195 3122 1422 3193 etsigna
1442 3137 1537 3191 per
1564 3120 1767 3177 Gallias
1795 3158 1840 3219 ο

169 3229 319 3291 gesta
356 3219 703 3285 inseruisse;
756 3227 868 3271 tum
915 3215 1166 3288 Sigiberti
1211 3225 1261 3269 ct
1304 3213 1583 3268 Trithemii
1617 3230 1763 3269 asse-

171 3310 400 3365 rentium
446 3308 767 3363 binominem
810 3307 974 3377 fuisse
1025 3304 1427 3369 Adreraldum,
1475 3305 1565 3374 qui
1603 3305 1767 3357 etiam

166 3401 342 3458 dictus
374 3399 732 3456 Adalbcrtus.
770 3397 960 3453 Verum
985 3406 1042 3451 ut
1070 3397 1303 3451 diversos
1330 3395 1494 3465 fuisse
1516 3394 1765 3460 sentiam,

167 3493 457 3563 persuadet
489 3509 569 3547 me
596 3492 743 3547 locus
771 3490 1022 3546 Chronici
1053 3487 1418 3542 Floriacensis
1440 3486 1582 3558 apud
1606 3486 1770 3541 Ches-

168 3586 316 3639 nium
361 3586 430 3639 in
467 3594 607 3639 tomo
633 3582 702 3637 Ill
739 3582 998 3637 Historia:
1027 3579 1398 3647 Francorum,
1435 3595 1559 3649 pag.
1585 3579 1690 3633 555
1712 3579 1768 3632 in

167 3679 278 3735 luet:
320 3678 537 3733 verba:
574 3677 734 3731 Anno
780 3675 887 3731 853
914 3673 1242 3730 Adalbertus
1290 3673 1448 3728 bona:
1490 3671 1769 3727 memoria:

167 3773 488 3828 monachus
513 3786 567 3824 χι
590 3766 821 3824 Kalend.
848 3765 1075 3822 Januar.
1109 3764 1267 3832 obiit,
1298 3762 1440 3835 quod
1475 3763 1589 3817 sine
1607 3761 1768 3818 dubio

166 3863 229 3921 de
254 3861 558 3916 Adalberto
600 3857 972 3914 translationis
1022 3856 1280 3925 scriptore
1328 3852 1766 3924 intelligendum,

167 3957 347 4026 aptari
381 3957 563 4025 nequit
586 3950 890 4007 Adrevaldo
914 3990 930 4017 ,
956 3950 1047 4021 qui
1087 3949 1256 4002 serius
1288 3948 1454 4002 vitam
1490 3945 1766 4017 produxit.

238 4048 329 4102 17.
372 4043 709 4100 Adrevaldus
731 4041 992 4114 siquidem
1018 4039 1215 4094 librum
1241 4038 1317 4093 De
1347 4038 1623 4093 miraculis
1644 4055 1770 4093 sau-

167 4143 240 4197 cti
265 4140 552 4196 Benedicti
577 4135 857 4203 condidit,
883 4151 1004 4189 cum
1028 4132 1083 4188 Ν
1086 4132 1394 4187 orthmanni
1412 4131 1533 4202 jam
1560 4130 1768 4186 Gallias

165 4234 508 4291 attrivissent
550 4246 647 4301 per
673 4226 896 4299 triginta
944 4225 1116 4283 ferme
1162 4238 1457 4292 annorum.
1485 4222 1724 4293 spatium
1750 4262 1766 4289 ,

163 4343 229 4383 ex
264 4343 390 4398 cap.
427 4325 499 4380 3'5
525 4368 541 4392 ,
572 4323 641 4378 ad
662 4321 885 4394 proinde
910 4320 1125 4375 circiter
1146 4333 1346 4373 annum
1372 4316 1577 4374 Christi
1607 4317 1771 4372 octin-

162 4422 521 4495 gentesimum
542 4416 984 4489 septuagesimum
1007 4414 1252 4486 quintum
1279 4454 1295 4481 ,
1342 4421 1394 4468 et
1442 4412 1500 4467 in
1532 4428 1650 4482 cap.
1698 4411 1770 4465 28

1894 554 1950 596 ut
1986 544 2040 597 in
2063 544 2158 598 lib.
2186 561 2255 612 ιι,
2289 562 2407 615 cap.
2435 546 2487 613 1,
2510 545 2724 616 lcgi.‘ur.
2769 545 3047 604 Aimoinus
3082 551 3326 607 habitum
3358 571 3480 608 mo-

1892 635 2116 692 nasticze
2139 637 2419 708 religionis
2455 639 2681 708 suscepit
2710 639 2773 692 ab
2812 639 3118 696 Amalberto
3154 644 3370 708 abbate,
3411 658 3479 700 ω’

1890 725 1985 782 lib.
2013 744 2050 793 ι,
2080 745 2197 799 cap.
2225 729 2320 797 18,
2346 730 2585 801 idemque
2608 732 2820 801 scripsit
2845 743 3075 803 quatuor
3098 735 3261 790 libros
3292 736 3478 792 Ilisto-

1891 819 1989 873 ria:
2017 818 2373 887 Francorum,
2397 821 2580 892 quales
2608 823 2662 876 in
2688 832 2827 876 tomo
2850 823 2917 877 lll
2938 824 3149 879 Chesnii
3178 828 3305 882 editi
3327 840 3473 892 sunt;

1888 928 2017 983 quos
2062 915 2226 967 e.’iam
2270 914 2533 969 Cauzlino
2582 916 2763 970 abbati
2808 917 2927 987 jam
2978 920 3119 973 dicto
3167 922 3475 987 dedicarit;

1888 1004 2101 1073 scripsit
2132 1006 2293 1060 etiam
2326 1023 2511 1077 poema
2541 1008 2604 1061 de
2630 1008 2980 1063 translatione
3010 1020 3059 1064 et
3088 1028 3379 1068 sermonem
3411 1016 3476 1069 de

1887 1107 2072 1150 sancto
2098 1096 2263 1151 Patre
2299 1098 2585 1153 Benedicto
2606 1143 2621 1167 ,
2661 1100 2855 1155 librum
2906 1101 2984 1156 De
3024 1101 3139 1157 Vita
3169 1107 3342 1158 sancti
3366 1106 3478 1161 Ab-

1887 1188 2034 1243 bonis
2062 1191 2312 1257 Abbatis,
2352 1202 2400 1247 et
2425 1191 2622 1247 librum
2650 1192 2726 1249 De
2746 1195 2905 1265 gestis
2928 1195 3177 1250 abbatum
3207 1208 3475 1253 monaste-

1888 1283 1957 1337 rii
1995 1283 2120 1350 sui,
2156 1285 2247 1354 qui
2291 1301 2393 1337 non
2432 1294 2631 1345 exstat.
2671 1286 2980 1342 Aimoinunt
3027 1289 3220 1343 nobilis
3270 1293 3474 1361 generis

1883 1373 2214 1445 Aquitanum
2239 1374 2404 1444 fuisse
2439 1385 2585 1445 patet
2618 1393 2683 1431 ex
2728 1376 2864 1433 Vita:
2895 1377 2954 1433 S.
2979 1379 3208 1434 Abbonis
3231 1397 3346 1450 cap.
3383 1383 3471 1437 18.

1952 1465 2042 1520 20.
2084 1466 2394 1521 Diedericus
2430 1484 2520 1521 seu
2562 1467 2935 1537 Thecdoricus,
2983 1470 3374 1536 Ilersfcldensis
3417 1474 3477 1528 in

1888 1555 2142 1626 Toringia
2172 1558 2488 1624 monachus,
2523 1559 2703 1613 eodem
2726 1560 2833 1630 fere
2869 1569 3098 1632 tempore
3128 1562 3203 1617 De
3234 1563 3474 1620 illationc

1884 1648 2232 1720 reliquiarum
2264 1650 2439 1707 sancti
2477 1650 2748 1705 Benedicti
2772 1651 3013 1707 libellum
3057 1655 3295 1708 condidit
3344 1656 3472 1710 hor-

1887 1751 2005 1797 tatu
2026 1741 2283 1796 Richardi
2307 1741 2517 1796 abbatis
2545 1742 2946 1798 Amerbacensis
2965 1785 2982 1810 ,
3022 1744 3079 1797 in
3126 1744 3285 1799 editis
3318 1762 3467 1800 uten-

1810 1813 1853 1872 Β
1881 1836 2006 1891 dose
2036 1833 2463 1902 Marbcacensis,
2489 1835 2580 1906 qui
2611 1852 2750 1889 anno
2794 1836 2933 1891 1029
2969 1838 3077 1891 cita
3106 1838 3319 1907 functus
3348 1849 3424 1893 est
3451 1879 3468 1906 ,

1887 1938 2102 1987 auctore
2131 1929 2374 1984 Browero
2416 1931 2473 1984 in
2501 1930 2896 2001 Antiquitatum
2920 1930 3269 1986 Fuldensium
3293 1932 3388 1988 lib.
3428 1949 3471 2002 ι,

1880 2039 1998 2093 cap.
2036 2022 2145 2090 20,
2187 2023 2362 2077 dictus
2391 2023 2860 2089 Amerbachensis,
2899 2024 3026 2095 quia
3065 2026 3307 2080 condidit
3350 2041 3473 2081 mo-

1879 2115 2181 2170 nasterium
2198 2114 2662 2183 Amerbachensc,
2680 2116 2825 2185 quod
2846 2116 2898 2170 in
2919 2115 3235 2173 Franconise
3249 2135 3467 2175 recessu

1878 2223 1988 2263 non
2016 2208 2205 2278 procul
2233 2224 2262 2262 a
2295 2207 2476 2263 Μαξηο
2503 2217 2693 2264 sancto
2718 2208 2999 2280 Simplicio
3023 2210 3260 2277 dicavit,
3297 2213 3469 2282 inquit

1877 2297 2176 2353 Browerus.
2211 2297 2490 2353 Dicderico
2522 2297 2849 2354 Trithenzius
2878 2316 3152 2371 perperam
3187 2301 3373 2354 tribuit
3395 2301 3468 2356 li-

1877 2390 2029 2444 brum
2050 2390 2329 2445 Adalberti
2368 2391 2447 2446 De
2486 2391 2839 2446 translatione
2874 2394 3048 2446 sancti
3078 2393 3387 2459 Benedicti,
3413 2403 3465 2447 et

1875 2481 2140 2536 illationis
2190 2480 2495 2536 Historiam
2549 2498 2672 2535 cum
2728 2480 2853 2535 Vita
2906 2481 2964 2537 S.
3007 2481 3281 2537 Benedicti
3336 2499 3465 2538 cou-

1878 2571 2076 2630 fundit.

1944 2664 2036 2719 21.
2074 2662 2354 2718 Dicderico
2388 2679 2515 2733 pene
2537 2660 2760 2732 wqualis
2808 2663 2912 2732 fuit
2956 2662 3197 2717 Andreas
3244 2662 3465 2718 Floria-

1874 2760 2043 2814 censis
2088 2758 2418 2821 monachus,
2463 2755 2553 2825 qui
2596 2755 2831 2808 Aimoini
2876 2754 3031 2808 libris
3078 2772 3241 2811 unum
3268 2756 3464 2824 adjecit

1872 2851 1936 2904 de
1974 2847 2253 2903 miraculis
2291 2848 2465 2902 sancti
2503 2845 2778 2900 Benedicti
2806 2889 2822 2913 ,
2861 2864 2894 2900 a
2937 2846 3170 2917 Bodulfo
3219 2847 3466 2902 Tortarto

1873 2943 2092 2997 metrice
2122 2941 2387 2994 redditunt
2405 2981 2420 3007 ,
2451 2940 2604 3010 cujus
2624 2938 2853 2993 Andrca:
2880 2939 3014 2994 liber
3034 2940 3285 2995 hactenus
3312 2941 3462 2996 latet.

1943 3033 2033 3088 22.
2075 3031 2339 3101 Rodulfus
2373 3047 2493 3085 vero
2513 3072 2529 3097 ,
2561 3044 2903 3101 cognomento
2938 3031 3215 3087 Tortarius
3240 3075 3256 3097 ,
3282 3034 3466 3088 itidem

1874 3122 2268 3189 Floriacensis,
2292 3130 2485 3191 printer
2525 3121 2662 3175 hunc
2703 3122 2898 3176 librum
2919 3164 2936 3190 ,
2966 3126 3144 3200 etiam
3191 3125 3359 3179 alium
3390 3125 3466 3180 l‘e

1873 3213 2150 3269 miraculis
2172 3214 2345 3268 sancti
2366 3212 2641 3267 Benedicti
2667 3230 2825 3283 prosa
2849 3224 2899 3269 et
2929 3225 3093 3268 metro
3114 3217 3303 3269 edidit.
3330 3216 3467 3269 Pro-

1869 3307 2076 3360 saicum
2108 3306 2222 3359 sine
2245 3305 2481 3359 auctoris
2505 3307 2714 3358 nomine
2738 3307 2876 3375 typis
2901 3306 3129 3375 vulgavit
3169 3306 3403 3373 Joannes
3431 3325 3464 3365 tt

1868 3399 2040 3455 Bosco
2066 3400 2122 3454 in
2148 3398 2482 3453 Bibliotheca
2509 3397 2849 3453 Floriacensi
2865 3441 2880 3466 ,
2905 3401 2995 3454 sed
3017 3417 3204 3455 nomen
3229 3404 3465 3456 auctoris

1870 3490 2240 3545 indicaverunt
2294 3488 2441 3544 Socii
2466 3489 2816 3544 Bollandiani
2844 3531 2860 3556 ,
2896 3492 2987 3561 qui
3026 3491 3184 3561 hujus
3229 3496 3463 3547 auctoris

1870 3591 1920 3637 et
1950 3583 2181 3637 aliorum
2210 3582 2368 3653 plura
2389 3583 2648 3653 opuscula
2675 3585 2919 3639 viderunt
2954 3584 3138 3640 Roma:
3171 3587 3227 3639 in
3254 3586 3466 3656 Regina:

1872 3671 2080 3729 Suecia:
2102 3672 2466 3741 Bibliotheca,
2498 3690 2619 3745 qua:
2643 3691 2837 3747 magna
2860 3692 2926 3731 cx
2956 3686 3108 3746 parte
3139 3686 3346 3730 constat
3391 3679 3464 3732 li-

1872 3765 1981 3821 bris
2005 3767 2382 3836 manuscriptis
2412 3765 2756 3824 Bibliotheca:
2782 3767 3165 3823 Floriacensis.
3193 3767 3463 3824 Scribebat

1871 3868 2059 3913 auctor
2085 3859 2184 3913 iste
2212 3859 2369 3912 initio
2395 3858 2580 3912 steculi
2602 3859 2932 3926 duodecimi,
2961 3876 3141 3929 nempe
3167 3870 3282 3930 post
3324 3877 3466 3914 mor.
3526 3916 3535 3923 κ

1874 3962 1978 4009 tem
1990 3952 2025 4006 J
2032 3952 2311 4007 oscerandi
2335 3952 2545 4006 abbatis
2567 3960 2618 4006 et
2645 3954 2948 4007 incendium
2972 3951 3313 4007 Floriacense
3335 3955 3464 4008 anni

1874 4045 2015 4102 1095
2032 4062 2061 4114 ,’
2079 4046 2165 4100 cui
2193 4045 2439 4116 interfuit
2465 4060 2531 4099 ex
2557 4061 2675 4116 cap.
2698 4045 2791 4100 27.

1941 4138 2033 4193 2⁸5.
2077 4137 2195 4204 Quo
2227 4135 2759 4210 temporelscripserit
2787 4136 3041 4192 Giraldus
3059 4179 3073 4204 ,
3100 4136 3464 4191 Floriaccnsis

1870 4230 2034 4284 etiam
2055 4229 2315 4284 ccenobita
2339 4271 2354 4295 ,
2376 4230 2466 4300 qui
2488 4246 2675 4300 poema
2696 4229 2761 4283 de
2782 4228 3334 4294 translationesancti
3356 4229 3462 4282 Be-

1876 4322 2072 4375 nedicti
2105 4324 2399 4393 composuit
2439 4331 2490 4377 et
2521 4322 2676 4377 aliud
2718 4323 2775 4377 in
2806 4323 3057 4377 honorent
3089 4323 3262 4376 sancti
3292 4321 3432 4379 Bene.
3458 4354 3465 4363 .
3506 4303 3515 4308 δ

1872 4414 2039 4480 dicti,
2064 4415 2299 4468 nondum
2323 4415 2453 4468 scio.
2485 4413 2776 4485 Utrumque
2798 4415 2956 4485 printi
2991 4415 3288 4469 indicavere
3319 4413 3464 4468 Socii

164 4525 407 4571 testatur
428 4531 483 4569 se
512 4522 624 4567 tum
642 4553 658 4579 ,
682 4527 803 4565 cum
824 4509 1125 4566 Ludovicus
1156 4509 1425 4581 Augustus
1456 4509 1762 4581 imperaret,
1793 4509 1844 4570 ι)
1868 4506 2220 4561 Bollandiani
2238 4549 2254 4575 ,
2280 4507 2441 4561 editis
2464 4516 2675 4563 tantum
2702 4507 2970 4574 exordiis,
2996 4508 3157 4577 primi
3179 4508 3389 4578 quidem
3409 4509 3465 4562 in

160 4610 467 4687 pttcrulum
495 4606 679 4677 fuisse.
707 4602 986 4658 Adalberti
1010 4610 1060 4658 et
1078 4601 1367 4657 Adrevaldi
1398 4602 1561 4657 libros
1602 4602 1763 4657 retuli

162 4702 219 4755 in
249 4699 470 4756 Saecula
500 4715 539 4753 ιι
558 4740 573 4765 ,
602 4714 724 4752 cum
747 4695 984 4750 Adelerii
1012 4695 1319 4766 appendice.

233 4792 326 4847 18.
361 4789 643 4845 Adelerius
665 4805 784 4843 vero
807 4830 823 4855 ,
852 4786 1217 4842 Floriacensis
1244 4786 1431 4842 itidem
1454 4788 1762 4855 monachus,

162 4887 278 4943 duo
309 4892 530 4943 tantum
559 4881 797 4955 capitula
827 4880 965 4936 libro
988 4879 1278 4935 Adrevaldi
1304 4881 1523 4952 adiecit,
1543 4890 1766 4937 testante

160 4977 515 5049 Aimoino'in
548 4976 762 5046 prologo
792 4990 923 5041 suo,
967 4990 1085 5045 qua:
1129 4973 1369 5045 capitula
1416 4975 1662 5029 desinunt
1710 4975 1767 5029 in

161 5081 340 5131 morte
372 5069 628 5126 Ludovici
670 5067 865 5133 Balbi,
907 5067 998 5137 qui
1039 5066 1131 5121 vix
1166 5066 1380 5122 duobus
1407 5067 1570 5123 annis
1597 5083 1768 5140 regno

163 5167 385 5237 potitus
420 5171 531 5229 est,
569 5163 740 5234 inquit
762 5161 857 5219 ille
881 5202 896 5228 ,
922 5168 1160 5214 mortuus
1200 5177 1340 5216 anno
1381 5160 1507 5216 879.
1538 5159 1624 5215 Ex
1662 5177 1765 5233 qua

160 5257 499 5329 intelligitur
524 5253 884 5310 Adrevaldum
913 5252 1077 5324 paulo
1100 5261 1223 5307 ante
1255 5251 1509 5309 Carolum
1542 5252 1765 5309 Calvum

164 5351 461 5407 decessisse
479 5392 494 5415 ,
521 5358 570 5403 et
596 5347 902 5402 Adelerium
938 5346 1049 5401 hate
1074 5345 1351 5416 scripsisse
1381 5354 1632 5417 regnante
1653 5344 1761 5401 Ca-

166 5444 508 5498 rolomanno.

238 5534 334 5588 19.
377 5531 655 5586 Aimoinus
676 5573 691 5597 ,
721 5529 1080 5584 Floriacensis
1106 5529 1284 5602 utique
1310 5528 1618 5596 monachus,
1644 5545 1767 5583 con-

170 5624 410 5679 tinuavit
455 5622 752 5677 Historiam
803 5620 1186 5676 miraculorum
1230 5622 1405 5676 sancti
1450 5620 1765 5689 Benedicti,

170 5716 335 5771 editis
386 5713 587 5768 duobus
619 5712 807 5779 libris,
839 5728 967 5782 quos
1014 5710 1277 5766 Gauzlino
1312 5712 1495 5766 abbati
1549 5710 1767 5767 Floria--

172 5808 317 5864 censi
350 5805 687 5875 muncupavit
713 5819 849 5856 anno
874 5803 1109 5872 proximo
1134 5812 1250 5875 post
1280 5796 1498 5858 mortem
1542 5803 1768 5858 Abbonis

1870 4600 2008 4655 hunc
2033 4601 2246 4654 modum
2273 4616 2292 4654 :

1941 4692 2433 4765 Longobardorum
2469 4708 2604 4763 gens
2636 4691 2800 4762 impia
2837 4706 2964 4747 cum
2995 4692 3353 4762 reproborum

2012 4784 2261 4840 Pet-ﬁdite
2284 4784 2524 4840 tenebris
2547 4772 2712 4840 nollet
2745 4784 2939 4840 abesse
2966 4784 3083 4839 suis
3109 4826 3126 4852 ,
3148 4794 3247 4839 etc.

1871 4876 2110 4931 Alterius
2138 4891 2257 4930 vero
2287 4875 2365 4929 sic
2389 4890 2407 4928 :

1943 4969 2004 5025 lu
2028 4969 2244 5024 laudem
2273 4983 2423 5023 nunc.
2453 4976 2567 5023 tota
2602 4967 2722 5024 dies
2749 4969 3076 5040 cxpenditur
3110 4968 3211 5023 ista

2014 5062 2293 5118 leorum
2320 5059 2485 5133 Regis
2510 5103 2526 5128 ,
2557 5070 2612 5118 et
2636 5103 2652 5128 ,
2685 5060 3006 5130 Benedicte,
3046 5061 3146 5115 tui.

1941 5156 2086 5212 Mota
2124 5154 2276 5212 fuere
2303 5156 2425 5212 loco
2442 5155 2579 5226 justi
2609 5156 2698 5229 pia
2725 5156 2970 5212 membra
2997 5153 3275 5224 propheta:
3299 5194 3314 5219 ,

2008 5248 2146 5306 Ossa
2169 5248 2348 5305 Patris
2374 5249 2596 5321 proprio
2620 5257 2770 5304 mota
2793 5247 2946 5303 luere
2967 5246 3105 5302 loco.

1938 5341 2030 5399 24.
2049 5341 2256 5397 Praeter
2275 5342 2369 5399 hos
2382 5340 2751 5397 Floriacenses
2772 5339 3077 5405 monachos,
3093 5337 3279 5393 Italici
3299 5338 3463 5391 etiam

1873 5433 2137 5489 miracula
2197 5432 2382 5490 Casini
2430 5452 2462 5489 a
2513 5443 2697 5489 sancto
2736 5431 2904 5487 Patre
2948 5431 3094 5487 edita
3142 5430 3461 5501 prodidere;

1871 5543 2002 5599 quos
2025 5528 2162 5583 inter
2183 5529 2481 5599 prcccipuus
2504 5535 2583 5581 est
2601 5510 2907 5581 Besiderius
2934 5524 3118 5592 abbas,
3148 5532 3326 5595 postea
3356 5519 3463 5575 Bo-

1875 5634 2065 5672 manus
2110 5620 2382 5689 pontifex,
2419 5617 2601 5673 Victor
2637 5619 2825 5672 tertius
2863 5617 3182 5687 appellatus.
3222 5618 3281 5668 Is
3324 5630 3460 5684 qua-

1876 5722 1996 5765 tuor
2030 5711 2191 5766 libros
2218 5711 2294 5765 De
2318 5711 2591 5765 miraculis
2617 5710 2802 5766 Casini
2822 5720 2871 5764 et
2895 5711 2949 5763 in
2981 5709 3102 5763 aliis
3127 5707 3309 5763 Italica
3328 5706 3462 5761 locis

1878 5802 2108 5874 patratis
2138 5802 2457 5871 composuit,
2482 5816 2547 5856 ex
2570 5801 2760 5873 quibus
2786 5810 2890 5855 tres
2922 5810 3127 5857 tantum
3151 5805 3384 5854 exstant.
