3994 6442
429 360 566 420 1187

1359 351 1659 411 RADltLFl
1696 345 2028 404 TORTARII
2068 341 2376 400 MONACHI
2416 340 2726 397 FLORIAC.

3588 340 3731 395 1188

495 480 588 533 ‘25.
633 476 734 531 His
777 470 1019 531 omnibus
1071 474 1328 527 accedunt
1381 465 1487 524 Leo
1537 467 1874 521 Marsicauus
1900 505 1915 528 ,
1957 478 2022 516 ex
2054 472 2098 529 Α
2129 460 2389 514 triciacus
2413 499 2427 523 ,
2459 457 2630 527 inquit
2655 455 2955 520 Aimoinus,
2983 452 3185 509 dicitur
3209 452 3417 509 villain
3450 454 3735 525 Augusto—

426 571 681 624 monacho
720 568 999 635 Casinensi
1042 564 1338 619 cardinalis
1391 560 1689 623 Ostiensis,
1734 566 1783 611 et
1831 555 2021 609 Petrus

425 664 713 727 diaconus,
744 661 835 732 qui
871 661 927 713 in
971 658 1235 713 Chronico
1283 652 1563 710 Casinensi
1603 650 1759 721 plura
1790 648 2022 718 referunt

425 757 598 810 sancti
620 753 892 808 Benedicti
921 748 1212 814 miracula,
1235 746 1404 817 'plura
1431 732 1557 798 item
1598 742 1792 795 Petrus
1834 739 1891 792 in
1923 736 2023 790 Hi-

426 849 594 901 storia
615 845 932 900 inventionis
953 842 1191 913 corporis
1216 839 1392 894 sancti
1440 834 1710 891 Benedicti
1746 833 1801 885 in
1826 828 2024 885 Martio

426 917 786 994 Bollandiano
821 936 992 990 edita.
1668 994 1675 995 ί

498 1032 588 1086 26.
629 1030 713 1084 Ea:
738 1030 819 1083 his
856 1027 1096 1082 omnibus
1124 1033 1354 1097 quatuor
1393 1029 1603 1077 tantum
1645 1017 1803 1088 selegi
1836 1023 2024 1069 aucto-

432 1139 513 1176 res
539 1164 553 1187 ,
589 1122 820 1191 exceptis
848 1118 1139 1173 A‘dalbcrto
1158 1160 1172 1184 ,
1197 1114 1498 1169 Adrevaldo
1520 1121 1570 1167 et
1594 1108 1863 1173 Adelerio,
1893 1121 2025 1177 quo-

430 1229 549 1267 rum
572 1211 827 1282 opuscula
846 1218 1055 1264 exstant
1078 1210 1133 1262 in
1158 1206 1366 1262 chulo
1394 1203 1459 1258 11
1482 1219 1605 1257 cum
1632 1200 1868 1255 Aimoini
1897 1212 2026 1269 poe-

431 1314 574 1357 mate
597 1304 659 1357 de
695 1301 1061 1356 translatione.
1094 1297 1265 1370 Selegi
1289 1340 1304 1365 ,
1333 1300 1553 1369 inquam
1576 1336 1592 1363 ,
1643 1292 1983 1347 Diedericum
2009 1331 2024 1357 ,

430 1398 755 1461 Aimoinum,
794 1394 1086 1464 Rodulfum
1116 1393 1423 1447 Tortarium
1458 1392 1538 1464 (l)
1564 1431 1580 1456 ,
1612 1399 1661 1444 et
1692 1387 2029 1442 Desiderium

432 1504 523 1541 seu
586 1486 867 1542 Victorem.
917 1486 1189 1540 Diederici
1237 1485 1469 1555 priorem
1510 1483 1776 1536 duntaxat
1825 1487 2027 1550 partem

433 1580 584 1634 edere
605 1581 775 1633 visum
796 1588 903 1645 est,
936 1579 1134 1647 rejecta
1162 1576 1393 1631 secunda
1416 1617 1432 1642 ,
1469 1590 1589 1645 qua:
1626 1582 1706 1627 est
1731 1572 1795 1626 de
1833 1569 2029 1641 repeti--

436 1671 577 1723 tione
616 1671 854 1740 corporis
886 1669 1060 1722 sancti
1099 1666 1379 1720 Benedicti
1431 1681 1525 1735 per
1571 1661 2028 1727 Carolomanum,

432 1777 593 1831 quam
613 1770 730 1832 post
752 1760 1054 1814 illationem
1082 1758 1342 1812 accidisse
1374 1758 1563 1827 supino
1599 1769 1775 1809 errore
1812 1752 2020 1807 scribit.

2124 549 2361 605 dunensi
2410 544 2687 604 territario
2727 546 2969 616 regionis
3011 544 3342 617 Burgundia:
3399 546 3530 600 sita.
3576 545 3735 604 Hanc

2126 639 2483 705 Ecchardus,
2563 654 2748 693 comes
2827 636 3282 709 Burgundionum
3361 635 3682 692 ditissimus
3712 678 3731 705 ,

2127 745 2320 789 sancta
2342 730 2639 786 Benedicto
2687 738 2742 786 et
2769 728 2907 784 fratr
2929 729 3032 784 bus
3080 728 3453 784 Floriacensis
3488 728 3735 784 cmnobii

2127 824 2194 879 ad
2217 823 2605 893 stipendiarios
2638 821 2908 892 quasdam
2938 830 3193 891 sumptus
3215 820 3455 891 benigna
3477 820 3734 891 largitate

2127 917 2377 972 contulit.
2407 914 2529 982 Quo
2551 913 2813 970 defuncto
2836 929 2902 969 ac
2929 912 2983 967 in
3014 912 3355 970 Floriacensi
3388 914 3735 968 monasterio

2121 1008 2279 1079 juxta
2308 1008 2599 1063 ecclesiam
2627 1006 2843 1062 Sancta:
2870 1004 3055 1062 Maria:
3085 1007 3321 1076 sepulto,
3343 1006 3398 1059 in
3425 1014 3734 1060 memorata

2128 1098 2478 1168 possessione
2510 1096 2710 1152 fratres
2745 1097 3137 1152 habitationem
3165 1097 3268 1152 sibi
3298 1105 3615 1153 statuerunt
3639 1115 3654 1151 :
3678 1097 3735 1151 in

2129 1207 2238 1263 qua
2265 1191 2430 1246 etiam
2454 1190 2650 1246 delatis
2675 1207 2705 1245 a
2736 1189 2999 1266 Floriaco
3026 1187 3084 1244 S.
3112 1187 3295 1244 Patris
3316 1187 3600 1245 Benedicti
3642 1204 3735 1244 re-

2130 1286 2317 1356 liquiis
2341 1326 2357 1352 ,
2383 1285 2613 1341 ecclesia
2644 1285 2702 1339 in
2722 1285 2933 1341 honore
2967 1282 3063 1339 Dei
3088 1299 3155 1340 ac
3199 1283 3456 1354 gloriosae
3492 1280 3737 1353 Virginis

2130 1379 2316 1435 Mariae
2337 1379 2611 1449 simulque
2633 1378 2837 1449 egregii
2861 1378 3035 1448 ipsius
3057 1376 3393 1433 confessoris
3413 1387 3736 1434 constructa

2131 1481 2260 1540 est,
2327 1487 2494 1543 quam
2547 1471 2836 1526 basilicam
2893 1470 3150 1525 Christus
3202 1468 3473 1525 Dominus
3520 1469 3737 1526 meritis

2133 1573 2337 1622 sancta:
2375 1581 2490 1621 suae
2518 1564 2814 1620 Genitricis
2843 1606 2857 1629 ,
2887 1579 2989 1620 nec
3033 1579 3144 1619 non
3176 1563 3361 1619 dilecti
3404 1562 3607 1619 famuli
3649 1564 3735 1619 sui

2134 1656 2411 1713 Benedicti
2437 1656 2741 1727 saepissime
2770 1655 3054 1711 miraculis
3081 1656 3353 1711 illustrem
3380 1656 3645 1711 reddidit.

2209 1748 2301 1803 9.9.
2342 1747 2476 1814 Quis
2512 1748 2673 1816 fuerit
2708 1748 2809 1801 iste
2836 1744 3112 1800 Eccardus
3142 1762 3316 1800 comes
3338 1787 3353 1813 ,
3395 1762 3559 1816 quove
3600 1756 3733 1799 tem-

434 1821 895 1903 ;iimoiniduabus
919 1846 1073 1902 libris
1090 1847 1315 1917 subjicia
1337 1821 1534 1899 librum
1575 1842 1790 1912 Rodulﬁ
1828 1841 2023 1896 Torta-
2056 1821 2100 1880 Β
2128 1855 2253 1909 pore
2278 1837 2523 1908 ﬂoruerit
2547 1880 2563 1905 ,
2592 1837 2743 1892 docet
2769 1852 2862 1890 nos
2908 1837 3176 1907 egregium
3222 1837 3570 1907 antiquitatis
3619 1853 3732 1889 mo-

435 1941 537 2008 rii,
586 1942 792 1995 nomine
834 1939 1099 2010 Anonymi
1148 1956 1182 1993 a
1222 1938 1431 1992 Joanne
1474 1937 1668 1992 Bascio
1712 1933 2023 2006 vulgatum,

437 2034 647 2087 omissis
669 2032 873 2087 duobus
901 2031 1053 2086 libris
1097 2031 1334 2085 metricis
1375 2028 1613 2099 ejusdem
1655 2025 1890 2081 Tortarii
1916 2024 2028 2091 ,1in

437 2140 663 2197 quarunt
713 2125 885 2193 primo
939 2122 1167 2176 Andrece
1206 2120 1451 2174 monachi
1512 2117 1751 2172 libellum
1794 2116 2028 2170 uersibus

437 2216 610 2271 reddit
636 2258 650 2282 ,
687 2217 744 2269 in
773 2214 1000 2269 secundo
1035 2215 1172 2269 hunc
1194 2254 1210 2279 ,
1242 2229 1394 2283 quem
1415 2211 1501 2265 hic
1523 2210 1761 2276 exhibeo,
1798 2208 2025 2263 Andreae

438 2306 682 2360 monachi
729 2306 1039 2377 opusculum
1063 2306 1207 2360 istud
1240 2304 1533 2359 intercidit.
1582 2301 1818 2356 Tortarii
1859 2301 2028 2355 versio

437 2399 659 2453 metrica
679 2408 853 2453 exstat
876 2401 933 2453 in
955 2398 1156 2453 Martio
1182 2397 1569 2463 Bollandiano,
1610 2395 1701 2449 sed
1735 2404 1846 2448 tam
1871 2393 2028 2447 exilis

437 2501 487 2545 et
509 2492 698 2561 jejuna
723 2502 778 2545 ut
805 2501 999 2563 praeter
1022 2493 1193 2547 nudas
1214 2492 1552 2562 inﬁrmorum
1572 2489 1871 2543 curationes
1895 2486 2031 2541 nihil

438 2583 547 2653 fere
574 2582 915 2639 emolumenti
948 2601 1014 2639 ea:
1051 2600 1114 2639 ea
1143 2583 1265 2638 elici
1290 2599 1441 2654 posse
1486 2582 1749 2636 videatur.
1796 2578 1867 2633 Et
1898 2595 2025 2649 pae-

440 2676 594 2730 matii
621 2666 900 2731 exordium
923 2692 942 2730 :

509 2766 643 2836 Quae
664 2769 763 2823 tibi
797 2769 864 2824 de
898 2769 1068 2840 gestis
1102 2767 1395 2839 scripsisse
1416 2767 1681 2837 stupenda
1713 2765 1955 2837 paternis

582 2859 794 2915 Dicitur
821 2862 1068 2916 Andreas
1093 2903 1108 2927 ,
1139 2861 1323 2915 ﬁstula
1359 2867 1549 2915 nostra
1579 2866 1753 2914 notat.

512 2953 583 3008 At
610 2952 870 3009 Lemovix
900 2954 1137 3024 populus
1165 2951 1393 3008 feriente
1414 2951 1527 3007 Deo
1553 2959 1833 3022 pateretur

575 3043 762 3116 Ignem
787 3046 918 3100 dum
944 3060 1162 3101 sacrum
1184 3088 1198 3112 ,
1223 3046 1317 3099 dat
1347 3044 1454 3099 sibi
1483 3044 1775 3100 consilium

509 3134 693 3190 Patris
722 3136 1003 3206 relliquias
1037 3136 1160 3190 urbi
1190 3143 1405 3207 gestare
1442 3135 1730 3193 verendas.

588 3224 742 3291 Quod
777 3236 1065 3299 postquam
1098 3224 1268 3294 fecit,
1304 3226 1471 3297 pestis
1493 3225 1681 3296 iniqua
1716 3223 1873 3295 perit.

440 3315 701 3382 Quwdam
735 3317 849 3371 alia
877 3318 1104 3388 inferius
1131 3318 1254 3371 inde
1276 3318 1543 3371 adducam
1564 3317 1631 3370 de
1652 3315 1788 3370 cella
1830 3315 2023 3369 Barci»

440 3409 678 3462 nonensi.
711 3407 1004 3480 Rodulfum
1037 3410 1450 3480 subsequuntur,
1487 3410 1577 3480 qui
1605 3408 2025 3478 pra’cede‘re‘de-

440 3501 696 3567 buerant,
721 3500 987 3556 Desiderii
1009 3518 1101 3556 seu
1136 3500 1365 3555 Victoris
1396 3499 1637 3571 dialogi,
1669 3509 1727 3554 ut
1774 3500 2027 3553 continua

438 3594 577 3647 serie
604 3593 865 3648 miracula
892 3595 949 3648 in
975 3592 1158 3649 Gallia
1183 3636 1198 3661 ,
1237 3608 1347 3648 tam
1378 3593 1492 3647 alia
1519 3594 1575 3647 in
1599 3591 1769 3647 Italia
1791 3592 1935 3662 facta
1963 3591 2026 3644 ob

438 3683 616 3739 oculos
666 3700 995 3755 poneremus.
1050 3684 1316 3739 Desiderii
1363 3684 1604 3755 dialogos
1653 3700 1719 3737 ea:
1768 3682 2035 3737 Vaticana

437 3775 617 3831 codice
658 3793 757 3832 ms.
804 3778 942 3831 eruit
974 3776 1209 3832 Joannes
1237 3777 1487 3847 Baptista
1514 3776 1698 3831 Marus
1717 3817 1733 3844 ,
1756 3776 2026 3830 Romanus

444 3874 735 3928 canonicus
761 3875 888 3940 ,air
907 3890 1034 3928 sane
1072 3874 1137 3927 de
1169 3872 1441 3944 republica
1476 3872 1743 3927 litteraria
1776 3879 1827 3925 et
1853 3870 2026 3925 Bene-

443 3962 648 4016 dictina
675 3963 800 4018 bene
822 3966 1039 4019 meritus
1059 4006 1073 4031 ,
1100 3979 1290 4035 eosque
1311 3962 1600 4017 illustravit
1620 3962 1845 4015 eruditis
1865 3961 2024 4027 notis,

436 4068 569 4123 quas
600 4056 726 4125 quia
760 4056 1031 4126 proposito
1058 4065 1239 4109 nostra
1279 4056 1692 4110 accommodata
1733 4062 1887 4121 sunt,
1921 4054 2028 4124 fere

437 4146 646 4216 integra
674 4147 747 4200 ad
773 4146 987 4201 verbum
1011 4146 1254 4202 exhibere
1284 4148 1455 4202 visum
1474 4156 1572 4201 est.
1594 4146 1901 4201 Desiderius
1923 4147 2028 4200 ini-

440 4237 514 4291 tio
543 4237 748 4308 dialogi
768 4240 1036 4308 promittit
1065 4248 1296 4310 quatuor
1314 4239 1479 4294 libras
1502 4239 1580 4293 De
1602 4238 1876 4293 miraculis
1914 4249 2029 4292 tum

435 4345 528 4398 per
550 4338 795 4382 sanctum
815 4329 1180 4398 Benedictum,
1204 4348 1325 4385 cum
1346 4342 1440 4402 per
1459 4331 1597 4385 alios
1617 4340 1827 4386 sanctos
1849 4333 2027 4385 maxi-

437 4436 519 4474 me
548 4422 664 4491 ejus
681 4421 975 4493 discipulos
998 4425 1230 4494 patratis
1248 4466 1262 4491 ,
1289 4440 1514 4495 quorum
1541 4424 1647 4478 duo
1678 4425 1879 4495 priores
1926 4425 2029 4477 mi-

2051 3169 2098 3231 c
2133 3169 2412 3191 υυιιιιαιιω
2438 3176 2453 3202 ,
2493 3169 2596 3191 ..συ
2619 3169 2731 3190 ην..
2755 3169 3001 3206 gum..."
3025 3169 3214 3189 ...ιιιιο
3238 3169 3348 3189 μη..
3385 3169 3729 3198 “meum”,

2032 3244 2037 3249 '
2129 3236 2462 3284 etuxorum
2490 3241 2739 3282 mearum
2790 3226 3128 3298 Albegundis
3182 3234 3348 3297 atque
3402 3224 3689 3281 Richeldis
3714 3268 3731 3289 ,

2132 1940 2437 1986 numentum
2454 1972 2470 1997 ,
2497 1928 2844 1986 Chartarium
2868 1928 3069 1983 scilicet
3119 1927 3519 1982 Patriciacense
3544 1969 3562 1994 ,
3594 1928 3737 1998 quod

2131 2038 2297 2092 nuper
2348 2022 2485 2091 typis
2513 2018 2788 2091 vulgatum
2811 2028 2889 2073 est
2910 2019 3052 2090 apud
3076 2017 3402 2088 Stephanum
3428 2017 3737 2072 Perardum

2130 2116 2187 2168 in
2210 2113 2517 2168 collectione
2537 2122 2769 2167 ceterum
2799 2113 3277 2167 instrumentorum
3303 2112 3371 2165 ad
3396 2111 3737 2180 Burgundii:

2134 2205 2437 2261 Historiam
2458 2206 2855 2275 pertinentium.
2885 2203 3211 2260 Chartaceus
3238 2205 3338 2257 iste
3362 2203 3529 2257 codex
3556 2201 3736 2272 diplo-

2132 2310 2280 2354 mata
2310 2300 2531 2370 triginta
2561 2314 2740 2352 noaem
2763 2299 3029 2365 continet,
3053 2298 3361 2368 in~quorum
3380 2296 3562 2366 prima
3593 2295 3738 2366 legi-

2134 2405 2223 2449 tur
2246 2393 2470 2447 donatio
2495 2392 2688 2462 prazdii
2726 2390 3026 2444 l’atriciaci
3058 2390 3123 2444 ab
3154 2388 3433 2444 Heccarda
3463 2390 3617 2459 facta
3664 2389 3738 2443 ad

2132 2487 2450 2559 confugium
2480 2501 2648 2556 supra
2674 2484 2947 2541 dictorum
2973 2484 3379 2539 monachorum
3409 2482 3736 2537 Floriacen-

2131 2583 2312 2645 sium;
2341 2580 2430 2634 ubi
2458 2578 2698 2633 notanda
2723 2577 2834 2632 hare
2856 2576 3012 2631 verba
3042 2592 3060 2630 :
3107 2575 3223 2647 Ego
3253 2575 3536 2631 Eccardus
3585 2576 3738 2630 dono

2132 2673 2228 2728 Dei
2257 2687 2444 2728 comes
2462 2713 2479 2739 ,
2515 2680 2570 2727 et
2596 2670 2799 2742 coniux
2830 2684 2952 2724 mea
2976 2667 3274 2733 Richeldis,
3298 2676 3561 2738 paventes
3586 2667 3736 2721 diem

2131 2775 2394 2821 extrema:
2416 2763 2757 2831 vocationis,
2804 2777 2874 2819 ne
2899 2762 3109 2834 gravati
3157 2762 3303 2817 male
3346 2761 3735 2831 peccaminum

2036 2896 2043 2907 ,
2132 2858 2252 2913 sine
2277 2857 2459 2912 fructu
2487 2857 2618 2913 boni
2650 2855 2833 2927 aperis
2863 2855 3078 2911 steriles
3130 2855 3500 2920 inveniamur,
3552 2854 3736 2910 dona-

2036 2996 2040 3000 ,
2132 2962 2257 3005 mus
2282 2964 2383 3021 pro
2412 2950 2611 3004 animae
2660 2956 2864 3005 nostrae
2910 2947 3155 3003 remedio
3187 2957 3352 3018 atque
3397 2947 3456 3002 in
3488 2945 3735 3003 eleemo-

2132 3056 2265 3114 syna
2294 3040 2689 3096 Childebranni
2736 3040 3001 3111 genitoris
3043 3040 3152 3096 mei
3195 3048 3250 3095 et
3277 3039 3565 3111 genitricis
3599 3054 3736 3094 mea:

2133 3135 2412 3191 Donnanae
2438 3176 2453 3202 ,
2492 3149 2596 3191 nec
2619 3150 2731 3190 non
2755 3134 3001 3206 germani
3025 3133 3214 3189 fratris
3237 3133 3348 3189 mei
3375 3131 3729 3198 Theoderici,

2130 3320 2505 3391 donatumque
2531 3321 2585 3375 in
2610 3328 2935 3391 perpetuum
2959 3334 3082 3375 esse
3111 3319 3368 3374 volumus
3390 3334 3483 3374 res
3513 3329 3735 3375 nostras

2130 3413 2196 3468 ad
2221 3413 2619 3469 monasterium
2645 3413 2862 3468 Sancta
2885 3411 3071 3467 Marias
3088 3420 3143 3468 et
3173 3412 3362 3467 Sancti
3394 3411 3541 3467 Petri
3565 3422 3735 3484 atque

2140 3505 2329 3561 Sancti
2378 3504 2659 3561 Benedicti
2704 3503 3073 3559 Floriacensis
3106 3504 3234 3559 libri
3293 3502 3390 3576 [an
3439 3504 3604 3577 loci],
3635 3506 3731 3561 ubi

2131 3598 2247 3668 ipse
2276 3606 2503 3652 sanctus
2528 3596 2855 3652 Benedictus
2878 3597 3065 3651 debito
3086 3597 3323 3667 quiescit
3363 3597 3573 3653 honore
3596 3640 3613 3665 ,
3643 3599 3732 3653 rel

2128 3688 2223 3743 ubi
2256 3702 2492 3759 praeesse
2521 3688 2876 3760 cognoscitur
2898 3688 2981 3743 vir
3003 3689 3330 3744 venerabilis
3356 3689 3529 3745 abbas
3551 3689 3731 3745 Tcod-

2127 3780 2316 3836 bertus
2354 3797 2465 3836 una
2502 3797 2628 3836 cum
2671 3782 2907 3851 plurima
2956 3782 3117 3837 turba
3163 3782 3565 3838 monachorum
3618 3784 3728 3838 ibi-

2129 3873 2251 3928 dem
2280 3871 2516 3927 Domino
2547 3871 2974 3939 famulantium;
3020 3889 3144 3943 qua:
3181 3874 3284 3929 sita
3316 3882 3446 3928 sunt
3488 3875 3544 3929 in
3586 3891 3729 3946 pago

2128 3963 2627 4036 Augustodunense
2657 3972 2821 4035 atque
2852 3964 2906 4018 in
2950 3979 3090 4035 pago
3140 3964 3578 4033 Matisconense,
3628 3985 3725 4023 seu

2132 4053 2186 4107 in
2211 4053 2606 4122 Cabilonense,
2640 4053 2694 4108 id
2714 4055 2876 4109 estin
2907 4055 3033 4109 villa
3070 4070 3192 4125 quae
3216 4055 3418 4111 dieitur
3456 4055 3726 4113 Patricia-

2130 4161 2248 4211 cus,
2274 4161 2399 4200 cum
2428 4145 2657 4201 ecclesia
2682 4146 2739 4201 in
2760 4146 2969 4201 honore
2995 4147 3170 4203 sancti
3190 4146 3338 4203 Petri
3362 4160 3601 4218 sacrata,
3621 4160 3725 4205 etc.

2131 4236 2265 4293 Data
2299 4236 2354 4291 in
2379 4246 2566 4293 mense
2584 4236 2869 4305 Januario,
2899 4254 3047 4295 anno
3070 4240 3251 4309 primo
3272 4240 3490 4312 imperii
3514 4242 3725 4298 domini

2128 4330 2314 4385 Caroli
2345 4330 2617 4400 iunioris,
2658 4346 2840 4401 nempe
2887 4331 3075 4399 Calvi,
3128 4332 3333 4388 Christi
3371 4335 3580 4390 scilicet
3621 4336 3728 4391 876

2132 4424 2373 4478 ine‘unte.‘
2401 4421 2596 4477 Villam
2624 4424 2760 4478 hanc
2795 4441 2915 4478 cum
2960 4426 3341 4496 appendicibus
3381 4445 3417 4481 a
3455 4426 3729 4484 Ludovico

439 4514 624 4567 racula
656 4513 861 4582 Casini,
896 4516 995 4570 alii
1024 4517 1131 4570 duo
1159 4516 1423 4571 miracula
1450 4519 1507 4570 in
1530 4515 1868 4573 aliisltalia:
1893 4516 2026 4573 locis
2061 4528 2104 4583 D
2133 4517 2528 4591 Augustadono
2553 4527 2828 4588 acceperat
2854 4517 3128 4573 Eccardus
3155 4520 3349 4574 litteris
3375 4521 3522 4575 datis
3546 4521 3731 4578 Picta-

438 4606 585 4675 facta
634 4618 1053 4676 repraesentant;
1087 4620 1176 4664 sed
1205 4611 1313 4664 sive
1362 4612 1407 4663 is
1444 4627 1547 4663 non
1590 4610 1865 4680 perfecerit
1897 4627 2026 4680 opus

435 4713 589 4751 suum
615 4740 630 4763 ,
672 4700 780 4753 sire
817 4701 1080 4771 integrum
1120 4719 1221 4756 non
1257 4702 1444 4757 reddat
1481 4703 1649 4757 codex
1687 4701 1975 4756 Vaticanus
2009 4745 2024 4768 ,

432 4791 523 4861 qui
558 4790 687 4846 olim
721 4792 825 4861 fuit
860 4792 1207 4848 Bibliotheca:
1229 4795 1559 4860 Casinensis,
1585 4795 1709 4863 ﬁnis
1734 4795 1878 4847 tertii
1901 4794 2027 4846 libri

432 4892 483 4937 et
503 4893 644 4938 totus
672 4894 897 4955 quartus
924 4886 993 4938 ad
1016 4902 1108 4939 nos
1141 4888 1356 4941 minime
1375 4888 1630 4957 peruenit.

1186 4979 1272 5033 Ill.

502 5071 591 5125 Ξῖ.
634 5071 843 5127 Prwter
872 5072 1130 5129 Casinum
1171 5081 1221 5126 et
1255 5072 1568 5127 Floriacum
1595 5115 1609 5139 ,
1641 5089 1759 5144 qua:
1787 5072 1905 5126 loca
1938 5073 2022 5125 in-

429 5161 751 5236 signioribus
779 5164 1077 5237 prtesentice
1112 5179 1223 5217 sum
1252 5163 1467 5216 indiciis
1504 5164 1776 5218 decoravit
1804 5172 2020 5217 sanctus

428 5256 615 5324 Pater,
642 5258 698 5311 in
721 5258 972 5328 subgectis
1005 5255 1158 5312 libris
1201 5253 1536 5311 celebrantur
1567 5255 1677 5309 alia
1704 5255 1810 5308 duo
1840 5296 1854 5320 ,
1886 5255 2022 5308 cella

429 5347 631 5402 scilicet
677 5347 1043 5404 Patriacensis
1084 5357 1133 5403 et
1163 5349 1577 5404 Barcinonensis
1604 5391 1618 5415 ,
1667 5347 1758 5402 ubi
1806 5356 2019 5401 sanctus

428 5439 749 5496 Benedictus
780 5442 1053 5498 miraculis
1084 5443 1303 5498 claruit.

494 5531 584 5586 28,
627 5532 706 5586 De
732 5524 1049 5590 Patriciaca
1072 5546 1234 5607 agunt
1257 5521 1540 5589 Aimoinus
1569 5536 1624 5587 in
1667 5533 1761 5588 lib.
1789 5551 1826 5588 ll
1849 5576 1863 5599 ,
1894 5551 2010 5603 cap.

428 5624 501 5682 15
526 5635 576 5681 et
604 5629 962 5697 sequentibus.
994 5629 1279 5685 Tortarius‘
1302 5632 1356 5684 in
1390 5646 1507 5699 cap.
1534 5629 1603 5683 59
1627 5638 1674 5681 et
1718 5628 1863 5682 aliis.
1910 5627 2016 5682 Pa-

2130 4611 2213 4666 vis
2234 4628 2285 4666 Iv
2312 4609 2432 4665 Kal.
2467 4609 2737 4679 Januarii,
2761 4627 2908 4667 anno
2934 4612 3150 4682 imperii
3177 4614 3445 4685 vigesima
3469 4617 3725 4686 septima,

2131 4703 2431 4759 indictione
2463 4704 2621 4759 tertia
2648 4746 2664 4771 ,
2697 4704 2753 4757 id
2781 4714 2859 4758 est
2882 4703 2976 4757 sub
3007 4705 3167 4773 ﬁnem
3192 4708 3321 4761 anni
3353 4706 3479 4761 859.

2200 4795 2289 4851 50.
2347 4795 2432 4850 Ea:
2466 4796 2548 4850 his
2595 4796 2852 4850 nonnulla
2910 4797 3167 4851 discimus
3213 4798 3490 4853 observata
3541 4801 3724 4869 digna,

2041 4931 2044 4934 .
2126 4875 2378 4957 primum,
2449 4889 2680 4944 Eccardi
2732 4891 2941 4943 comitis
2987 4908 3149 4962 genus
3185 4909 3250 4946 ea:
3293 4902 3447 4962 patre
3511 4892 3727 4948 Childe-

2128 4982 2349 5049 branno,
2382 4982 2672 5053 Nibelungi
2693 4983 2903 5037 comitis
2937 4984 3017 5055 (ut
3043 4984 3194 5053 puto)
3218 4984 3357 5054 filio,
3388 4994 3438 5039 et
3465 5001 3533 5039 ea:
3558 4995 3727 5039 matre

2129 5075 2395 5129 Donnana
2424 5091 2615 5129 uxores
2638 5076 3018 5147 Albegundem,
3043 5094 3113 5130 an
3141 5076 3531 5148 Aldegundem,
3556 5088 3606 5132 et
3632 5078 3727 5131 Bi-

2128 5168 2374 5235 childem,
2409 5168 2789 5225 Theodoricum
2812 5170 3056 5239 fratrem.
3089 5168 3177 5224 Er.
3212 5171 3451 5240 ejusdem
3491 5170 3744 5225 Eccardi-

2130 5270 2462 5327 testamenta,
2492 5264 2611 5332 qua:
2641 5261 2828 5314 charta
2863 5261 3048 5316 ordine
3084 5261 3273 5333 quinta
3314 5270 3414 5327 est,
3465 5263 3720 5316 discimus

2129 5354 2232 5423 ipsi
2271 5370 2579 5423 germanam
2610 5354 2774 5424 fuisse
2801 5353 3047 5407 Adanam
3078 5354 3393 5408 monacham
3424 5356 3483 5407 in
3513 5354 3721 5409 Afrano

2124 5463 2217 5501 seu
2261 5445 2503 5502 Afarano
2538 5449 2880 5514 monasterio,
2924 5448 3011 5501 cui
3058 5456 3170 5500 tum
3208 5448 3463 5517 prtefecta
3503 5447 3739 5501 Βίην-ας.

2124 5539 2290 5593 dana.
2322 5538 2475 5613 Quod
2519 5556 2623 5593 non
2683 5540 2834 5593 aliud
2881 5556 2992 5594 esse
3022 5540 3232 5593 videtur
3252 5555 3411 5610 quam
3448 5550 3715 5593 monaste-

2126 5631 2264 5684 rium
2290 5618 2504 5685 Sanctw
2527 5630 2690 5685 Farre
2711 5632 2766 5684 in
2796 5641 2969 5685 tractu
2988 5631 3223 5696 Bricafo.
3254 5630 3318 5685 In
3342 5631 3522 5685 eodem
3549 5640 3717 5686 testa-

504 5803 580 5871 (1)
616 5805 726 5864 Nos
774 5809 994 5869 nonnisi
1044 5809 1259 5866 Rodulti
1309 5808 1545 5867 Tortarii
1601 5825 1739 5881 opus
1791 5809 2006 5865 damus.
2049 5808 2202 5867 Alios
2229 5811 2343 5882 jam
2368 5809 2659 5867 edidimus.
