3946 6306
155 307 304 361 H89

1259 299 1617 357 MERMIUIA
1657 307 1905 363 SANCTI
1948 304 2336 362 BENEDICTI.

3300 319 3441 378 H90

150 428 332 472 mento
364 415 747 488 Cerberganam
781 430 976 488 neptem
997 426 1151 471 suam
1187 424 1360 483 vocat,
1391 421 1469 470 uti
1495 427 1543 471 et
1577 421 1632 472 in
1659 436 1741 472 se—
1775 431 1814 484 Α
1846 422 1904 476 in
1931 438 2038 492 qua
2063 431 2242 476 turma
2275 421 2383 473 Deo
2407 418 2708 474 famulatur
2729 414 2917 476 sedula
2943 421 3189 493 Christo,

145 511 434 580 quentibus
487 510 703 576 litteris,
757 512 810 564 in
855 512 1044 581 quibus
1075 505 1452 563 Cuiuiteriutn
1511 521 1747 580 nepotem

141 618 312 655 suum
363 601 630 671 appellat;
675 601 827 671 cujus
877 599 1160 672 Guiniterii
1191 615 1282 653 seu
1325 599 1595 654 Winiterii
1626 599 1748 654 duo:

142 693 358 750 chartae
404 695 651 765 leguntur
691 695 876 748 ordine
927 693 1000 746 “2.0
1028 704 1077 746 et
1104 693 1194 747 9.6.
1233 692 1370 764 Lege
1415 693 1628 747 chartas
1657 695 1744 757 15,

141 786 219 840 14
251 796 304 841 et
338 787 404 842 15
425 802 518 856 pro
555 786 846 857 Nirelongo
877 787 1088 852 comite,
1121 802 1274 856 quem
1297 797 1423 856 puto
1449 802 1560 840 esse
1589 785 1744 856 hujus

140 875 389 931 Eccardi
444 894 618 932 avum.
663 877 932 932 Discimus
979 878 1102 930 item
1130 893 1196 931 ea:
1229 879 1404 948 prima
1436 878 1644 942 charta,
1693 888 1744 932 et

137 967 410 1020 etiamm:
435 966 696 1034 secunda,
743 966 1126 1020 Theodbcrtum
1167 968 1409 1023 abbatem
1449 979 1570 1039 post
1613 969 1746 1023 Ber-

139 1060 383 1114 nnrdum
427 1058 760 1114 Floriacensi
799 1063 1122 1116 monasterio
1156 1062 1432 1132 prwfuisse
1465 1062 1582 1131 jam
1622 1063 1744 1117 inde

134 1153 342 1206 saltent
370 1153 434 1206 ab
459 1171 598 1208 mmo
634 1155 759 1223 876,
791 1157 1132 1226 eamdemque
1164 1172 1294 1222 esse,
1337 1159 1426 1225 qui
1458 1155 1574 1208 loco
1603 1169 1738 1225 prte-

134 1245 356 1299 s.’dclmt
393 1263 532 1302 anno
567 1247 674 1302 885
707 1265 772 1302 ex
803 1249 991 1302 charta
1043 1247 1130 1300 Η.
1161 1245 1434 1300 (libertum
1467 1245 1742 1300 Tcodberti

134 1337 326 1391 locum
354 1357 788 1410 occupasseunno
804 1339 908 1395 890
937 1329 1142 1394 constat
1177 1354 1241 1393 ex
1253 1340 1438 1392 charta
1462 1337 1550 1392 27.
1576 1337 1740 1392 Lam-

135 1430 354 1484 bcrtum
383 1450 497 1486 vero
529 1451 666 1488 anno
691 1433 797 1489 907
826 1449 891 1487 ea:
926 1434 1015 1488 29.
1053 1433 1131 1486 De
1161 1433 1271 1485 situ
1301 1430 1604 1484 Patticiaci
1629 1446 1744 1483 am-

132 1524 292 1592 plius
315 1526 522 1581 dicetur
542 1528 612 1581 ad
652 1527 890 1582 Tortarii
914 1543 1032 1597 cap.
1062 1526 1152 1580 46.

213 1615 306 1668 51.
345 1616 500 1670 Alius
551 1618 698 1672 locus
739 1617 1031 1672 Benedicti
1059 1612 1339 1666 miraculis
1392 1611 1609 1666 celebris
1637 1611 1740 1680 fuit

136 1705 286 1759 cella
306 1710 550 1777 quantum
577 1711 694 1780 agri
725 1708 1135 1764 Barcinonensis
1169 1711 1354 1759 sancto
1382 1701 1538 1756 Patri
1562 1719 1737 1768 sacra,

135 1795 212 1848 de
235 1813 339 1866 qua
381 1797 436 1849 in
467 1799 750 1868 appendice
777 1799 846 1851 ad
858 1796 1159 1867 ,Rodulfum
1193 1795 1520 1861 Tortarinm,
1545 1808 1742 1846 mento-

140 1897 308 1942 ratur
327 1889 392 1942 ab
416 1890 528 1959 ipso
563 1889 810 1944 Tortario
854 1891 908 1943 in
937 1888 1061 1942 libri
1091 1887 1320 1941 Andreae
1354 1885 1595 1938 monachi
1627 1900 1740 1936 uer-

138 1979 299 2035 sione
327 1983 543 2036 metrica
565 1983 647 2036 his
679 1981 910 2036 versibus
933 1997 951 2036 :

141 2070 250 2126 Est
274 2074 470 2129 dooms
496 2075 675 2145 ampla
707 2073 853 2128 Patri
885 2073 989 2128 sita
1017 2086 1158 2143 pago
1185 2069 1596 2135 Barcinoncnsi,

299 2166 452 2237 Saepe
475 2177 701 2223 vocatus
733 2167 824 2222 ubi
849 2167 1005 2238 plura
1037 2165 1302 2235 stupenda
1329 2153 1477 2218 facit.

149 2317 342 2340 ~—

1991 513 2200 568 Gaudet
2233 512 2487 582 prtesidio
2510 520 2647 577 tuta,
2685 522 2931 582 patrone,
2963 523 3075 570 tuo.

1848 603 1966 662 lluc
1990 615 2247 662 oraturus
2270 606 2537 661 su;cessit
2565 606 2723 661 miles
2765 607 2998 673 amicus,

1990 697 2156 753 Extra
2185 699 2429 754 dimiSsis
2458 699 2631 754 donec
2653 699 2827 754 abiret
2856 701 3032 770 equis.

1845 790 1958 846 Fur
1986 793 2130 862 rapit
2155 793 2254 848 hos
2275 792 2457 858 avide,
2492 791 2674 846 vicino
2706 793 2968 863 mergitur
2994 807 3176 848 amne.

1985 883 2219 939 Perdere
2243 900 2383 955 quos
2404 883 2610 950 timuit,
2639 884 2797 939 miles
2835 900 3008 954 equos
3043 885 3237 955 recipit

1844 971 2127 1028 Classibus
2157 973 2368 1028 advecti
2399 981 2694 1044 properant
2719 974 2853 1028 illuc
2872 973 3127 1044 Agat-cui,

1987 1065 2268 1132 Quatenus
2299 1067 2422 1138 igne
2456 1075 2720 1132 crement,
2746 1067 2909 1122 rebus
2935 1077 2989 1120 ct
3016 1065 3340 1136 exspolient.

1842 1153 2094 1210 Fundere
2116 1155 2242 1210 vina
2283 1157 2492 1222 volunt,
2517 1156 2718 1226 glacies
2745 1157 2904 1226 quasi
2939 1157 3078 1210 dura
3107 1157 3428 1226 rigescunt:

1986 1245 2130 1316 Ignis
2154 1255 2210 1301 et
2231 1247 2684 1317 injectuasponte
2705 1263 2804 1302 sua
2835 1249 3084 1302 moritur.

1843 1335 2060 1394 Iudicat
2083 1339 2184 1394 hos
2214 1339 2424 1405 molles,
2454 1349 2509 1394 et
2530 1340 2696 1394 mittit
2720 1355 2815 1394 rex
2846 1340 3135 1395 truciores.

1986 1430 2214 1485 Miratur
2241 1447 2414 1502 quare
2436 1432 2529 1486 fiat
2560 1441 2613 1486 et
2639 1432 2726 1488 his
2761 1432 2960 1486 simile.

1843 1522 1998 1578 Unus
2020 1523 2112 1594 qui
2137 1539 2350 1579 sacram
2374 1523 2624 1579 demoliri
2657 1523 2808 1595 cupit
2842 1539 3025 1590 aram,

1985 1614 2155 1670 letum
2181 1615 2312 1670 dum
2338 1616 2521 1683 librat,
2560 1631 2618 1671 se
2639 1615 2887 1671 feriendo
2910 1626 3090 1672 necat.

1778 1783 1820 1836 Β
1917 1749 2046 1806 licet:
2078 1751 2211 1806 cella
2232 1769 2322 1806 seu
2355 1753 2645 1806 cmnobium
2685 1753 2871 1806 itinere
2900 1753 3055 1806 unius
3092 1752 3197 1806 diei
3229 1769 3260 1804 a
3295 1751 3436 1808 Bar-

1851 1845 2035 1900 cinone
2076 1845 2279 1902 distare
2316 1845 2519 1899 dicitur
2575 1847 2631 1898 in
2679 1846 2964 1916 appendice
2985 1845 3054 1898 ad
3091 1844 3432 1911 Toriarium,

1743 1967 1748 1972 -
1845 1936 1936 1989 ubi
1965 1935 2198 2006 primum
2228 1933 2718 2005 istudlmiraculum
2750 1937 3028 1990 recitatur.

1912 2067 2002 2123 52.
2038 2065 2168 2122 Iam
2227 2077 2428 2139 tempus
2487 2079 2563 2123 est
2611 2068 2912 2122 adducendi
2949 2066 3215 2121 Diederici
3251 2081 3438 2120 narra-

1844 2159 2061 2226 tionem,
2088 2174 2206 2230 quae
2235 2159 2292 2213 in
2315 2175 2414 2214 ms.
2445 2159 2622 2214 codice
2649 2159 2788 2213 [tunc
2813 2157 3031 2212 titulum
3051 2157 3290 2228 prazfcrt.

691 2461 1420 2577 MIRACULA
1509 2457 2028 2574 SANCTI
2115 2457 2894 2573 BENEDICTI

1231 2683 1564 2742 AUCTORE
1607 2681 1934 2740 BADULFO
1973 2676 2350 2737 TORTARlO.

135 3005 278 3060 Car.
321 3001 359 3056 ι.
427 3029 456 3041 -
477 2998 592 3054 Odo
643 3013 722 3052 res
755 2993 814 3053 S.
846 2991 1122 3051 Benedicti
1161 2987 1370 3062 rapiens
1431 2999 1480 3044 et
1527 3007 1733 3046 cereum
1765 2993 1810 3056 Ο
1843 2987 2083 3044 candela:
2100 2985 2462 3053 haberentur;
2493 2983 2584 3042 cui
2609 3001 2735 3042 eum
2776 3001 3101 3057 responsum
3130 2995 3278 3042 esset
3298 2987 3436 3044 nihil

553 3068 882 3141 paschalem,
912 3063 1050 3122 male
1073 3063 1318 3119 moritur.

213 3185 365 3258 Rege
416 3183 758 3238 Francorum
815 3177 1051 3234 Henrico
1102 3174 1329 3230 feliciter
1383 3179 1597 3242 sceptra
1658 3179 1736 3226 te-

134 3289 332 3346 nente,
377 3276 607 3347 ejusque
650 3287 912 3346 germano
962 3266 1571 3343 [Rothertoj'ducatum
1605 3263 1738 3318 Bur-

135 3371 363 3441 gundia:
424 3376 702 3438 utcunque
751 3361 1192 3428 administrante,
1253 3358 1424 3412 frater
1489 3357 1736 3428 ipsorum

136 3461 265 3517 0&0
292 3460 536 3530 privatus
560 3456 810 3528 degebat,
842 3453 1044 3508 nullius
1069 3449 1350 3522 dignitatis
1365 3446 1584 3518 fastigio
1604 3445 1738 3501 sub-

139 3557 392 3610 limatus.
453 3552 578 3619 Qui,
632 3549 894 3620 quoniam
941 3561 1048 3601 non
1090 3544 1323 3599 habebat
1355 3541 1594 3614 propria,
1653 3540 1738 3595 in-

137 3649 336 3704 hiabat
363 3647 648 3716 subripere
684 3643 880 3708 aliena,
906 3639 1115 3710 rapinis
1150 3647 1204 3694 et
1245 3635 1738 3707 deprmdationibus

138 3755 373 3811 operam
404 3735 750 3808 impendens.
797 3731 954 3787 Unde
1005 3729 1208 3785 factum
1253 3739 1336 3784 est
1365 3727 1453 3782 die
1500 3726 1738 3797 quadam

137 3841 205 3886 ut
234 3830 413 3884 valida
492 3841 656 3881 manu
700 3823 935 3878 militum
1000 3821 1253 3886 collecta,
1336 3814 1737 3872 Soliacensium

140 3919 327 3990 (Sullg
391 3931 590 3988 propro
666 3912 1001 3982 Floriaeum)
1061 3911 1275 3981 sibique
1349 3908 1737 3978 contiguorum

139 4028 313 4084 agros
333 4006 704 4080 depraedatum
736 4005 857 4059 iret.
896 4002 1026 4058 lude
1056 4010 1334 4056 revertens
1358 4006 1593 4053 onustus
1619 4012 1742 4068 spo-

138 4107 236 4162 liis
261 4114 312 4159 et
341 4102 541 4173 praeda,
567 4099 797 4170 contigit
832 4097 1078 4152 utetiam
1125 4092 1490 4164 quorumdam
1536 4105 1740 4161 paupe-

137 4213 272 4253 rum
309 4193 486 4249 Patris
517 4189 798 4247 Benedicti
841 4205 930 4244 res
978 4187 1230 4257 cepisset.
1275 4183 1562 4239 Divertens
1609 4193 1740 4237 vero

139 4291 199 4344 in
225 4287 502 4360 quoddam
531 4301 628 4341 rus
658 4283 904 4354 ejusdem
943 4281 1142 4346 Patris,
1175 4277 1561 4335 Garminiacus
1585 4272 1740 4347 (Ger-

1823 3093 1980 3133 .cerze
2011 3077 2124 3131 illic
2147 3076 2334 3130 haberi
2375 3086 2572 3146 praeter
2607 3077 2920 3147 paschalem
2951 3093 3194 3144 cereum,
3238 3079 3292 3132 in
3344 3080 3438 3134 lto-

1839 3185 2030 3224 norcm
2061 3168 2317 3224 videlicet
2355 3167 2658 3225 Dominicae
2697 3167 3163 3237 Resurrcetionis,
3209 3185 3240 3225 a
3275 3186 3440 3240 paro-

1839 3263 2108 3320 chialibus
2132 3263 2366 3320 solemni
2396 3263 2638 3318 oblatum
2663 3279 2836 3329 more,
2871 3261 3030 3332 jubet
3054 3277 3180 3317 eum
3203 3277 3436 3332 prepere

1839 3355 2114 3424 all‘erri,et
2142 3357 2346 3414 exinde
2378 3356 2636 3412 candelas
2661 3355 2884 3426 copiose
2931 3356 3288 3428 suppeditari,
3321 3371 3436 3414 non

1839 3451 2046 3506 veritus
2078 3450 2338 3520 injuriam
2367 3448 2722 3516 ,Salvatoris,
2774 3449 2864 3504 cui
2903 3448 3245 3506 sanctificata
3275 3459 3456 3504 erant.

1839 3563 2031 3602 cereus
2049 3554 2104 3601 et
2131 3545 2379 3602 ecclesia.
2410 3544 2643 3600 Proinde
2663 3544 2794 3600 vino
2814 3543 3156 3616 diversisque
3184 3544 3456 3604 ciborum.

1840 3639 2064 3695 ferculis
2087 3656 2211 3695 cum
2245 3639 2362 3694 suis
2385 3647 2638 3694 accurate
2661 3637 2919 3702 refectus,
2939 3653 3110 3692 sanus
3136 3647 3191 3692 et
3215 3638 3400 3694 incolu
3418 3664 3436 3681 ε

1841 3731 1968 3796 mis,
1999 3739 2137 3800 post
2159 3747 2379 3786 morose
2421 3738 2726 3800 protractus
2771 3732 2826 3784 in
2868 3745 3068 3784 vanum
3111 3744 3434 3785 sermonum

1839 3823 2078 3894 vigilias,
2115 3824 2418 3878 dormitum
2451 3823 2633 3888 vadit;
2657 3831 2710 3878 et
2739 3823 2868 3877 dum
2905 3821 3009 3878 levi
3040 3837 3256 3893 separe,
3286 3823 3438 3893 quie-

1841 3932 2001 3972 scens
2022 3916 2236 3987 aliquas
2270 3917 2448 3972 noctis
2481 3916 2871 3986 pet-transisset
2912 3916 3102 3982 horas,
3139 3915 3320 3971 subita
3350 3915 3437 3970 iu~

1841 4009 2246 4066 commoditatis
2268 4011 2522 4081 augustia
2563 4009 2936 4079 perturbatus,
2980 4009 3240 4066 inclamat
3270 4024 3456 4078 suos,-

1841 4103 2045 4173 quibus
2069 4103 2602 4162 circumsistentibus
2630 4102 2834 4158 iudicat
2871 4117 2931 4158 se
2971 4101 3252 4156 mortifera
3277 4101 3432 4157 inva-

1841 4193 2086 4250 letudine
2116 4195 2370 4251 detineri.
2415 4194 2599 4265 Itaque
2630 4210 2728 4265 per
2763 4194 3036 4266 reliquum
3077 4194 3198 4264 ejus
3227 4193 3429 4260 noctis,

1841 4286 2031 4341 eadem
2095 4285 2505 4358 ingravescente
2551 4287 2824 4353 molestia,
2865 4286 2922 4341 in
2949 4301 3016 4342 eo
3053 4286 3174 4342 loco
3204 4285 3430 4341 mansit.

139 4381 350 4451 migng)
383 4377 672 4446 vocabulo,
715 4375 1058 4430 mansionem
1096 4372 1392 4426 violentam
1425 4367 1625 4424 ibidem
1648 4381 1738 4421 ac-

1844 4377 2012 4434 Facto
2037 4379 2244 4448 ;autcm
2284 4393 2446 4433 mane
2495 4394 2899 4448 recognoscens
2936 4377 3227 4434 manifeste
3253 4376 3437 4432 Patris

137 4471 312 4542 cepit,
353 4468 856 4527 contradicentibus
894 4465 996 4522 sibi
1026 4465 1273 4536 ejusdem
1316 4462 1462 4517 ruris
1493 4459 1739 4515 officiali-

135 4568 273 4631 bus,
304 4573 357 4619 et
393 4563 752 4619 referentibus
789 4575 957 4631 quam
997 4573 1184 4614 severe
1215 4555 1574 4612 ulcisceretur
1608 4551 1740 4608 0m-

137 4661 403 4730 nipotens
430 4657 726 4712 violatores
763 4653 909 4708 illius
946 4651 1074 4716 loci,
1104 4647 1313 4704 meritis
1352 4646 1534 4702 Patris
1567 4644 1741 4700 Bene-

136 4750 301 4807 dicti.
342 4749 446 4817 Qui
479 4746 882 4818 floceipendcus
905 4759 1094 4799 eorum
1123 4742 1286 4808 dicta,
1312 4738 1569 4810 praecepit
1593 4736 1738 4792 circa

137 4843 464 4908 ecclesiam,
496 4842 552 4896 in
579 4841 781 4895 honore
817 4837 1118 4892 Salvatoris
1145 4833 1331 4889 mundi
1367 4831 1566 4887 ibidem
1596 4829 1740 4884 dica—

134 4951 283 5003 tam,
312 4936 533 5006 rapinas
579 4933 783 4988 includi
820 4945 1146 5002 pauperum.
1183 4927 1465 4999 Siquidem
1506 4923 1740 4979 habebat

133 5030 338 5086 cadent
370 5027 600 5084 ecclesia
627 5026 1002 5082 coamcterium
1027 5023 1150 5078 valli
1175 5020 1478 5076 munimine
1501 5018 1738 5074 circum-

133 5124 358 5180 datum.
389 5119 560 5176 Porro
583 5118 806 5174 famulis
829 5117 944 5188 jam
965 5115 1095 5170 dicti
1121 5113 1297 5168 Patris
1315 5112 1384 5166 ab
1402 5126 1468 5165 eo
1489 5108 1591 5165 sibi
1607 5109 1739 5164 sub-

136 5224 300 5286 repta
342 5213 712 5285 repetentibus
763 5211 948 5266 animo
987 5208 1308 5263 oblirmatus
1351 5203 1485 5258 nihil
1513 5202 1738 5258 reddere

136 5309 322 5366 voluit
343 5308 584 5377 penitus,
618 5305 842 5374 insuper
871 5302 1236 5358 comminatus
1261 5307 1344 5354 cst
1364 5312 1460 5353 eos
1493 5294 1738 5351 verberi—

137 5404 252 5458 bus
291 5410 350 5455 ut
373 5407 614 5456 tacerent
637 5396 977 5463 alliciendos;
1007 5394 1287 5450 cratenim
1326 5391 1510 5446 nimiae
1539 5387 1738 5446 feroci-

140 5495 276 5551 tatis
307 5504 360 5550 et
407 5493 752 5548 extollentim.
791 5489 958 5561 Igitur
999 5486 1291 5559 praeparari
1323 5484 1562 5554 amplum
1607 5481 1735 5550 sibi,

143 5589 396 5660 suisque,
422 5587 489 5644 de
514 5587 678 5642 rebus
706 5599 1006 5655 pauperum
1033 5582 1187 5652 jubet
1213 5579 1546 5635 convivium.
1569 5577 1738 5632 Cum-

144 5699 255 5754 que
285 5683 501 5736 deesset
529 5696 652 5735 cera
678 5678 819 5732 unde
845 5676 1103 5730 deberent
1135 5673 1251 5727 ﬁeri
1276 5670 1565 5726 lutninaria
1595 5685 1735 5740 epu-

144 5775 345 5832 laturis
379 5773 710 5842 necessaria,
756 5771 1050 5839 interrogat
1091 5776 1272 5822 utrum
1306 5765 1360 5819 in
1387 5763 1617 5820 ecclesia
1642 5762 1737 5824 illa

1847 4469 2128 4526 Benedicti
2160 4485 2270 4536 res,
2311 4469 2586 4552 neminem
2627 4469 2880 4540 quamvis
2911 4483 3178 4540 generoso
3206 4484 3434 4524 concre-

1843 4568 1958 4614 tum
2004 4559 2272 4632 sanguine
2327 4560 2552 4630 impune
2582 4568 2850 4613 temerare
2891 4573 3083 4628 posse;
3126 4572 3238 4628 quo
3263 4557 3436 4612 valuit

1841 4651 2026 4716 modo,
2054 4667 2258 4722 equum
2287 4651 2593 4706 ascendens
2619 4649 2866 4716 recessit,
2906 4659 2962 4704 et
2993 4647 3187 4704 eodem
3229 4649 3436 4704 invale-

1841 4753 2028 4802 scente
2056 4745 2249 4800 morbo
2270 4744 2414 4799 diem
2449 4743 2702 4798 ultimum
2733 4741 2949 4808 clausit,
2983 4740 3260 4811 probabile
3297 4738 3434 4794 satis

1842 4839 2022 4895 factus
2059 4848 2466 4911 argumentum,
2504 4837 2804 4892 veridicam
2849 4835 2999 4890 illam
3038 4849 3161 4890 esse
3205 4840 3430 4888 sentcn-

1843 4933 1994 4998 tiam,
2018 4950 2126 5003 qua
2153 4932 2353 4986 dicitur
2383 4945 2491 4984 non
2515 4945 2638 4984 esse
2667 4944 3025 4997 personarum
3055 4925 3430 4995 acceptionem

1841 5025 1984 5096 apud
2014 5025 2183 5078 Deum
2215 5022 2391 5094 (Rom.
2427 5038 2490 5088 Il,
2529 5022 2639 5091 ll).

1909 5117 2040 5172 Car.
2081 5115 2145 5170 ll.
2184 5147 2258 5157 —
2297 5113 2516 5168 Villicus
2549 5114 2832 5185 negligens.
2885 5109 3140 5165 Ecclesice
3187 5108 3434 5179 neglecta:

1839 5230 2008 5284 ptena.
2035 5209 2514 5279 Exstititcjusdem
2540 5209 2726 5279 ιιι-αείίίί
2753 5206 2991 5270 villicus,
3023 5194 3246 5258 noutine
3261 5201 3450 5264 V'iviaa

1840 5318 1967 5368 nus,
1987 5301 2070 5356 vir
2099 5301 2348 5356 moribus
2369 5299 2662 5364 barbarus,
2691 5303 2913 5365 aspectu
2954 5301 3162 5348 torvus.
3185 5290 3321 5346 lluic
3342 5307 3436 5346 su-

1838 5393 2066 5467 prafata:
2089 5391 2356 5458 ecclesias,
2381 5391 2525 5446 sicut
2545 5397 2601 5443 et
2629 5388 2965 5456 reliquarum
3003 5384 3177 5454 ipsius
3215 5396 3423 5453 posscs-

1841 5485 2015 5542 sionis
2045 5485 2345 5550 actionum,
2369 5499 2501 5538 cura
2541 5479 2838 5536 commissa
2880 5477 3077 5532 fuerat.
3109 5473 3215 5541 Qui
3243 5488 3450 5542 θυμω-σι.

1839 5595 2140 5635 vacaneum
2193 5578 2401 5633 ducens
2469 5575 2522 5628 in
2587 5573 2788 5627 talibus
2837 5579 3054 5640 tempus
3108 5565 3433 5636 expendere,

1839 5675 2039 5744 quippe
2061 5675 2155 5744 qui
2203 5673 2498 5742 ignoraret,
2557 5667 2748 5738 quanti
2799 5665 3047 5721 habenda
3085 5661 3216 5728 sint,
3245 5666 3432 5716 custo-

1839 5766 1983 5822 diam
2025 5777 2340 5823 sanctorum
2385 5760 2488 5815 sibi
2543 5759 2846 5830 delegatum
2901 5757 3147 5845 locorpm
3174 5749 3434 5828 _omnino
