3994 6418
483 315 617 376 H91

1406 313 1687 371 ΒΑΜ]ιῖ
1692 313 1713 368 1
1754 312 2080 370 'IORTAREI
2103 313 2427 369 ‘MONAGiil
2462 314 2783 372 FLORIAC.

3649 326 3783 384 M9!

481 430 821 502 postposuit,
852 429 1028 502 magis
1065 428 1352 487 intendens
1387 444 1630 484 annuum
1656 428 1873 499 exigere
1921 441 2072 496 qute-
2100 436 2144 493 Α
2174 441 2303 481 vero
2326 426 2656 495 Gaufcdus,
2704 441 3068 500 cognomento
3112 431 3310 500 Rufus,
3358 435 3668 506 cupiditate
3703 439 3785 493 in-

483 533 628 576 stum
664 522 731 577 de
769 522 874 577 sibi
904 520 1249 577 subditorum
1290 521 1453 576 rebus
1489 535 1812 590 pauperum.
1846 511 2083 575 Orator-ii

481 628 613 685 ergo
641 614 889 684 ejusdem
930 614 1170 671 ambitus
1195 612 1316 682 ejus
1360 612 1568 667 incuria
1622 612 1922 682 neglectus,
1965 609 2087 663 nul-

481 702 589 756 liu’s
652 704 774 757 valli
822 704 1168 758 muniebatur
1211 703 1366 757 obice
1426 701 1720 756 alteriusve
1772 700 2082 763 obstaculi;

481 795 574 848 sel
601 792 813 848 foribus
841 795 1099 851 reseratis
1137 795 1355 865 patebat
1382 793 1631 857 canibus,
1654 791 1840 862 porcis
1889 799 1942 845 et
1989 807 2086 845 (u-

482 886 678 955 iusqne
724 887 940 957 generis
1001 886 1350 940 animalibus.
1398 884 1531 939 Erat
1572 893 1754 940 autem
1819 882 2082 938 Yivianus

479 978 657 1031 cultor
682 976 877 1033 fertilis
903 978 1020 1048 agri
1054 976 1342 1031 abundans
1372 976 1591 1046 opibus,
1619 976 1772 1030 dives
1813 975 2031 1045 pecoris
2065 993 2078 1029 :

477 1077 532 1121 et
572 1069 831 1138 quoniam
882 1078 1002 1123 erat
1050 1069 1306 1124 assiduus
1357 1075 1606 1134 venator,
1670 1067 1849 1122 alebat
1883 1082 2082 1122 canum

478 1175 718 1230 gregem,
742 1161 810 1215 ad
834 1161 1128 1230 capiendas
1156 1159 1404 1215 modicas
1447 1176 1543 1215 seu
1568 1174 1800 1229 magnas
1832 1158 2079 1213 diversa-

476 1266 599 1305 rum
645 1252 951 1321 specierum
1003 1252 1148 1307 feras
1197 1267 1468 1323 sagacem,
1510 1250 1733 1306 Accidit
1778 1250 1959 1321 itaque
1994 1248 2081 1303 die

477 1344 715 1412 quadam
747 1360 917 1399 unum
948 1343 1016 1398 de
1053 1344 1306 1410 canibus,
1348 1344 1478 1414 quia
1514 1343 1734 1413 patebat
1772 1342 2055 1413 ingressus

479 1435 697 1489 nemine
721 1436 1042 1501 obsistente,
1075 1436 1311 1490 intrasse
1336 1435 1451 1505 jam
1495 1434 1699 1489 dictum
1744 1432 1931 1489 Sancti
1958 1430 2079 1487 Sal-

473 1529 679 1583 vatoris
735 1528 1059 1593 oratorium,
1122 1543 1285 1598 quem
1336 1527 1613 1583 consecuti
1659 1535 1787 1582 sunt
1831 1542 1900 1580 ex
1955 1525 2079 1581 aliis

473 1619 661 1688 aliqui.
699 1618 874 1673 Porro
902 1620 997 1688 qui
1035 1619 1245 1688 primus
1273 1618 1557 1689 ingressus
1584 1618 1781 1686 fuerat,
1807 1619 2071 1688 quoniam

472 1710 681 1780 lampas
704 1710 755 1763 in
782 1726 891 1780 quo
935 1711 1039 1764 olei
1070 1710 1250 1780 liquor
1292 1710 1361 1764 ad
1401 1710 1718 1781 eﬂ'ugandas
1772 1718 2070 1766 nocturnas

471 1801 620 1855 illius
658 1802 799 1856 sacri
830 1803 932 1856 loci
968 1801 1221 1856 tenebras
1249 1801 1464 1857 infusus
1487 1802 1806 1867 habebatur,
1842 1803 2066 1872 propior

470 1894 783 1964 pavimento
826 1894 1185 1965 dependebat,
1224 1895 1363 1949 saltu
1403 1895 1628 1950 adnisus
1681 1909 1802 1948 eam
1846 1894 2062 1964 dejceit,

468 1996 523 2041 et
568 1989 672 2042 olei
720 1989 1030 2059 liquamen,
1077 1988 1224 2058 quod
1262 1987 1329 2042 de
1379 1988 1496 2058 ipsa
1549 1988 1768 2044 effracta
1816 1988 2066 2058 lampade

467 2079 701 2136 cli‘nsum
749 2089 886 2145 erat,
918 2080 1101 2150 lingua
1138 2080 1345 2134 lambit.
1374 2078 1504 2134 Erat
1536 2095 1667 2135 vero
1709 2079 1801 2135 hic
1842 2079 2065 2135 domino

468 2186 570 2226 suo
594 2172 748 2227 valde
784 2188 976 2240 carus;
1016 2172 1277 2241 quoniam
1332 2187 1398 2226 ex
1444 2172 1538 2226 illo
1566 2180 1685 2227 erat
1731 2188 1930 2228 canum
1973 2188 2066 2243 ge-

466 2278 617 2330 nere,
644 2264 738 2334 qui
767 2264 981 2334 lepores
997 2272 1368 2335 assequuntur
1391 2264 1678 2320 velocitate
1705 2265 1925 2335 pedum.
1954 2265 2064 2321 Ac-

467 2365 697 2408 currunt
742 2362 797 2409 et
833 2354 959 2420 alii,
1007 2354 1290 2424 cupientes
1354 2354 1519 2424 hujus
1571 2354 1735 2409 edulii
1770 2354 2065 2425 participes

465 2443 738 2500 ﬁeri.Ncc
768 2462 941 2512 mora,
990 2446 1085 2515 qui
1127 2444 1306 2499 oleum
1338 2444 1701 2512 lambueraut,
1749 2444 1805 2499 in
1857 2445 2065 2501 rabiem

463 2544 747 2589 vertuntur
766 2554 778 2588 :
794 2534 1109 2605 egressique
1128 2535 1470 2601 aboratorio,
1486 2534 1889 2591 mirabiledictu
1912 2537 1924 2590 !
1942 2536 2067 2592 aliis

464 2625 741 2679 commisti
766 2627 1015 2693 canibus,
1042 2626 1136 2697 qui
1172 2627 1312 2682 forte
1338 2627 1393 2680 in
1417 2627 1582 2682 domo
1609 2628 1689 2682 vel
1717 2627 1893 2698 platea
1935 2629 2065 2683 sub-

462 2718 737 2784 stiterant,
761 2733 954 2773 omnes
984 2718 1205 2774 rabidos
1229 2718 1490 2786 elliciunt,
1537 2727 1591 2774 et
1628 2719 1891 2790 gregatim
1922 2734 2063 2790 qua—

465 2825 800 2878 quaversum
834 2811 1231 2877 discurrentes,
1261 2811 1570 2881 cuicunque
1603 2811 1900 2866 obviabant
1940 2812 2062 2867 ani-

462 2900 613 2966 mali,
642 2900 772 2955 illud
817 2916 913 2955 ore
950 2901 1235 2967 dilaniare,
1267 2902 1543 2973 unguibus
1564 2901 1872 2973 discerpere
1896 2912 2081 2958 atten'n

463 2992 673 3047 tabant.
698 2990 810 3048 Nec
828 3002 913 3048 est
957 2992 1082 3049 data
1124 2993 1342 3063 requies
1368 2994 1437 3048 ab
1475 3008 1665 3049 eorum
1716 2980 2065 3051 infestatione

460 3101 557 3154 per
585 3086 874 3141 circuitum
916 3085 1023 3140 vici
1054 3086 1201 3141 illius
1231 3085 1625 3153 habitantibus,
1664 3086 1839 3142 donec
1864 3102 2057 3143 omnes

458 3177 864 3236 sutl‘ocarentnr
900 3178 1056 3233 vario
1075 3194 1273 3250 genere
1308 3178 1569 3234 mortium

529 3286 657 3341 Car.
693 3287 780 3341 Ill.
809 3319 880 3328 —
924 3288 1051 3343 Alia
1104 3306 1277 3359 poma.
1344 3288 1637 3344 Monachus
1681 3290 1737 3345 in
1780 3292 2050 3346 extremis.

457 3377 764 3450 Corripitur
791 3395 924 3452 ergo
958 3380 1222 3436 Vivianus
1271 3381 1341 3437 ab
1375 3382 1570 3437 amicis
1602 3398 1699 3438 seu
1747 3398 1779 3437 a
1824 3383 2055 3454 quibus-

456 3484 674 3540 eunque
700 3487 893 3527 sanum
942 3473 1280 3543 sapientibus
1306 3475 1455 3529 .viris
1485 3475 1701 3541 vicinis,
1735 3491 1803 3530 ne
1832 3491 2051 3532 sacrum

457 3560 639 3618 locum
669 3565 988 3635 vilipendat,
1016 3576 1077 3621 ut
1114 3567 1381 3622 ambitum
1414 3568 1536 3637 ejus
1573 3568 1810 3634 claudat,
1842 3574 1904 3621 ut
1934 3567 2056 3624 ani-

456 3654 620 3710 malia
650 3671 748 3710 sua
783 3657 852 3711 ab
876 3657 1125 3728 ingressu
1156 3658 1305 3713 illius
1329 3666 1532 3713 arceat.
1588 3656 1696 3713 Sed
1738 3658 2051 3715 nullatenus

455 3761 642 3802 autem
674 3764 794 3804 sese
822 3750 1161 3805 monentium
1195 3750 1357 3805 dictis
1382 3750 1827 3818 accommodans,
1860 3750 2049 3806 incur-

456 3840 528 3893 rit
558 3840 705 3895 aliud
732 3841 910 3911 majus
931 3842 1341 3897 detrimentum.
1376 3840 1619 3911 Denique
1657 3856 1783 3896 cum
1826 3841 2055 3897 haberet

455 3929 860 3986 multitudinem
885 3948 1178 4001 porcorum
1236 3935 1420 4001 (erant
1439 3912 1587 3988 enim
1609 3931 1722 3988 fere
1743 3940 1937 4003 quater
1966 3932 2050 3987 vi-

453 4021 623 4090 ceni),
655 4038 1001 4094 nequaquam
1035 4025 1117 4079 eis
1145 4024 1407 4080 adhibere
1434 4024 1741 4080 custodiam
1767 4024 1960 4091 voluit,
1984 4040 2053 4080 ne

453 4116 707 4187 Superius
739 4125 1102 4172 memoratum
1150 4118 1421 4172 intrarent
1460 4132 1702 4173 sacrum.
1746 4115 1915 4188 Igitur
1942 4133 2052 4174 una

452 4208 664 4263 dierum
691 4207 869 4277 illapsi
892 4208 1063 4278 aliqui
1092 4224 1159 4264 ex
1198 4208 1278 4264 eis
1322 4208 1496 4279 ipsius
1540 4209 1839 4278 penetralia
1882 4210 2049 4275 sacri,

451 4307 742 4356 vertuntur
779 4301 835 4354 iu
883 4299 1115 4368 furiam;
1162 4300 1614 4373 egredientesque
1665 4302 1734 4357 ab
1785 4301 1899 4371 illo,
1951 4302 2051 4359 toti

453 4405 556 4447 suo
579 4391 803 4447 obviant
829 4392 999 4464 gregi.
1028 4391 1287 4449 Protinus
1327 4408 1457 4464 ergo
1497 4408 1691 4449 omnes
1731 4410 1883 4463 sues,
1906 4394 2052 4452 sicut

2189 519 2442 588 stigante,
2483 520 2568 575 bis
2607 520 2767 576 binos
2808 522 2975 578 boves
3003 523 3098 594 qui
3138 526 3206 580 ad
3237 527 3536 585 excolenda
3574 530 3788 585 novalia

2188 611 2254 664 ad
2279 611 2487 667 reditus
2510 612 2742 668 fratzum
2776 615 3101 683 prrtinentia
3139 618 3196 673 in
3217 619 3411 674 eadem
3438 621 3791 690 possessione

2187 698 2386 754 addicti
2451 699 2689 766 fuerant,
2738 704 3007 772 rapaciter
3061 706 3289 762 abstulit
3320 725 3335 763 :
3364 708 3689 764 admonitus
3732 719 3789 766 ut

2185 804 2280 844 eos
2302 790 2570 859 redderet,
2603 793 2923 849 nullomodo
2957 797 3249 866 acquievit.
3273 796 3505 869 Insuper
3533 800 3710 855 multa
3732 817 3790 857 se

2186 879 2464 936 illaturum
2494 883 2719 938 adversa
2747 882 2893 939 Patri
2924 885 3217 943 Benedicto
3248 888 3674 960 famulantibus,
3698 892 3789 946 in-

2188 974 2515 1030 terminatus
2549 983 2654 1031 est.
2697 974 2854 1042 Nam,
2882 976 3015 1032 dum
3052 994 3150 1049 per
3177 981 3360 1036 viliam
3388 982 3640 1053 ejusdem
3687 982 3789 1039 Pa-

2186 1065 2289 1119 tris
2325 1064 2599 1121 Btdliacns
2620 1078 2869 1123 vccatam
2902 1070 3001 1124 iter
3029 1068 3252 1139 faceret,
3290 1086 3597 1130 convocato
3639 1074 3786 1130 Gau-

2184 1158 2320 1213 terio
2351 1158 2596 1229 ejusdem
2620 1160 2762 1216 villa:
2781 1160 3007 1232 Majore,
3032 1163 3176 1219 inter
3203 1175 3399 1221 ca'tera
3431 1168 3631 1223 insana
3665 1185 3784 1239 qua

2182 1249 2395 1306 furioso
2432 1253 2659 1321 protulit
2687 1268 2804 1320 ore,
2845 1264 3188 1313 contestatus
3216 1266 3303 1313 est
3349 1259 3597 1329 quatidiu
3628 1260 3787 1315 advi-

2181 1353 2348 1409 veret,
2374 1352 2622 1399 sanctum
2652 1344 3004 1402 Benedictum
3030 1365 3218 1418 pacem
3247 1367 3372 1406 eum
3402 1368 3470 1407 eo
3498 1369 3788 1423 nunquam

2181 1432 2517 1490 habiturum.
2551 1435 2652 1490 Cui
2700 1436 2841 1493 idem
2864 1438 3178 1507 Cauterius,
3221 1442 3305 1496 vir
3352 1443 3666 1511 modestus,
3688 1444 3788 1500 tali

2179 1525 2461 1595 respondit
2488 1526 2782 1583 affamine:
2821 1528 3146 1601 Multorum,
3197 1534 3473 1604 inquiens,
3518 1537 3786 1606 ejusmodi

2179 1618 2351 1671 minas
2373 1621 2604 1689 perpessi
2641 1638 2845 1689 sumus,
2893 1624 3031 1678 etab
3061 1626 3302 1681 omnibus
3337 1628 3421 1681 his
3454 1629 3659 1698 eripuit
3690 1646 3785 1682 nes

2181 1705 2439 1762 Dominus
2488 1726 2581 1779 per
2623 1712 2871 1765 meritum
2913 1714 3242 1768 sanctissimi
3272 1714 3551 1770 Benedicti
3578 1717 3784 1775 domini

2100 1779 2141 1838 Β
2169 1801 2367 1867 nostri;
2402 1818 2551 1856 nemo
2576 1810 2749 1857 tanton
2773 1820 2955 1858 eorum
2984 1806 3075 1875 qui
3110 1805 3247 1860 talia
3267 1807 3503 1862 inaniter
3523 1810 3782 1863 adversus

2165 1907 2286 1946 eunt
2329 1893 2663 1963 protulerunt
2692 1896 2866 1961 verba,
2893 1898 3106 1967 impune
3138 1915 3200 1953 ea
3242 1900 3531 1969 protulisse
3565 1903 3780 1956 diutiu-

2165 1981 2381 2037 laztatus
2405 1994 2503 2040 est.
2549 1983 2792 2041 Necdum
2825 1987 2943 2043 dies
2977 1997 3205 2044 octavus
3233 1992 3497 2060 praeterie
3517 2001 3627 2057 rat,
3659 2003 3785 2062 post

2171 2090 2339 2145 quam
2367 2075 2536 2133 boves
2557 2087 2834 2149 rapuerat,
2861 2088 2917 2135 et
2954 2095 3084 2136 ecce
3107 2098 3136 2139 a
3163 2083 3403 2152 quodam
3444 2100 3555 2139 suo
3589 2085 3779 2139 inimi-

2164 2181 2252 2233 co,
2290 2167 2379 2222 cui
2403 2167 2589 2225 itidem
2618 2172 2949 2242 quamplura
2980 2172 3238 2228 intulerat
3279 2174 3502 2243 damna,
3535 2177 3779 2231 circum-

2165 2268 2379 2329 ventus,
2431 2260 2721 2332 gladioque
2766 2263 3060 2320 confossus
3113 2266 3338 2332 interiit,
3398 2264 3551 2322 Patri
3602 2268 3778 2324 Bene-

2165 2351 2311 2407 dicto
2341 2351 2735 2410 famulantibus
2777 2354 2833 2410 in
2882 2356 3033 2412 nullo
3082 2355 3150 2412 de
3198 2357 3411 2427 reliquo
3463 2358 3776 2414 calumnia-

2165 2451 2298 2499 tus:
2341 2442 2506 2515 Impii
2557 2448 2718 2513 enim,
2780 2455 2842 2503 ut
2881 2448 2959 2503 ait
3003 2446 3288 2519 Salomon,
3339 2452 3405 2506 de
3465 2462 3610 2506 terra
3655 2470 3779 2522 [rer-

2163 2537 2375 2604 dentur,
2400 2547 2449 2591 et
2480 2539 2571 2610 qui
2598 2540 2774 2610 inique
2818 2550 3006 2611 agunt,
3043 2543 3356 2612 auferantur
3394 2561 3460 2599 ea:
3490 2562 3552 2598 ea
3584 2544 3769 2617 (Prov.

2166 2645 2228 2696 lt,
2260 2629 2375 2700 22).

2233 2720 2362 2776 Car.
2401 2718 2464 2776 V.
2491 2749 2565 2761 —
2588 2721 2830 2794 Hugonis
2857 2723 3063 2779 abbatis
3074 2742 3206 2795 para
3223 2726 3556 2782 debilitatus.
3578 2727 3771 2783 Cereus

2163 2813 2234 2868 ad
2275 2814 2492 2884 pavonis
2544 2831 2846 2869 mensuram
2875 2816 3071 2887 factus.
3115 2815 3273 2890 nugo
3302 2820 3475 2876 abbas
3501 2821 3583 2890 (2)
3612 2821 3773 2891 juve—

2162 2904 2303 2960 niles
2324 2904 2505 2961 adhuc
2525 2920 2693 2979 agens
2717 2921 2915 2975 annos,
2951 2908 3082 2964 dum
3109 2910 3437 2981 magnificus
3467 2912 3632 2967 vellet
3670 2914 3772 2968 ha-

2163 2996 2302 3064 beri,
2332 2997 2504 3053 multa
2549 2997 2867 3068 juveniliter
2895 3000 3065 3071 gessit
3102 3020 3114 3055 :
3145 3010 3202 3057 et
3230 3003 3493 3072 quoniam
3522 3019 3592 3059 ex
3631 3021 3773 3075 prae-

2164 3089 2311 3144 clara
2352 3089 2689 3145 Francorum
2731 3091 2981 3163 lampade
3011 3094 3280 3167 originem
3306 3096 3581 3163 trahebat,
3605 3098 3771 3168 dege-

2162 3195 2350 3236 nerem
2375 3196 2436 3237 se
2465 3182 2808 3252 autumabat,
2838 3184 2890 3238 ni
2943 3199 3010 3240 ea
3055 3194 3267 3257 gereret
3310 3203 3553 3259 quorum
3583 3189 3771 3244 multi-

2158 3273 2320 3329 moda
2372 3274 2559 3345 opinio
2612 3290 2777 3331 aures
2825 3276 2973 3348 vulgi
3016 3278 3352 3348 percelleret.
3410 3278 3569 3335 Unde
3618 3281 3767 3337 inter

2157 3374 2353 3421 caetera
2378 3367 2496 3422 suis
2519 3368 2776 3438 praecepit
2797 3369 3108 3438 clientibus,
3137 3380 3196 3427 ut
3217 3372 3273 3427 in
3296 3370 3583 3442 suprafato
3604 3388 3761 3444 agro,

2156 3456 2504 3513 Germiniaco
2537 3459 2765 3527 scilicet,
2819 3460 3054 3516 multum
3086 3477 3275 3517 eorum
3325 3464 3512 3519 avium
3543 3479 3764 3536 agmen,

2154 3564 2278 3620 qua:
2303 3565 2542 3620 pavones
2564 3552 2940 3619 nominantur,
2971 3553 3075 3609 sibi
3106 3564 3490 3627 aggregarent.
3528 3555 3634 3624 Qui
3672 3558 3763 3613 sui

2152 3641 2365 3696 domini
2387 3643 2828 3714 obtemperantes
2854 3646 3150 3713 mandatis,
3176 3647 3612 3719 circumquaque
3644 3649 3754 3704 dis-

2154 3741 2430 3789 currunt:
2468 3748 2563 3789 eos
2611 3734 2706 3805 qui
2754 3735 2999 3806 ejusdem
3046 3737 3263 3808 generis
3294 3738 3615 3793 nutriebant
3660 3739 3765 3793 ali-

2155 3832 2256 3890 tes,
2280 3825 2502 3892 adeunt,
2532 3834 2587 3881 et
2615 3835 2727 3881 tam
2777 3826 3031 3897 precibus
3087 3842 3254 3899 quam
3301 3829 3651 3896 muneribus,
3704 3832 3761 3887 in

2151 3914 2302 3970 brevi
2345 3916 2559 3986 copiam
2604 3931 2794 3972 earum
2850 3926 3246 3990 assequuntur,
3276 3934 3581 3992 curamque
3634 3921 3761 3975 illa--

2152 4023 2277 4064 rum
2324 4006 2527 4064 fetibus
2578 4008 2973 4080 impendentes,
3015 4009 3225 4065 domini
3278 4011 3364 4066 sui
3417 4011 3763 4082 applaudunt

2152 4100 2316 4155 votis.
2344 4099 2557 4156 Accidit
2583 4109 2766 4157 autem
2800 4102 3058 4173 quadam,
3102 4113 3162 4159 ut
3197 4103 3420 4169 assolet,
3445 4102 3555 4170 die,
3583 4119 3760 4158 unum

2152 4208 2221 4249 ex
2252 4192 2496 4249 maribus
2521 4192 2824 4264 solivagum
2854 4193 3125 4249 incedere.
3158 4192 3263 4260 Qui
3289 4194 3420 4249 dum
3454 4194 3564 4249 huc
3590 4203 3760 4266 atque

2153 4288 2284 4345 illuc
2317 4295 2666 4359 pervagatur,
2695 4287 2982 4343 ecclesiam
3010 4283 3197 4345 Sancti
3239 4286 3563 4353 Salvatoris,
3595 4289 3758 4358 cujus

2154 4396 2321 4450 supra
2372 4379 2749 4447 meminimus,
2815 4380 3099 4451 ingressus
3155 4387 3241 4435 est
3277 4421 3293 4447 ,
3344 4395 3442 4451 per
3518 4395 3759 4450 eamque

452 4497 618 4537 canes
641 4484 913 4552 superius,
937 4483 991 4541 in
1021 4483 1291 4541 insaniam
1321 4492 1631 4547 vertuntur,
1662 4483 1739 4541 ita
1766 4492 1826 4539 ut
1865 4484 2050 4541 nullus
2078 4494 2128 4556 υ
2151 4472 2511 4530 deambulans
2535 4472 2718 4528 subito
2747 4471 2851 4527 alis
2874 4472 3134 4543 expansis
3158 4471 3318 4527 altari
3342 4472 3617 4527 subvolat.
3643 4472 3759 4526 Cu-

451 4586 666 4638 eorum,
700 4573 927 4628 ulterius
949 4574 1015 4629 ad
1042 4582 1366 4630 consuetam
1392 4574 1590 4630 domus
1614 4573 1830 4631 Viviani
1871 4575 2047 4631 redie-

451 4663 565 4718 rint
609 4664 820 4721 haram.
875 4665 1099 4723 Videres
1138 4682 1234 4722 eos
1284 4666 1493 4737 passim
1534 4675 1818 4738 vagantes,
1872 4667 2046 4725 hianti

450 4772 566 4825 ore,
603 4773 670 4813 ea
707 4757 920 4813 feritate
942 4774 1051 4829 qua
1076 4758 1210 4814 illud
1237 4759 1442 4814 animal
1464 4758 1607 4813 furia
1635 4759 1908 4814 invectum
1931 4756 2045 4814 fer-

453 4858 562 4917 tur,
590 4849 909 4905 bacchando
941 4851 1273 4918 discurrere,
1317 4860 1370 4906 et
1414 4851 1781 4922 quodcunque
1822 4850 2045 4906 obvium

452 4942 734 4998 immundo
775 4958 872 4998 ore
922 4943 1195 5013 polluere,
1247 4942 1481 5014 pedibus
1537 4944 1882 5010 conculcare,
1944 4959 2046 4999 nec

450 5035 520 5090 ab
556 5035 645 5090 illa
671 5035 821 5091 rabie
843 5044 1151 5102 cessarunt,
1178 5036 1352 5091 donec
1373 5036 1556 5091 cuncti
1579 5035 1747 5091 variis
1774 5035 2046 5091 mortibus

450 5126 628 5181 necati
670 5132 816 5183 sunt.
859 5127 1145 5183 Pensanda
1174 5135 1259 5182 est
1286 5125 1690 5198 Omnipotentis
1735 5127 1937 5183 invicta
1989 5127 2044 5181 in

451 5219 766 5290 hujusmodi
790 5204 1222 5293 transgressores
1247 5220 1529 5290 patientia,
1556 5236 1678 5292 qua:
1707 5235 1804 5275 eos
1830 5221 1897 5276 ad
1929 5235 2047 5290 poe-

452 5312 738 5369 nitentiam
768 5313 1064 5379 adducens,
1101 5312 1169 5368 de
1200 5312 1552 5369 facultatibus
1582 5314 1847 5382 ipsorum,
1873 5329 2041 5384 quam

451 5402 521 5459 de
566 5403 699 5474 ipsis
734 5404 999 5462 ultionem
1040 5404 1267 5460 mavult.
1307 5402 1408 5459 Hic
1451 5403 1653 5459 etenim
1700 5405 2049 5474 postmodum

450 5495 659 5552 exstitit
688 5497 1015 5562 monachus,
1040 5495 1166 5551 licet
1196 5495 1250 5549 iu
1280 5494 1560 5551 extremis.

522 5583 653 5641 Car.
680 5583 770 5640 IV.
800 5616 873 5626 -
899 5583 1017 5639 Fur
1037 5594 1223 5639 sancto
1256 5584 1485 5655 injurias
1508 5587 1603 5649 dat
1630 5600 1825 5638 arenas.
1856 5583 2045 5639 Enim-

2149 4566 2242 4638 jus
2269 4574 2330 4621 ut
2358 4564 2695 4637 crepidinem
2733 4564 2933 4636 attigit,
2976 4580 3105 4619 mox
3145 4564 3461 4621 debilitatus
3494 4567 3758 4623 cruribus

2152 4667 2208 4716 et
2236 4657 2532 4715 immobilis
2552 4657 2714 4728 juxta
2740 4657 2913 4713 altare
2938 4657 3162 4712 mansit.
3192 4656 3421 4727 Aliquot
3458 4657 3616 4713 boris
3653 4658 3756 4714 de-

2152 4751 2334 4808 cursis
2380 4750 2607 4823 quidam
2638 4748 2929 4804 ecclesiam
2973 4749 3240 4804 intrantes
3276 4749 3567 4805 inveniunt
3624 4767 3754 4809 eum

2153 4844 2302 4899 circa
2365 4856 2519 4897 aram
2574 4855 2633 4896 se
2675 4840 3040 4908 volutantem,
3085 4848 3483 4911 assumptoque
3538 4855 3626 4904 eo,
3668 4841 3752 4896 eis

2153 4937 2355 5008 quibus
2384 4950 2573 4991 earum
2610 4934 2801 4989 alitum
2827 4932 3149 4989 alendarum
3189 4948 3323 4988 cura
3347 4932 3599 5004 delegata
3629 4931 3751 4989 fue-

2152 5036 2258 5094 rat,
2302 5026 2599 5097 resignant.
2653 5023 2759 5091 Qui
2807 5023 3191 5094 suscipientes,
3235 5022 3460 5078 domino
3503 5038 3607 5079 suo
3638 5037 3755 5076 sua:

2153 5118 2298 5175 altis
2346 5116 2710 5175 infortunium
2778 5115 3114 5181 referentes,
3164 5114 3404 5185 qualiter
3460 5115 3752 5187 contigerit

2151 5212 2422 5283 aperiunt.
2454 5209 2526 5264 At
2551 5209 2641 5265 ille
2667 5208 2773 5264 ﬁde
2814 5207 3027 5278 plenus,
3065 5206 3222 5278 jubet
3250 5206 3370 5262 ﬁeri
3400 5214 3658 5277 stupeum
3686 5206 3753 5261 ti-

2148 5306 2264 5360 lum
2296 5304 2363 5359 ad
2386 5317 2702 5359 mensuram
2732 5299 2983 5371 pavonis,
3014 5300 3085 5355 ab
3118 5298 3464 5354 extremitate
3497 5298 3753 5355 videlicet

2149 5397 2313 5452 rostri
2339 5396 2487 5453 illius
2514 5409 2687 5465 usque
2708 5393 2777 5449 ad
2814 5400 3123 5448 extremum
3146 5391 3356 5458 caudae,
3388 5406 3630 5461 ceraque
3659 5390 3749 5444 in-

2151 5487 2316 5554 volvi,
2345 5496 2399 5542 et
2427 5500 2718 5542 accensum
2759 5483 2919 5539 altari
2963 5490 3091 5537 ante
3137 5482 3285 5553 quod
3332 5482 3590 5538 debilitas
3628 5483 3749 5554 ipsa

2151 5580 2473 5652 contigerat,
2502 5576 2768 5649 praeponi.
2803 5575 2911 5644 Qui
2937 5575 3097 5646 jussa
3137 5575 3498 5647 complentes,
3539 5574 3747 5633 factum

523 5755 603 5834 (ε)
644 5762 798 5833 llugo
829 5764 998 5819 abbas
1022 5763 1244 5834 ponitur
1269 5778 1415 5818 anno
1448 5761 1579 5817 10H.
1604 5760 1657 5815 in
1683 5758 1854 5816 Gallia
1879 5722 2222 5826 Christiana;
2255 5757 2320 5815 de
2349 5772 2415 5815 eo
2448 5771 2642 5813 rursus
2665 5753 2807 5812 infra
2840 5769 2995 5826 capp.
3029 5753 3089 5806 Η
3117 5760 3171 5809 ct
3196 5751 3284 5811 '56.
