3994 6414
1307 348 1665 413 ΜιιιΑυυιΑ
1704 324 1957 403 assert
1997 334 2392 397 BENEDICTI.
2514 324 2521 327 ‘
3348 328 3494 388 ita:

210 369 351 425 "95

209 495 259 541 et
294 490 586 539 accensum
618 472 874 549 lychnum
903 480 1029 526 ante
1051 485 1204 525 aram
1239 473 1515 532 statuunt;
1563 462 1794 518 necdum
1828 466 1872 525 Α
1901 458 2073 512 hastaa
2102 466 2268 523 quam
2287 446 2535 522 gestabat
2569 442 2787 549 longius
2833 450 2959 549 ante
2986 440 3046 496 se
3075 442 3331 511 protensa
3386 453 3496 498 ιον..

207 535 823 642 conisumptuslyehnus
854 572 990 628 erat,
1019 568 1074 616 et
1096 560 1217 614 avis
1260 559 1474 628 integre
1512 553 1800 625 pristinam
1904 562 2092 619 neque
2129 545 2337 610 innixa,
2381 541 2588 598 ferrum
2633 535 2879 608 ejusdem
2930 535 3101 591 hastae
3117 552 3314 593 versus
3332 553 3496 593 suum

208 665 418 736 recepit
446 661 783 731 sospitatem.
812 655 953 711 Ecce
988 653 1120 725 quid
1165 650 1428 706 meruerit
1461 647 1596 702 ﬁdes
1628 662 1641 700 ε
1681 646 1807 700 licet

203 759 359 815 enim
385 757 532 812 dicat
556 752 801 826 psalmus
831 768 844 805 :
877 747 1141 814 Quoniam
1165 742 1524 813 multiplicata
1547 748 1624 793 est
1650 739 1807 791 mise-

206 850 448 905 risardt'a
507 854 635 913 tua,
692 843 855 908 Deus,
920 840 1156 894 homines
1212 834 1425 891 salvans
1468 840 1519 887 et
1564 831 1807 902 jumenta

207 942 390 1016 (Psal.
422 956 587 1007 xxxv,
622 937 697 1007 7),
725 945 778 991 et
808 934 869 989 Β.
907 931 1249 1005 Augustinus
1282 943 1296 981 :
1335 947 1354 979 ι
1384 925 1490 993 Qui
1534 924 1707 979 salvat
1732 932 1804 987 te,

208 1039 392 1094 salvat
425 1045 479 1093 et
501 1034 757 1107 gallinam
783 1038 957 1095 tuam,
992 1047 1010 1080 ι
1044 1039 1249 1092 tamen,
1274 1031 1335 1078 ut
1375 1019 1671 1092 Apostolus
1708 1018 1803 1084 ait,

208 1131 421 1186 scimus
445 1144 553 1183 non
579 1141 703 1182 esse
733 1123 845 1179 Deo
873 1136 1061 1178 curam
1084 1119 1151 1175 de
1178 1113 1492 1188 bujusmodi
1518 1111 1809 1167 irrationa-

208 1221 446 1288 bilitate,
482 1217 590 1274 nisi
625 1222 891 1288 quantum
917 1212 1120 1284 expetit
1144 1226 1279 1267 usus
1306 1219 1361 1266 et
1395 1204 1693 1263 necessitas
1720 1219 1810 1259 ra-

208 1315 436 1372 tionalis
455 1321 720 1370 creatura:
745 1309 798 1383 (I
823 1307 947 1363 Cor.
974 1324 1050 1376 ix,
1082 1307 1159 1377 9).

283 1407 416 1464 Car.
460 1405 546 1461 Vl.
577 1403 969 1457 -Advocatus
998 1398 1172 1453 malus
1208 1397 1446 1469 punitur.
1489 1393 1548 1448 ln
1586 1391 1810 1448 territo-

209 1500 299 1555 rio
327 1498 589 1554 Portiano
610 1505 690 1552 est
719 1495 938 1567 quidem
963 1508 1091 1565 ager
1119 1490 1310 1545 Arvini
1327 1485 1627 1557 Curtis(2‘)
1648 1501 1810 1541 voca-

1905 640 2180 696 ineautius
2210 637 2431 693 reduxit
2454 644 2661 708 guttur,
2684 646 2945 705 equoque
2964 633 3055 689 cui
3080 632 3351 689 insidebat
3383 634 3496 688 cala-

1904 732 2127 788 caribus
2153 730 2398 798 incitato,
2419 729 2550 785 dum
2578 726 3009 783 rivumtransire
3032 727 3216 798 gestit,
3248 727 3495 783 lanceam

1909 824 1961 879 iit
1993 839 2152 880 suum
2194 830 2383 894 guttur
2423 820 2705 888 demersit,
2755 834 2992 892 moxque
3041 820 3314 876 exanimis
3369 819 3498 875 eﬂ‘e—

1908 927 2049 983 etus,
2079 916 2355 972 sociorum
2381 913 2638 969 manibus
2667 912 2735 967 ad
2762 912 2981 983 propria
3008 921 3337 982 reportatur,
3361 911 3498 967 nulli

1908 1010 2167 1082 deinceps
2188 1008 2520 1063 famulorum
2545 1005 2729 1061 Patris
2761 1004 3038 1061 Benedicti
3086 1004 3315 1061 verbera
3353 1005 3498 1060 irro-

1908 1110 2156 1172 gaturus.

1977 1192 2109 1247 Cm
2143 1190 2254 1246 Vll.
2276 1221 2347 1232 ——
2377 1189 2493 1244 Fur
2512 1190 2756 1261 perjurus
2811 1198 3102 1260 Correptus.
3131 1188 3284 1245 Alter
3334 1190 3498 1245 etiam

1910 1284 2202 1341 Rainerius
2252 1292 2625 1354 nuncupatus,
2672 1282 2773 1353 qui
2829 1297 2975 1337 unus
3016 1291 3135 1337 erat
3161 1297 3229 1337 ex
3258 1280 3501 1353 ejusdem

1911 1374 2281 1447 possessionis
2325 1375 2694 1442 exactoribus,
2744 1382 2801 1430 et
2828 1374 2964 1445 ipse,
3015 1383 3082 1429 ut
3125 1374 3206 1430 rei
3252 1373 3506 1445 probavit

1909 1476 2163 1537 eventus,
2221 1483 2350 1540 erga
2400 1467 2639 1525 famulos
2693 1466 2869 1539 ipsius
2903 1469 3302 1524 monachorum
3348 1469 3506 1525 ducis

209 1591 380 1657 bulo,
422 1592 492 1647 ab
527 1590 633 1646 hoc
682 1550 1028 1644 monasticae”
1046 1570 1329 1655 religionis
1366 1550 1680 1636 institutore
1713 1593 1819 1649 per

1933 1560 2120 1617 ixstitit
2143 1560 2472 1617 malitiosus.
2502 1558 2608 1628 Qui
2637 1561 2768 1616 dum
2797 1562 2971 1616 multa
3007 1576 3168 1617 secus
3197 1550 3363 1632 quam
3411 1561 3507 1617 de-

180 1684 380 1756 ‘longa
402 1692 647 1753 tempora
688 1694 1003 1752 possessus,
1039 1676 1199 1748 cujus
1223 1675 1337 1748 agri
1377 1672 1677 1728 advocatus
1722 1669 1809 1725 di-

208 1778 444 1832 cebatur
479 1774 803 1831 Adelardus.
839 1770 941 1828 llic
961 1786 1086 1827 cum
1116 1767 1284 1825 tutari
1309 1773 1365 1822 et
1383 1763 1675 1821 defendere
1704 1761 1807 1818 sibi

212 1870 425 1926 credita
455 1867 755 1935 debuisset,
792 1865 966 1938 magis
1012 1864 1128 1935 ipse
1179 1859 1537 1933 pessumdare
1577 1864 1633 1913 ct
1665 1856 1814 1912 dete-

213 1976 338 2017 rere
383 1945 609 2026 institit,
661 1972 827 2030 quam
869 1957 937 2012 ab
986 1954 1221 2010 aliorum
1266 1951 1524 2007 violentia
1577 1949 1809 2020 eripere.

213 2051 371 2109 Totis
420 2034 689 2123 siquidem
743 2050 800 2104 in
845 2063 932 2104 res
985 2044 1349 2102 ruricolarum
1387 2041 1608 2097 inhians
1634 2038 1811 2095 fauci-

210 2147 354 2214 bus,
421 2160 518 2217 per
578 2142 663 2200 fas
723 2149 777 2199 et
840 2139 993 2197 nefas
1061 2138 1169 2194 illis
1233 2151 1334 2192 sua
1398 2133 1701 2200 auferebat,
1761 2140 1817 2188 et

215 2239 463 2311 propriis
499 2235 848 2307 mancipabat
898 2232 1130 2300 usibus;
1171 2245 1272 2285 nec
1311 2235 1490 2284 tamen
1549 2227 1605 2282 id
1637 2226 1814 2282 solum

221 2332 354 2400 sibi,
419 2330 466 2387 si
537 2345 729 2385 eorum
790 2342 880 2382 rcs
943 2325 1223 2395 diriperet,
1268 2321 1601 2388 sufficiebat;
1660 2318 1814 2375 insu-

212 2436 320 2496 per
363 2422 684 2478 verberibus
734 2418 921 2475 multis
971 2416 1255 2472 alliciebat.
1297 2413 1559 2469 Crebrius
1602 2427 1732 2468 vero
1780 2427 1813 2467 a

215 2517 481 2573 fratribus
504 2515 599 2587 qui
627 2514 801 2569 eidem
822 2510 1027 2584 praedio
1042 2507 1281 2581 praefecti
1296 2506 1532 2573 fuerant,
1559 2504 1808 2561 admoni-

211 2621 310 2665 tus
340 2624 561 2665 cessare
590 2608 788 2663 debere
815 2622 845 2660 a
878 2614 1028 2660 tanta
1058 2602 1414 2674 malignitate,
1437 2599 1730 2656 emendare
1756 2614 1815 2655 se

1910 1657 2105 1714 buerat
2124 1667 2329 1730 ageret,
2360 1657 2707 1728 frequentius
2730 1655 2870 1713 falsa
2906 1658 3163 1714 innoxios
3188 1659 3507 1729 opprimens

1912 1750 2217 1819 calumnia,
2248 1758 2303 1806 et
2330 1763 2523 1806 eorum
2576 1751 2721 1805 bona
2772 1750 2962 1822 iniqua
3009 1750 3274 1823 diripiens
3299 1752 3508 1806 violen-

1843 1822 1885 1877 Β
1912 1842 2314 1914 tia,c-ujusdam
2329 1843 2512 1898 viduae
2540 1858 2714 1897 unum
2737 1852 2900 1914 quem
2922 1844 3100 1902 solum
3120 1822 3360 1900 habebat
3383 1845 3509 1899 abs-

1915 1935 2040 1991 tulit
2077 1950 2328 2007 porcum.
2386 1934 2685 2007 Repetente
2733 1936 2897 1993 vidua
2936 1951 3112 2005 suem,
3170 1946 3226 1994 et
3266 1954 3391 1994 cum
3430 1939 3508 1993 la-

1908 2028 2119 2101 crymis
2138 2029 2506 2113 precibusque
2541 2028 2900 2100 gemebundis
2930 2030 3246 2101 suppliciter
3296 2040 3359 2085 ut
3402 2030 3512 2086 sibi

1915 2121 1986 2179 ab
2023 2137 2090 2178 eo
2118 2122 2438 2179 redderetur
2470 2124 2672 2195 smpius
2717 2122 3019 2194 ﬂagitante,
3069 2124 3380 2179 nullatenus
3419 2138 3512 2179 ac-

1915 2215 2199 2287 quiescam
2225 2215 2420 2272 voluit.
2444 2213 2563 2283 Qua
2591 2216 2659 2273 de
2698 2231 2863 2272 causa
2886 2216 3078 2274 dolens
3120 2217 3212 2273 illa
3260 2215 3512 2273 assiduas

1912 2308 1971 2364 in
2003 2309 2185 2379 ipsum
2208 2308 2584 2365 devotationes
2620 2309 2931 2381 aggerebat.
2956 2309 3054 2367 Die
3101 2325 3235 2382 ergo
3272 2309 3511 2382 quodam

1915 2410 2048 2456 casu
2077 2400 2276 2456 accidit
2296 2401 2543 2457 eamdem
2569 2401 2791 2457 viduam
2842 2418 2910 2458 ex
2962 2402 3267 2474 improviso
3302 2402 3514 2475 ingredi

1917 2491 2164 2558 domum,
2193 2491 2249 2547 in
2270 2507 2378 2563 qua
2408 2507 2533 2549 cum
2557 2493 2888 2564 quibusdam
2916 2495 3040 2552 aliis
3078 2497 3356 2567 prandens
3385 2496 3514 2551 Bai-

1914 2583 2106 2640 neri'us
2134 2583 2506 2639 recumbebat.
2559 2582 2720 2650 Quae,
2781 2599 2907 2640 eum
2963 2585 3139 2656 ipsam
3206 2586 3516 2643 recordatio

1874 2681 1880 2693 '
1918 2676 2110 2733 amissi
2132 2677 2348 2748 pecoris
2370 2676 2520 2748 gravi
2576 2685 2860 2747 torqueret
2906 2666 3166 2745 moerere,
3213 2679 3399 2749 erepit,
3446 2679 3516 2733 si-

1919 2777 2013 2824 cut
2032 2769 2284 2825 crebrius
2313 2768 2544 2835 solebat,
2580 2777 2641 2823 ut
2666 2783 2802 2824 suus
2837 2768 2941 2825 sibi
2997 2770 3377 2825 restitueretur
3419 2787 3517 2827 ex-

211 2698 428 2769 ’noluit;
459 2700 552 2757 sed
577 2700 759 2772 potius
788 2699 843 2754 in
869 2698 1133 2769 majorem
1159 2695 1420 2752 saevitiam
1449 2693 1671 2749 exarsit.
1711 2690 1815 2748 De-

218 2795 386 2866 nique
406 2793 622 2849 cuilam
678 2790 1013 2846 mulierculae
1052 2788 1260 2860 aliquid
1315 2785 1645 2851 abstulerat,
1694 2796 1817 2855 qua}

217 2860 453 2939 currens
479 2883 547 2938 ad
571 2881 889 2947 ecclesiam,
922 2879 1262 2948 sublatisque
1308 2876 1506 2946 quibus
1535 2873 1811 2945 operieba-
1918 2876 2146 2934 Poscere
2165 2876 2387 2932 porcus.
2412 2860 2507 2916 me
2545 2874 2678 2916 V010
2712 2862 2993 2917 mstiman‘s
3024 2862 3101 2916 nil
3146 2862 3251 2918 sibi
3304 2864 3519 2920 allicere

213 2988 314 3033 tur
347 2976 529 3044 lineis,
557 2976 726 3030 altare
765 2973 1076 3029 diutissime
1130 2968 1314 3041 ﬂagris
1359 2967 1554 3024 cecidit
1606 2964 1708 3039 (5),
1733 2967 1819 3022 in-

1933 2954 2068 3027 quod
2095 2954 2347 3010 dicturus
2368 2962 2507 3020 erat,
2546 2953 2766 3009 incauta
2794 2953 3019 3024 protulit
3053 2955 3356 3010 temeritate
3371 2956 3518 3026 quod

211 3086 454 3141 crepans
513 3050 673 3142 quasi
704 3074 1023 3138 prmscntem
1071 3062 1288 3118 Patrem
1347 3044 1819 3115 Benedictumhis

1933 3048 2275 3120 postmodum
2339 3047 2594 3118 paenituit
2638 3047 2863 3113 dixisse,
2922 3056 3125 3117 putans
3167 3045 3385 3102 Patrem
3414 3044 3520 3101 Be-

218 3138 445 3221 verbis:
479 3138 1150 3227 Benedictavetustissimi),
1176 3154 1667 3230 pigerJet/mrgice,
1692 3154 1817 3226 quid
1849 3190 1892 3248 Ο
1922 3140 2202 3199 ηοάίοῑωη
2238 3138 2371 3194 nihil
2399 3140 2618 3206 ducere,
2648 3139 2694 3195 Si
2725 3140 2851 3210 quis
2880 3155 2910 3193 τι
2952 3155 3010 3195 sc
3058 3139 3160 3195 sibi
3187 3140 3519 3225 promissam

221 3259 456 3331 agisym
481 3257 608 3329 φυτά
658 3254 964 3310 dormitm?
1009 3251 1137 3324 quid
1176 3218 1299 3305 ἰπὶ,
1337 3249 1502 3303 rami;
1536 3218 1821 3319 ’δυθέαξενε
1849 3218 1892 3250 ¹⁴
1924 3235 2085 3291 tidem
2116 3233 2340 3323 prolatis
2386 3233 2664 3288 incautius
2715 3232 2899 3287 verbis
2939 3246 3109 3287 ausus
3162 3231 3329 3286 fuerit
3353 3218 3517 3286 teme-

221 3349 746 3423 servosimproperiis
778 3347 949 3402 sinis?
982 3343 1282 3414 Quemdam
1308 3342 1493 3409 etiam,
1546 3349 1607 3395 ut
1636 3342 1822 3412 plures

1933 3318 2195 3382 rarc.Per
2237 3333 2668 3392 sacramentum,
2715 3324 2810 3389 ait,
2855 3324 3001 3395 quod
3049 3323 3373 3406 sanctofcci
3421 3323 3518 3379 Bc-

225 3445 503 3509 omittam,
532 3440 797 3496 rusticum
846 3439 1031 3494 multa:
1076 3435 1442 3508 simplicitatis
1471 3435 1673 3503 virum,
1719 3450 1820 3487 no-

1933 3419 2165 3485 nedicto,
2190 3433 2472 3489 nunquam
2526 3427 2681 3472 tuum
2738 3417 2890 3488 attigi
2935 3431 3186 3488 porcum.
3220 3415 3365 3472 ldcm
3392 3432 3523 3473 vero

225 3535 378 3589 mine
398 3533 723 3599 Arnaldum,
759 3529 998 3588 stimulis
1048 3529 1302 3600 nequitiae
1335 3527 1662 3599 exagitatus,
1693 3525 1823 3580 dum
1929 3510 2241 3576 Βῦίηοτῖυδν
2274 3520 2336 3565 ιη
2373 3510 2489 3582 ipse
2514 3510 2678 3566 "iam
2727 3510 3122 3581 adipisceretur
3149 3508 3521 3573 εκθοῑῖοηθιηῖ

226 3628 467 3699 quadam
490 3626 576 3682 die
598 3640 787 3698 agrum
815 3630 1113 3687 exerceret,
1141 3620 1477 3692 improvisus
1507 3616 1823 3683 adveniens,

1933 3618 1993 3658 ex
2016 3616 2170 3657 more
2200 3602 2303 3657 loci
2330 3601 2691 3672 jurejurando
2721 3601 2799 3673 (4)
2825 3601 3174 3672 promiserat,
3207 3616 3276 3656 ne
3315 3601 3524 3671 aliquid

226 3691 456 3792 arrepto
484 3691 708 3775 stimulo
741 3734 851 3789 quo
891 3716 981 3772 ille
1008 3731 1140 3771 suos
1168 3691 1679 3785 stimulabatjuges,
1707 3720 1828 3766 tan-

1933 3696 2194 3768 injustum
2248 3695 2305 3750 in
2348 3693 2584 3751 famulos
2627 3694 2882 3766 superius
2920 3693 3052 3750 dicti
3084 3693 3264 3749 Patris
3305 3691 3529 3747 molire-

232 3814 307 3867 tis
333 3786 512 3867 affecit
537 3786 876 3875 verberibus,
911 3815 969 3862 ut
990 3805 1318 3862 semivivum
1341 3791 1697 3872 relinqueret:
1719 3797 1831 3854 Nec
1928 3799 2041 3846 ῑιιΐ.
2072 3788 2242 3863 igitur
2266 3797 2557 3861 postquam
2592 3787 2789 3845 falsum
2824 3787 3117 3860 pejerando
3166 3786 3396 3858 protulit
3437 3787 3531 3857 ju-

234 3905 440 3960 ductus
461 3902 803 3975 paenitentia,
832 3899 1205 3957 satisfactione
1225 3897 1408 3968 aliqua
1436 3911 1562 3951 eum
1584 3892 1831 3965 aliquan.

234 3999 310 4054 do
340 3998 510 4065 voluit
533 3996 770 4067 placare.
814 3992 925 4062 Qui
948 4001 1131 4047 autem
1160 3990 1386 4046 verbera
1430 4004 1627 4060 passus
1652 3985 1833 4041 fuerat

234 4091 309 4146 ab
335 4072 714 4160 omnipotente
732 4085 965 4142 Domino
996 4084 1259 4140 ultionem
1280 4082 1347 4138 de
1389 4082 1508 4152 ipso
1538 4079 1832 4152 ﬂagitabat,

239 4183 548 4253 implorans
578 4195 742 4252 super
769 4178 877 4233 hoc
909 4177 1176 4235 auxilium
1225 4173 1500 4231 Benedicti
1539 4173 1624 4228 sui
1660 4171 1838 4226 domi-

238 4276 320 4331 ni.
347 4274 455 4331 Nec
480 4274 571 4329 diu
609 4280 918 4328 remoratus
943 4269 1233 4336 Dominus,
1289 4266 1382 4339 qui
1425 4279 1719 4339 pauperem
1773 4263 1839 4318 li-

242 4370 397 4424 beret
422 4383 453 4422 a
481 4374 721 4438 potente,
768 4363 1020 4420 retribuit
1070 4361 1238 4433 impio
1264 4361 1421 4431 juxta
1452 4373 1609 4415 suam
1643 4356 1840 4428 impie-

242 4471 443 4529 tatem;
474 4475 709 4532 namque
734 4475 842 4513 una
865 4458 1076 4514 dierum
1104 4455 1340 4511 audiens
1362 4456 1494 4510 suos
1538 4452 1606 4508 ad
1633 4452 1838 4517 locum,
1874 4514 1881 4519 ο

1934 3892 2265 3949 ramentum,
2296 3882 2377 3937 ira
2408 3891 2741 3949 commotus,
2783 3881 3019 3935 cultrum
3064 3885 3231 3951 quem
3276 3878 3416 3935 forte
3447 3889 3532 3934 te-

1934 3977 2099 4032 nebat
2123 3991 2344 4044 manus,
2380 3991 2548 4046 super
2573 3973 2987 4045 mensamjecit.
3011 3972 3116 4040 Qui
3157 3987 3188 4028 a
3224 3987 3412 4028 mensa
3446 3986 3534 4027 re-

1936 4069 2146 4137 siliens,
2169 4052 2434 4125 mucrone
2457 4083 2678 4124 sursum
2702 4082 2883 4133 verso,
2929 4065 3149 4121 oculum
3179 4064 3385 4135 pcrjuri
3427 4066 3530 4135 pti-

1938 4163 2111 4236 pugit,
2143 4171 2198 4218 et
2218 4177 2346 4219 eum
2378 4169 2640 4233 perpetua
2670 4159 2920 4217 caecitate
2963 4158 3263 4214 damnavit.
3291 4156 3533 4213 Tandem

1941 4255 2244 4327 improbus,
2268 4264 2631 4327 posteaquam
2660 4252 2929 4310 intellexit
2971 4251 3160 4308 divino
3185 4248 3395 4323 judicio
3425 4265 3537 4305 uno

1942 4368 2001 4408 se
2022 4351 2295 4423 privatum
2316 4350 2550 4416 lumine,
2580 4347 2867 4420 professus
2896 4356 2981 4404 est
3023 4347 3178 4419 prius
3205 4346 3493 4403 mendacitx
3512 4362 3541 4400 r

1942 4446 2189 4502 locutum
2217 4443 2408 4510 fuisse,
2441 4442 2785 4517 perpendens
2808 4440 3097 4496 viduarum
3143 4439 3415 4512 lacrymas
3446 4442 3542 4495 nr-

242 4554 342 4609 ubi
371 4561 510 4620 erat,
534 4566 827 4625 properare
881 4551 1090 4615 hostes,
1150 4562 1352 4621 equum
1399 4545 1726 4610 ascendens,
1754 4559 1843 4598 ar—
1875 4551 1920 4609 ῐ)
1945 4553 2220 4611 quaquam
2246 4535 2603 4609 spernendas,
2628 4550 2751 4609 qure
2788 4550 2819 4590 a
2850 4533 3070 4589 maxilla
3098 4533 3165 4588 ad
3218 4541 3421 4590 terram
3448 4534 3544 4589 dr-

250 4648 359 4702 mis
380 4655 658 4718 protectus
687 4645 909 4725 obviare
932 4643 1037 4719 illis
1084 4641 1325 4699 festinat.
1356 4638 1402 4693 A
1449 4638 1650 4711 quibus
1691 4636 1837 4709 fuga-

250 4750 366 4807 tus,
392 4740 523 4795 dum
572 4745 825 4810 properat
844 4735 970 4808 equi
1013 4736 1154 4791 saltu
1197 4732 1461 4790 volociter
1501 4739 1842 4787 transmeare

253 4831 547 4902 quemdam
603 4829 907 4897 ﬂuviolum,
957 4828 1052 4901 qui
1098 4825 1266 4891 Minio
1316 4832 1565 4892 vocatur,
1619 4821 1842 4894 cuspide

333 5074 886 5159 (2‘).llervin‘i-.0urti_s
907 5088 1073 5145 supra
1099 5073 1159 5159 ip.
1180 5071 1736 5159 Aimoini_lib.‘i,cap
1760 5067 1845 5159 l7,

257 5142 357 5220 qui
391 5142 547 5203 vicus
569 5147 946 5220 mihi_videtur_
961 5142 1437 5220 esseﬂqrnicourt
1475 5142 1639 5220 vulgo
1667 5142 1849 5220 dictus

260 5211 317 5274 iit
352 5233 491 5290 pago
523 5219 687 5273 castri
710 5217 984 5290 Portiaui,
1010 5216 1108 5290 siti
1127 5215 1195 5271 ad
1219 5215 1469 5290 Axonam
1510 5211 1734 5290 ﬂuvium
1766 5211 1850 5264 in-

260 5282 734 5361 fra—Régitestum,
755 5287 940 5361 πρίει,
962 5282 1031 5342 in
1070 5285 1388 5361 Campania.
1430 5282 1519 5361 Eo
1539 5283 1645 5339 loci
1672 5289 1851 5361 exstat

261 5351 544 5433 prioraius
567 5377 599 5415 a
622 5351 870 5415 Floriaco
886 5351 1158 5433 hactenus
1181 5351 1440 5433 pendens,
1469 5353 1725 5410 dioecesis
1752 5351 1853 5407 Rc-

262 5428 495 5499 ineusis,
522 5433 577 5487 in
606 5432 769 5489 editis
790 5432 932 5487 male
962 5428 1383 5486 Bellovacensis.

340 5504 417 5587 (ᾇ)
447 5503 682 5587 lleccine
708 5512 807 5587 lest
840 5501 1060 5587 religio?
1089 5501 1167 5556 sic
1199 5499 1445 5581 ferebant
1470 5498 1849 5587 illatempora,

266 5569 469 5647 quibus
492 5573 900 5647 temporibussi
922 5569 1110 5647 q'uidAa
1138 5570 1335 5647 quavis
1375 5569 1606 5647 ecclesia
1636 5577 1851 5647 raptum

267 5636 485 5713 fuisset,
516 5636 709 5701 altaria
740 5636 1039 5707 nudabant,
1064 5636 1358 5696 induebant
1402 5639 1616 5713 ciliciis,
1667 5636 1853 5713 ﬂagel-

270 5708 481 5782 labant,
501 5719 716 5787 aliaque
742 5716 795 5771 id
832 5729 1003 5787 genus
1036 5715 1350 5787 patrabant;
1401 5712 1549 5787 quod
1585 5718 1773 5787 postea
1799 5708 1853 5761 in

271 5781 481 5846 morem
518 5781 755 5854 transiit,
805 5781 978 5841 sicubi
1040 5781 1384 5841 interdictum
1422 5781 1856 5854 ecclesiasticum

275 5859 637 5916 indicebatur.
654 5852 1417 5926 Mauriciusllothomagcnsis
1432 5854 1659 5910 antistes
1680 5852 1748 5907 ob
1772 5867 1859 5906 oc-

610 5956 884 6042 Pxfrnou
920 5954 1104 6016 CLX.

1946 4634 2236 4718 scendunt,
2285 4640 2342 4688 et
2399 4628 2667 4687 Dominus
2716 4628 3065 4699 omnipotens
3121 4636 3413 4699 susceptor
3458 4630 3544 4683 est

1949 4742 2312 4874 θδὲίῗνιιι.
2338 4845 2406 4855 --
2437 4813 2588 4887 Ignis
2616 4829 2766 4869 sacer
2804 4812 3105 4867 restinctus.
3158 4809 3544 4884 Amplectenda

1951 5072 2149 5136 cupata
2162 5062 2313 5136 bona
2335 5059 2582 5136 ecclesia
2609 5053 3348 5136 Rothomagepsisprmepit
3368 5062 3539 5136 totam

1952 5127 2233 5193 difeeesim
2285 5132 2575 5202 interdicto
2623 5127 2986 5202 supponunt;
3035 5127 3218 5202 idque
3257 5141 3449 5202 omnes
3495 5134 3548 5183 et

1955 5206 2200 5279 singulas
2225 5205 2401 5279 beatae
2425 5195 2826 5279 VirginisJi'mo
2852 5195 2905 5255 et
2924 5195 3138 5279 Christi
3184 5195 3400 5279 Domini
3430 5196 3546 5279 ina-

1992 5268 2109 5333 inEs
2135 5277 2188 5332 in
2214 5283 2322 5330 tota
2351 5268 2574 5329 dimcesi
2614 5289 2711 5329 sua
2740 5287 2904 5343 super
2946 5269 3269 5343 cathedram
3305 5275 3400 5343 aut
3444 5268 3549 5343 sel—

1973 5338 2060 5404 am
2090 5349 2330 5417 aliquam
2365 5344 2585 5417 deponi,
2613 5338 2896 5417 spiujsque
2940 5339 3293 5417 circumdati.
3337 5338 3551 5417 Quane

1954 5436 2014 5476 re
2041 5409 2219 5475 exstat
2237 5417 2358 5487 ejus
2378 5409 2608 5487 epistola
2632 5409 2687 5469 in
2718 5409 2992 5487 Spicilegii
3018 5421 3167 5469 torno
3191 5409 3404 5487 l_l,_pag.
3422 5409 3519 5465 521
3534 5426 3570 5463 .·

1954 5490 2126 5546 Porro
2152 5483 2638 5545 boc'interdictum
2678 5500 2824 5539 anno
2858 5483 2997 5538 1255
3076 5483 3552 5553 contigisse__con—

1956 5568 2065 5619 stat
2086 5577 2153 5619 ex
2182 5576 2306 5632 pag.
2340 5559 2464 5614 821.
2491 5557 2660 5611 Paulo
2711 5552 3177 5632 post__Gregox-iu§
3203 5550 3339 5632 papa
3381 5550 3513 5632 Χξίι
3535 5577 3551 5593 ο

1958 5634 2111 5688 stulit
2141 5622 2285 5686 hunc
2309 5644 2537 5695 morem,
2564 5635 2623 5681 ut
2667 5622 2879 5682 ostendi
2924 5622 3398 5696 ad‘przefationcm
3439 5622 3554 5676 Sa:-

1958 5704 2065 5761 culi
2092 5702 2156 5767 ll,
2191 5717 2344 5759 num.
2378 5700 2467 5755 48.
3336 5764 3349 5767 _
3492 5724 3493 5727 η

2035 5776 2120 5850 (4).
2140 5763 2396 5850 Formam
2416 5768 2714 5850 juramenti
2737 5767 2884 5850 quod
2915 5766 3267 5850 "praestabant
3286 5763 3554 5827 advocazi,

1963 5833 2163 5918 lege'in
2192 5844 2297 5899 fine
2327 5833 2663 5914 przéfationis
2685 5833 2874 5911 prima:
2915 5833 3105 5893 Surculi
3128 5833 3213 5888 ill.
3298 5895 3306 5900 ~

3157 5934 3239 5997 33
