3946 6306
593 267 734 326 “95

1508 267 1811 326 RADULFI
1854 266 2191 327 TORTARII
2235 261 2547 328 MONACHI
2585 269 2906 331 FLOBIAC.

3659 287 3748 348 liii

592 396 647 449 ct
667 387 819 445 omni
838 376 1131 444 excolenda
1159 396 1242 442 est
1266 382 1451 441 favore
1489 386 1578 456 pia
1609 387 2183 460 miseratio-Omnipo—
2212 392 2257 451 Α
2291 386 2401 452 nia,
2430 394 2484 440 et
2508 385 2696 442 Matris
2720 387 3001 458 injuriam,
3032 397 3089 444 et
3107 404 3261 447 suam
3295 391 3428 449 diem
3447 409 3602 455 severe
3630 404 3749 465 vim.

563 505 568 510 '
594 485 778 551 tentis,
799 482 893 554 qui
917 481 1058 553 quod
1080 481 1279 551 diligit,
1310 478 1551 550 corripit,
1573 485 1582 550 ζ
1592 480 1829 552 ﬂagellat
1860 489 2038 535 autem
2063 497 2181 535 om-

595 595 713 635 nem
733 576 907 648 ﬁlium
932 591 1084 647 quem
1115 562 1302 647 recipit
1333 574 1518 647 (Prov.
1546 591 1627 641 tu,
1658 572 1769 646 12).
1798 573 2039 644 Denique
2060 588 2182 644 per.

594 669 771 727 mittit
808 667 1146 724 diversarum
1202 666 1429 738 spiritus
1476 665 1857 729 inﬁrmitatum
1909 663 2180 721 dominari

596 762 870 820 interdum
899 759 1222 830 corporibus
1259 759 1493 826 nostris,
1521 766 1584 813 ut
1611 758 1801 813 saltem
1839 757 2060 829 proprio
2086 757 2182 813 ad-

592 850 1185 925 monitiineommodo,
1216 851 1565 906 recordemur
1591 849 1873 906 elementis
1898 849 2018 921 ejus
2055 850 2178 904 lon-

593 944 948 1020 ganimitatis.
977 942 1082 1010 Qui
1130 943 1176 1000 si
1228 951 1340 999 tota
1398 933 2067 1014 mentisintentioneiejus
2085 942 2180 998 be-

593 1042 933 1113 nignitatem,
958 1053 1057 1112 pro
1103 1036 1293 1093 eadem
1331 1034 1773 1091 incommoditate
1801 1024 2177 1104 impleraveri-

594 1151 740 1201 mns,
775 1134 881 1190 nisi
915 1138 1209 1204 augmento
1266 1136 1469 1184 nostrae
1498 1128 1690 1183 obesse
1727 1126 2034 1196 praeviderit
2058 1127 2177 1181 ani-

593 1241 718 1291 mm,
743 1222 957 1279 facilem
989 1219 1321 1293 singultibus
1355 1218 1560 1274 nostris
1579 1217 1730 1273 dabit
1767 1216 1971 1272 aditum
2000 1217 2173 1291 ad‘se.

595 1317 806 1373 Gaudet
829 1316 1030 1387 quippe
1059 1314 1126 1373 de
1156 1313 1326 1369 totius
1350 1310 1643 1368 creationis
1669 1326 1782 1367 suae
1802 1310 1996 1365 salute.
2021 1309 2178 1376 Quod

594 1408 643 1464 si
669 1407 855 1474 etiam,
877 1406 1033 1477 juxta
1061 1403 1207 1475 quod
1230 1402 1492 1473 scriptum
1530 1410 1634 1467 est,
1692 1398 1759 1455 ad
1810 1400 1929 1471 ejus
1966 1408 2180 1456 sancto-

594 1518 716 1557 rum
747 1500 984 1576 aliquem
1038 1504 1429 1554 convertantur
1459 1493 1580 1567 (Job
1616 1511 1669 1561 v,
1724 1493 1799 1564 i),
1856 1507 2043 1548 vocem
2091 1492 2175 1546 sui

593 1594 770 1651 ﬁdelis
798 1589 1070 1656 exaudiet,
1097 1597 1316 1644 nostras
1338 1602 1527 1658 preces
1553 1585 1656 1641 sibi
1676 1585 1980 1656 allegantis.
1998 1584 2175 1651 Quam

592 1697 837 1743 nostram
863 1684 1224 1741 assertionem
1251 1681 1555 1752 approbant
1590 1668 1822 1734 miriﬁca
1858 1693 2045 1751 omna,
2078 1692 2175 1748 per

2284 478 2428 533 cavit
2456 476 2795 548 Dominicam
2813 519 2829 547 ,
2858 496 3055 553 nempe
3096 498 3222 539 eum
3247 484 3382 540 diem
3411 494 3587 547 tantum
3606 498 3750 566 gemina

2284 568 2545 640 religione
2569 585 2789 626 sacrum
2845 572 3155 647 irreligiosa
3200 577 3392 633 mulier
3412 587 3751 653 temeraret,ma-

2283 662 2444 717 nilus
2468 671 2770 717 retrorsum
2792 665 2934 721 actis
2956 666 3287 738 omninoque
3315 669 3596 740 debilitatis,
3624 693 3752 749 cuper.

2282 765 2334 811 ta
2363 767 2450 822 est
2475 759 2529 813 in
2561 760 2741 829 seipsa
2772 774 2881 829 qua
2930 767 3060 812 sunt
3088 759 3236 830 digni
3258 776 3409 831 penna
3438 779 3664 822 sacrorum
3679 774 3753 826 vio-

2281 849 2480 904 latores
2541 850 2777 905 dierum.
2833 848 2973 903 Cum
3044 849 3283 905 torsione
3335 867 3532 923 quoque
3570 872 3751 917 manuum

2281 940 2428 995 aliud
2450 942 2654 1012 grande
2685 941 2995 1012 patiebatur
3010 947 3338 996 tormentum
3354 960 3369 1009 ;
3383 946 3610 1002 sentiebat
3620 950 3754 1021 quippe

2282 1030 2675 1088 intolerabilem
2720 1048 2751 1087 a
2796 1032 3092 1102 digitorum
3183 1033 3559 1105 intercapedine
3599 1057 3755 1098 suumn

2280 1125 2429 1180 exire
2463 1125 2736 1213 ardoremt
2765 1123 3014 1195 Cumque
3043 1124 3328 1181 immensis
3365 1131 3649 1186 cruciaretur
3672 1151 3757 1205 sup-

2280 1215 2479 1285 pliciis,
2512 1215 2820 1271 vicinarum
2879 1215 3100 1270 hortatu
3147 1217 3431 1273 mulierum
3463 1227 3755 1283 monasteriu

2281 1310 2526 1381 ingressa
2556 1318 2681 1380 post
2699 1309 2843 1364 diem
2885 1299 3143 1382 alterum,
3184 1330 3367 1370 coram
3413 1317 3562 1373 altare
3601 1318 3757 1376 Deice-

2281 1404 2493 1481 uitricis
2517 1406 2710 1472 astitit,
2739 1405 2914 1476 ipsam
2941 1404 3160 1475 pietatis
3189 1419 3415 1467 matrem
3440 1415 3665 1471 continuis
3702 1420 3758 1473 lle-

2280 1493 2458 1552 biliter
2510 1499 2807 1556 obsecrans
2858 1501 3222 1572 singultibus,
3257 1513 3318 1559 ut
3363 1505 3444 1560 sui
3486 1508 3757 1578 misereretur,

2258 1582 2592 1657 ‘frequenter
2621 1589 2810 1660 utique
2855 1602 2908 1648 et
2941 1593 3160 1651 Patrem
3197 1596 3455 1651 invocans
3480 1595 3755 1665 Benedictum,

2280 1688 2341 1733 ut
2369 1695 2469 1750 pro
2491 1697 2550 1737 se
2575 1681 2950 1742 intercederet.
2981 1686 3253 1743 Transitis
3274 1704 3400 1760 ergo
3424 1689 3602 1759 aliquot
3617 1692 3760 1748 diurnis

589 1778 806 1835 Patrem
830 1776 1182 1844 Benedictum
1237 1772 1436 1844 saepius
1479 1771 1638 1827 nobis
1667 1778 1907 1827 ostensa.
1939 1769 2171 1837 Quidam
2207 1745 2250 1805 Β
2282 1766 2458 1835 ltoris,
2483 1770 2737 1826 manibus
2763 1772 2830 1827 ad
2851 1773 3145 1844 pristinum
3172 1745 3407 1832 reduelis
3443 1745 3613 1832 sta-tnui
3643 1789 3682 1832 et

590 1872 790 1927 etenim
821 1871 904 1925 vir
926 1884 991 1925 ex
1015 1866 1237 1923 famulis
1283 1856 1526 1936 ejusdem
1572 1862 1771 1930 Patris,
1819 1862 2175 1917 Archembal-

588 1964 693 2019 dus
715 1962 956 2030 nomine,
989 1960 1157 2016 frater
1184 1955 1672 2014 Hildruardivillici
1698 1953 1937 2011 deBraio
1962 1953 2173 2027 (Bray),

586 2071 713 2127 qua:
736 2064 818 2112 est
840 2054 985 2110 haud
1015 2049 1410 2110 contemnenda
1434 2048 1606 2122 ipsius
1659 2047 1815 2104 ducis
1860 2047 2178 2121 monasticae

590 2145 1139 2218 eobortispossessio,
1192 2144 1317 2215 igne
1365 2141 1792 2198 consumebatur
1835 2156 2015 2197 sacro.
2078 2138 2176 2196 llic

588 2241 803 2310 delatus
831 2256 862 2296 a
894 2240 1019 2295 villa
1043 2238 1281 2303 ad_illius
1304 2236 1677 2293 sacratissima
1732 2234 1998 2299 membra,
2038 2249 2173 2289 con-

587 2332 1064 2405 tinuisgemitibus
1087 2330 1402 2387 Conditoris
1423 2328 1670 2385 omnium
1702 2342 1860 2398 opem
1914 2342 2012 2398 per
2044 2320 2175 2382 me-

589 2428 753 2482 ritum
776 2426 861 2482 sui
885 2424 1095 2479 domini
1132 2423 1249 2489 .sibi
1294 2423 1596 2494 implorans
1632 2419 1909 2492 opitulari,
1933 2420 2175 2476 velocius

583 2533 752 2588 quam
781 2516 1058 2588 Sperabat,
1093 2524 1361 2587 exoptata:
1419 2514 1707 2570 restitutus
1756 2519 1842 2568 est
1895 2512 2168 2583 sospitati.

582 2608 780 2680 Sopito
806 2624 1045 2679 namque
1066 2608 1340 2676 incendio,
1368 2607 1464 2679 qui
1491 2604 1684 2680 [quod]
1699 2605 1813 2677 jam
1839 2605 2170 2660 anteriorem

576 2702 740 2773 pedis
772 2700 893 2772 ejus
916 2708 1335 2770 consumpserat
1388 2706 1618 2769 partem,
1678 2700 1943 2756 remeavit
2001 2715 2173 2755 ovans

569 2794 654 2849 ad
680 2792 923 2863 propria,
970 2788 1239 2846 Salvatori
1267 2789 1379 2846 Deo
1422 2790 1618 2846 devota
1661 2806 1888 2861 precum
1938 2790 2174 2847 fundens

583 2881 870 2949 libamina,
903 2889 957 2936 et
987 2895 1147 2936 suum
1190 2888 1504 2950 patronum,
1551 2879 1709 2951 cujus
1754 2879 1966 2938 meritis
2019 2880 2169 2937 salu-

583 2984 696 3031 tem
728 2979 1123 3045 promernerat,
1152 2971 1366 3043 magnis
1395 2971 1661 3028 extollens
1682 2972 1955 3030 laudibus.

606 3134 609 3137 _
657 3067 787 3123 (ΣΑιιη
825 3065 916 3121 IX.
949 3096 1020 3105 —
1042 3063 1248 3120 Simile.
1281 3063 1432 3120 Alter
1453 3079 1672 3136 quoque
1685 3066 1873 3121 eadem
1915 3066 2168 3123 detentus

570 3159 1048 3226 incommoditate,
1071 3158 1292 3230 juvenis
1321 3157 1568 3229 quidam,
1616 3158 1683 3223 de
1734 3156 2167 3231 Transligeranis

581 3253 853 3324 partibus,
909 3266 941 3305 a
998 3257 1174 3305 matre
1195 3249 1251 3304 in
1312 3249 1471 3305 asino
1504 3248 1815 3305 Floriacnm
1863 3249 2165 3317 devehitur,

568 3341 1062 3418 quivigilaittioris
1108 3340 1234 3397 ﬁdei
1280 3356 1347 3396 ex
1406 3341 1513 3397 hoc
1551 3342 1816 3412 probatur
1868 3342 2164 3409 exstitisse,

560 3436 844 3513 (quoniam
870 3450 997 3490 mox
1034 3442 1098 3489 ut
1120 3434 1379 3506 cognovit
1430 3449 1490 3490 se
1522 3434 1771 3513 comburi
1813 3450 1972 3490 sacro
2022 3434 2164 3507 igne,

574 3529 721 3585 nihil
742 3528 1032 3601 pigritatns
1062 3525 1217 3597 petiit
1240 3534 1471 3582 matrem
1494 3525 1877 3582 utFloriacum
1909 3526 2165 3597 deporta-

575 3633 752 3691 retur,
777 3622 981 3679 babere
1028 3635 1087 3677 se
1136 3620 1323 3690 fidem,
1362 3636 1459 3693 per
1498 3621 1754 3677 meritum
1776 3620 1957 3677 Patris
1989 3620 2166 3676 Bene-

574 3717 706 3774 dicti
733 3717 803 3773 ab
823 3716 1196 3785 omnipotente
1217 3714 1450 3771 Domino
1475 3714 1658 3771 valere
1678 3714 1899 3771 salvari.
1913 3712 2021 3769 Nec
2037 3729 2162 3769 eum

572 3807 768 3867 fefellit
791 3809 1089 3866 laudabilis
1119 3824 1234 3865 suae
1283 3807 1407 3863 ﬁdei
1461 3808 1695 3889 devotio.
1748 3807 1991 3879 Denique
2039 3816 2166 3863 ante

573 3920 730 3961 aram
761 3904 1015 3975 gloriosa:
1046 3902 1139 3958 Dei
1163 3900 1456 3957 Genitricis
1500 3901 1718 3967 allatus,
1767 3901 1975 3971 absque
2021 3900 2163 3957 ditia-

574 3998 728 4053 tione
757 3996 1115 4068 pergratiam
1146 3993 1392 4065 ejusdem
1442 4008 1657 4064 semper
1702 3991 1945 4065 Virginis
2001 3995 2165 4048 meri-

571 4100 803 4161 tumque
819 4089 901 4160 pii
924 4088 1125 4154 Patris,
1152 4088 1377 4159 integrae
1399 4086 1556 4156 juxta
1604 4100 1763 4141 suam
1811 4084 1971 4142 fidem
2004 4088 2164 4143 resti-

568 4192 726 4257 tutus
753 4191 840 4239 est
867 4182 1139 4253 sospitati.
1168 4177 1536 4235 laetabundus
1560 4177 1744 4249 itaque
1767 4193 1892 4233 cum
1917 4177 2160 4249 jucunda

570 4273 736 4330 rediit
765 4285 962 4342 matre,
1011 4288 1135 4345 quae
1159 4287 1284 4328 eum
1316 4285 1576 4339 mmrens,
1604 4278 1658 4325 et
1684 4285 1811 4327 cum
1843 4271 1994 4343 gravi
2037 4288 2162 4344 pcr-

571 4375 764 4423 secuta
790 4365 970 4423 fuerat
992 4380 1247 4423 mterore.
1532 4354 1537 4361 ’

2279 1861 2394 1931 pilo
2425 1861 2696 1931 incendio,
2750 1867 2956 1936 gratias
3001 1869 3112 1940 agit
3145 1870 3394 1937 omnium
3438 1871 3659 1926 conditori
3691 1872 3759 1926 lla

2279 1953 2640 2026 gloriosaeque
2675 1972 2889 2029 semper
2914 1960 3106 2032 virgini
3128 1961 3337 2029 Mar-ite,
3358 1964 3629 2019 nullatenus
3652 1966 3760 2021 ollim

2278 2046 2675 2102 monachorum
2702 2049 3029 2120 legislatoris
3053 2052 3356 2109 Benedicti.

2347 2135 2475 2190 CAP.
2500 2134 2591 2191 Xl.
2622 2167 2695 2177 ——
2718 2137 3001 2195 Servorum
3031 2144 3374 2214 antiquorum
3426 2146 3638 2200 conditio.
3666 2145 3761 2200 Suri

2278 2226 2424 2299 fuga.
2451 2227 2729 2284 Contentio
2751 2232 2817 2286 de
2851 2250 2999 2289 servo
3034 2236 3211 2306 duello
3243 2238 3416 2307 ﬁnita.
3468 2237 3617 2292 Duelli
3658 2240 3759 2292 titus.

2276 2317 2609 2376 Memoratus
2637 2322 2806 2378 abbas
2834 2323 2990 2397 [lngo
3014 2327 3309 2396 quemdam
3341 2329 3506 2383 virum
3532 2330 3587 2385 de
3624 2329 3761 2384 familia

2275 2409 2456 2467 Patris
2482 2411 2777 2481 Benedicti,
2811 2418 3031 2473 nomine
3084 2418 3400 2489 Letardum,
3428 2421 3662 2477 Tcseelino
3678 2438 3762 2478 cuu-

2275 2513 2515 2560 eesserat
2539 2504 2854 2564 Petverensi
2874 2509 2960 2580 (de
2994 2508 3328 2582 Pit/tiriers),
3350 2523 3407 2568 ut
3428 2522 3524 2568 tam
3555 2516 3761 2586 ipsequam

2276 2595 2345 2650 ab
2385 2611 2451 2651 eo
2482 2598 2751 2670 progeniti
2802 2610 3064 2674 perpetuo
3108 2604 3213 2674 ipsi
3264 2604 3625 2662 famularentur
3658 2607 3763 2661 obse-

2275 2687 2408 2757 quio
2459 2690 2664 2746 servili.
2720 2690 2825 2758 Qui
2872 2692 3052 2749 factus
3099 2696 3361 2753 dominus
3408 2699 3557 2764 illius,
3602 2699 3761 2753 obtinuit

2273 2794 2400 2835 eum
2478 2798 2589 2837 non
2665 2784 2855 2854 paucis
2929 2786 3143 2843 diebus.
3216 2787 3576 2861 lnterpellatus
3641 2801 3759 2845 autem

2274 2870 2417 2927 idem
2472 2874 2557 2928 vir
2617 2874 2818 2959 nobilis
2856 2887 2981 2948 post
3010 2879 3238 2952 longum
3295 2892 3498 2954 tempus
3538 2900 3565 2938 a
3600 2883 3759 2954 quodam

2273 2978 2501 3019 suorum
2552 2967 2839 3036 militum,
2894 2968 3169 3041 lngranno
3214 2976 3439 3030 nomine
3468 3018 3483 3043 ,
3536 2986 3587 3031 ut
3633 2989 3759 3046 supu-

2271 3055 2477 3112 dictum
2510 3073 2725 3114 servum
2747 3061 2795 3115 ei
2813 3061 2940 3132 jure
2964 3063 3212 3121 benelicii
3245 3067 3497 3137 donaret,
3523 3070 3685 3124 annuit.
3705 3066 3762 3121 ln-

2271 3170 2514 3225 grannus
2544 3171 2763 3226 quoque
2788 3157 3013 3227 obiens,
3044 3161 3158 3218 lilio
3193 3180 3300 3220 suo
3326 3164 3608 3222 Isembardo
3642 3166 3760 3238 ipsum

2271 3247 2659 3317 possidendum
2696 3252 2934 3323 reliquit.
2968 3252 3169 3311 Genuit
3193 3267 3379 3314 autem
3397 3259 3621 3330 praefatus
3636 3258 3761 3313 Leut-

2270 3339 2373 3394 dus
2400 3339 2573 3395 lilium
2598 3382 2613 3409 ,
2649 3343 2870 3400 nomine
2902 3342 3222 3402 Rotbertum
3247 3367 3263 3402 :
3298 3365 3458 3420 quem
3486 3347 3760 3407 lsembardus.

2269 3440 2461 3500 utputa
2484 3435 2764 3505 preprium
2794 3438 3149 3493 vernaculum
3174 3481 3191 3507 ,
3215 3439 3275 3495 in
3304 3458 3403 3498 sua
3435 3442 3554 3498 aluit
3573 3451 3615 3496 et
3628 3440 3761 3496 educa-

2268 3521 2346 3577 vit
2395 3521 2577 3580 domo.
2636 3524 2932 3584 Rotbertus
2977 3544 3107 3585 vero
3138 3528 3322 3603 factus
3370 3530 3760 3603 grandiusculusa

2269 3616 2386 3672 suis
2411 3619 2753 3689 comperiens
2794 3622 3162 3692 genitoribus,
3224 3640 3288 3680 se
3317 3625 3384 3681 de
3428 3625 3608 3680 familia
3642 3620 3760 3676 Patris

2266 3718 2517 3765 exortum
2542 3709 2840 3782 Benedicti,
2862 3714 2955 3770 sed
2985 3716 3055 3771 ab
3089 3716 3288 3772 abbate
3318 3718 3619 3789 supradicto,
3638 3712 3760 3769 utn‘le

2266 3800 2957 3877 distractummaneipium,
2980 3808 3232 3877 indoluit,
3262 3827 3367 3867 nec
3389 3812 3575 3867 diutius
3591 3809 3759 3864 dolorem

2267 3893 2350 3949 sui
2377 3894 2546 3950 animi
2575 3898 2793 3954 oculere
2818 3900 3007 3956 valuit.
3043 3900 3208 3958 Facta
3235 3903 3406 3976 igitur
3429 3904 3564 3976 fuga,
3582 3902 3637 3957 ab
3652 3899 3759 3955 Isem-

2266 3986 2420 4043 bardi
2444 3990 2733 4059 praesentia
2763 4007 2822 4047 se
2845 3992 3136 4049 subtraxit.
3185 3993 3363 4064 Quem
3413 3997 3611 4069 longum
3651 3994 3761 4047 lam

2265 4095 2374 4135 non
2394 4081 2579 4136 valens
2598 4124 2612 4150 ,
2644 4082 2714 4139 ab
2734 4084 2925 4140 eodem
2946 4086 3169 4143 domum
3197 4090 3454 4147 reductus
3471 4133 3485 4157 ,
3534 4082 3759 4160 pinnas-luit

2264 4188 2402 4244 quas
2424 4173 2563 4230 solet
2584 4174 2859 4247 fugitivus
2885 4196 2899 4246 ;
2932 4178 3159 4251 insuper
3195 4192 3533 4240 sacramento
3554 4182 3612 4236 ab
3632 4196 3682 4235 eo
3709 4184 3763 4229 es!

2263 4266 2544 4335 astrictus,
2565 4283 2637 4323 ne
2660 4271 2937 4327 servitutis
2948 4271 3144 4344 jugnm
3165 4314 3171 4319 ρ
3196 4275 3265 4331 de
3288 4278 3494 4348 reliquo
3512 4276 3631 4331 ferre
3644 4274 3762 4327 dettc-

2262 4366 2454 4415 ctaret.
2484 4358 2610 4428 Qui,
2639 4362 2899 4432 quoniam
2942 4365 3324 4424 adolescentia:
3354 4376 3578 4440 tempora
3602 4363 3761 4421 necdum

642 4461 771 4519 Car.
804 4461 874 4518 Χ.
907 4493 979 4505 -ο
1002 4460 1154 4518 Festi
1184 4460 1436 4517 violatria:
1488 4460 1714 4530 punita;
1765 4469 2010 4515 sanatur.
2060 4461 2160 4517 Fe-

2267 4461 2593 4521 excesserat,
2625 4453 2694 4510 ad
2729 4470 2972 4526 praesens
3021 4459 3192 4528 siluit,
3241 4462 3417 4520 donec
3462 4471 3600 4519 aetate
3634 4472 3764 4531 proce-

569 4565 718 4613 stum
740 4554 1089 4629 Purgationis
1129 4569 1346 4626 semper
1374 4552 1602 4624 virginis
1652 4551 1837 4608 Mariae
1872 4552 1967 4608 Dei
2002 4554 2157 4626 geni-

570 4645 746 4714 tricis,
776 4660 901 4717 qua:
944 4645 1241 4717 purissima
1291 4651 1347 4700 et
1398 4643 1710 4699 castissima
1746 4630 1917 4714 super
1937 4658 2154 4699 omnem

566 4738 870 4795 humanam
894 4738 1186 4809 puritatem
1217 4746 1272 4794 et
1320 4736 1704 4793 castimoniam
1752 4748 1967 4807 semper
1991 4737 2160 4792 exsti-

565 4830 659 4897 tit,
689 4828 1098 4895 celebrabatur,
1159 4837 1385 4899 eratque
1442 4826 1558 4882 dies
1608 4825 1932 4883 Dominieus
1998 4826 2158 4897 (anno

568 4918 754 4991 1046).
784 4917 1044 4987 Quaedam
1091 4933 1219 4990 ergo
1274 4917 1489 4985 mulier,
1531 4915 1813 4973 Tescelina
1866 4919 2153 4987 vocabulo,

566 5011 749 5069 incola
770 5014 878 5069 vici
899 5012 1288 5079 Floriacensis,
1339 5026 1564 5082 operam
1611 5011 1959 5083 impendebat
1987 5013 2160 5069 laniti-

570 5105 676 5161 cio.
694 5103 821 5161 Haec
842 5104 1296 5176 advesperacente
1346 5101 1462 5173 jam
1512 5101 1621 5170 die,
1646 5111 1910 5174 reputans
1938 5114 2054 5159 tum
2077 5119 2163 5160 ce-

565 5191 875 5250 lebritatem
902 5193 1077 5264 ipsam
1102 5206 1268 5264 quam
1295 5188 1438 5246 diem
1453 5188 1798 5245 Dominicnm
1810 5190 2156 5261 praeteriisse,

567 5294 626 5342 et
650 5285 866 5356 aliquas
892 5284 1069 5355 ipsius
1094 5283 1203 5339 diei
1258 5281 1460 5338 lucrari
1491 5270 1720 5352 cupiens
1766 5281 2029 5350 morulas,
2060 5298 2125 5339 ac

569 5378 715 5449 cepit
750 5377 952 5445 colum,
990 5377 1284 5448 lunamque
1312 5390 1479 5445 super
1506 5389 1606 5430 sua
1652 5374 1929 5431 subtiliter
1970 5383 2158 5431 exten-

570 5470 708 5526 dens
737 5484 912 5541 genua
939 5483 1066 5525 cum
1092 5468 1320 5524 rorillno
1342 5465 1673 5538 sputamine,
1703 5466 1952 5523 eamdem
1978 5468 2158 5524 colum

570 5559 810 5616 tenuiter
837 5559 958 5631 ipsa
978 5558 1105 5615 lana
1131 5558 1300 5630 erepit
1343 5556 1636 5615 involvere.
1684 5556 1924 5614 Cavebat
1952 5568 2157 5627 tamen,

571 5668 643 5709 n'e
677 5667 792 5708 sua:
817 5660 1105 5707 cernerent
1147 5649 1278 5721 quid
1331 5658 1515 5721 ageret
1536 5649 1750 5705 vicinae.
1786 5648 1891 5705 Sed
1920 5649 2156 5707 Redem-

572 5741 932 5825 ptormundi,
965 5741 1121 5814 cujus
1150 5741 1323 5798 oculis
1381 5741 1525 5797 nuda
1561 5751 1613 5798 et
1658 5750 1843 5813 aperta
1886 5752 2013 5797 sunt
2041 5761 2158 5800 oni-

2261 4544 2422 4601 dente
2448 4545 2592 4601 vires
2648 4547 2944 4620 colligeret,
2995 4553 3196 4623 quibus
3229 4571 3335 4612 suo
3380 4557 3574 4629 mjusto
3606 4553 3764 4610 domino

2259 4635 2519 4693 resistere.
2559 4637 2781 4695 valeret.
2827 4640 3127 4715 Postquam
3170 4662 3302 4719 ergo
3331 4665 3493 4721 genas
3540 4648 3659 4704 illius
3696 4642 3763 4696 ὼε

2260 4729 2519 4784 vestierat
2531 4728 2858 4801 jnventutis,
2884 4735 3087 4806 elapsis
3113 4739 3486 4798 adolescentia:
3526 4739 3679 4796 lustris
3702 4735 3764 4790 ab-

2261 4820 2441 4876 batem
2468 4823 2691 4893 expetiit
2716 4824 3068 4883 Gnillelmum
3093 4830 3114 4900 (
3128 4829 3247 4888 l’id.
3274 4851 3391 4904 cap.
3423 4834 3539 4905 25),
3585 4826 3762 4903 quitum:
3864 4850 3865 4885 γ

2264 4913 2528 4983 temporis
2556 4926 2787 4985 praeerat
2806 4916 3250 4979 Floriacensibus
3276 4943 3291 4979 :
3319 4927 3460 4996 apud
3487 4940 3626 4998 quem
3649 4934 3762 4991 ango-

2263 5018 2381 5058 rem
2408 5004 2494 5060 sui
2521 5008 2705 5064 cordis
2734 5024 2861 5065 cum
2882 5011 3063 5069 anxiis
3095 4992 3374 5086 deponens
3399 4992 3641 5089 suspiriis,
3671 5027 3762 5067 ωει-

2264 5098 2514 5171 queritur
2533 5099 2599 5155 de
2630 5100 2897 5172 injustitia
2919 5103 3023 5160 sibi
3063 5108 3289 5180 suisque
3331 5111 3494 5166 illata.
3523 5107 3762 5166 Guil'eTmuS

2263 5189 2449 5262 itaque
2474 5209 2598 5248 cum
2630 5204 2774 5251 esset
2798 5196 2880 5252 vir
2906 5208 3184 5270 strenuus,
3208 5211 3264 5259 et
3284 5221 3440 5260 suam
3455 5201 3760 5275 rempnllwn

2266 5298 2482 5353 semper
2501 5295 2858 5357 augmentare
2915 5292 3031 5346 toto
3084 5292 3368 5350 anhela'ret
3410 5292 3666 5357 desiderio,
3705 5301 3761 5342 ηε

2263 5375 2482 5444 spondit
2503 5374 3097 5439 seilliusaarumnarum
3126 5387 3368 5442 misereri
3388 5389 3534 5451 velle.
3552 5388 3762 5457 justaqu

2262 5467 2512 5537 querelas
2535 5468 2708 5538 ipsius
2729 5471 2863 5528 viris
2890 5474 3250 5544 prudentibus
3284 5478 3458 5548 palam
3484 5476 3654 5539 facere,
3676 5480 3714 5527 et
3732 5467 3760 5521 εί

2261 5574 2371 5629 quo
2392 5570 2556 5631 pacto
2570 5563 2793 5631 valeret,
2816 5565 3131 5635 prtesidium
3153 5567 3230 5622 illi
3255 5586 3371 5626 sese
3397 5568 3526 5626 fore.
3545 5568 3761 5634 Campum

2261 5653 2427 5724 igitur
2451 5654 2797 5715 lsembardus
2831 5657 3174 5729 Rotbertum,
3206 5677 3365 5735 quem
3394 5678 3543 5720 suum
3568 5654 3760 5731 opimi?

2263 5755 2351 5800 tur
2378 5763 2595 5804 servum
2629 5764 2753 5805 esse
2777 5760 3120 5821 perpetuum,
3148 5753 3217 5809 ad
3239 5754 3473 5825 priorum
3493 5748 3758 5808 dominorum
