3946 6306
167 310 315 369 H97

1281 298 1645 361 IllRACULA
1684 301 1931 360 SANC'I‘I
1966 301 2349 361 BENEDICTI.

3322 309 3459 367 U98
3519 303 3522 307 ’

165 423 480 495 confugisse
505 423 737 494 asylum,
767 415 1193 478 mandatabbati
1218 420 1522 487 nominato,
1565 430 1627 476 ut
1659 419 1765 475 sibi
1799 432 1839 483 Α
1871 420 2056 490 aliquo
2086 430 2244 491 pacto
2288 419 2594 475 distrahere
2641 420 2981 476 vernaculos.
3026 420 3259 481 Videant
3308 427 3411 484 sibi
3437 469 3460 496 .

161 515 452 587 proprium
479 514 735 569 restituat
758 512 1111 583 mancipium,
1135 510 1399 583 alioquim
1425 513 1679 583 deinceps
1703 527 1764 568 se

158 609 291 679 ejus
318 607 562 663 futurum
584 606 889 662 inimicum.
930 604 1035 673 Qui
1060 605 1246 661 missis
1272 606 1339 661 ad
1362 621 1487 661 eum
1522 606 1619 676 qui
1663 620 1761 661 sua

158 699 438 757 referrent
460 699 662 766 verba,
705 698 984 755 mandavit
1011 713 1137 753 eum
1184 698 1405 769 quidem
1450 712 1614 769 quem
1668 698 1758 753 in-

156 789 313 863 ju'ste
336 793 633 864 repetebat,
687 790 1043 848 vernaculum
1095 790 1276 846 Patris
1329 790 1603 847 Benedicti
1646 789 1765 847 fore

158 880 367 956 [esse],
391 898 452 939 se
473 898 606 940 vero
628 883 815 939 illicite
836 881 1045 938 diutius
1066 883 1244 953 ipsum
1266 884 1597 954 possedisse.
1623 882 1767 951 Qua-

156 982 391 1045 propter
410 973 459 1031 si
486 974 555 1031 de
582 982 780 1031 extero
810 973 962 1028 illum
988 972 1209 1053 ‘babere
1230 972 1391 1029 vellet
1434 987 1674 1039 servum,
1709 971 1765 1027 in

153 1067 257 1139 jus
278 1064 465 1124 venire
491 1083 616 1125 esse
638 1082 883 1124 necesse.
916 1064 1128 1134 Quibus
1151 1064 1498 1122 lsembardus
1532 1066 1764 1133 auditis,

157 1159 312 1233 apud
343 1174 403 1217 se
434 1158 744 1216 deliberans
764 1158 1027 1230 quoniam
1052 1158 1239 1214 abbati
1267 1158 1472 1228 injuste
1504 1157 1767 1215 resistere

155 1269 269 1311 nec
294 1252 378 1309 fas
394 1297 409 1322 ,
441 1269 542 1311 nec
564 1268 725 1339 posse
745 1252 1000 1320 habebat,
1029 1251 1457 1308 determinatam
1484 1251 1767 1309 mandavit

153 1346 311 1402 diem
332 1388 350 1415 ,
378 1346 436 1401 in
464 1361 576 1418 quo
594 1346 710 1402 haec
731 1343 1105 1401 controversia
1142 1343 1284 1399 inter
1326 1358 1424 1399 eos
1487 1343 1759 1419 finiretur.

156 1437 264 1495 Die
290 1446 473 1495 autem
504 1446 743 1507 statuto,
786 1436 1039 1509 plurimis
1064 1436 1330 1492 nobilium
1383 1443 1440 1492 et
1484 1433 1765 1509 sagacium

154 1528 300 1585 viris
323 1529 397 1584 ab
426 1529 682 1584 alterutra
714 1534 867 1599 parte
887 1526 1224 1599 aggregatis,
1277 1525 1374 1582 diu
1412 1526 1763 1597 multumque

154 1635 418 1678 sermone
438 1622 760 1678 altercatum
790 1627 872 1676 est
896 1636 912 1688 ;
942 1618 1038 1675 sed
1066 1618 1294 1675 minime
1324 1618 1447 1690 ipsa
1483 1619 1763 1674 calumnia

153 1714 357 1771 eodem
385 1713 474 1770 die
508 1713 672 1770 linem
692 1713 919 1786 accepit.
953 1711 1195 1768 Tandem
1232 1726 1365 1767 vero
1415 1711 1574 1766 multi
1609 1711 1764 1782 prius

1865 512 1959 582 qui
1983 510 2240 578 famulos,
2262 527 2485 578 census,
2512 510 2734 582 prtedia,
2759 513 2966 573 sanctis
3013 515 3149 571 locis
3198 517 3460 576 attributa

1866 603 1938 659 ob
1964 602 2154 659 laudes
2174 602 2533 675 omnipotenti
2547 602 2780 659 Domino
2797 605 3205 676 persolvendas,
3251 606 3464 666 nefarie

1864 692 2204 750 distribuunt
2222 695 2397 762 laicis,
2421 710 2518 753 seu
2543 694 2922 768 cujuscunque
2943 699 3157 770 generis
3183 701 3458 770 personis.

1934 782 2065 842 Car.
2092 784 2680 842 Xll.—Translationis
2706 785 2763 843 S.
2792 787 3065 844 Benedicti
3087 791 3301 862 festum.
3325 791 3461 864 Ejus

1864 876 2093 933 violator
2137 880 2453 951 castigatur.
2501 879 2631 935 Veto
2669 881 2812 951 facto
2841 898 2980 938 noxa
3018 859 3259 941 remissa.
3298 859 3479 952 Mise-f

1866 985 1987 1024 rum
2018 985 2191 1042 genus
2221 972 2692 1046 hominum'pagos
2712 972 3067 1030 incolentium
3098 975 3187 1031 vix
3214 993 3460 1049 unquam

1865 1062 1969 1118 levi
1988 1062 2123 1135 jugo
2143 1061 2349 1120 Christi
2371 1063 2605 1120 ferream
2636 1065 2904 1122 cervicem
2930 1067 3253 1124 submittere
3284 1086 3457 1140 appe-

1865 1154 1934 1209 tit
1953 1170 2111 1210 suam
2144 1172 2158 1209 :
2192 1156 2285 1212 sed
2311 1157 2548 1227 qualiter
2570 1155 2722 1213 ferox
2749 1166 2945 1215 taurus
2975 1159 3255 1217 indomitae
3297 1161 3466 1217 fronti

1866 1246 2103 1318 primum
2126 1248 2543 1318 praesentiscens
2566 1248 2775 1320 imponi
2798 1251 3015 1322 jugum,
3041 1252 3279 1309 stimulis
3308 1263 3466 1309 actus

1867 1340 2195 1408 recalcitrat,
2231 1340 2415 1397 sulcos
2449 1356 2616 1414 agens
2635 1342 2922 1412 obliquos;
2978 1344 3058 1401 sic
3106 1343 3237 1401 illud
3287 1361 3464 1416 genus

1866 1431 2152 1487 hominum
2183 1447 2399 1504 semper
2427 1449 2599 1490 sacra:
2619 1436 2861 1493 renitens
2895 1437 3166 1509 religioni,
3224 1439 3316 1494 vix
3359 1440 3464 1494 ali-

1865 1522 2087 1592 quando
2124 1522 2268 1578 viam
2329 1524 2670 1582 rectitudinis
2708 1525 2961 1583 incedere
2981 1530 3277 1587 consentit.
3313 1529 3466 1586 Unde

1864 1612 2091 1683 quidam
2140 1614 2399 1681 rusticus,
2463 1616 2593 1671 dum
2637 1619 2920 1675 sacerdote
2955 1635 3020 1675 ex
3072 1637 3221 1677 more
3252 1638 3461 1693 prmon-

1866 1714 2032 1760 nante
2055 1706 2297 1763 audisset
2320 1708 2593 1764 celebrem
2647 1709 3047 1767 solemnitatem
3086 1714 3463 1771 translationis

153 1798 372 1866 exactis
420 1785 838 1875 conventiculis,
897 1806 1270 1878 adjudicatum
1302 1814 1390 1862 est
1420 1804 1564 1860 idem
1593 1819 1762 1877 nego-
1796 1785 1836 1843 Β
1864 1796 2044 1854 Patris
2065 1797 2344 1856 Benedicti
2389 1802 2739 1868 anuuntiari,
2795 1818 2919 1874 quae
2958 1806 3255 1875 quotannis.
3319 1808 3462 1878 apud

154 1903 323 1970 tium,
347 1901 728 1959 monomachia
758 1901 837 1973 (5)
867 1899 1153 1957 terminari
1176 1898 1395 1955 debere.
1430 1897 1569 1954 Dato
1598 1898 1766 1971 igitur

155 1996 253 2051 die
277 1995 611 2067 singularem
662 1993 886 2050 ineundi
916 1988 1178 2065 pugnam,
1205 1992 1261 2047 in
1291 1991 1601 2048 condictum
1629 2007 1765 2048 con-

155 2087 389 2142 veniunt
418 2086 621 2153 locum,
647 2084 901 2140 videlicet
926 2083 1022 2155 qui
1052 2082 1403 2153 repetebatur
1421 2123 1436 2149 ,
1474 2089 1529 2137 et
1548 2081 1767 2138 Airicus

158 2177 391 2249 quidam
419 2177 666 2244 nomine,
716 2188 881 2249 quem
942 2174 1291 2231 lsembardus
1339 2190 1443 2231 suo
1495 2175 1768 2233 obtulerat

159 2269 311 2338 loco,
342 2268 500 2325 fortis
544 2268 764 2336 robore,
820 2266 980 2324 miles
1004 2265 1181 2322 cilicio
1236 2265 1369 2322 Erat
1397 2275 1580 2322 autem
1623 2266 1766 2325 idem

161 2371 379 2419 statura
429 2376 734 2435 procerus;
794 2360 1094 2417 Botbertus
1146 2375 1279 2417 vero
1329 2360 1597 2432 pusillus;
1620 2358 1764 2433 Qui,

161 2456 421 2527 quamvis
435 2456 623 2511 secum
646 2452 989 2525 conﬂigentis
1016 2452 1417 2524 corpulentiam
1460 2461 1725 2509 metueret
1747 2495 1764 2519 ,

160 2549 403 2605 habebat
427 2559 631 2617 tamen,
654 2548 731 2604 uti
758 2556 948 2619 postea
978 2547 1185 2614 retulit,
1224 2546 1480 2602 ﬁduciam
1511 2546 1566 2601 in
1608 2544 1781 2603 Patre"

163 2641 461 2698 Benedicto
506 2656 609 2698 suo
630 2641 754 2712 jure
776 2639 1021 2707 domino,
1047 2648 1101 2695 et
1126 2639 1230 2700 sibi
1256 2637 1454 2695 infesto
1475 2638 1594 2694 viro
1621 2639 1768 2695 hunc

163 2732 477 2788 incnlcabat
498 2747 810 2789 sermonem
840 2747 853 2784 :
888 2729 1012 2785 Non
1034 2747 1127 2802 ego
1180 2738 1353 2785 tecum
1397 2730 1628 2795 decerto,
1672 2729 1765 2783 sed

159 2824 410 2878 dominus
435 2840 577 2878 meus
594 2823 743 2893 cujus
794 2838 873 2877 me
896 2837 1104 2876 servum
1126 2822 1397 2891 proﬁteor,
1423 2820 1761 2875 Benedictus.

160 2917 311 2991 Ergo
336 2919 430 2990 qui
466 2919 618 2973 illum
651 2916 945 2988 impetebat
969 2916 1209 2983 Airicus,
1241 2915 1490 2971 utmoris
1518 2922 1623 2980 est,
1650 2914 1766 2985 pri-

156 3027 287 3068 mos
310 3011 450 3067 ictus
476 3010 699 3065 intorsit
724 3010 948 3064 incum.
976 3008 1127 3076 Quos
1155 3008 1244 3063 ille
1266 3007 1443 3079 gratia
1482 3005 1576 3062 Dei
1629 3022 1759 3077 pro-

155 3111 344 3158 tectus
391 3110 711 3177 constanter
752 3101 1052 3167 sustinens,
1108 3100 1410 3172 permansit
1452 3098 1680 3165 illaesus,
1705 3105 1762 3153 et

156 3196 436 3250 alternum
467 3194 660 3249 verber
688 3208 790 3249 suo
820 3192 962 3248 hosti
994 3200 1209 3248 tentans
1239 3191 1511 3268 incutere,
1559 3189 1762 3245 virtute
1788 3183 1833 3206 “

155 3285 364 3354 Patris,
400 3287 559 3357 cujus
583 3286 782 3341 numen
812 3285 1079 3343 retinebat
1112 3293 1314 3351 mente,
1339 3298 1561 3339 manum
1587 3280 1762 3353 ipsius

156 3381 439 3446 ductante,
472 3379 724 3435 buculam
752 3377 829 3450 (6)
862 3378 1034 3450 clypei
1055 3392 1167 3449 quo
1196 3391 1332 3431 suus
1355 3375 1637 3447 tegebatur
1665 3374 1762 3430 ad-

157 3472 462 3539 versarius,
505 3472 718 3528 fortiter
768 3471 1017 3543 perculit.
1066 3469 1202 3537 Qua:
1249 3468 1532 3525 claviculis
1558 3466 1762 3539 quibus

157 3565 321 3621 afﬁxa
347 3565 659 3632 tenebatur,
691 3562 917 3630 avulsis,
951 3562 1170 3633 longius
1210 3560 1459 3627 resilivit,
1515 3575 1754 3632 moxque

158 3675 365 3715 manus
394 3657 694 3714 adversarii
721 3656 869 3713 nuda
919 3654 1194 3727 apparuit.
1244 3652 1457 3725 Quippe
1512 3651 1761 3709 foramen

158 3749 217 3805 in
246 3750 435 3821 clypeo
469 3748 665 3816 fuerat,
691 3748 837 3819 quod
860 3746 1058 3803 bucula
1079 3745 1414 3818 protegebat,
1440 3744 1657 3801 deintus
1675 3760 1761 3801 se—

158 3841 419 3913 mipedali
441 3842 597 3897 affixa
621 3841 791 3913 ligno,
831 3856 940 3912 quo
976 3855 1143 3895 manu
1174 3847 1403 3907 retento,
1429 3855 1645 3910 gravem
1672 3839 1761 3895 ille

159 3933 409 3990 Rotbcrti
434 3934 780 3990 adversarius
805 3932 1020 3988 facilius
1040 3942 1274 3987 verteret
1306 3932 1576 4004 clypeum.
1628 3931 1761 3989 Rot-

156 4028 353 4083 bertus
398 4044 627 4084 cernens
657 4043 881 4083 manum
938 4033 1137 4091 secum;
1166 4025 1480 4082 dimicantis
1534 4026 1757 4094 nudam,

157 4119 274 4173 ictu
304 4119 535 4190 repetito
565 4127 680 4174 toto
711 4118 1002 4174 conamine
1052 4132 1176 4173 eam
1207 4117 1497 4188 percussit.
1558 4117 1625 4172 At
1671 4118 1761 4175 ille

156 4212 372 4269 doloris
418 4212 730 4284 impatiens,
781 4211 1033 4284 clypeum
1075 4210 1335 4264 remisit:
1384 4219 1439 4264 et
1495 4209 1759 4279 quoniam

157 4320 333 4359 manu
362 4304 637 4360 debilitata
666 4319 774 4375 qua
807 4313 1059 4375 tegumen
1079 4302 1323 4373 regebat,
1363 4317 1472 4373 qua
1526 4308 1645 4356 arte
1701 4316 1761 4357 se

157 4406 388 4469 tegeret,
414 4412 524 4453 non
555 4397 826 4465 habebat;
860 4396 1086 4453 assiduo
1111 4393 1358 4449 Rotherti
1378 4394 1604 4448 verbere
1635 4392 1761 4448 fati-

1865 1890 2127 1962 plurimrs
2153 1892 2440 1949 celebriter
2457 1892 2704 1950 recolitul
2732 1894 2787 1950 in
2814 1912 3000 1953 mense
3018 1895 3164 1953 Julio
3189 1898 3460 1964 nationes,

1866 1984 2263 2057 parvipendens
2292 1986 2537 2059 ejusdem
2591 1998 2921 2059 prarceptum
2972 1983 3308 2059 sacerdotis,
3365 1994 3462 2064 qui

1861 2066 2107 2157 jusserat
2156 2094 2350 2137 omnes
2397 2095 2528 2137 suos
2589 2081 2962 2151 parrochiales
3029 2099 3152 2139 csse
3204 2082 3459 2150 feriatos,

1867 2170 2154 2226 statuiteo
2208 2171 2298 2227 die
2319 2172 2669 2244 agriculturae
2716 2188 2938 2244 operam
2978 2174 3129 2253 dare.
3175 2173 3464 2232 llabilahat

1866 2269 2048 2316 autem
2071 2260 2214 2318 idem
2243 2262 2300 2317 in
2322 2262 2499 2335 agello
2522 2263 2759 2334 quodam
2791 2262 2970 2321 Patris
3019 2263 3320 2336 Benedicti,
3371 2266 3466 2321 Υἱ-

1866 2352 2016 2408 noilo
2037 2352 2204 2409 dicto.
2242 2353 2493 2411 Diluculo
2521 2355 2688 2428 igitur
2709 2372 2962 2429 surgens,
2994 2338 3199 2415 vicinis
3247 2361 3463 2415 cunctis

1866 2445 1938 2501 ab
1957 2461 2122 2518 opere
2147 2463 2412 2505 manuum
2442 2450 2789 2518 vacantibus,
2815 2452 2932 2523 ipse
2962 2453 3115 2510 solus
3132 2452 3340 2524 junctis
3366 2455 3466 2511 bo-

1866 2539 1971 2596 bus
1994 2541 2047 2595 in
2072 2558 2265 2614 agrum
2294 2559 2460 2616 quem
2507 2559 2764 2602 exercere
2793 2545 3068 2617 cupiebat,
3101 2549 3295 2617 tendit,
3336 2564 3465 2605 eum

1866 2648 2030 2704 quem
2054 2634 2169 2706 ipse
2199 2635 2253 2690 in
2287 2634 2464 2692 hieme
2484 2638 2845 2707 prosciderat,
2865 2638 3103 2708 gliscens
3151 2639 3465 2696 rescindere

1866 2741 2150 2798 campum,
2178 2737 2240 2784 ut
2272 2736 2382 2785 tam
2408 2730 2612 2786 aestatis
2633 2731 2815 2786 calore
2844 2747 3011 2801 quam
3041 2732 3238 2789 hiemis
3277 2732 3460 2802 rigore

1865 2818 2143 2886 decoctus,
2179 2827 2234 2876 et
2261 2820 2522 2876 sementis
2548 2830 2792 2893 tempore
2831 2822 3050 2878 dentata
3100 2833 3248 2879 crate
3291 2825 3465 2897 glebis

1865 2912 2066 2967 attritis
2089 2913 2144 2968 in
2172 2914 2449 2983 pulverem
2470 2914 2746 2984 redactus,
2763 2916 2972 2972 semine
3007 2927 3265 2988 suscepto
3291 2918 3466 2974 abun-

1865 3002 2172 3059 dantiorem
2194 3005 2388 3061 diebus
2429 3006 2627 3062 messis
2650 3022 2753 3063 suo
2780 3008 2975 3063 cultori
3016 3009 3303 3065 exhiberet
3342 3009 3462 3065 fru-

1865 3109 2007 3166 gem.
2042 3094 2181 3150 Dum
2209 3110 2339 3167 ergu
2362 3096 2606 3167 cupitum
2635 3108 2915 3169 perageret
2939 3115 3099 3170 opus,
3131 3115 3267 3156 ecce
3290 3102 3465 3157 astitit

1864 3187 1914 3241 ei
1940 3187 2162 3257 quidam
2190 3186 2247 3242 in
2266 3188 2544 3244 schemate
2558 3190 2867 3245 monachali
2882 3232 2899 3260 ,
2923 3192 3025 3262 qui
3038 3203 3300 3264 utrasque
3316 3194 3463 3249 illius

1864 3295 2062 3334 manus
2089 3288 2300 3345 tenens,
2333 3279 2546 3337 bifurco
2567 3297 2677 3352 quo
2697 3292 2943 3339 aratrum
2966 3284 3185 3358 tegitur,
3205 3296 3316 3341 tam
3344 3286 3460 3341 for-

1864 3374 1992 3431 titer
2038 3376 2294 3447 astringit
2313 3377 2480 3449 ligno,
2537 3387 2595 3433 ut
2621 3380 2944 3451 sanguinem
2991 3397 3088 3453 per
3112 3398 3304 3440 omnes
3340 3383 3463 3454 ejus

1863 3482 2075 3539 ungues
2123 3468 2361 3536 eliceret,
2423 3479 2479 3525 et
2541 3471 2784 3528 rusticus
2810 3471 2954 3528 idem
2992 3474 3179 3545 alique
3225 3491 3460 3548 prorsus

1862 3567 2025 3629 pacto
2049 3574 2147 3616 eas
2199 3560 2455 3618 divellere
2478 3562 2552 3618 ab
2599 3563 2791 3619 eodem
2844 3565 3096 3637 nequiret
3124 3566 3292 3638 ligno.
3341 3567 3463 3637 Quo
3550 3590 3566 3609 -

1862 3650 2030 3720 facto,
2054 3652 2149 3723 qni
2178 3662 2507 3724 apparuerat
2525 3656 2853 3725 monachus,
2867 3672 3213 3729 nequaquam
3229 3660 3461 3717 ulterius

1863 3744 1967 3800 sibi
1990 3754 2074 3802 est
2101 3745 2271 3802 visus.
2318 3744 2463 3814 llle,.
2495 3748 2702 3818 pariter
2756 3749 2946 3805 dolore
2968 3750 3140 3806 nimio
3186 3752 3388 3809 anxius
3407 3761 3463 3808 et

1862 3838 2063 3894 rubore
2110 3836 2393 3904 confusus,
2416 3838 2702 3896 haesitabat
2731 3841 2865 3912 quid
2888 3850 3091 3913 ageret.
3115 3841 3463 3900 Concurren-

1861 3929 2010 3986 tibus
2028 3946 2161 3987 vero
2178 3930 2509 4003 quibusque,
2534 3940 2590 3988 et
2619 3940 2772 3989 tanto
2792 3934 3140 4005 stupentibus
3173 3935 3422 4008 prodigio
3443 3978 3458 4000 ,

1863 4032 2229 4096 cognoverant
2246 4024 2393 4080 enim
2415 4040 2513 4097 per
2533 4025 2852 4094 bubulcum,
2869 4028 2965 4098 qui
2988 4027 3253 4085 eﬂrenato
3272 4030 3461 4086 animo

1861 4116 1943 4173 eis
1973 4117 2336 4186 intimaverat,
2364 4117 2569 4192 detegit
2613 4118 2746 4191 quid
2774 4119 2990 4189 viderit,
3043 4120 3333 4179 manifeste
3376 4122 3462 4177 vi-

1860 4208 2116 4267 dentibus
2135 4210 2267 4289 quid
2295 4210 2400 4269 sibi
2423 4211 2703 4268 acciderit.
2728 4210 3116 4284 Conjectantes
3146 4213 3331 4286 itaque
3366 4216 3462 4286 qui

1859 4311 2214 4358 occurrerant
2234 4317 2302 4357 ex
2343 4302 2797 4369 circumstantiis,
2821 4318 2887 4360 ex
2918 4305 3174 4362 monac'i
3211 4306 3464 4363 videlicet

1862 4400 2108 4449 oromate
2136 4392 2302 4466 [viso]
2336 4404 2390 4449 et
2416 4394 2524 4449 diei
2546 4393 2669 4450 festi
2707 4395 2882 4465 ipsius
2914 4397 3232 4464 viola'ione,
3272 4415 3465 4455 mona-

155 4498 346 4565 gntus,
378 4490 585 4547 victum
623 4505 682 4545 se
731 4488 1053 4560 proclamat.
1110 4486 1317 4543 Dehine
1358 4494 1674 4541 exarmatus
1725 4500 1757 4539 a
1791 4493 1836 4553 υ
1861 4484 2091 4541 chorum
2112 4485 2307 4542 ducem
2336 4485 2479 4542 hanc
2493 4486 2757 4542 ultionem
2785 4486 2856 4543 de
2904 4499 3303 4560 praesumptore
3327 4492 3462 4547 tanti

152 4584 390 4651 victore,
440 4598 566 4639 cum
625 4579 960 4647 Isembardo,
1018 4594 1120 4651 pro
1169 4592 1282 4650 quo
1329 4576 1757 4649 ignominiosum

156 4683 443 4731 certamen
499 4675 716 4741 inierat,
769 4670 1036 4729 confusus
1076 4670 1255 4728 rediit
1303 4669 1371 4725 ad
1398 4668 1641 4739 propria,
1691 4666 1759 4724 de

156 4769 381 4840 reliquo
415 4768 561 4825 haud
604 4767 828 4835 dubius,
863 4765 1083 4822 Patrem
1139 4761 1491 4819 Benedictum
1552 4776 1759 4831 nequa-

156 4877 334 4934 quam
368 4862 484 4918 suis
504 4858 691 4938 defore
724 4859 780 4913 in
825 4857 1071 4915 adversis
1121 4857 1307 4913 rebus.
1356 4853 1484 4911 Haec
1520 4846 1757 4908 victoria

157 4958 310 5014 facta
360 4966 446 5014 est
502 4955 945 5013 Floriacensibus
992 4969 1102 5010 non
1151 4952 1363 5008 modica
1424 4949 1756 5018 exsultatio;

159 5051 419 5109 hostibus
441 5068 571 5108 vero
591 5052 831 5107 maxima
860 5047 1131 5105 confusio.
1162 5046 1337 5102 Porro
1360 5045 1760 5102 demonstravit

160 5144 330 5201 Pater
356 5154 584 5203 sanctus
635 5145 693 5201 in
756 5144 860 5200 hoc
910 5141 1053 5199 facto
1098 5140 1373 5197 neminem
1411 5153 1542 5196 suos
1598 5153 1760 5209 posse

242 5309 321 5382 (5)
352 5309 579 5385 Yigebat
610 5310 790 5367 adhuc
831 5308 1033 5367 saeculo
1071 5323 1126 5385 ξι
1178 5304 1421 5385 duellum
1465 5302 1522 5359 in
1576 5303 1759 5385 causis

165 5374 590 5449 monachorum,
617 5390 677 5437 ut
696 5389 843 5452 patet
861 5390 977 5435 tum
1002 5395 1070 5434 ex
1092 5378 1195 5452 hoc
1225 5376 1366 5452 loco,
1400 5383 1610 5452 tum__ex
1638 5374 1760 5452 aliis

165 5443 713 5536 ρδυτίιξμεορειαὲίὲρῴ
735 5451 980 5536 exempla
1004 5448 1211 5536 more”
1231 5443 1761 5536 sciliees‘i'rfeile

168 5516 226 5578 in
257 5523 403 5578 notis
451 5516 517 5579 ad
563 5516 948 5579 bibliothecam
1002 5516 1451 5583 Cluniacensem;
1510 5516 1760 5586 quaedam

167 5595 300 5649 item
324 5594 589 5651 Acherius
614 5604 801 5650 noster
830 5593 883 5647 in
907 5592 1051 5647 notis
1073 5592 1139 5646 ad
1169 5590 1511 5646 Guibertum.
1549 5586 1758 5641 Memoo

169 5664 343 5720 rabile
357 5674 440 5721 cst
460 5665 600 5720 hanc
628 5665 682 5720 in
706 5679 821 5720 rem
846 5663 1084 5734 diploma
1105 5659 1371 5734 Ludovici
1399 5658 1541 5734 sexti
1588 5656 1761 5712 Fran-

167 5752 359 5792 corum
382 5736 543 5802 regis,
568 5734 882 5791 Theobaldo
901 5729 1082 5789 abbati
1104 5729 1414 5802 Fossatensi
1436 5742 1759 5785 concessum

169 5753 359 5792 corum
382 5753 439 5790 re
478 5753 543 5802 Is,
578 5753 598 5790 Ι
617 5753 882 5791 neonatuo
901 5753 1082 5789 aDDatt
1104 5753 1133 5785 ι·
1147 5753 1414 5787 οδδξιιυιιδι
1436 5753 1757 5785 concussum

169 5822 317 5863 anno
348 5753 503 5878 “1%,
535 5817 594 5863 ut
619 5807 758 5864 servi
790 5806 910 5877 ejus
931 5802 1250 5860 monasterii
1282 5801 1532 5855 adversus
1581 5814 1757 5855 omnes

1861 4575 2124 4634 facinoris
2154 4587 2423 4650 patrasse,
2439 4579 2749 4646 hortantur,
2775 4584 3047 4648 quatenus
3067 4588 3255 4635 vatum
3283 4581 3459 4637 eidem

1860 4678 2009 4734 Patri
2038 4676 2222 4743 faciat,
2272 4689 2332 4731 se
2380 4673 2754 4730 solemnitates
2808 4673 2975 4741 illius,
3032 4688 3145 4746 quo
3193 4672 3464 4729 advixerit

1861 4781 2124 4845 tempore,
2154 4784 2437 4840 nunquam
2460 4777 2873 4837 temeraturum,
2908 4768 3310 4847 monasterium
3337 4768 3460 4837 ejus

1858 4867 2182 4938 petiturum,
2210 4860 2697 4934 ptenitentiamque
2713 4860 3153 4929 tanticommfssi
3182 4868 3455 4917 acturum.

1847 4957 2106 5014 .Vovente
2125 4956 2243 5011 haec
2263 4953 2375 5021 illo,
2398 4962 2453 5009 et
2494 4954 2753 5011 omnibus
2778 4971 2921 5027 quas
2962 4963 3127 5012 tanta:
3154 4953 3235 5009 rei
3268 4962 3462 5025 stupor

1863 5052 2180 5121 inexpertus
2211 5054 2530 5114 attraxerat,
2554 5046 2846 5103 Dominum
2886 5047 3317 5117 omnipotentem
3354 5060 3455 5118 pro

1860 5157 1928 5200 eo
1951 5140 2326 5206 exorantibus,
2354 5136 2678 5223 Patremque
2724 5136 3077 5195 Benedictum
3119 5134 3460 5208 lacrymabili

1861 5300 2118 5366 homines,
2142 5305 2253 5352 tam
2273 5295 2464 5352 liberos
2490 5312 2649 5366 quam
2675 5312 2867 5359 servos,
2890 5295 2947 5366 in
2964 5292 3206 5366 omnibus
3226 5293 3455 5366 negotiis

1861 5314 2118 5366 nommes,
2142 5314 2253 5352 tam
2273 5314 2464 5352 ηοω-οε
2525 5314 2649 5352 uam
2675 5314 2867 5359 seruos,
2892 5314 2947 5349 in
2964 5314 3206 5348 omnwus
3232 5314 3452 5364 negatus

1860 5371 2084 5426 liberam
2106 5314 2679 5451 habeant‘te‘stizcandi
2718 5374 2768 5422 et
2796 5362 3349 5451 bel'lgndi‘ticeutiant,

1861 5452 2052 5513 postea
2080 5439 2360 5510 prohibuit
2377 5432 2673 5513 Gregorius
2700 5453 2838 5508 papa
2868 5434 2939 5491 IX
2988 5435 3183 5491 litteris
3210 5434 3355 5491 datis
3382 5432 3455 5489 ad

1863 5504 2123 5569 abbatem.
2135 5519 2190 5567 et
2219 5504 2518 5566 monachos
2539 5504 2915 5565 Fussalenses.

1869 5655 1881 5663 ι
1937 5585 2014 5663 (62
2064 5580 2490 5663 Umbonclypei,
2539 5580 2634 5635 ubi
2681 5594 2880 5663 manus
2910 5576 3237 5663 inserenda,
3288 5575 3453 5663 vgigo

1860 5644 2064 5721 bouc'le,
2085 5654 2229 5710 unde
2249 5644 2454 5707 Gallice
2475 5644 2680 5708 nomen
2700 5650 2874 5723 clypei
2904 5648 3159 5718 bouclier,
3209 5663 3279 5704 ex
3324 5644 3452 5701 Bol-

1860 5726 2115 5784 laudiana
2134 5723 2432 5781 notatione.
