3946 6306
604 310 746 366 “99

1537 294 1842 353 BADIELFI
1881 289 2212 350 TOBTARII
2247 240 2566 346 MONACHIV
2596 285 2919 343 FLOBIAC.
3673 296 3759 357 η»

593 440 727 481 voce
751 421 964 479 crcbius
994 415 1438 484 inciamantibus,
1465 412 1748 469 ut'misero
1801 410 2182 475 misereretur,
2214 410 2256 469 Α
2288 403 2436 476 quod
2463 402 2684 474 proprie
2721 402 2829 459 dici
2857 401 3035 457 valeat
3057 401 3443 460 misericordiae
3463 418 3605 477 opus,
3628 410 3763 472 ηιση

595 520 851 577 relaxatae
871 521 1001 571 sunt
1019 525 1219 567 manus
1238 508 1405 575 illius,
1437 514 1493 562 et
1519 505 1684 576 coepit
1719 510 1901 560 astare
1949 502 2184 566 solutus,

596 611 688 682 qui
714 617 838 665 ante
859 604 1141 678 paululum
1166 598 1533 657 invisibilibus
1552 597 1689 653 loris
1710 595 1998 652 tenebatur
2024 591 2187 649 astri—

593 712 738 761 ctus.
764 697 1031 756 lndieibili
1059 711 1189 767 ergo
1210 693 1543 750 exhilaratus
1568 687 1787 762 gaudio,
1832 694 2019 743 votum
2041 684 2187 757 quod

595 795 819 861 fecerat,
866 790 1153 847 eﬂieaciter
1175 786 1400 858 implere
1424 784 1652 841 studuit.
1695 780 1835 837 Nam
1878 779 2187 835 Floriacum

594 892 846 957 tendens,
881 882 1229 958 praesentavit
1253 898 1311 939 se
1344 880 1524 937 abbati
1550 878 1812 952 .Bainero
1861 875 1959 947 (7),
2000 874 2187 930 fratri-

593 985 811 1055 busque
840 980 897 1035 in
916 978 1003 1034 die
1025 985 1216 1033 octava
1247 972 1492 1044 ejusdem
1533 969 1678 1037 festi,
1705 969 1835 1025 dum
1886 966 2189 1023 celebrare-

594 1087 686 1133 tur
712 1075 902 1139 missa,
925 1068 1167 1126 referens
1188 1082 1351 1138 quam
1382 1063 1669 1136 magnifica
1695 1062 1749 1116 in
1779 1076 1838 1117 se
1863 1058 2191 1116 ostendisset

594 1166 864 1223 Dominus
892 1162 1242 1232 omnipotens
1264 1156 1549 1229 magnalia‘
1571 1170 1667 1226 per
1699 1153 1785 1209 sui
1808 1152 1984 1208 fidelis
2014 1151 2188 1206 Bene-

595 1260 727 1316 dicti
754 1259 967 1313 merita.
1002 1256 1072 1310 At
1095 1241 1425 1324 illi,°magna
1453 1249 1821 1321 tripudiantes
1845 1245 2053 1313 lartitia,
2075 1252 2187 1300 tota

599 1353 782 1409 cordis
806 1349 1067 1415 instantia
1119 1345 1390 1403 Salvatori
1443 1343 1633 1399 laudes
1678 1328 2038 1414 proclamant,
2074 1353 2191 1393 ma-

594 1461 762 1515 gnum
810 1442 1026 1499 Patrem
1072 1440 1287 1511 magnis
1321 1435 1642 1493 extollentes
1672 1430 1984 1505 praeconiis,
2030 1429 2192 1501 eique

594 1538 651 1594 in
686 1554 795 1611 quo
825 1546 1034 1593 tantum
1058 1543 1339 1591 ostensum
1368 1529 1544 1585 fuerat
1573 1526 1918 1592 miraculum,
1958 1522 2191 1580 salubri-

593 1635 698 1689 bus
724 1640 969 1688 correcto
994 1628 1312 1685 verberibus
1340 1624 1617 1680 licentiam
1643 1621 1946 1677 tribuentes
1976 1618 2189 1690 regredi

567 1792 571 1797 τ
596 1726 664 1781 ad
686 1724 903 1796 propria
934 1742 946 1777 :
974 1727 1306 1793 cognoverat
1333 1716 1503 1783 enim,
1520 1726 1871 1784 nequaquam
1896 1711 1980 1767 sui
2013 1726 2192 1766 sacer-

595 1816 739 1872 dotis
796 1812 1102 1886 spcrnenda
1134 1809 1237 1867 sibi
1287 1808 1516 1874 monita,
1563 1805 1823 1878 quoniam
1873 1804 1940 1859 de
1991 1802 2192 1859 talibus

595 1909 730 1965 dicit
752 1906 1003 1963 Salvator
1037 1946 1053 1961 .
1082 1903 1186 1970 Qui
1207 1918 1294 1958 vos
1344 1899 1565 1972 spernit,
1618 1914 1698 1953 me
1741 1896 1971 1968 spernit;
2023 1905 2071 1949 et
2101 1894 2191 1966 qui

597 2016 685 2054 eos
719 1998 895 2065 audit,
926 2013 1006 2051 me
1038 1996 1190 2051 audit
1223 1994 1377 2066 (Luc.
1404 2009 1458 2059 κ,
1492 1990 1602 2062 16).

668 2090 798 2147 Car.
837 2087 976 2144 Xlll.
1019 2117 1090 2128 -—
1128 2086 1323 2141 Mulier
1344 2092 1620 2140 contracta
1647 2083 1889 2154 erigitur.
1933 2079 1990 2135 in
2023 2080 2190 2135 terri«

599 2184 744 2240 torio
782 2181 1112 2238 Trecassino
1158 2179 1434 2254 quoddam
1471 2177 1705 2232 habetur
1751 2173 2015 2245 praedium
2048 2172 2193 2244 juris

597 2274 845 2347 ejusdem
875 2272 1053 2329 Patris
1083 2287 1248 2343 super
1283 2269 1591 2341 Sequanam
1629 2267 1875 2333 fluvium,
1905 2265 1975 2321 ob
2010 2274 2223 2337 orato-1

596 2366 742 2422 rium
795 2366 850 2420 in
884 2364 1030 2421 illius
1072 2364 1283 2419 honore
1332 2361 1463 2416 inibi
1513 2366 1887 2416 constructum
1957 2355 2194 2413 Sanctus

596 2456 921 2514 Benedictus
943 2472 1107 2528 super
1130 2454 1438 2527 Sequanam
1463 2460 1861 2524 nuncupatum.
1887 2449 2060 2508 Porro
2090 2451 2192 2508 ha—

597 2547 804 2604 bitabat
838 2547 893 2602 in
914 2563 980 2603 eo
1002 2547 1221 2614 mulier,
1246 2544 1414 2601 Maria
1441 2545 1685 2612 nomine,
1712 2559 1835 2615 quae
1857 2542 2068 2599 diutino
2096 2541 2193 2598 de-

600 2648 744 2695 tenta
774 2640 1037 2713 languore
1064 2639 1220 2710 spina
1248 2637 1397 2694 dorsi
1430 2645 1731 2704 contracta,
1779 2624 1970 2692 eii‘ecta
2017 2633 2196 2690 fuerat

598 2747 787 2798 cilrva,
812 2732 888 2788 ita
932 2741 993 2787 ut
1022 2731 1172 2787 nullo
1197 2738 1358 2803 pacto
1393 2746 1524 2786 suos
1543 2745 1737 2785 versus
1761 2728 1959 2785 omium
1986 2726 2195 2798 erigere

604 2826 809 2881 valeret
838 2825 1042 2880 vultus.
1067 2822 1196 2879 Haec
1232 2822 1483 2893 indigena
1508 2821 1680 2893 ipsius
1710 2820 1918 2892 praedii,
1941 2819 2009 2875 de
2037 2816 2194 2873 fami-

598 2914 672 2969 lia
695 2914 939 2984 ejusdem
961 2912 1142 2969 Patris
1183 2911 1450 2984 originem
1497 2911 1765 2967 trahebat.
1797 2909 1981 2966 Multis
2012 2910 2193 2981 itaque

600 3005 655 3060 in
682 3005 875 3062 eadem
906 3006 1172 3061 eurvitate
1212 3004 1519 3076 permansis
1561 3003 1771 3069 lustris,
1808 3002 2194 3073 desperaverat

597 3098 710 3167 jam
736 3099 803 3154 de
841 3115 939 3155 sua
976 3099 1170 3165 salute,
1221 3111 1565 3168 nequaquam
1603 3096 1811 3151 audens
1851 3095 2084 3166 opinari,
2135 3110 2194 3152 se
2222 3113 2264 3171 ο

599 3192 834 3246 ulterius
868 3205 1031 3262 posse
1060 3187 1290 3261 subrigi.
1329 3186 1576 3255 Quadam
1606 3200 1737 3258 ergo
1761 3185 1848 3241 die
1889 3182 2192 3252 Dominica,

601 3285 731 3339 dum
775 3275 839 3339 in
872 3283 1062 3339 eodem
1111 3281 1356 3338 oratorio
1392 3290 1580 3336 astans
1609 3295 1734 3335 eum
1775 3277 1986 3333 eteteris
2014 3276 2197 3334 missae

602 3375 1020 3430 celebrationem
1043 3373 1274 3441 audiret,
1298 3373 1677 3444 legereturque
1695 3369 2072 3440 Evangelium,
2097 3384 2196 3424 no-

603 3465 691 3523 dis
721 3466 891 3537 spinae
923 3466 1019 3537 qui
1052 3466 1145 3521 diu
1181 3464 1248 3520 de
1293 3479 1395 3520 suo
1429 3463 1773 3520 desciverant
1806 3462 1930 3517 loco
1965 3461 2019 3516 in
2055 3461 2197 3516 anti-

602 3572 772 3628 quum
798 3557 1165 3613 remeantibus
1195 3563 1420 3623 statum,
1450 3555 1616 3611 dorso
1656 3549 1714 3609 l'n
1735 3552 2041 3608 breviorem
2071 3567 2194 3606 mo-

602 3649 734 3705 dum
773 3659 1028 3717 retracto,
1084 3658 1384 3719 ventreque
1428 3646 1523 3719 qui
1571 3662 1669 3717 per
1716 3646 1947 3701 multum
1983 3653 2197 3716 tempus

604 3740 938 3800 contractior
967 3741 1167 3809 fuerat,
1196 3741 1251 3796 in
1284 3740 1502 3813 longius
1537 3739 1773 3809 spatium
1797 3747 2042 3806 extenso,
2080 3754 2194 3794 cte-

602 3834 682 3907 pit
704 3836 885 3891 subito
919 3844 1063 3892 stare
1091 3843 1294 3901 erecta,
1334 3850 1456 3905 quae
1480 3847 1579 3905 per
1614 3832 1775 3904 longa
1802 3832 1916 3902 jam
1954 3844 2193 3903 tempora

604 3929 979 3985 ambulaverat
1020 3943 1212 3999 prona.
1255 3926 1547 3997 Stupentes
1583 3939 1777 3980 omnes
1813 3924 1907 3995 qui
1948 3924 2193 3990 aderant,

602 4019 809 4093 quique
837 4036 957 4076 eam
988 4021 1058 4076 ah
1083 4018 1312 4075 infantia
1337 4024 1625 4082 noverant,
1666 4025 1721 4072 et
1761 4016 1937 4086 ipsius
1962 4015 2194 4071 infirmi-

603 4113 735 4169 tatis
782 4112 989 4169 conscii
1046 4111 1285 4177 fuerant,
1323 4120 1436 4166 tam
1487 4108 1823 4179 insperatum
1874 4108 2193 4177 remedium,

602 4206 816 4275 palmas
842 4206 909 4260 ad
945 4203 1144 4259 coelum
1184 4201 1435 4269 tendunt,
1483 4215 1759 4257 summum
1804 4200 2055 4272 opificem
2100 4216 2197 4273 per

606 4305 861 4352 sanetum
887 4295 1241 4352 Benedictum
1282 4295 1592 4361 laudantes,
1617 4293 1711 4364 qui
1741 4309 1902 4350 suum
1928 4294 2194 4350 auxilium

605 4390 726 4461 ejus
756 4389 1069 4463 impendere
1091 4388 1347 4462 dignatur
1373 4388 1809 4444 veneratoribus.
1829 4387 2023 4444 Mulier
2042 4388 2197 4443 deni-

2287 497 2514 568 dignum
2537 494 2817 563 duximus,
2844 504 2957 550 tam
2986 509 3088 565 pro
3131 495 3219 550 sui
3264 495 3526 566 dignitate,
3550 515 3678 571 quam
3706 521 3765 575 pe

2288 602 2528 659 congrue
2556 581 2823 643 sumenda
2842 586 3146 642 imitatione
3168 586 3338 642 simili
3347 587 3483 659 jure,
3508 591 3549 646 si
3567 592 3765 663 aliun

2289 678 2453 737 fuerit
2501 695 2727 736 necesse
2752 697 2767 735 :
2790 690 2847 736 et
2882 688 2944 735 ut
2986 679 3193 737 clarius
3227 678 3430 750 liqueat
3464 681 3543 753 pia
3578 684 3767 744 miseratio

2288 772 2468 829 Patris
2496 772 2797 841 Benedicti,
2829 787 2996 844 quam
3022 772 3353 844 propensius
3380 772 3610 844 impendit
3625 777 3765 849 eam

2289 865 2391 922 levi
2433 864 2640 921 Christi
2675 865 2811 938 jugo
2837 881 2939 921 sua
2975 865 3213 922 subdere
3254 863 3505 923 festinant
3534 868 3767 935 colla,illi|s

2289 955 2571 1026 provocati
2610 954 2950 1026 magisterio.
2980 952 3219 1021 Quidam
3257 971 3390 1027 ergo
3426 966 3599 1014 nostra:
3619 975 3768 1031 congii.

2291 1045 2529 1116 gationis
2558 1046 2867 1102 monachus
2906 1043 3252 1102 Humbaldus
3291 1047 3572 1115 dicebatur,
3588 1049 3771 1120 quidam

2288 1137 2533 1208 juvenis,
2553 1137 2685 1193 dum
2708 1137 2765 1192 in
2790 1137 2907 1195 suis
2921 1136 3138 1195 actibus
3160 1146 3422 1195 strenuus
3437 1140 3677 1207 videretur,
3693 1160 3771 1213 qua-

2289 1228 2541 1284 rumdam
2569 1230 2985 1300 possessionum
3022 1228 3364 1287 Floriacensi
3396 1231 3509 1288 loco
3535 1233 3768 1293 subditam

2292 1320 2525 1402 adeptus
2554 1329 2640 1377 est
2670 1319 3386 1389 tutelam,Almeri-Curtis
3415 1319 3645 1389 videlicet,
3659 1340 3768 1380 acra-

2292 1413 2416 1467 runl
2435 1428 2560 1483 quae
2579 1412 2631 1468 ei
2659 1413 2968 1484 subjacent.
3001 1411 3218 1482 Quibus
3239 1429 3369 1470 cum
3390 1412 3495 1469 fere
3518 1416 3647 1469 annis
3664 1416 3769 1472 uibus

2292 1503 2643 1575 perdurasset
2660 1504 2987 1576 praepositus
3009 1503 3110 1577 (8),
3134 1504 3413 1576 disposuit
3425 1504 3669 1576 aliquando
3680 1522 3769 1561 non

2294 1594 2454 1651 solito
2479 1593 2788 1652 Floriacum
2809 1593 3067 1664 revisere,
3096 1596 3345 1667 gestiens
3364 1611 3536 1663 nosse,
3554 1606 3769 1651 utrumu-

2294 1688 2385 1744 nia
2416 1688 2559 1760 apud
2591 1703 2724 1746 suos
2743 1688 3001 1744 concives
3021 1697 3322 1760 agerentur
3342 1703 3591 1760 prospere.
3608 1688 3768 1759 Capta:

2295 1780 2478 1851 itaque
2506 1779 2611 1836 iter
2645 1794 2833 1852 agens,
2870 1779 3096 1852 contigit
3135 1780 3322 1851 ipsum
3354 1779 3409 1834 in
3433 1780 3513 1835 via
3535 1780 3769 1851 gravium-

2296 1872 2538 1939 firmari;
2572 1873 2670 1929 sed
2699 1873 3013 1929 nullatenus
3046 1872 3321 1930 molestia:
3349 1872 3552 1939 cedens,
3583 1872 3768 1942 licetquo-

2298 1966 2429 2022 tidie
2476 1966 2712 2037 languor
2748 1966 3176 2037 ingravesceret,
3232 1966 3451 2021 tandem
3505 1963 3771 2025 moribunda

2295 2058 2470 2115 nimio
2496 2058 2660 2115 taedio
2688 2057 2914 2130 fatigata
2966 2057 3225 2114 Floriaco
3267 2058 3353 2114 sui
3395 2072 3594 2129 compos
3609 2054 3772 2112 desideri

2296 2151 2481 2208 intulit
2501 2153 2767 2208 membra.
2787 2150 2890 2208 Ubi
2907 2152 3039 2207 dum
3063 2152 3265 2208 morbo
3287 2150 3566 2208 confractis
3580 2150 3728 2204 viribus
3744 2150 3773 2203 in

2294 2242 2438 2301 lecto
2457 2243 2829 2311 decumberet,
2856 2242 3111 2298 visitatus
3148 2257 3181 2297 a
3233 2240 3513 2311 fratribus,
3532 2240 3771 2303 admonear,

2294 2344 2570 2413 quatenus
2588 2334 2674 2392 sui
2704 2350 2918 2393 memor
2954 2334 3009 2389 iu
3040 2333 3333 2400 extremis,
3365 2333 3532 2388 abbati
3561 2348 3638 2388 seu
3662 2331 3770 2386 mili-

2295 2428 2449 2485 beret
2483 2428 2786 2495 seniorum,
2832 2427 3054 2499 propria
3091 2427 3449 2484 conﬁteretur
3494 2433 3683 2497 peccata.
3709 2420 3769 2487 Qui

2295 2521 2575 2577 cervinam
2597 2520 2886 2576 aemulatus
2914 2533 3126 2587 vocem,
3153 2517 3328 2588 erepit
3350 2517 3633 2589 promittere
3647 2515 3685 2568 in
3702 2528 3770 2566 ωε

2295 2613 2501 2671 stinum
2531 2628 2590 2668 se
2610 2612 2760 2684 quod
2781 2604 3106 2667 monebatur
3126 2619 3408 2667 acturum.
3425 2607 3573 2664 Miror
3589 2604 3768 2665 nimirum.

2294 2727 2418 2783 qua:
2442 2710 2644 2766 oblivio
2695 2709 2842 2765 illius
2871 2707 3146 2764 insederat
3179 2706 3381 2774 menti,
3405 2720 3523 2761 cum
3549 2703 3594 2758 id
3620 2700 3765 2756 maria:

2296 2803 2541 2860 studium
2593 2803 2742 2857 omni
2789 2800 2908 2858 fore
2957 2800 3153 2858 debeat
3199 2798 3533 2865 Christiano,
3574 2792 3768 2866 praesrtim

2296 2895 2591 2962 monacho,
2616 2894 2663 2950 si
2687 2893 3016 2966 peccaverit,
3054 2892 3203 2964 quod
3240 2893 3534 2947 humanum
3552 2896 3633 2953 est,
3655 2892 3770 2938 usta

2295 2988 2396 3043 tim
2417 2994 2604 3043 currat
2626 2985 2696 3041 ad
2721 2984 3012 3052 medelam,
3040 2982 3361 3040 conﬁtendo
3386 2980 3572 3038 scilicet
3592 2974 3769 3049 propriam

2296 3080 2467 3136 alicui
2495 3078 2753 3150 religioso
2783 3078 3165 3135 commissum.
3205 3076 3371 3144 Quod
3398 3075 3444 3131 si
3469 3073 3607 3129 etiam
3624 3065 3771 3124 atmiis

2298 3171 2622 3229 criminibus
2646 3169 3047 3241 Omnipotentis
3076 3184 3311 3224 munere
3343 3162 3581 3222 immunis
3607 3159 3768 3216 habtur.

2297 3246 2628 3322 humilitatis
2654 3273 2838 3320 tamen
2869 3270 2955 3319 est
2976 3260 3252 3328 custodia,
3292 3273 3449 3316 reum
3490 3270 3591 3312 sese
3617 3250 3767 3306 cratere.

2295 3368 2349 3415 et
2384 3359 2628 3417 conﬁteri
2652 3358 2806 3414 omni
2832 3356 2967 3413 hora
3004 3355 3161 3428 juxta
3200 3354 3346 3427 legis
3367 3370 3478 3410 suae
3498 3344 3767 3414 sanciuqu-

2300 3451 2356 3508 S.
2396 3452 2596 3509 Bened.
2629 3467 2751 3523 cap.
2782 3450 2837 3521 4)
2866 3468 2879 3505 :
2904 3458 3034 3505 tunc
3062 3463 3193 3503 vero
3217 3434 3510 3519 pracipue,
3532 3458 3631 3500 eum
3651 3439 3766 3510 ναίειν

2297 3554 2388 3601 tur
2415 3545 2500 3600 vel
2528 3543 2744 3599 modica
2771 3542 3044 3609 molestia,
3064 3550 3347 3612 quatenus
3370 3552 3568 3610 semper
3592 3534 3642 3590 de
3664 3546 3703 3587 se
3722 3541 3768 3582 se

2296 3637 2482 3693 curior
2509 3632 2727 3693 esistat.
2778 3633 2830 3690 Is
2869 3649 3021 3706 ergo,
3071 3632 3141 3688 de
3161 3648 3277 3704 quo
3325 3632 3500 3687 dicere
3520 3635 3766 3698 ceperamus.

2294 3737 2554 3800 aegrotus,
2586 3743 2616 3783 a
2663 3726 2781 3783 suis
2813 3725 2977 3782 etiam
3013 3724 3224 3780 intimis
3262 3724 3459 3779 iterum
3498 3715 3766 3790 atquein!“

2297 3821 2364 3875 de
2389 3820 2582 3876 eodem
2608 3819 2859 3891 pulsatus
2906 3815 3120 3883 amicis,
3161 3831 3292 3871 eras
3339 3828 3540 3887 semper
3573 3802 3767 3866 differendo

2298 3913 2442 3969 sicut
2474 3923 2530 3968 et
2560 3911 2773 3968 exteris
2803 3908 3174 3982 promittebat.
3212 3906 3407 3980 Neque
3444 3905 3603 3976 aliquo
3632 3899 3681 3954 ab
3700 3894 3769 3963 φεῦ

2297 4006 2474 4078 potuit
2512 4004 2826 4077 extorqueri
2872 4012 3053 4076 pacto,
3085 3999 3454 4058 confessionis
3493 3992 3680 4054 remedia
3707 3983 3767 4041 ςῢί

2296 4099 2433 4155 velle
2455 4098 2734 4155 adbibere.
2768 4095 2884 4155 Hoc
2921 4095 3110 4152 tandiu
3139 4093 3444 4165 respondit,
3477 4091 3622 4146 donec
3645 4078 3768 4137 alii

2296 4206 2430 4247 voce
2482 4190 2733 4261 protinus
2780 4187 2929 4260 loqui
2971 4186 3201 4243 destitit.
3239 4183 3621 4256 Comperientes
3651 4165 3769 4229 dei!“

2297 4282 2495 4340 fratres
2520 4283 2699 4353 ipsum
2724 4280 3088 4347 obmutuisse,
3113 4276 3453 4335 consternati
3488 4272 3655 4329 animo.
3675 4264 3768 4333 ign“-

2296 4376 2492 4432 rabant
2517 4390 2630 4447 quo
2655 4390 2715 4431 se
2739 4380 3033 4441 verterent,
3058 4366 3551 4428 metuentesfratris
3569 4361 3769 4447 illinsffﬁ’
3852 4384 3853 4421 ἡ

604 4443 1026 4554 agnam.
1047 4443 1489 4539 naniam...
1532 4480 1776 4553 ejusdem
1804 4443 2060 4538 attollens
2088 4480 2196 4536 Pa-
2229 4470 2274 4526 ι)
2300 4443 2584 4525 scientiae:
2619 4467 2857 4538 alicuius
2885 4464 3112 4523 maximi
3137 4462 3406 4519 facinoris
3450 4443 3769 4554 m=c“'§_"?“f
3852 4480 3853 4503 ἰ

608 4576 729 4641 tris,
782 4576 836 4631 in
886 4593 950 4633 ea
997 4592 1159 4648 quam
1211 4572 1512 4646 receperat,
1563 4573 1799 4630 sanitate
1830 4574 2200 4645 perseveravit

604 4685 780 4741 usque
813 4670 881 4726 ad
911 4685 1024 4726 sua:
1052 4669 1343 4725 terminum
1366 4666 1509 4723 vitae.

674 4764 804 4819 Car.
847 4761 987 4817 XIV.
1024 4792 1091 4802 -—
1130 4761 1390 4816 Mamrch
1420 4758 1629 4832 loquela
1661 4759 1959 4814 redditam!
1998 4761 2197 4831 confes—

605 4859 828 4912 sionem.
865 4854 1434 4926 Prwpositi-ofﬁcium.
1476 4852 1772 4924 Confessio,
1811 4852 1976 4905 etiam
2018 4853 2197 4907 venia-

604 4948 758 5004 lium.
792 4946 1153 5021 Confessionis
1183 4946 1369 5003 dilata:
1389 4962 1562 5018 paena.
1589 4943 1864 5017 Optimum
1891 4944 2192 4999 consilium.

614 5036 903 5095 Viaticum.
944 5038 1083 5095 Cum
1116 5038 1225 5094 sint
1250 5038 1459 5108 reliqua
1487 5052 1610 5109 qua:
1637 5036 1933 5094 scribimus
1977 5035 2197 5092 miseri-

605 5132 804 5189 cordiae
845 5148 1029 5205 opera,
1065 5148 1162 5204 per
1190 5130 1405 5187 Patrem
1441 5129 1795 5198 Benedictum
1838 5129 1908 5185 ab
1940 5128 2195 5200 omnipo-

604 5234 752 5289 tente
787 5223 1018 5282 Domino
1044 5223 1476 5282 misericorditer
1506 5224 1773 5296 impensa,
1812 5237 1984 5278 unum
2012 5231 2195 5277 tamen

678 5361 754 5432 (7)
777 5359 1047 5419 Rainerus
1068 5361 1235 5419 abbas
1257 5355 1842 5432 coronationiPhilippi
1861 5356 2009 5428 regis
2025 5355 2194 5410 inter-

604 5430 775 5488 fuisse
801 5443 1135 5494 memoratur
1156 5447 1302 5489 anno
1327 5430 1486 5486 1059.

677 5504 752 5575 (8)
793 5504 1171 5578 Praepositum
1195 5502 1465 5578 siquidem
1504 5515 1593 5578 eo.
1614 5500 1738 5578 fine
1756 5498 2020 5578 institth
2044 5505 2191 5578 sunt,

602 5585 663 5630 ut
685 5567 1009 5646 praepositus
1036 5592 1145 5630 uno
1166 5567 1457 5646 aut'altero
1482 5571 1633 5646 socio
1654 5571 1897 5646 adhibito
1925 5567 2189 5646 praedium

604 5637 833 5718 aliquod,
855 5654 1194 5718 procuraret,
1207 5644 1302 5718 _uti
1331 5641 1784 5718 aliasdieendum
1808 5637 2191 5718 ubefi_us,_Deo

607 5709 790 5773 dante.
821 5709 1041 5774 Interim
1065 5709 1189 5788 lege
1207 5712 1447 5788 Brovveri
1472 5712 1671 5767 librum
1686 5710 1922 5781 primum
1945 5709 2193 5780 Antiqui-

530 5836 537 5849 ,
608 5801 777 5855 latum
804 5782 1158 5848 Euldensium
1183 5800 1301 5853 cap.
1333 5782 1383 5836 7.

2296 4570 2433 4628 tam,
2461 4560 2606 4633 quod
2632 4576 2734 4616 nec
2760 4559 2817 4614 in
2840 4558 3104 4616 extremis
3124 4572 3297 4612 ausus
3329 4552 3489 4610 fuerit
3508 4542 3767 4606 manifestam

2298 4654 2444 4713 Mota
2484 4668 2617 4726 ergo
2665 4653 2719 4708 in
2763 4651 3004 4723 capitulo
3032 4648 3360 4721 quaestione,
3395 4645 3517 4718 quid
3544 4633 3771 4729 aside???

2299 4762 2463 4817 super
2485 4717 2589 4800 hac
2622 4760 2701 4811 re,
2748 4717 3172 4801 formidantibus
3199 4740 3457 4795 omnibus
3488 4734 3548 4791 de
3580 4717 3770 4819 inuisi?

2296 4814 2405 4895 lius
2427 4832 2626 4904 salute,
2660 4851 2803 4893 unus
2827 4849 3019 4892 eorum
3044 4833 3271 4889 nomine
3308 4829 3618 4888 Gauzbertns
3637 4814 3769 4889 (9).“

2300 4929 2609 4995 timoratus,
2637 4926 2732 4998 qui
2767 4926 2933 4982 etiam
2969 4925 3185 4981 abbatis
3214 4922 3392 4980 oliieio
3438 4919 3626 4975 functus
3643 4906 3768 4998 feet“:

2299 5021 2392 5078 sed
2433 5020 2538 5077 sibi
2567 4994 2941 5091 subjectorum
2986 5032 3171 5074 mores
3206 5025 3541 5087 nequaquam
3572 4994 3768 5095 calenti!“

2294 5117 2504 5185 valens,
2544 5116 2872 5172 renuntians
2908 5114 3117 5170 nomini
3148 5113 3292 5184 quod
3338 5111 3590 5166 incassum

2297 5183 2606 5265 Floriacum
2633 5222 2822 5264 amore
2853 5205 3034 5263 Patris
3063 5183 3340 5260 Benedicti
3364 5198 3643 5271 expetierat,
3660 5183 3766 5240 ιιΙὶισ

2368 5345 2449 5417 (9),
2484 5343 2823 5417 Gaurbertus
2844 5342 2899 5397 in
2918 5338 3397 5417 _editis,_mendose_.
3419 5334 3470 5417 is
3484 5318 3763 5417 aiiﬂﬁﬁ'ﬂ‘;

2296 5390 2566 5481 ni‘fa’llor,
2594 5413 2985 5477 Ferrariensis,
3028 5390 3188 5480 cujus
3230 5408 3429 5464 mentio
3458 5405 3515 5481 i_n_
3543 5390 3764 5481 Vilﬁ‘fﬁ‘

2294 5485 2501 5542 Aldrici
2535 5460 2777 5554 episcopi
2828 5460 3183 5548 Sevno‘nensJiS,
3240 5460 3433 5554 supra;
3463 5473 3516 5554 μά
3557 5460 3762 5554 εξ

2295 5559 2456 5640 longe
2476 5534 2900 5640 extia‘ordinenm
2936 5534 3258 5635 posituscst
3278 5534 3329 5603 in
3352 5534 3762 5640 editis2

2292 5602 2538 5685 decimus
2557 5627 2805 5681 habetur.
2830 5602 2972 5679 San'e
2993 5624 3113 5693 ejus
3132 5632 3368 5691 tempore
3392 5613 3595 5693 maxime

2294 5665 2466 5779 iliisse
2493 5697 2792 5779 regularem
2814 5665 3184 5779 disciplinam,
3200 5665 3343 5762 patet
3364 5704 3424 5743 ex
3441 5680 3653 5756 praedicta
3676 5665 3761 5717 ‘3“.

2278 5769 2450 5838 Quod
2481 5764 2618 5824 satis
2643 5765 2898 5823 convenit
2920 5765 2973 5819 in
3003 5764 3147 5820 hunc
3172 5764 3367 5817 locum.
