3946 6306
145 315 277 375 1901

1253 305 1615 367 ΜΙΒᾹΕΟΙΑ
1655 308 1905 367 SANCTI
1944 309 2329 368 BENEDICTI.

3294 319 3431 379 im

143 430 329 492 intulit
359 451 373 487 :
402 429 591 497 Miror,
625 444 733 496 tros,
759 429 969 499 fratres,
994 429 1144 483 viros
1177 427 1443 497 sapientes
1462 444 1620 498 super
1647 427 1743 481 hoc
1774 430 1818 485 Α
1849 428 1993 485 obvii
2016 445 2141 484 eum
2172 429 2363 496 armis,
2397 429 2452 484 in
2485 430 2619 485 locis
2650 430 2898 489 videlicet
2924 434 3247 504 opportunis
3281 436 3432 508 ejus-

133 526 352 599 rzegotio
371 524 450 579 sic
472 521 746 593 pendulos,
770 538 890 575 cum
906 517 1145 577 habeatis
1173 519 1230 574 in
1256 522 1503 590 praesenti
1531 528 1736 575 tantum

131 626 430 689 patronum
450 610 580 683 legis
604 620 787 666 vestrae
808 611 1149 677 saneitorem,
1177 610 1534 681 preerogau'ra
1578 611 1739 664 mira-

127 708 387 765 culorum
433 703 770 775 prrcclarum.
830 700 889 758 Si
934 703 1111 774 placet
1156 703 1336 773 itaque
1378 702 1522 757 vobis
1566 718 1738 757 meum

125 798 452 864 consilium,
500 797 726 868 ingressi
781 797 1163 851 monasterium
1209 793 1347 866 (10),
1401 810 1584 849 coram
1623 795 1738 864 ipso

127 901 295 945 terra:
308 896 749 959 prosternamur:
770 886 1040 957 placemus
1062 904 1155 958 per
1180 887 1356 957 ipsum
1380 888 1521 942 iram
1544 886 1741 941 summi

114 981 335 1053 judicis
386 986 609 1034 cantata
641 977 836 1033 litania
880 995 1000 1034 eum
1025 987 1220 1049 septem
1241 978 1487 1049 psalmis.
1516 978 1743 1045 Audita,

124 1075 362 1140 fratres,
389 1073 652 1145 sapientis
687 1073 790 1132 viri
821 1075 1221 1141 exhortatione,
1259 1073 1564 1129 acclamant
1590 1071 1740 1144 quod

122 1170 496 1237 suggesserat
542 1161 741 1218 debere
780 1162 919 1218 fieri.
952 1161 1096 1234 Ergo
1135 1161 1393 1233 prostrati
1424 1161 1739 1233 pavimento

121 1267 258 1316 ante
282 1256 565 1313 tumulum
590 1255 788 1325 Patris,
816 1258 1121 1329 psallebant
1141 1256 1360 1313 litanias
1383 1272 1507 1311 cum
1530 1264 1738 1326 septem

124 1351 395 1423 psalmis.
412 1348 626 1418 Quibus
645 1350 898 1421 expletis,
911 1350 1253 1422 conjungunt
1272 1347 1429 1405 fratri
1452 1348 1738 1421 egrotanti

124 1442 368 1498 fratrem
406 1441 702 1512 quemdam
730 1457 864 1498 sane
886 1442 1085 1499 mentis
1107 1441 1306 1508 virum,
1330 1440 1553 1496 nomine
1578 1439 1737 1495 Milo-

123 1548 259 1590 nem
291 1551 305 1587 :
338 1532 464 1603 qui,
490 1531 625 1588 dum
650 1547 778 1588 eum
822 1531 1048 1588 nomine
1078 1530 1301 1603 proprio
1330 1539 1603 1596 vocasset,
1649 1529 1739 1585 ille

122 1624 296 1695 quasi
326 1624 402 1680 de
424 1638 624 1679 somno
650 1624 846 1681 mortis
880 1624 1168 1697 evigilans,
1202 1623 1396 1679 oculos
1421 1622 1659 1695 aperuit,
1684 1630 1740 1678 et

127 1715 238 1770 sibi
270 1715 536 1786 protinus
576 1724 858 1785 resumpto
896 1730 1154 1772 sermone
1194 1714 1506 1786 respondit;
1543 1714 1739 1771 deinde

124 1805 482 1871 admonitus,
506 1822 615 1863 sua
647 1805 936 1863 confessus
959 1814 1046 1863 est
1072 1792 1333 1879 peccata.
1352 1802 1450 1863 liis
1477 1804 1735 1877 peractis,

128 1900 403 1956 viaticum
453 1916 569 1961 suae
608 1901 824 1970 salutis,
855 1917 1059 1973 corpus
1100 1902 1291 1974 utique
1329 1911 1384 1958 et
1413 1900 1737 1974 sanguinem

128 1989 381 2058 Domini,
405 1992 703 2063 accipiens,
740 1993 851 2048 vita
887 1993 1142 2051 decessit.
1173 1993 1396 2050 Fratres
1430 2008 1562 2050 vero
1582 1992 1740 2050 exhi-

127 2080 295 2137 larati
318 2082 548 2153 oppido,
588 2082 890 2154 gratiarum
919 2084 1166 2140 actiones
1205 2085 1514 2140 retulerunt
1554 2082 1738 2140 omni-

130 2173 347 2244 potenti
377 2172 637 2241 Domino,
664 2174 758 2246 qui
789 2183 903 2231 tam
924 2175 1213 2248 magnifice
1232 2174 1522 2231 subvenire
1548 2174 1740 2248 digna-

134 2272 230 2320 tus
254 2273 343 2322 est
371 2281 473 2336 per
493 2280 595 2322 eos
632 2264 788 2321 fratri
809 2266 1077 2339 perituro,
1116 2265 1295 2324 Patris
1317 2265 1595 2323 Benedicti
1621 2281 1739 2323 me-

139 2359 269 2417 rito.

208 2454 344 2512 CAP.
387 2455 507 2512 XV.
543 2487 615 2498 —
651 2457 846 2514 Ρνωάο
872 2459 1383 2517 excommunicatus.
1419 2456 1743 2513 Exeommu-

139 2546 414 2601 nicatione
441 2556 620 2617 spreta
643 2547 780 2602 male
801 2549 960 2618 perit.
984 2548 1273 2604 Albericus
1295 2562 1439 2603 unus
1457 2563 1522 2603 ex
1544 2547 1744 2618 primo-

146 2633 302 2690 ribus
340 2633 511 2691 castri
555 2633 907 2691 Castellionis
954 2633 1068 2705 (ll)
1093 2632 1242 2704 quod
1268 2640 1353 2689 est
1381 2633 1548 2689 situm
1578 2648 1744 2703 super

146 2725 357 2799 Lupam
386 2727 692 2795 lluviolum,
719 2728 955 2791 vesaniae
982 2725 1221 2784 stimulis
1248 2725 1507 2799 agitatus,
1527 2726 1745 2781 creber-

148 2820 305 2878 rimis
335 2820 832 2891 deprasdationibus
862 2820 1063 2891 praedia
1103 2819 1304 2891 saepius
1324 2819 1538 2885 dicendi
1565 2816 1744 2875 Patris

146 2911 495 2979 devastabat,
518 2910 757 2967 maxime
775 2911 866 2966 illa
890 2925 1014 2981 quae
1026 2909 1182 2965 Curti
1210 2908 1616 2965 Matriniacensi
1630 2908 1743 2979 (12)

148 3005 422 3075 adjacent.
455 3002 576 3072 Qua
610 3003 679 3059 de
721 3018 803 3071 re,
847 3002 1248 3058 mandaverunt
1285 2999 1389 3056 sibi
1416 3008 1527 3055 tam
1574 2999 1747 3055 abbas

1840 521 1963 578 dem
1988 522 2115 588 vici,
2152 539 2221 578 ne
2252 523 2563 594 patentibus
2592 524 2695 580 sibi
2717 525 2977 593 aditibus,
3002 528 3209 583 valeret
3224 528 3307 585 eis
3332 530 3434 586 ali~

1839 612 1973 683 quid
2021 612 2222 670 inferre
2254 614 2610 671 discriminis.
2666 614 2822 672 Unde
2880 616 3193 690 indignatus
3215 619 3303 675 ille
3332 604 3433 676 ne-

1840 719 2027 774 quam,
2058 707 2426 762 comminatus
2450 717 2534 763 est
2560 724 2685 763 cum
2729 709 2902 764 multo
2924 709 3259 780 juramento,
3304 727 3432 783 pero

1842 797 1983 852 fecto
2009 797 2227 869 negotio
2254 815 2364 869 quo
2390 801 2662 867 tendebat,
2683 816 2743 857 se
2783 816 2976 857 omnes
2995 817 3091 859 eos
3115 811 3304 874 captos
3326 802 3433 857 du-

1841 898 2082 957 cturum,
2115 888 2342 962 insuper
2368 901 2423 948 et
2448 893 2626 948 vicum
2650 894 2903 949 eumdem
2931 894 3306 951 incensurum.
3330 894 3433 949 Cui

1840 981 1946 1037 viri
1981 982 2057 1038 illi
2089 986 2504 1055 respondentes,
2542 988 2801 1043 dixerunt
2832 1006 2846 1043 :
2888 988 2957 1043 Te
3004 989 3215 1060 quidem
3256 989 3435 1060 palam

1838 1085 1917 1135 est
1946 1075 2174 1131 multum
2194 1093 2345 1147 posse
2359 1087 2409 1135 et
2433 1078 2560 1134 velle
2589 1080 2738 1135 nobis
2755 1080 2975 1135 nocendi
2996 1081 3204 1136 habere.
3236 1081 3434 1136 Potens

1840 1175 2016 1220 autem
2045 1175 2123 1220 est
2148 1166 2313 1235 Deus,
2346 1170 2552 1224 meritis
2572 1169 2785 1226 Domini
2810 1172 2981 1243 nostri
3010 1171 3162 1241 cujus
3182 1172 3319 1227 servi
3344 1189 3436 1226 su—

1842 1269 1957 1307 mus
1989 1252 2286 1321 Benedicti,
2325 1254 2389 1308 ab
2419 1256 2778 1311 interminatis
2807 1274 2841 1312 a
2869 1266 2919 1312 te
2939 1266 3178 1328 potenter
3210 1256 3437 1312 liberare

1841 1364 1934 1403 nos
1964 1348 2383 1407 calamitatibus.
2409 1349 2503 1407 llle
2526 1366 2653 1407 cum
2688 1366 2823 1407 voce
2851 1352 3053 1409 minaci
3071 1367 3235 1423 'equo
3258 1351 3436 1407 calca-

1840 1442 1995 1499 ribus
2037 1443 2329 1511 concitato,
2364 1460 2477 1514 quo
2521 1444 2776 1501 tendebat
2821 1444 3060 1516 perrexit
3089 1445 3277 1501 miser.
3327 1442 3435 1512 Qui

1840 1550 1966 1592 cum
1987 1534 2203 1592 Patrem
2227 1536 2583 1593 Benedictum
2618 1536 2902 1593 debuisset
2928 1537 3162 1609 supplici
3188 1552 3344 1604 voce,
3374 1544 3437 1592 ut

1838 1626 1891 1683 ei
1912 1627 1966 1682 in
1998 1627 2264 1683 auxilium
2284 1635 2449 1695 esset,
2474 1627 2530 1682 in
2554 1627 2650 1682 tali
2672 1626 2989 1684 discrimine
3010 1642 3079 1681 ne
3101 1625 3438 1697 periclitare-

1842 1726 1954 1784 tur,
1983 1731 2298 1788 exposcere,
2328 1724 2671 1773 contestatus
2694 1724 2779 1772 est
2803 1731 2994 1772 servos
3026 1714 3172 1771 illius
3201 1716 3256 1769 in
3294 1730 3435 1784 pra:-

1838 1809 1966 1865 dnm
1988 1825 2048 1866 se
2073 1808 2434 1876 minaturum,
2466 1808 2608 1864 bona
2634 1823 2827 1864 eorum
2850 1807 3213 1878 direpturum,
3248 1814 3301 1862 et
3333 1806 3434 1860 ha-

1839 1901 2081 1958 bitacula
2110 1901 2224 1975 igni
2252 1909 2645 1957 crematorum.
2684 1898 2821 1955 Dum
2848 1914 2980 1971 ergo
3013 1898 3347 1969 pervenisset
3368 1897 3437 1953 ad

1838 2004 2085 2053 castrum
2107 1993 2362 2065 superius
2394 1993 2649 2059 relatum,
2681 1992 2913 2049 adorsus
2940 1990 3073 2047 illud
3099 2006 3225 2047 cum
3260 1989 3439 2061 prima

1838 2102 2005 2157 quam
2030 2086 2250 2157 regebat
2276 2085 2503 2141 cohorte
2534 2084 2799 2157 (reliquus
2825 2083 2973 2140 enim
3007 2082 3280 2139 exercitus
3311 2098 3438 2138 cum

1840 2179 2040 2237 comite
2061 2179 2221 2250 longe
2240 2185 2365 2249 post
2392 2175 2764 2248 sequebatur),
2777 2175 2941 2246 coepit
2959 2174 3170 2247 sagittis
3188 2182 3243 2230 et
3262 2173 3442 2229 diver-

1842 2269 1921 2325 sis
1951 2269 2256 2325 missilibus
2289 2283 2386 2325 eos
2427 2268 2522 2339 qui
2545 2269 2696 2324 intus
2727 2275 2887 2323 erant
2917 2265 3201 2324 infestare.
3228 2266 3440 2321 Armati

1780 2386 1784 2390 -
1840 2374 1972 2416 vero
1991 2359 2199 2432 egressi
2233 2365 2422 2431 portas
2446 2359 2612 2415 castri
2642 2358 2889 2430 ejusdem
2932 2358 3221 2430 indigenae,
3271 2359 3328 2414 in
3373 2373 3441 2413 eo

1842 2452 1989 2526 quod
2008 2452 2226 2521 accidit,
2244 2453 2457 2524 probati
2472 2461 2611 2521 sunt
2632 2460 2853 2509 strenue
2874 2449 3443 2517 restitissc.,Tendens

1841 2545 1989 2602 cnim
2033 2545 2258 2616 quidam
2302 2546 2545 2601 adversae
2576 2543 2750 2615 partis
2778 2559 2989 2611 areum,
3026 2541 3160 2614 jecit
3186 2541 3442 2613 sagittam

1845 2637 1902 2693 in
1927 2637 2277 2704 Albericum;
2309 2637 2405 2708 qui
2425 2651 2491 2692 ea
2523 2636 2687 2701 ictus,
2710 2649 2877 2705 super
2903 2649 3074 2689 unum
3102 2648 3329 2689 suorum
3352 2649 3444 2704 ge-

1844 2747 2039 2799 nuum,
2062 2746 2188 2786 mox
2216 2731 2285 2787 de
2305 2710 2449 2801 equo
2468 2730 2559 2785 cui
2582 2728 2874 2793 insidebat,
2906 2726 2982 2782 ita
3008 2726 3287 2796 proclivus
3312 2739 3443 2780 cor-

1847 2839 2037 2892 ruens,
2062 2832 2124 2879 ut
2141 2824 2293 2897 galea
2320 2822 2501 2878 telluri
2524 2821 2827 2877 illideretur
2843 2861 2858 2886 ,
2884 2818 3205 2889 exspiravit,
3228 2826 3284 2873 et
3303 2831 3444 2888 quas

1846 2932 2128 2974 incassum
2147 2916 2412 2972 adversus
2434 2914 2652 2971 Patrem
2677 2922 2930 2970 nostrum
2953 2910 3221 2968 effuderat
3242 2909 3442 2975 minas.

1849 3009 2028 3081 perire
2066 3008 2349 3080 permisit;
2383 3005 2521 3061 nihil
2548 3020 2744 3076 nempe
2771 3014 2896 3075 post
2922 3003 3125 3059 vulnus
3158 3010 3445 3073 acceptum

153 3092 470 3165 Bainerius,
507 3111 675 3167 Quam
718 3094 919 3152 fratres
941 3093 1047 3151 sub
1072 3108 1140 3149 eo
1180 3092 1459 3186 degenleS,
1503 3100 1563 3148 ut
1596 3107 1747 3186 09111-
1773 3123 1819 3186 c
1851 3099 2001 3171 loqui
2022 3098 2212 3155 valuit.
2239 3095 2567 3168 liujusmodi
2589 3096 3008 3152 retributionem
3034 3094 3274 3165 superbo
3300 3092 3445 3150 Deus

132 3187 321 3245 .missa
340 3189 660 3261 corrigeret,
685 3198 740 3245 et
759 3188 829 3244 de
861 3195 1060 3245 extero
1090 3186 1358 3244 adversus
1381 3185 1601 3243 Patrem
1630 3184 1736 3242 Be-

154 3282 428 3339 nedictum
473 3283 603 3340 talia
647 3284 991 3341 committere
1034 3294 1270 3339 caveret.
1303 3280 1411 3349 Qui
1436 3296 1538 3353 pro
1573 3280 1747 3336 nihilo

153 3374 357 3433 ducens
385 3376 666 3444 mandata,
710 3376 968 3448 pessimis
1003 3374 1205 3446 adjecit
1233 3373 1439 3446 pejora.
1487 3372 1745 3429 Dolantes

155 3482 281 3524 vero
302 3467 502 3526 fratres
527 3468 745 3526 Patrem
769 3468 969 3541 saepius
992 3467 1388 3526 nominandum
1407 3466 1747 3537 contemptui

156 3554 363 3625 haberi,
412 3566 469 3614 et
521 3556 757 3621 famulos
806 3574 939 3615 suos
979 3557 1297 3625 extenuari;
1339 3556 1476 3613 inito
1513 3558 1747 3614 consilio

153 3651 495 3708 concorditer
524 3651 837 3722 praedonem
871 3644 1026 3707 illum
1059 3666 1183 3707 cum
1206 3649 1309 3706 sibi
1334 3649 1390 3705 in
1414 3650 1519 3707 hoc
1544 3651 1748 3716 scelere

156 3740 606 3813 participantibus
633 3743 999 3798 anathematis
1024 3756 1307 3810 mucrone,
1329 3741 1387 3796 ni
1412 3750 1673 3821 cessaret,
1694 3750 1748 3798 et

156 3833 391 3904 neglecta
415 3835 753 3904 emendaret,
782 3835 1084 3892 multarunt
1126 3834 1261 3908 (15).
1299 3833 1447 3891 idem
1477 3843 1659 3892 autem
1690 3835 1744 3890 in

156 3924 312 3983 malis
331 3916 714 3998 perseverans,
735 3942 927 3984 eorum
947 3926 1571 3984 excommunicationem
1586 3923 1747 3998 quasi

153 4011 370 4089 aliqqu
396 4016 657 4074 frivolum
684 4017 933 4088 despexit
963 4037 979 4074 :
1011 4017 1299 4073 induratus
1329 4017 1537 4084 animo,
1567 4019 1747 4089 negle-

156 4112 241 4161 cta
271 4110 511 4182 neglexit
525 4110 840 4177 emendare,
877 4118 934 4166 et
980 4125 1014 4165 a
1059 4125 1161 4166 sua
1193 4109 1552 4180 perversitate
1571 4110 1749 4166 noluit

155 4211 384 4258 cessare.
408 4201 646 4260 Proinde
664 4201 1022 4273 Omnipotens
1042 4201 1135 4273 qui
1161 4200 1433 4257 clamores
1456 4201 1747 4260 humilium

157 4305 500 4368 nequaquam
534 4296 765 4367 spernit,
788 4306 842 4352 et
862 4298 961 4368 qui
982 4296 1219 4369 gemitus
1251 4296 1541 4352 viduarum
1563 4305 1618 4352 et
1640 4313 1747 4368 pu-

156 4384 404 4451 pillorum
424 4405 495 4446 ex
521 4390 632 4446 alto
651 4389 934 4461 prospicit,
956 4390 1212 4463 dignatus
1235 4399 1319 4447 est
1343 4390 1618 4446 consolari
1643 4390 1748 4447 sub

1851 3191 2121 3250 ultionum
2155 3190 2425 3247 Dominus
2446 3188 2885 3267 reddidit.(Psal.
2931 3189 3109 3259 xcm).

1917 3285 2047 3342 CAP.
2091 3283 2322 3340 XVI.—
2348 3281 2860 3337 Excommunicutus
2906 3280 3112 3337 solutus
3149 3288 3266 3351 post
3305 3295 3449 3334 mora

1849 3390 1972 3435 tem.
2004 3378 2157 3434 Alius
2198 3377 2379 3450 praedo
2410 3376 2549 3432 male
2567 3377 2690 3431 erit.
2719 3375 2995 3448 Seguinus
3029 3389 3250 3446 quoque
3277 3372 3447 3444 hujul

1847 3471 2107 3538 Alberici,
2141 3470 2209 3526 de
2236 3485 2349 3541 quo
2380 3484 2547 3540 supra
2574 3468 2886 3537 retulimus,
2925 3477 3036 3524 tam
3072 3482 3242 3526 carne
3270 3476 3443 3538 quam

1848 3564 2058 3619 malitia
2108 3570 2468 3635 germanasy
2496 3562 2811 3621 nullatenus
2852 3559 3090 3616 terriﬁca
3130 3567 3310 3618 morte
3355 3558 3445 3616 sui

1849 3656 2016 3711 ratris
2046 3656 2272 3711 territus
2296 3664 2399 3711 est.
2439 3653 2686 3725 Denique
2729 3652 3050 3711 sceleratior
3089 3650 3261 3708 fratre
3293 3666 3426 3707 eva-

1848 3753 1940 3820 sit,
1983 3740 2193 3823 majora
2229 3750 2492 3808 adversus
2523 3749 2745 3807 Patrem
2791 3757 3045 3805 nostrum
3073 3761 3441 3820 praesumens,

1848 3842 2171 3901 multimoda
2217 3840 2538 3898 crudelitate
2586 3841 2646 3896 in
2683 3838 2923 3897 famulos
2968 3843 3091 3910 ejus
3136 3844 3438 3910 grassatus.

1847 3933 1954 4003 Qui
1991 3942 2116 4005 post
2162 3947 2351 3989 necem
2394 3931 2603 4000 fratris,
2651 3946 2753 4003 pro
2805 3931 3152 3989 absolutione
3191 3927 3440 4001 ejusdem

1847 4027 2157 4085 Floriacum
2190 4024 2458 4098 pervenit,
2487 4034 2543 4082 et
2567 4040 2635 4083 ea
2664 4026 2952 4096 impetrata
2983 4021 3353 4095 spoponderat
3384 4037 3445 4077 se

1847 4120 1916 4177 de
1946 4129 2145 4178 caetero
2190 4118 2407 4176 ﬁdelem
2447 4116 2725 4185 futurum,
2769 4126 2827 4173 et
2869 4118 2938 4174 de
2984 4114 3224 4201 propriis
3266 4113 3443 4169 multa

1848 4212 2197 4285 largiturum.
2225 4210 2337 4268 Sed
2363 4210 2552 4266 omnia
2581 4210 2866 4279 mentitus,
2888 4224 2990 4280 pro
3011 4207 3157 4264 fideli
3180 4205 3441 4272 infidelis,

1848 4320 1949 4377 pro
1984 4302 2242 4376 largitore
2278 4311 2467 4373 raptor
2500 4301 2727 4359 effectus
2756 4308 2865 4357 est.
2908 4298 3010 4356 llic
3053 4313 3184 4372 ergo
3220 4298 3441 4355 devium

1848 4393 2037 4453 fratris
2061 4395 2164 4453 iter
2188 4394 2489 4466 ingressus,
2521 4393 2687 4465 erepit
2710 4401 2766 4449 et
2790 4393 2908 4464 ipse
2936 4391 3162 4464 rapinas
3184 4405 3445 4447 exercere

156 4472 255 4533 bac
281 4482 556 4538 anxietate
581 4496 770 4540 servos
796 4497 950 4538 suos.
981 4480 1222 4555 Contigit
1265 4482 1435 4551 enim,
1464 4490 1525 4539 ut
1546 4498 1745 4554 supra-
1775 4474 1825 4536 D
1848 4486 1917 4543 de
1944 4486 2124 4542 Patris
2156 4485 2435 4543 Benedicti
2471 4484 2916 4555 possessionibus
2935 4517 2972 4553 ,ο
3001 4484 3176 4555 ipsius
3206 4482 3445 4539 famulos

157 4565 299 4628 fatus
325 4573 511 4645 praedo
538 4575 788 4631 ductaret
829 4575 1130 4632 exercitum
1180 4576 1399 4632 comitis
1445 4575 1745 4634 Theobaldi

156 4673 319 4732 super
359 4666 697 4724 habitatores
732 4668 921 4737 castri,
969 4668 1117 4738 quod
1147 4685 1179 4724 a
1207 4669 1565 4726 saecularibus
1590 4670 1744 4739 viris,

158 4755 300 4823 turpi
325 4767 581 4815 censetur
624 4758 893 4814 vocabulo
922 4778 934 4814 :
967 4775 999 4815 a
1029 4760 1189 4818 nabis
1222 4775 1354 4816 vero
1382 4761 1586 4832 quibus
1612 4777 1745 4833 pro-

158 4838 387 4906 hibitum
414 4857 500 4905 est
540 4850 769 4920 turpiter
791 4850 962 4921 loqui,
993 4849 1466 4909 Malumtalentum
1494 4863 1742 4913 vocatur.

158 4929 280 5005 Qui,
317 4939 448 4996 dum
479 4940 589 4997 dux
619 4941 676 4996 in
705 4941 884 5013 primo
910 4942 1124 5013 agmine
1143 4943 1248 4998 iter
1268 4941 1493 5012 faceret,
1527 4957 1748 5018 propter

159 5036 361 5086 curtem
411 5033 527 5103 jam
564 5032 767 5089 dictam
827 5032 1325 5102 Matriniaeensem,
1367 5038 1613 5094 exterriti
1649 5039 1745 5111 qui

158 5129 274 5174 eam
321 5122 719 5192 inhabitabant,
758 5124 1004 5181 videntes
1043 5124 1321 5181 hominem
1349 5127 1454 5183 sibi
1484 5127 1744 5187 infestum

126 5221 279 5269 'cum
325 5227 475 5277 tanta
505 5219 694 5277 adfore
737 5220 973 5276 militum
1012 5220 1380 5298 multitudine,
1417 5222 1669 5282 exierunt
1690 5228 1743 5284 ei

163 5435 353 5565 feé‘l‘yn)‘
378 5439 544 5567 litem
567 5441 877 5508 ecclesiam,
902 5450 963 5498 ut
983 5458 1049 5499 ex
1076 5451 1367 5500 contextus
1396 5445 1538 5502 serie
1566 5447 1745 5502 mani-

164 5647 215 5696 ιθ
232 5577 347 5703 (Ἢ
377 5582 552 5707 γυιῆο
581 5582 1165 5668 (Σὴὰιὶιιοη-ειιν-ζλοὶη,
1191 5589 1570 5670 ευρι-οοιιὼθηι
1594 5587 1747 5644 Mon-

219 5662 267 5701 m
347 5669 428 5707 rm
446 5669 499 5707 at
540 5654 747 5707 Lunam
776 5668 992 5707 amnem
1015 5672 1070 5707 ιη
1097 5655 1424 5707 Bumundm
1452 5675 1592 5707 meo
1617 5659 1747 5707 Wa-

220 5654 747 5737 tn‘Argiiadnltupam
776 5668 992 5709 amnem
1015 5655 1070 5710 in
1097 5654 1424 5729 Burgundize
1452 5675 1592 5731 pago
1617 5659 1749 5715 Wa-

168 5721 407 5789 stinensi',
431 5726 480 5779 le
511 5721 776 5780 Gdtinais.

236 5787 343 5863 (η)
375 5787 558 5854 Curtis
590 5795 894 5853 Matriniaci
918 5797 1080 5866 infra,
1109 5799 1360 5873 vulgata
1389 5799 1532 5856 Cour
1576 5801 1748 5856 Mari-

1850 4593 1992 4649 quos
2017 4584 2231 4649 poterat
2254 4576 2497 4647 capiens,
2527 4585 2582 4631 et
2605 4590 2800 4632 eorum
2826 4577 2981 4632 bona
3000 4574 3289 4646 diripiens,
3328 4582 3446 4631 tan-

1850 4683 2019 4741 quam
2046 4668 2310 4728 ultionem
2336 4666 2525 4724 fratris
2552 4666 2620 4723 de
2644 4665 2825 4724 Patris
2859 4665 3137 4724 Benedicti
3163 4673 3445 4736 expeteret

1849 4765 2091 4822 famulis.
2116 4763 2221 4831 Qui
2242 4771 2296 4820 et
2320 4764 2437 4834 ipse
2466 4763 2668 4833 sapius
2693 4761 3011 4819 admonitus
3034 4778 3066 4817 a
3096 4777 3195 4818 sua
3225 4774 3444 4817 cessare

1847 4858 2045 4915 debere
2072 4856 2302 4923 malitia,
2334 4855 2486 4913 nullo
2507 4854 2672 4911 modo
2696 4854 2991 4925 acquievit.
3022 4853 3107 4909 Au
3133 4859 3443 4908 extremum

1851 4955 1982 5012 dum
2014 4953 2252 5025 quadam
2279 4952 2368 5009 die
2396 4952 2610 5024 praedas
2643 4951 2712 5008 de
2736 4961 2884 5008 terra
2920 4966 3044 5023 quae
3076 4948 3234 5004 Curti
3261 4947 3445 5003 Matri-

1849 5045 2093 5102 niacensi
2114 5044 2347 5115 adjacet,
2363 5059 2556 5116 agens,
2574 5043 2796 5101 suillum
2812 5057 3029 5116 gregem
3050 5040 3336 5108 minasset,
3365 5040 3446 5096 di-

1846 5132 1981 5189 recti
2011 5140 2141 5188 sunt
2164 5130 2234 5187 ad
2261 5145 2389 5186 eum
2417 5130 2514 5202 qui
2543 5147 2647 5188 sua
2674 5136 3003 5202 repeterent,
3031 5135 3087 5183 et
3110 5127 3444 5185 emendatio-

1849 5238 1977 5280 nem
2018 5222 2340 5285 suaderent;
2391 5222 2484 5293 qui
2539 5222 2824 5283 abcuntes,
2864 5219 3194 5281 invenerunt
3227 5231 3355 5273 eum
3385 5215 3442 5271 in

1850 5460 1974 5517 θην,
1999 5441 2256 5517 «limcesis
2287 5442 2621 5517 Senonensis
2644 5440 3034 5517 subdecanatu
3054 5438 3439 5517 _Wastinerrsi_;

1851 5511 2101 5586 ad'quem
2129 5515 2295 5570 etiam
2320 5516 2551 5585 pertinet
2573 5512 2904 5586 Bordellum,
2925 5511 3096 5583 quod,
3120 5512 3168 5568 si
3198 5525 3312 5586 non
3336 5512 3441 5586 fal-

1849 5581 2452 5654 lorfMalumtaleritum
2485 5592 2678 5639 auctor
2714 5581 2959 5639 inferius
2973 5590 3133 5638 vocat
3161 5581 3443 5653 religionis

1852 5673 2039 5714 causa.
2065 5656 2368 5712 Matriniaci
2406 5655 2652 5710 meminit
2672 5654 3006 5709 Adrevaldus
3042 5669 3149 5708 non
3178 5654 3366 5711 semel.

1924 5729 2037 5798 (l5)
2075 5728 2151 5783 De
2185 5725 2693 5783 excommunirandi
2728 5726 2833 5779 ritu
2851 5741 2971 5798 per
2995 5724 3044 5798 id
3074 5734 3292 5794 tempus
3326 5740 3443 5778 scr-

1851 5796 1977 5858 vato
2002 5799 2207 5855 dictum
2232 5799 2285 5852 in
2304 5798 2626 5869 praefatione
2652 5798 2817 5868 hujus
2844 5796 3060 5851 Sa'culi.
