  <div class='ocr_page' id='page_1' title='image "/cluster/home/n/w/nwhite01/storage/ocr_20150623/160/hvd.32044015473846/603.png"; bbox 0 0 3994 6408; ppageno 0'>
   <div class='ocr_carea' id='block_1_1' title="bbox 460 289 3781 390">
    <p class='ocr_par' dir='ltr' id='par_1_1' title="bbox 460 289 3781 390">
     <span class='ocr_line' id='line_1_1' title="bbox 460 289 3781 390; baseline 0.001 -3"><span class='ocrx_word' id='word_1_1' title='bbox 460 336 467 341; x_wconf 81' lang='grc'><em>”</em></span> <span class='ocrx_word' id='word_1_2' title='bbox 496 328 639 387; x_wconf 67' lang='grc' dir='ltr'><strong>ωδ</strong></span> <span class='ocrx_word' id='word_1_3' title='bbox 1421 289 1725 388; x_wconf 61' lang='lat' dir='ltr'><strong>BADULFI</strong></span> <span class='ocrx_word' id='word_1_4' title='bbox 1764 331 2096 389; x_wconf 80' lang='lat' dir='ltr'><strong>TOR&#39;I&#39;ARII</strong></span> <span class='ocrx_word' id='word_1_5' title='bbox 2132 330 2442 390; x_wconf 75' lang='lat' dir='ltr'><strong>MONACIII</strong></span> <span class='ocrx_word' id='word_1_6' title='bbox 2480 329 2803 389; x_wconf 69' lang='lat' dir='ltr'><strong>FLOBIAL.</strong></span> <span class='ocrx_word' id='word_1_7' title='bbox 3646 332 3781 390; x_wconf 65' lang='grc'><strong>1204</strong></span> 
     </span>
    </p>
   </div>
   <div class='ocr_carea' id='block_1_2' title="bbox 454 404 3781 530">
    <p class='ocr_par' dir='ltr' id='par_1_2' title="bbox 454 444 3781 530">
     <span class='ocr_line' id='line_1_2' title="bbox 454 444 3781 530; baseline 0 -28"><span class='ocrx_word' id='word_1_8' title='bbox 454 484 459 487; x_wconf 89' lang='grc'><strong>-</strong></span> <span class='ocrx_word' id='word_1_9' title='bbox 492 446 592 502; x_wconf 83' lang='lat' dir='ltr'><strong>sua</strong></span> <span class='ocrx_word' id='word_1_10' title='bbox 638 445 823 504; x_wconf 89' lang='lat' dir='ltr'><strong>domo.</strong></span> <span class='ocrx_word' id='word_1_11' title='bbox 871 444 1003 502; x_wconf 87' lang='lat' dir='ltr'><strong>Erat</strong></span> <span class='ocrx_word' id='word_1_12' title='bbox 1044 456 1225 503; x_wconf 88' lang='lat' dir='ltr'><strong>autem</strong></span> <span class='ocrx_word' id='word_1_13' title='bbox 1274 446 1391 519; x_wconf 86' lang='lat' dir='ltr'><strong>ipsa</strong></span> <span class='ocrx_word' id='word_1_14' title='bbox 1428 448 1625 505; x_wconf 87' lang='lat' dir='ltr'><strong>domus</strong></span> <span class='ocrx_word' id='word_1_15' title='bbox 1665 450 1843 520; x_wconf 82' lang='lat' dir='ltr'><strong>lignea</strong></span> <span class='ocrx_word' id='word_1_16' title='bbox 1882 450 2072 516; x_wconf 87' lang='lat' dir='ltr'><strong>turris,</strong></span> <span class='ocrx_word' id='word_1_17' title='bbox 2106 454 2153 512; x_wconf 77' lang='grc' dir='ltr'>Α</span> <span class='ocrx_word' id='word_1_18' title='bbox 2179 448 2466 505; x_wconf 80' lang='lat' dir='ltr'><strong>ecclesiam</strong></span> <span class='ocrx_word' id='word_1_19' title='bbox 2493 448 2547 503; x_wconf 89' lang='lat' dir='ltr'><strong>in</strong></span> <span class='ocrx_word' id='word_1_20' title='bbox 2579 448 2768 504; x_wconf 81' lang='lat' dir='ltr'><strong>eodem</strong></span> <span class='ocrx_word' id='word_1_21' title='bbox 2799 447 2922 501; x_wconf 88' lang='lat' dir='ltr'><strong>loco</strong></span> <span class='ocrx_word' id='word_1_22' title='bbox 2949 453 3324 530; x_wconf 71' lang='lat' dir='ltr'><strong>constructam</strong></span> <span class='ocrx_word' id='word_1_23' title='bbox 3354 444 3681 518; x_wconf 86' lang='lat' dir='ltr'><strong>confugium</strong></span> <span class='ocrx_word' id='word_1_24' title='bbox 3710 446 3781 503; x_wconf 74' lang='lat' dir='ltr'><strong>te-</strong></span> 
     </span>
    </p>
   </div>
   <div class='ocr_carea' id='block_1_3' title="bbox 490 537 2074 613">
    <p class='ocr_par' dir='ltr' id='par_1_3' title="bbox 490 537 2074 613">
     <span class='ocr_line' id='line_1_3' title="bbox 490 537 2074 613; baseline 0.004 -22"><span class='ocrx_word' id='word_1_25' title='bbox 490 537 692 608; x_wconf 83' lang='lat' dir='ltr'><strong>quippe</strong></span> <span class='ocrx_word' id='word_1_26' title='bbox 734 537 819 592; x_wconf 79' lang='lat' dir='ltr'><strong>vir</strong></span> <span class='ocrx_word' id='word_1_27' title='bbox 856 545 1048 608; x_wconf 85' lang='lat' dir='ltr'><strong>potens</strong></span> <span class='ocrx_word' id='word_1_28' title='bbox 1092 547 1241 604; x_wconf 90' lang='lat' dir='ltr'><strong>erat,</strong></span> <span class='ocrx_word' id='word_1_29' title='bbox 1283 553 1351 593; x_wconf 82' lang='lat' dir='ltr'><strong>ex</strong></span> <span class='ocrx_word' id='word_1_30' title='bbox 1399 539 1760 596; x_wconf 78' lang='lat' dir='ltr'><strong>nobilioribus</strong></span> <span class='ocrx_word' id='word_1_31' title='bbox 1805 540 2074 613; x_wconf 79' lang='lat' dir='ltr'><strong>indigenis</strong></span> 
     </span>
    </p>
   </div>
   <div class='ocr_carea' id='block_1_4' title="bbox 490 626 2075 698">
    <p class='ocr_par' dir='ltr' id='par_1_4' title="bbox 490 626 2075 698">
     <span class='ocr_line' id='line_1_4' title="bbox 490 626 2075 698; baseline 0.004 -18"><span class='ocrx_word' id='word_1_32' title='bbox 490 626 737 698; x_wconf 64' lang='lat' dir='ltr'><strong>ejusdem</strong></span> <span class='ocrx_word' id='word_1_33' title='bbox 790 628 957 684; x_wconf 87' lang='lat' dir='ltr'><strong>castri</strong></span> <span class='ocrx_word' id='word_1_34' title='bbox 1001 628 1160 694; x_wconf 89' lang='lat' dir='ltr'><strong>cujus</strong></span> <span class='ocrx_word' id='word_1_35' title='bbox 1209 627 1385 684; x_wconf 85' lang='lat' dir='ltr'><strong>fuerat</strong></span> <span class='ocrx_word' id='word_1_36' title='bbox 1424 637 1478 684; x_wconf 91' lang='lat' dir='ltr'><strong>et</strong></span> <span class='ocrx_word' id='word_1_37' title='bbox 1524 629 1829 686; x_wconf 81' lang='lat' dir='ltr'><strong>Albericus.</strong></span> <span class='ocrx_word' id='word_1_38' title='bbox 1881 629 2075 687; x_wconf 84' lang='lat' dir='ltr'><strong>Turris</strong></span> 
     </span>
    </p>
   </div>
   <div class='ocr_carea' id='block_1_5' title="bbox 487 722 2071 795">
    <p class='ocr_par' dir='ltr' id='par_1_5' title="bbox 487 722 2071 795">
     <span class='ocr_line' id='line_1_5' title="bbox 487 722 2071 795; baseline 0.002 -21"><span class='ocrx_word' id='word_1_39' title='bbox 487 736 620 793; x_wconf 78' lang='lat' dir='ltr'><strong>ergo</strong></span> <span class='ocrx_word' id='word_1_40' title='bbox 645 722 737 778; x_wconf 89' lang='lat' dir='ltr'><strong>illa</strong></span> <span class='ocrx_word' id='word_1_41' title='bbox 758 723 815 779; x_wconf 90' lang='lat' dir='ltr'><strong>in</strong></span> <span class='ocrx_word' id='word_1_42' title='bbox 838 723 1214 793; x_wconf 90' lang='lat' dir='ltr'><strong>superioribus</strong></span> <span class='ocrx_word' id='word_1_43' title='bbox 1242 724 1358 779; x_wconf 86' lang='lat' dir='ltr'><strong>suis</strong></span> <span class='ocrx_word' id='word_1_44' title='bbox 1383 722 1647 780; x_wconf 87' lang='lat' dir='ltr'><strong>solarium</strong></span> <span class='ocrx_word' id='word_1_45' title='bbox 1678 723 1792 795; x_wconf 60' lang='lat' dir='ltr'><strong>(Ii)</strong></span> <span class='ocrx_word' id='word_1_46' title='bbox 1819 723 2071 791; x_wconf 78' lang='lat' dir='ltr'><strong>habebat,</strong></span> 
     </span>
    </p>
   </div>
   <div class='ocr_carea' id='block_1_6' title="bbox 487 811 2076 884">
    <p class='ocr_par' dir='ltr' id='par_1_6' title="bbox 487 811 2076 884">
     <span class='ocr_line' id='line_1_6' title="bbox 487 811 2076 884; baseline 0.002 -19"><span class='ocrx_word' id='word_1_47' title='bbox 487 812 582 866; x_wconf 87' lang='lat' dir='ltr'><strong>ubi</strong></span> <span class='ocrx_word' id='word_1_48' title='bbox 613 812 756 867; x_wconf 90' lang='lat' dir='ltr'><strong>idem</strong></span> <span class='ocrx_word' id='word_1_49' title='bbox 788 811 1061 884; x_wconf 82' lang='lat' dir='ltr'><strong>Seguinus</strong></span> <span class='ocrx_word' id='word_1_50' title='bbox 1087 829 1212 869; x_wconf 90' lang='lat' dir='ltr'><strong>cum</strong></span> <span class='ocrx_word' id='word_1_51' title='bbox 1242 829 1340 870; x_wconf 90' lang='lat' dir='ltr'><strong>sua</strong></span> <span class='ocrx_word' id='word_1_52' title='bbox 1367 814 1624 869; x_wconf 89' lang='lat' dir='ltr'><strong>manebat</strong></span> <span class='ocrx_word' id='word_1_53' title='bbox 1650 812 1878 880; x_wconf 81' lang='lat' dir='ltr'><strong>familia,</strong></span> <span class='ocrx_word' id='word_1_54' title='bbox 1910 813 2076 868; x_wconf 87' lang='lat' dir='ltr'><strong>collo-</strong></span> 
     </span>
    </p>
   </div>
   <div class='ocr_carea' id='block_1_7' title="bbox 485 904 2069 976">
    <p class='ocr_par' dir='ltr' id='par_1_7' title="bbox 485 904 2069 976">
     <span class='ocr_line' id='line_1_7' title="bbox 485 904 2069 976; baseline 0.003 -19"><span class='ocrx_word' id='word_1_55' title='bbox 485 904 779 972; x_wconf 90' lang='lat' dir='ltr'><strong>quehatur,</strong></span> <span class='ocrx_word' id='word_1_56' title='bbox 835 905 1250 973; x_wconf 88' lang='lat' dir='ltr'><strong>convivabatur,</strong></span> <span class='ocrx_word' id='word_1_57' title='bbox 1308 914 1364 961; x_wconf 92' lang='lat' dir='ltr'><strong>et</strong></span> <span class='ocrx_word' id='word_1_58' title='bbox 1418 906 1675 962; x_wconf 90' lang='lat' dir='ltr'><strong>noctibus</strong></span> <span class='ocrx_word' id='word_1_59' title='bbox 1731 905 2069 976; x_wconf 77' lang='lat' dir='ltr'><strong>quiescebat.</strong></span> 
     </span>
    </p>
   </div>
   <div class='ocr_carea' id='block_1_8' title="bbox 486 984 2071 1069">
    <p class='ocr_par' dir='ltr' id='par_1_8' title="bbox 486 984 2071 1069">
     <span class='ocr_line' id='line_1_8' title="bbox 486 984 2071 1069; baseline 0.002 -19"><span class='ocrx_word' id='word_1_60' title='bbox 486 996 663 1053; x_wconf 88' lang='lat' dir='ltr'><strong>Porro</strong></span> <span class='ocrx_word' id='word_1_61' title='bbox 693 999 748 1053; x_wconf 92' lang='lat' dir='ltr'><strong>in</strong></span> <span class='ocrx_word' id='word_1_62' title='bbox 788 998 908 1069; x_wconf 83' lang='lat' dir='ltr'><strong>ejus</strong></span> <span class='ocrx_word' id='word_1_63' title='bbox 948 997 1302 1055; x_wconf 89' lang='lat' dir='ltr'><strong>inferioribus</strong></span> <span class='ocrx_word' id='word_1_64' title='bbox 1332 999 1635 1055; x_wconf 89' lang='lat' dir='ltr'><strong>habebatur</strong></span> <span class='ocrx_word' id='word_1_65' title='bbox 1670 998 1954 1055; x_wconf 85' lang='lat' dir='ltr'><strong>cellarium</strong></span> <span class='ocrx_word' id='word_1_66' title='bbox 1982 984 2071 1055; x_wconf 86' lang='lat' dir='ltr'><strong>di-</strong></span> 
     </span>
    </p>
   </div>
   <div class='ocr_carea' id='block_1_9' title="bbox 484 1087 2075 1161">
    <p class='ocr_par' dir='ltr' id='par_1_9' title="bbox 484 1087 2075 1161">
     <span class='ocr_line' id='line_1_9' title="bbox 484 1087 2075 1161; baseline 0.003 -20"><span class='ocrx_word' id='word_1_67' title='bbox 484 1087 632 1144; x_wconf 80' lang='lat' dir='ltr'><strong>versi</strong></span> <span class='ocrx_word' id='word_1_68' title='bbox 670 1089 886 1161; x_wconf 75' lang='lat' dir='ltr'><strong>generis</strong></span> <span class='ocrx_word' id='word_1_69' title='bbox 925 1090 1167 1145; x_wconf 88' lang='lat' dir='ltr'><strong>retinens</strong></span> <span class='ocrx_word' id='word_1_70' title='bbox 1205 1091 1523 1161; x_wconf 87' lang='lat' dir='ltr'><strong>apothecas,</strong></span> <span class='ocrx_word' id='word_1_71' title='bbox 1567 1091 1635 1146; x_wconf 89' lang='lat' dir='ltr'><strong>ad</strong></span> <span class='ocrx_word' id='word_1_72' title='bbox 1671 1090 1981 1161; x_wconf 88' lang='lat' dir='ltr'><strong>recipienda</strong></span> <span class='ocrx_word' id='word_1_73' title='bbox 2020 1100 2075 1146; x_wconf 91' lang='lat' dir='ltr'><strong>et</strong></span> 
     </span>
    </p>
   </div>
   <div class='ocr_carea' id='block_1_10' title="bbox 485 1178 2075 1249">
    <p class='ocr_par' dir='ltr' id='par_1_10' title="bbox 485 1178 2075 1249">
     <span class='ocr_line' id='line_1_10' title="bbox 485 1178 2075 1249; baseline 0.005 -18"><span class='ocrx_word' id='word_1_74' title='bbox 485 1178 861 1234; x_wconf 84' lang='lat' dir='ltr'><strong>conservanda</strong></span> <span class='ocrx_word' id='word_1_75' title='bbox 891 1178 1116 1249; x_wconf 73' lang='lat' dir='ltr'><strong>humani</strong></span> <span class='ocrx_word' id='word_1_76' title='bbox 1153 1181 1330 1236; x_wconf 90' lang='lat' dir='ltr'><strong>victus</strong></span> <span class='ocrx_word' id='word_1_77' title='bbox 1352 1181 1661 1238; x_wconf 87' lang='lat' dir='ltr'><strong>necessaria</strong></span> <span class='ocrx_word' id='word_1_78' title='bbox 1692 1182 1937 1239; x_wconf 89' lang='lat' dir='ltr'><strong>idoneas.</strong></span> <span class='ocrx_word' id='word_1_79' title='bbox 1973 1182 2075 1239; x_wconf 90' lang='lat' dir='ltr'><strong>So-</strong></span> 
     </span>
    </p>
   </div>
   <div class='ocr_carea' id='block_1_11' title="bbox 484 1269 2073 1346">
    <p class='ocr_par' dir='ltr' id='par_1_11' title="bbox 484 1269 2073 1346">
     <span class='ocr_line' id='line_1_11' title="bbox 484 1269 2073 1346; baseline 0.005 -23"><span class='ocrx_word' id='word_1_80' title='bbox 484 1269 608 1324; x_wconf 89' lang='lat' dir='ltr'><strong>larii</strong></span> <span class='ocrx_word' id='word_1_81' title='bbox 641 1285 770 1325; x_wconf 85' lang='lat' dir='ltr'><strong>vero</strong></span> <span class='ocrx_word' id='word_1_82' title='bbox 817 1272 1218 1341; x_wconf 80' lang='lat' dir='ltr'><strong>pavimentum,</strong></span> <span class='ocrx_word' id='word_1_83' title='bbox 1262 1284 1324 1329; x_wconf 92' lang='lat' dir='ltr'><strong>ut</strong></span> <span class='ocrx_word' id='word_1_84' title='bbox 1360 1274 1532 1330; x_wconf 90' lang='lat' dir='ltr'><strong>moris</strong></span> <span class='ocrx_word' id='word_1_85' title='bbox 1566 1283 1681 1342; x_wconf 90' lang='lat' dir='ltr'><strong>est,</strong></span> <span class='ocrx_word' id='word_1_86' title='bbox 1727 1284 2073 1346; x_wconf 89' lang='lat' dir='ltr'><strong>compactum</strong></span> 
     </span>
    </p>
   </div>
   <div class='ocr_carea' id='block_1_12' title="bbox 484 1361 2074 1438">
    <p class='ocr_par' dir='ltr' id='par_1_12' title="bbox 484 1361 2074 1438">
     <span class='ocr_line' id='line_1_12' title="bbox 484 1361 2074 1438; baseline 0.004 -22"><span class='ocrx_word' id='word_1_87' title='bbox 484 1370 604 1416; x_wconf 84' lang='lat' dir='ltr'><strong>erat</strong></span> <span class='ocrx_word' id='word_1_88' title='bbox 630 1361 944 1419; x_wconf 89' lang='lat' dir='ltr'><strong>dolatilibus</strong></span> <span class='ocrx_word' id='word_1_89' title='bbox 975 1364 1289 1431; x_wconf 88' lang='lat' dir='ltr'><strong>trabeculis,</strong></span> <span class='ocrx_word' id='word_1_90' title='bbox 1320 1381 1443 1437; x_wconf 69' lang='lat' dir='ltr'><strong>quze</strong></span> <span class='ocrx_word' id='word_1_91' title='bbox 1486 1381 1680 1436; x_wconf 81' lang='lat' dir='ltr'><strong>parum</strong></span> <span class='ocrx_word' id='word_1_92' title='bbox 1711 1366 1930 1438; x_wconf 86' lang='lat' dir='ltr'><strong>quidem</strong></span> <span class='ocrx_word' id='word_1_93' title='bbox 1976 1368 2074 1423; x_wconf 86' lang='lat' dir='ltr'><strong>ba-</strong></span> 
     </span>
    </p>
   </div>
   <div class='ocr_carea' id='block_1_13' title="bbox 405 1454 2070 1532">
    <p class='ocr_par' dir='ltr' id='par_1_13' title="bbox 405 1454 2070 1532">
     <span class='ocr_line' id='line_1_13' title="bbox 405 1454 2070 1532; baseline 0.007 -25"><span class='ocrx_word' id='word_1_94' title='bbox 405 1487 413 1495; x_wconf 84' lang='lat'><strong>-</strong></span> <span class='ocrx_word' id='word_1_95' title='bbox 485 1454 689 1510; x_wconf 87' lang='lat' dir='ltr'><strong>bebant</strong></span> <span class='ocrx_word' id='word_1_96' title='bbox 739 1456 1153 1527; x_wconf 87' lang='lat' dir='ltr'><strong>spissitudinis,</strong></span> <span class='ocrx_word' id='word_1_97' title='bbox 1205 1460 1298 1514; x_wconf 90' lang='lat' dir='ltr'><strong>sed</strong></span> <span class='ocrx_word' id='word_1_98' title='bbox 1352 1461 1690 1532; x_wconf 75' lang='lat' dir='ltr'><strong>aliquantum</strong></span> <span class='ocrx_word' id='word_1_99' title='bbox 1748 1461 2070 1529; x_wconf 74' lang='lat' dir='ltr'><strong>latitudinis,</strong></span> 
     </span>
    </p>
   </div>
   <div class='ocr_carea' id='block_1_14' title="bbox 486 1548 2071 1624">
    <p class='ocr_par' dir='ltr' id='par_1_14' title="bbox 486 1548 2071 1624">
     <span class='ocr_line' id='line_1_14' title="bbox 486 1548 2071 1624; baseline 0.007 -24"><span class='ocrx_word' id='word_1_100' title='bbox 486 1548 785 1617; x_wconf 81' lang='lat' dir='ltr'><strong>plurimum</strong></span> <span class='ocrx_word' id='word_1_101' title='bbox 832 1559 1015 1605; x_wconf 89' lang='lat' dir='ltr'><strong>autem</strong></span> <span class='ocrx_word' id='word_1_102' title='bbox 1057 1550 1435 1623; x_wconf 90' lang='lat' dir='ltr'><strong>longitudinis.</strong></span> <span class='ocrx_word' id='word_1_103' title='bbox 1475 1553 1719 1624; x_wconf 88' lang='lat' dir='ltr'><strong>Denique</strong></span> <span class='ocrx_word' id='word_1_104' title='bbox 1758 1554 1812 1608; x_wconf 91' lang='lat' dir='ltr'><strong>in</strong></span> <span class='ocrx_word' id='word_1_105' title='bbox 1843 1555 1949 1611; x_wconf 85' lang='lat' dir='ltr'><strong>hoc</strong></span> <span class='ocrx_word' id='word_1_106' title='bbox 1979 1570 2071 1612; x_wconf 85' lang='lat' dir='ltr'><strong>so-</strong></span> 
     </span>
    </p>
   </div>
   <div class='ocr_carea' id='block_1_15' title="bbox 486 1639 2069 1718">
    <p class='ocr_par' dir='ltr' id='par_1_15' title="bbox 486 1639 2069 1718">
     <span class='ocr_line' id='line_1_15' title="bbox 486 1639 2069 1718; baseline 0.006 -24"><span class='ocrx_word' id='word_1_107' title='bbox 486 1639 625 1694; x_wconf 85' lang='lat' dir='ltr'><strong>lario</strong></span> <span class='ocrx_word' id='word_1_108' title='bbox 642 1640 736 1710; x_wconf 92' lang='lat' dir='ltr'><strong>qui</strong></span> <span class='ocrx_word' id='word_1_109' title='bbox 764 1641 919 1697; x_wconf 88' lang='lat' dir='ltr'><strong>missi</strong></span> <span class='ocrx_word' id='word_1_110' title='bbox 949 1641 1184 1710; x_wconf 88' lang='lat' dir='ltr'><strong>fuerant,</strong></span> <span class='ocrx_word' id='word_1_111' title='bbox 1208 1645 1528 1715; x_wconf 72' lang='lat' dir='ltr'><strong>pmdictum</strong></span> <span class='ocrx_word' id='word_1_112' title='bbox 1552 1646 1732 1701; x_wconf 89' lang='lat' dir='ltr'><strong>virum</strong></span> <span class='ocrx_word' id='word_1_113' title='bbox 1759 1647 2069 1718; x_wconf 88' lang='lat' dir='ltr'><strong>reperiunt;</strong></span> 
     </span>
    </p>
   </div>
   <div class='ocr_carea' id='block_1_16' title="bbox 480 1729 2070 1807">
    <p class='ocr_par' dir='ltr' id='par_1_16' title="bbox 480 1729 2070 1807">
     <span class='ocr_line' id='line_1_16' title="bbox 480 1729 2070 1807; baseline 0.008 -25"><span class='ocrx_word' id='word_1_114' title='bbox 480 1729 575 1799; x_wconf 81' lang='lat' dir='ltr'><strong>qui</strong></span> <span class='ocrx_word' id='word_1_115' title='bbox 597 1745 722 1784; x_wconf 89' lang='lat' dir='ltr'><strong>eum</strong></span> <span class='ocrx_word' id='word_1_116' title='bbox 751 1732 1161 1802; x_wconf 81' lang='lat' dir='ltr'><strong>convenientes,</strong></span> <span class='ocrx_word' id='word_1_117' title='bbox 1190 1750 1313 1807; x_wconf 70' lang='lat' dir='ltr'><strong>quae</strong></span> <span class='ocrx_word' id='word_1_118' title='bbox 1334 1736 1581 1807; x_wconf 84' lang='lat' dir='ltr'><strong>injuncta</strong></span> <span class='ocrx_word' id='word_1_119' title='bbox 1614 1737 1834 1794; x_wconf 77' lang='lat' dir='ltr'><strong>fuerant</strong></span> <span class='ocrx_word' id='word_1_120' title='bbox 1864 1739 2070 1795; x_wconf 87' lang='lat' dir='ltr'><strong>mitiori</strong></span> 
     </span>
    </p>
   </div>
   <div class='ocr_carea' id='block_1_17' title="bbox 2179 539 3781 614">
    <p class='ocr_par' dir='ltr' id='par_1_17' title="bbox 2179 539 3781 614">
     <span class='ocr_line' id='line_1_17' title="bbox 2179 539 3781 614; baseline -0.002 -16"><span class='ocrx_word' id='word_1_121' title='bbox 2179 542 2333 598; x_wconf 76' lang='lat' dir='ltr'><strong>cei-it.</strong></span> <span class='ocrx_word' id='word_1_122' title='bbox 2389 540 2624 614; x_wconf 77' lang='lat' dir='ltr'><strong>Fugitivi</strong></span> <span class='ocrx_word' id='word_1_123' title='bbox 2679 540 2937 611; x_wconf 87' lang='lat' dir='ltr'><strong>denique,</strong></span> <span class='ocrx_word' id='word_1_124' title='bbox 2991 539 3301 608; x_wconf 62' lang='lat' dir='ltr'><strong>homicidae,</strong></span> <span class='ocrx_word' id='word_1_125' title='bbox 3350 548 3408 596; x_wconf 90' lang='lat' dir='ltr'><strong>et</strong></span> <span class='ocrx_word' id='word_1_126' title='bbox 3461 539 3781 611; x_wconf 84' lang='lat' dir='ltr'><strong>quicunque</strong></span> 
     </span>
    </p>
   </div>
   <div class='ocr_carea' id='block_1_18' title="bbox 2156 628 3780 702">
    <p class='ocr_par' dir='ltr' id='par_1_18' title="bbox 2156 628 3780 702">
     <span class='ocr_line' id='line_1_18' title="bbox 2156 628 3780 702; baseline -0.002 -15"><span class='ocrx_word' id='word_1_127' title='bbox 2156 632 2362 702; x_wconf 79' lang='lat' dir='ltr'><strong>aliqua</strong></span> <span class='ocrx_word' id='word_1_128' title='bbox 2392 632 2499 686; x_wconf 88' lang='lat' dir='ltr'><strong>alia</strong></span> <span class='ocrx_word' id='word_1_129' title='bbox 2528 638 2713 687; x_wconf 86' lang='lat' dir='ltr'><strong>reatus</strong></span> <span class='ocrx_word' id='word_1_130' title='bbox 2739 629 2826 686; x_wconf 90' lang='lat' dir='ltr'><strong>sui</strong></span> <span class='ocrx_word' id='word_1_131' title='bbox 2854 629 3133 684; x_wconf 76' lang='lat' dir='ltr'><strong>anxietate</strong></span> <span class='ocrx_word' id='word_1_132' title='bbox 3164 636 3392 696; x_wconf 79' lang='lat' dir='ltr'><strong>cogente</strong></span> <span class='ocrx_word' id='word_1_133' title='bbox 3418 628 3490 683; x_wconf 85' lang='lat' dir='ltr'><strong>ad</strong></span> <span class='ocrx_word' id='word_1_134' title='bbox 3517 628 3780 684; x_wconf 85' lang='lat' dir='ltr'><strong>eumdem</strong></span> 
     </span>
    </p>
   </div>
   <div class='ocr_carea' id='block_1_19' title="bbox 2178 717 3780 793">
    <p class='ocr_par' dir='ltr' id='par_1_19' title="bbox 2178 717 3780 793">
     <span class='ocr_line' id='line_1_19' title="bbox 2178 717 3780 793; baseline -0.002 -16"><span class='ocrx_word' id='word_1_135' title='bbox 2178 719 2523 793; x_wconf 75' lang='lat' dir='ltr'><strong>confugerint</strong></span> <span class='ocrx_word' id='word_1_136' title='bbox 2551 721 2754 787; x_wconf 90' lang='lat' dir='ltr'><strong>locum,</strong></span> <span class='ocrx_word' id='word_1_137' title='bbox 2782 720 3056 776; x_wconf 86' lang='lat' dir='ltr'><strong>immunes</strong></span> <span class='ocrx_word' id='word_1_138' title='bbox 3081 718 3343 786; x_wconf 81' lang='lat' dir='ltr'><strong>existunt,</strong></span> <span class='ocrx_word' id='word_1_139' title='bbox 3360 718 3610 789; x_wconf 78' lang='lat' dir='ltr'><strong>quandiu</strong></span> <span class='ocrx_word' id='word_1_140' title='bbox 3636 717 3780 786; x_wconf 74' lang='lat' dir='ltr'><strong>infra</strong></span> 
     </span>
    </p>
   </div>
   <div class='ocr_carea' id='block_1_20' title="bbox 2179 811 3779 882">
    <p class='ocr_par' dir='ltr' id='par_1_20' title="bbox 2179 811 3779 882">
     <span class='ocr_line' id='line_1_20' title="bbox 2179 811 3779 882; baseline -0.002 -11"><span class='ocrx_word' id='word_1_141' title='bbox 2179 814 2476 871; x_wconf 86' lang='lat' dir='ltr'><strong>coemeterii</strong></span> <span class='ocrx_word' id='word_1_142' title='bbox 2502 814 2768 870; x_wconf 88' lang='lat' dir='ltr'><strong>terminos</strong></span> <span class='ocrx_word' id='word_1_143' title='bbox 2796 829 2916 869; x_wconf 88' lang='lat' dir='ltr'><strong>sese</strong></span> <span class='ocrx_word' id='word_1_144' title='bbox 2942 813 3338 870; x_wconf 85' lang='lat' dir='ltr'><strong>continuerint.</strong></span> <span class='ocrx_word' id='word_1_145' title='bbox 3373 811 3550 867; x_wconf 84' lang='lat' dir='ltr'><strong>Nemo</strong></span> <span class='ocrx_word' id='word_1_146' title='bbox 3571 812 3779 882; x_wconf 87' lang='lat' dir='ltr'><strong>aliquid</strong></span> 
     </span>
    </p>
   </div>
   <div class='ocr_carea' id='block_1_21' title="bbox 2179 906 3779 979">
    <p class='ocr_par' dir='ltr' id='par_1_21' title="bbox 2179 906 3779 979">
     <span class='ocr_line' id='line_1_21' title="bbox 2179 906 3779 979; baseline 0 -16"><span class='ocrx_word' id='word_1_147' title='bbox 2179 906 2374 976; x_wconf 88' lang='lat' dir='ltr'><strong>furari,</strong></span> <span class='ocrx_word' id='word_1_148' title='bbox 2423 925 2519 964; x_wconf 89' lang='lat' dir='ltr'><strong>seu</strong></span> <span class='ocrx_word' id='word_1_149' title='bbox 2566 907 2805 979; x_wconf 87' lang='lat' dir='ltr'><strong>aliquam</strong></span> <span class='ocrx_word' id='word_1_150' title='bbox 2837 907 3086 964; x_wconf 88' lang='lat' dir='ltr'><strong>fraudem</strong></span> <span class='ocrx_word' id='word_1_151' title='bbox 3126 908 3194 964; x_wconf 92' lang='lat' dir='ltr'><strong>de</strong></span> <span class='ocrx_word' id='word_1_152' title='bbox 3224 908 3471 979; x_wconf 88' lang='lat' dir='ltr'><strong>qualibet</strong></span> <span class='ocrx_word' id='word_1_153' title='bbox 3513 925 3573 965; x_wconf 89' lang='lat' dir='ltr'><strong>re</strong></span> <span class='ocrx_word' id='word_1_154' title='bbox 3615 909 3779 964; x_wconf 83' lang='lat' dir='ltr'><strong>alicui</strong></span> 
     </span>
    </p>
   </div>
   <div class='ocr_carea' id='block_1_22' title="bbox 2178 999 3780 1073">
    <p class='ocr_par' dir='ltr' id='par_1_22' title="bbox 2178 999 3780 1073">
     <span class='ocr_line' id='line_1_22' title="bbox 2178 999 3780 1073; baseline -0.002 -16"><span class='ocrx_word' id='word_1_155' title='bbox 2178 1001 2359 1059; x_wconf 89' lang='lat' dir='ltr'><strong>facere</strong></span> <span class='ocrx_word' id='word_1_156' title='bbox 2392 1002 2447 1057; x_wconf 92' lang='lat' dir='ltr'><strong>in</strong></span> <span class='ocrx_word' id='word_1_157' title='bbox 2477 1002 2668 1057; x_wconf 89' lang='lat' dir='ltr'><strong>eodem</strong></span> <span class='ocrx_word' id='word_1_158' title='bbox 2699 1002 2865 1057; x_wconf 84' lang='lat' dir='ltr'><strong>audet</strong></span> <span class='ocrx_word' id='word_1_159' title='bbox 2894 1002 3055 1056; x_wconf 88' lang='lat' dir='ltr'><strong>atrio.</strong></span> <span class='ocrx_word' id='word_1_160' title='bbox 3084 999 3328 1072; x_wconf 78' lang='lat' dir='ltr'><strong>Contigit</strong></span> <span class='ocrx_word' id='word_1_161' title='bbox 3352 1016 3489 1073; x_wconf 88' lang='lat' dir='ltr'><strong>ergo</strong></span> <span class='ocrx_word' id='word_1_162' title='bbox 3513 1002 3606 1057; x_wconf 90' lang='lat' dir='ltr'><strong>die</strong></span> <span class='ocrx_word' id='word_1_163' title='bbox 3641 1017 3780 1072; x_wconf 82' lang='lat' dir='ltr'><strong>qua-</strong></span> 
     </span>
    </p>
   </div>
   <div class='ocr_carea' id='block_1_23' title="bbox 2176 1092 3782 1164">
    <p class='ocr_par' dir='ltr' id='par_1_23' title="bbox 2176 1092 3782 1164">
     <span class='ocr_line' id='line_1_23' title="bbox 2176 1092 3782 1164; baseline -0.001 -14"><span class='ocrx_word' id='word_1_164' title='bbox 2176 1095 2324 1162; x_wconf 87' lang='lat' dir='ltr'><strong>dam,</strong></span> <span class='ocrx_word' id='word_1_165' title='bbox 2356 1101 2642 1149; x_wconf 84' lang='lat' dir='ltr'><strong>venatores</strong></span> <span class='ocrx_word' id='word_1_166' title='bbox 2671 1092 2929 1151; x_wconf 86' lang='lat' dir='ltr'><strong>Adelardi</strong></span> <span class='ocrx_word' id='word_1_167' title='bbox 2961 1093 3250 1164; x_wconf 81' lang='lat' dir='ltr'><strong>cujusdam</strong></span> <span class='ocrx_word' id='word_1_168' title='bbox 3279 1094 3482 1149; x_wconf 86' lang='lat' dir='ltr'><strong>nobilis</strong></span> <span class='ocrx_word' id='word_1_169' title='bbox 3516 1094 3644 1161; x_wconf 85' lang='lat' dir='ltr'><strong>viri,</strong></span> <span class='ocrx_word' id='word_1_170' title='bbox 3681 1094 3782 1149; x_wconf 78' lang='lat' dir='ltr'><strong>ad-</strong></span> 
     </span>
    </p>
   </div>
   <div class='ocr_carea' id='block_1_24' title="bbox 2175 1185 3779 1257">
    <p class='ocr_par' dir='ltr' id='par_1_24' title="bbox 2175 1185 3779 1257">
     <span class='ocr_line' id='line_1_24' title="bbox 2175 1185 3779 1257; baseline -0.002 -14"><span class='ocrx_word' id='word_1_171' title='bbox 2175 1188 2355 1243; x_wconf 88' lang='lat' dir='ltr'><strong>vocati</strong></span> <span class='ocrx_word' id='word_1_172' title='bbox 2385 1186 2640 1242; x_wconf 87' lang='lat' dir='ltr'><strong>videlicet</strong></span> <span class='ocrx_word' id='word_1_173' title='bbox 2665 1185 2813 1242; x_wconf 90' lang='lat' dir='ltr'><strong>illius</strong></span> <span class='ocrx_word' id='word_1_174' title='bbox 2840 1186 3051 1257; x_wconf 67' lang='lat' dir='ltr'><strong>praedii,</strong></span> <span class='ocrx_word' id='word_1_175' title='bbox 3082 1195 3284 1243; x_wconf 90' lang='lat' dir='ltr'><strong>venatu</strong></span> <span class='ocrx_word' id='word_1_176' title='bbox 3317 1186 3639 1254; x_wconf 86' lang='lat' dir='ltr'><strong>redeuntes,</strong></span> <span class='ocrx_word' id='word_1_177' title='bbox 3669 1185 3779 1241; x_wconf 78' lang='lat' dir='ltr'><strong>fes—</strong></span> 
     </span>
    </p>
   </div>
   <div class='ocr_carea' id='block_1_25' title="bbox 2177 1278 3849 1350">
    <p class='ocr_par' dir='ltr' id='par_1_25' title="bbox 2177 1278 3849 1350">
     <span class='ocr_line' id='line_1_25' title="bbox 2177 1278 3849 1350; baseline -0.001 -14"><span class='ocrx_word' id='word_1_178' title='bbox 2177 1295 2269 1336; x_wconf 87' lang='lat' dir='ltr'><strong>sos</strong></span> <span class='ocrx_word' id='word_1_179' title='bbox 2315 1279 2515 1335; x_wconf 88' lang='lat' dir='ltr'><strong>ibidem</strong></span> <span class='ocrx_word' id='word_1_180' title='bbox 2566 1295 2692 1335; x_wconf 91' lang='lat' dir='ltr'><strong>cum</strong></span> <span class='ocrx_word' id='word_1_181' title='bbox 2745 1279 2864 1335; x_wconf 88' lang='lat' dir='ltr'><strong>suis</strong></span> <span class='ocrx_word' id='word_1_182' title='bbox 2912 1279 3186 1336; x_wconf 86' lang='lat' dir='ltr'><strong>resedisse</strong></span> <span class='ocrx_word' id='word_1_183' title='bbox 3230 1279 3484 1336; x_wconf 88' lang='lat' dir='ltr'><strong>canibus.</strong></span> <span class='ocrx_word' id='word_1_184' title='bbox 3523 1278 3781 1350; x_wconf 81' lang='lat' dir='ltr'><strong>Cumque</strong></span> <span class='ocrx_word' id='word_1_185' title='bbox 3846 1290 3849 1291; x_wconf 71' lang='lat'><strong><em>&#39;</em></strong></span> 
     </span>
    </p>
   </div>
   <div class='ocr_carea' id='block_1_26' title="bbox 2176 1372 3778 1443">
    <p class='ocr_par' dir='ltr' id='par_1_26' title="bbox 2176 1372 3778 1443">
     <span class='ocr_line' id='line_1_26' title="bbox 2176 1372 3778 1443; baseline -0.001 -15"><span class='ocrx_word' id='word_1_186' title='bbox 2176 1388 2286 1428; x_wconf 90' lang='lat' dir='ltr'><strong>non</strong></span> <span class='ocrx_word' id='word_1_187' title='bbox 2315 1373 2581 1428; x_wconf 90' lang='lat' dir='ltr'><strong>baberent</strong></span> <span class='ocrx_word' id='word_1_188' title='bbox 2610 1372 2755 1428; x_wconf 86' lang='lat' dir='ltr'><strong>unde</strong></span> <span class='ocrx_word' id='word_1_189' title='bbox 2781 1372 2897 1429; x_wconf 90' lang='lat' dir='ltr'><strong>suis</strong></span> <span class='ocrx_word' id='word_1_190' title='bbox 2920 1382 3138 1443; x_wconf 87' lang='lat' dir='ltr'><strong>pastum</strong></span> <span class='ocrx_word' id='word_1_191' title='bbox 3171 1373 3402 1429; x_wconf 88' lang='lat' dir='ltr'><strong>canibus</strong></span> <span class='ocrx_word' id='word_1_192' title='bbox 3426 1373 3778 1438; x_wconf 84' lang='lat' dir='ltr'><strong>exhiberem,</strong></span> 
     </span>
    </p>
   </div>
   <div class='ocr_carea' id='block_1_27' title="bbox 2175 1462 3778 1535">
    <p class='ocr_par' dir='ltr' id='par_1_27' title="bbox 2175 1462 3778 1535">
     <span class='ocr_line' id='line_1_27' title="bbox 2175 1462 3778 1535; baseline -0.001 -17"><span class='ocrx_word' id='word_1_193' title='bbox 2175 1462 2575 1535; x_wconf 88' lang='lat' dir='ltr'><strong>querimoniam</strong></span> <span class='ocrx_word' id='word_1_194' title='bbox 2620 1477 2777 1517; x_wconf 88' lang='lat' dir='ltr'><strong>suam</strong></span> <span class='ocrx_word' id='word_1_195' title='bbox 2825 1462 2893 1518; x_wconf 89' lang='lat' dir='ltr'><strong>ad</strong></span> <span class='ocrx_word' id='word_1_196' title='bbox 2937 1462 3090 1518; x_wconf 89' lang='lat' dir='ltr'><strong>Isaac</strong></span> <span class='ocrx_word' id='word_1_197' title='bbox 3118 1462 3412 1533; x_wconf 88' lang='lat' dir='ltr'><strong>quemdam</strong></span> <span class='ocrx_word' id='word_1_198' title='bbox 3441 1463 3778 1534; x_wconf 87' lang='lat' dir='ltr'><strong>prudentem</strong></span> 
     </span>
    </p>
   </div>
   <div class='ocr_carea' id='block_1_28' title="bbox 2174 1553 3781 1625">
    <p class='ocr_par' dir='ltr' id='par_1_28' title="bbox 2174 1553 3781 1625">
     <span class='ocr_line' id='line_1_28' title="bbox 2174 1553 3781 1625; baseline -0.001 -14"><span class='ocrx_word' id='word_1_199' title='bbox 2174 1555 2422 1612; x_wconf 89' lang='lat' dir='ltr'><strong>referunt</strong></span> <span class='ocrx_word' id='word_1_200' title='bbox 2441 1555 2641 1621; x_wconf 88' lang='lat' dir='ltr'><strong>virum,</strong></span> <span class='ocrx_word' id='word_1_201' title='bbox 2671 1569 2835 1625; x_wconf 91' lang='lat' dir='ltr'><strong>quem</strong></span> <span class='ocrx_word' id='word_1_202' title='bbox 2866 1554 3065 1610; x_wconf 83' lang='lat' dir='ltr'><strong>fratres</strong></span> <span class='ocrx_word' id='word_1_203' title='bbox 3091 1553 3472 1610; x_wconf 82' lang='lat' dir='ltr'><strong>Floriacenses</strong></span> <span class='ocrx_word' id='word_1_204' title='bbox 3500 1554 3610 1625; x_wconf 87' lang='lat' dir='ltr'><strong>ipsi</strong></span> <span class='ocrx_word' id='word_1_205' title='bbox 3642 1570 3781 1625; x_wconf 70' lang='lat' dir='ltr'><strong>pra:—</strong></span> 
     </span>
    </p>
   </div>
   <div class='ocr_carea' id='block_1_29' title="bbox 2176 1644 3777 1718">
    <p class='ocr_par' dir='ltr' id='par_1_29' title="bbox 2176 1644 3777 1718">
     <span class='ocr_line' id='line_1_29' title="bbox 2176 1644 3777 1718; baseline -0.002 -15"><span class='ocrx_word' id='word_1_206' title='bbox 2176 1647 2419 1705; x_wconf 85' lang='lat' dir='ltr'><strong>fecerant</strong></span> <span class='ocrx_word' id='word_1_207' title='bbox 2466 1646 2826 1718; x_wconf 87' lang='lat' dir='ltr'><strong>possessioni.</strong></span> <span class='ocrx_word' id='word_1_208' title='bbox 2882 1645 2986 1713; x_wconf 91' lang='lat' dir='ltr'><strong>Qui</strong></span> <span class='ocrx_word' id='word_1_209' title='bbox 3036 1646 3168 1700; x_wconf 89' lang='lat' dir='ltr'><strong>dum</strong></span> <span class='ocrx_word' id='word_1_210' title='bbox 3218 1660 3280 1701; x_wconf 87' lang='lat' dir='ltr'><strong>se</strong></span> <span class='ocrx_word' id='word_1_211' title='bbox 3330 1644 3593 1715; x_wconf 84' lang='lat' dir='ltr'><strong>ignorare</strong></span> <span class='ocrx_word' id='word_1_212' title='bbox 3642 1644 3777 1715; x_wconf 86' lang='lat' dir='ltr'><strong>quid</strong></span> 
     </span>
    </p>
   </div>
   <div class='ocr_carea' id='block_1_30' title="bbox 2176 1737 3773 1816">
    <p class='ocr_par' dir='ltr' id='par_1_30' title="bbox 2176 1737 3773 1816">
     <span class='ocr_line' id='line_1_30' title="bbox 2176 1737 3773 1816; baseline -0.005 -16"><span class='ocrx_word' id='word_1_213' title='bbox 2176 1759 2336 1816; x_wconf 86' lang='lat' dir='ltr'><strong>agere</strong></span> <span class='ocrx_word' id='word_1_214' title='bbox 2368 1743 2638 1810; x_wconf 83' lang='lat' dir='ltr'><strong>valerent,</strong></span> <span class='ocrx_word' id='word_1_215' title='bbox 2678 1741 3073 1811; x_wconf 82' lang='lat' dir='ltr'><strong>respondisset,</strong></span> <span class='ocrx_word' id='word_1_216' title='bbox 3125 1737 3386 1810; x_wconf 84' lang='lat' dir='ltr'><strong>inquiunt</strong></span> <span class='ocrx_word' id='word_1_217' title='bbox 3426 1738 3528 1804; x_wconf 85' lang='lat' dir='ltr'><strong>illi,</strong></span> <span class='ocrx_word' id='word_1_218' title='bbox 3570 1738 3642 1793; x_wconf 90' lang='lat' dir='ltr'><strong>de</strong></span> <span class='ocrx_word' id='word_1_219' title='bbox 3675 1755 3773 1793; x_wconf 86' lang='lat' dir='ltr'><strong>an-</strong></span> 
     </span>
    </p>
   </div>
   <div class='ocr_carea' id='block_1_31' title="bbox 481 1813 3778 1904">
    <p class='ocr_par' dir='ltr' id='par_1_31' title="bbox 481 1813 3778 1904">
     <span class='ocr_line' id='line_1_31' title="bbox 481 1813 3778 1904; baseline 0.002 -24"><span class='ocrx_word' id='word_1_220' title='bbox 481 1839 735 1880; x_wconf 87' lang='lat' dir='ltr'><strong>sermone</strong></span> <span class='ocrx_word' id='word_1_221' title='bbox 768 1825 817 1880; x_wconf 93' lang='lat' dir='ltr'><strong>ei</strong></span> <span class='ocrx_word' id='word_1_222' title='bbox 865 1835 1150 1897; x_wconf 70' lang='lat' dir='ltr'><strong>coeperunt</strong></span> <span class='ocrx_word' id='word_1_223' title='bbox 1200 1843 1507 1886; x_wconf 88' lang='lat' dir='ltr'><strong>recensere.</strong></span> <span class='ocrx_word' id='word_1_224' title='bbox 1560 1831 1631 1886; x_wconf 84' lang='lat' dir='ltr'><strong>At</strong></span> <span class='ocrx_word' id='word_1_225' title='bbox 1677 1832 1767 1887; x_wconf 91' lang='lat' dir='ltr'><strong>ille</strong></span> <span class='ocrx_word' id='word_1_226' title='bbox 1815 1831 1901 1889; x_wconf 84' lang='lat' dir='ltr'><strong>his</strong></span> <span class='ocrx_word' id='word_1_227' title='bbox 1947 1849 2071 1904; x_wconf 64' lang='lat' dir='ltr'><strong>qua:</strong></span> <span class='ocrx_word' id='word_1_228' title='bbox 2103 1813 2144 1873; x_wconf 73' lang='grc' dir='ltr'><strong>Β</strong></span> <span class='ocrx_word' id='word_1_229' title='bbox 2175 1813 2322 1892; x_wconf 79' lang='lat' dir='ltr'><strong>nona</strong></span> <span class='ocrx_word' id='word_1_230' title='bbox 2356 1834 2536 1890; x_wconf 88' lang='lat' dir='ltr'><strong>Patris</strong></span> <span class='ocrx_word' id='word_1_231' title='bbox 2568 1832 2882 1899; x_wconf 89' lang='lat' dir='ltr'><strong>Benedicti,</strong></span> <span class='ocrx_word' id='word_1_232' title='bbox 2918 1847 3042 1903; x_wconf 62' lang='lat' dir='ltr'><strong>qua</strong></span> <span class='ocrx_word' id='word_1_233' title='bbox 3072 1832 3127 1886; x_wconf 93' lang='lat' dir='ltr'><strong>in</strong></span> <span class='ocrx_word' id='word_1_234' title='bbox 3158 1831 3349 1887; x_wconf 89' lang='lat' dir='ltr'><strong>eodem</strong></span> <span class='ocrx_word' id='word_1_235' title='bbox 3384 1831 3778 1886; x_wconf 84' lang='lat' dir='ltr'><strong>reservabatur</strong></span> 
     </span>
    </p>
   </div>
   <div class='ocr_carea' id='block_1_32' title="bbox 480 1914 2067 1993">
    <p class='ocr_par' dir='ltr' id='par_1_32' title="bbox 480 1914 2067 1993">
     <span class='ocr_line' id='line_1_32' title="bbox 480 1914 2067 1993; baseline 0.008 -24"><span class='ocrx_word' id='word_1_236' title='bbox 480 1914 904 1984; x_wconf 78' lang='lat' dir='ltr'><strong>mandabantur,</strong></span> <span class='ocrx_word' id='word_1_237' title='bbox 933 1917 1161 1974; x_wconf 89' lang='lat' dir='ltr'><strong>minime</strong></span> <span class='ocrx_word' id='word_1_238' title='bbox 1189 1918 1440 1987; x_wconf 88' lang='lat' dir='ltr'><strong>intendit,</strong></span> <span class='ocrx_word' id='word_1_239' title='bbox 1463 1921 1558 1977; x_wconf 90' lang='lat' dir='ltr'><strong>sed</strong></span> <span class='ocrx_word' id='word_1_240' title='bbox 1583 1921 1839 1980; x_wconf 76' lang='lat' dir='ltr'><strong>eﬁeratus</strong></span> <span class='ocrx_word' id='word_1_241' title='bbox 1863 1923 2067 1993; x_wconf 90' lang='lat' dir='ltr'><strong>animo,</strong></span> 
     </span>
    </p>
   </div>
   <div class='ocr_carea' id='block_1_33' title="bbox 479 2007 2071 2083">
    <p class='ocr_par' dir='ltr' id='par_1_33' title="bbox 479 2007 2071 2083">
     <span class='ocr_line' id='line_1_33' title="bbox 479 2007 2071 2083; baseline 0.008 -22"><span class='ocrx_word' id='word_1_242' title='bbox 479 2022 578 2062; x_wconf 89' lang='lat' dir='ltr'><strong>ore</strong></span> <span class='ocrx_word' id='word_1_243' title='bbox 608 2010 888 2079; x_wconf 89' lang='lat' dir='ltr'><strong>respondit</strong></span> <span class='ocrx_word' id='word_1_244' title='bbox 924 2007 1244 2078; x_wconf 90' lang='lat' dir='ltr'><strong>furibundo,</strong></span> <span class='ocrx_word' id='word_1_245' title='bbox 1291 2012 1545 2083; x_wconf 90' lang='lat' dir='ltr'><strong>inquiens</strong></span> <span class='ocrx_word' id='word_1_246' title='bbox 1574 2030 1700 2071; x_wconf 87' lang='lat' dir='ltr'><strong>cum</strong></span> <span class='ocrx_word' id='word_1_247' title='bbox 1737 2016 2071 2073; x_wconf 88' lang='lat' dir='ltr'><strong>terribilibus</strong></span> 
     </span>
    </p>
   </div>
   <div class='ocr_carea' id='block_1_34' title="bbox 478 2099 2070 2182">
    <p class='ocr_par' dir='ltr' id='par_1_34' title="bbox 478 2099 2070 2182">
     <span class='ocr_line' id='line_1_34' title="bbox 478 2099 2070 2182; baseline 0.008 -28"><span class='ocrx_word' id='word_1_248' title='bbox 478 2099 814 2169; x_wconf 83' lang='lat' dir='ltr'><strong>juramentis</strong></span> <span class='ocrx_word' id='word_1_249' title='bbox 842 2103 980 2158; x_wconf 86' lang='lat' dir='ltr'><strong>velle</strong></span> <span class='ocrx_word' id='word_1_250' title='bbox 1012 2118 1070 2158; x_wconf 91' lang='lat' dir='ltr'><strong>se</strong></span> <span class='ocrx_word' id='word_1_251' title='bbox 1100 2102 1712 2182; x_wconf 42' lang='lat' dir='ltr'><strong>injecisseOmonasterio</strong></span> <span class='ocrx_word' id='word_1_252' title='bbox 1748 2106 1933 2164; x_wconf 89' lang='lat' dir='ltr'><strong>Sancti</strong></span> <span class='ocrx_word' id='word_1_253' title='bbox 1965 2108 2070 2166; x_wconf 90' lang='lat' dir='ltr'><strong>Be-</strong></span> 
     </span>
    </p>
   </div>
   <div class='ocr_carea' id='block_1_35' title="bbox 478 2193 2070 2271">
    <p class='ocr_par' dir='ltr' id='par_1_35' title="bbox 478 2193 2070 2271">
     <span class='ocr_line' id='line_1_35' title="bbox 478 2193 2070 2271; baseline 0.006 -24"><span class='ocrx_word' id='word_1_254' title='bbox 478 2193 683 2249; x_wconf 86' lang='lat' dir='ltr'><strong>nedicti</strong></span> <span class='ocrx_word' id='word_1_255' title='bbox 731 2202 1011 2250; x_wconf 87' lang='lat' dir='ltr'><strong>tantarum</strong></span> <span class='ocrx_word' id='word_1_256' title='bbox 1060 2195 1262 2251; x_wconf 87' lang='lat' dir='ltr'><strong>virium</strong></span> <span class='ocrx_word' id='word_1_257' title='bbox 1315 2196 1528 2269; x_wconf 82' lang='lat' dir='ltr'><strong>ignem,</strong></span> <span class='ocrx_word' id='word_1_258' title='bbox 1576 2199 1672 2269; x_wconf 90' lang='lat' dir='ltr'><strong>qui</strong></span> <span class='ocrx_word' id='word_1_259' title='bbox 1719 2208 1900 2256; x_wconf 89' lang='lat' dir='ltr'><strong>turres</strong></span> <span class='ocrx_word' id='word_1_260' title='bbox 1949 2201 2070 2271; x_wconf 88' lang='lat' dir='ltr'><strong>ejus</strong></span> 
     </span>
    </p>
   </div>
   <div class='ocr_carea' id='block_1_36' title="bbox 479 2285 2068 2365">
    <p class='ocr_par' dir='ltr' id='par_1_36' title="bbox 479 2285 2068 2365">
     <span class='ocr_line' id='line_1_36' title="bbox 479 2285 2068 2365; baseline 0.007 -25"><span class='ocrx_word' id='word_1_261' title='bbox 479 2285 844 2353; x_wconf 87' lang='lat' dir='ltr'><strong>combureret,</strong></span> <span class='ocrx_word' id='word_1_262' title='bbox 878 2295 933 2345; x_wconf 93' lang='lat' dir='ltr'><strong>et</strong></span> <span class='ocrx_word' id='word_1_263' title='bbox 960 2303 1207 2359; x_wconf 81' lang='lat' dir='ltr'><strong>quasque</strong></span> <span class='ocrx_word' id='word_1_264' title='bbox 1235 2289 1285 2345; x_wconf 91' lang='lat' dir='ltr'><strong>ei</strong></span> <span class='ocrx_word' id='word_1_265' title='bbox 1317 2290 1603 2365; x_wconf 85' lang='lat' dir='ltr'><strong>contiguas</strong></span> <span class='ocrx_word' id='word_1_266' title='bbox 1629 2292 1773 2349; x_wconf 65' lang='lat' dir='ltr'><strong>aedes</strong></span> <span class='ocrx_word' id='word_1_267' title='bbox 1805 2294 2068 2365; x_wconf 87' lang='lat' dir='ltr'><strong>depasce-</strong></span> 
     </span>
    </p>
   </div>
   <div class='ocr_carea' id='block_1_37' title="bbox 477 2364 2071 2452">
    <p class='ocr_par' dir='ltr' id='par_1_37' title="bbox 477 2364 2071 2452">
     <span class='ocr_line' id='line_1_37' title="bbox 477 2364 2071 2452; baseline 0.006 -19"><span class='ocrx_word' id='word_1_268' title='bbox 477 2387 650 2434; x_wconf 90' lang='lat' dir='ltr'><strong>retur.</strong></span> <span class='ocrx_word' id='word_1_269' title='bbox 677 2377 805 2436; x_wconf 69' lang='lat' dir='ltr'><strong>Haec</strong></span> <span class='ocrx_word' id='word_1_270' title='bbox 836 2380 1165 2452; x_wconf 85' lang='lat' dir='ltr'><strong>loquebatur</strong></span> <span class='ocrx_word' id='word_1_271' title='bbox 1223 2390 1377 2438; x_wconf 87' lang='lat' dir='ltr'><strong>stans</strong></span> <span class='ocrx_word' id='word_1_272' title='bbox 1423 2383 1476 2438; x_wconf 93' lang='lat' dir='ltr'><strong>in</strong></span> <span class='ocrx_word' id='word_1_273' title='bbox 1515 2364 1733 2440; x_wconf 66' lang='lat' dir='ltr'><strong>sbmmo</strong></span> <span class='ocrx_word' id='word_1_274' title='bbox 1767 2364 1933 2442; x_wconf 85' lang='lat' dir='ltr'><strong>unius</strong></span> <span class='ocrx_word' id='word_1_275' title='bbox 1959 2395 2071 2442; x_wconf 77' lang='lat' dir='ltr'><strong>tra-</strong></span> 
     </span>
    </p>
   </div>
   <div class='ocr_carea' id='block_1_38' title="bbox 477 2469 2068 2548">
    <p class='ocr_par' dir='ltr' id='par_1_38' title="bbox 477 2469 2068 2548">
     <span class='ocr_line' id='line_1_38' title="bbox 477 2469 2068 2548; baseline 0.005 -22"><span class='ocrx_word' id='word_1_276' title='bbox 477 2469 719 2540; x_wconf 72' lang='lat' dir='ltr'><strong>beculae,</strong></span> <span class='ocrx_word' id='word_1_277' title='bbox 766 2474 999 2545; x_wconf 88' lang='lat' dir='ltr'><strong>quibus,</strong></span> <span class='ocrx_word' id='word_1_278' title='bbox 1039 2485 1098 2532; x_wconf 92' lang='lat' dir='ltr'><strong>ut</strong></span> <span class='ocrx_word' id='word_1_279' title='bbox 1147 2478 1420 2546; x_wconf 80' lang='lat' dir='ltr'><strong>diximus,</strong></span> <span class='ocrx_word' id='word_1_280' title='bbox 1472 2478 1660 2534; x_wconf 83' lang='lat' dir='ltr'><strong>solarii</strong></span> <span class='ocrx_word' id='word_1_281' title='bbox 1694 2478 2068 2548; x_wconf 86' lang='lat' dir='ltr'><strong>pavimentum</strong></span> 
     </span>
    </p>
   </div>
   <div class='ocr_carea' id='block_1_39' title="bbox 476 2562 2067 2636">
    <p class='ocr_par' dir='ltr' id='par_1_39' title="bbox 476 2562 2067 2636">
     <span class='ocr_line' id='line_1_39' title="bbox 476 2562 2067 2636; baseline 0.006 -21"><span class='ocrx_word' id='word_1_282' title='bbox 476 2562 748 2635; x_wconf 85' lang='lat' dir='ltr'><strong>consistit.</strong></span> <span class='ocrx_word' id='word_1_283' title='bbox 803 2563 936 2633; x_wconf 72' lang='lat' dir='ltr'><strong>Quae</strong></span> <span class='ocrx_word' id='word_1_284' title='bbox 982 2568 1071 2623; x_wconf 85' lang='lat' dir='ltr'><strong>vix</strong></span> <span class='ocrx_word' id='word_1_285' title='bbox 1116 2578 1384 2625; x_wconf 87' lang='lat' dir='ltr'><strong>venenato</strong></span> <span class='ocrx_word' id='word_1_286' title='bbox 1430 2578 1745 2625; x_wconf 86' lang='lat' dir='ltr'><strong>evomuerat</strong></span> <span class='ocrx_word' id='word_1_287' title='bbox 1781 2585 1899 2636; x_wconf 87' lang='lat' dir='ltr'><strong>ore,</strong></span> <span class='ocrx_word' id='word_1_288' title='bbox 1939 2585 2067 2625; x_wconf 91' lang='lat' dir='ltr'><strong>cum</strong></span> 
     </span>
    </p>
   </div>
   <div class='ocr_carea' id='block_1_40' title="bbox 476 2655 2068 2733">
    <p class='ocr_par' dir='ltr' id='par_1_40' title="bbox 476 2655 2068 2733">
     <span class='ocr_line' id='line_1_40' title="bbox 476 2655 2068 2733; baseline 0.007 -26"><span class='ocrx_word' id='word_1_289' title='bbox 476 2655 792 2724; x_wconf 70' lang='lat' dir='ltr'><strong>trabeculae,</strong></span> <span class='ocrx_word' id='word_1_290' title='bbox 817 2658 906 2713; x_wconf 88' lang='lat' dir='ltr'><strong>cui</strong></span> <span class='ocrx_word' id='word_1_291' title='bbox 925 2660 1155 2731; x_wconf 89' lang='lat' dir='ltr'><strong>pedibus</strong></span> <span class='ocrx_word' id='word_1_292' title='bbox 1182 2661 1488 2729; x_wconf 88' lang='lat' dir='ltr'><strong>insistebat,</strong></span> <span class='ocrx_word' id='word_1_293' title='bbox 1512 2663 1827 2733; x_wconf 83' lang='lat' dir='ltr'><strong>caput&#39;ruit,</strong></span> <span class='ocrx_word' id='word_1_294' title='bbox 1852 2663 2068 2718; x_wconf 88' lang='lat' dir='ltr'><strong>sublata</strong></span> 
     </span>
    </p>
   </div>
   <div class='ocr_carea' id='block_1_41' title="bbox 476 2743 2067 2822">
    <p class='ocr_par' dir='ltr' id='par_1_41' title="bbox 476 2743 2067 2822">
     <span class='ocr_line' id='line_1_41' title="bbox 476 2743 2067 2822; baseline 0.005 -23"><span class='ocrx_word' id='word_1_295' title='bbox 476 2743 533 2799; x_wconf 91' lang='lat' dir='ltr'><strong>in</strong></span> <span class='ocrx_word' id='word_1_296' title='bbox 558 2746 729 2802; x_wconf 90' lang='lat' dir='ltr'><strong>altum</strong></span> <span class='ocrx_word' id='word_1_297' title='bbox 758 2748 930 2804; x_wconf 86' lang='lat' dir='ltr'><strong>altera</strong></span> <span class='ocrx_word' id='word_1_298' title='bbox 965 2750 1085 2822; x_wconf 86' lang='lat' dir='ltr'><strong>ejus</strong></span> <span class='ocrx_word' id='word_1_299' title='bbox 1114 2752 1486 2819; x_wconf 77' lang='lat' dir='ltr'><strong>extremitate;</strong></span> <span class='ocrx_word' id='word_1_300' title='bbox 1533 2752 1622 2808; x_wconf 88' lang='lat' dir='ltr'><strong>ille</strong></span> <span class='ocrx_word' id='word_1_301' title='bbox 1644 2768 1777 2808; x_wconf 89' lang='lat' dir='ltr'><strong>vero</strong></span> <span class='ocrx_word' id='word_1_302' title='bbox 1806 2753 2067 2809; x_wconf 88' lang='lat' dir='ltr'><strong>deorsum</strong></span> 
     </span>
    </p>
   </div>
   <div class='ocr_carea' id='block_1_42' title="bbox 436 2841 2068 2921">
    <p class='ocr_par' dir='ltr' id='par_1_42' title="bbox 436 2841 2068 2921">
     <span class='ocr_line' id='line_1_42' title="bbox 436 2841 2068 2921; baseline 0.006 -25"><span class='ocrx_word' id='word_1_303' title='bbox 436 2873 441 2881; x_wconf 72' lang='grc' dir='ltr'>ι</span> <span class='ocrx_word' id='word_1_304' title='bbox 475 2841 653 2912; x_wconf 89' lang='lat' dir='ltr'><strong>capite</strong></span> <span class='ocrx_word' id='word_1_305' title='bbox 702 2858 996 2913; x_wconf 91' lang='lat' dir='ltr'><strong>corruens,</strong></span> <span class='ocrx_word' id='word_1_306' title='bbox 1042 2846 1137 2900; x_wconf 90' lang='lat' dir='ltr'><strong>tali</strong></span> <span class='ocrx_word' id='word_1_307' title='bbox 1168 2846 1359 2918; x_wconf 89' lang='lat' dir='ltr'><strong>lapsus</strong></span> <span class='ocrx_word' id='word_1_308' title='bbox 1392 2855 1476 2903; x_wconf 91' lang='lat' dir='ltr'><strong>est</strong></span> <span class='ocrx_word' id='word_1_309' title='bbox 1504 2863 1636 2904; x_wconf 91' lang='lat' dir='ltr'><strong>casu</strong></span> <span class='ocrx_word' id='word_1_310' title='bbox 1670 2856 1730 2903; x_wconf 90' lang='lat' dir='ltr'><strong>ut</strong></span> <span class='ocrx_word' id='word_1_311' title='bbox 1757 2857 1922 2920; x_wconf 91' lang='lat' dir='ltr'><strong>caput</strong></span> <span class='ocrx_word' id='word_1_312' title='bbox 1948 2849 2068 2921; x_wconf 87' lang='lat' dir='ltr'><strong>ejus</strong></span> 
     </span>
    </p>
   </div>
   <div class='ocr_carea' id='block_1_43' title="bbox 476 2932 2065 3012">
    <p class='ocr_par' dir='ltr' id='par_1_43' title="bbox 476 2932 2065 3012">
     <span class='ocr_line' id='line_1_43' title="bbox 476 2932 2065 3012; baseline 0.008 -26"><span class='ocrx_word' id='word_1_313' title='bbox 476 2932 623 2989; x_wconf 90' lang='lat' dir='ltr'><strong>inter</strong></span> <span class='ocrx_word' id='word_1_314' title='bbox 648 2935 787 2991; x_wconf 89' lang='lat' dir='ltr'><strong>duas</strong></span> <span class='ocrx_word' id='word_1_315' title='bbox 815 2952 975 2994; x_wconf 86' lang='lat' dir='ltr'><strong>arcas</strong></span> <span class='ocrx_word' id='word_1_316' title='bbox 1009 2953 1133 3009; x_wconf 85' lang='lat' dir='ltr'><strong>quae</strong></span> <span class='ocrx_word' id='word_1_317' title='bbox 1166 2938 1221 2993; x_wconf 94' lang='lat' dir='ltr'><strong>in</strong></span> <span class='ocrx_word' id='word_1_318' title='bbox 1265 2939 1490 2995; x_wconf 81' lang='lat' dir='ltr'><strong>cellario</strong></span> <span class='ocrx_word' id='word_1_319' title='bbox 1521 2940 1689 3012; x_wconf 89' lang='lat' dir='ltr'><strong>(quod</strong></span> <span class='ocrx_word' id='word_1_320' title='bbox 1720 2941 1946 2998; x_wconf 87' lang='lat' dir='ltr'><strong>subesse</strong></span> <span class='ocrx_word' id='word_1_321' title='bbox 1972 2957 2065 2998; x_wconf 87' lang='lat' dir='ltr'><strong>so-</strong></span> 
     </span>
    </p>
   </div>
   <div class='ocr_carea' id='block_1_44' title="bbox 474 3025 2067 3107">
    <p class='ocr_par' dir='ltr' id='par_1_44' title="bbox 474 3025 2067 3107">
     <span class='ocr_line' id='line_1_44' title="bbox 474 3025 2067 3107; baseline 0.008 -28"><span class='ocrx_word' id='word_1_322' title='bbox 474 3025 616 3082; x_wconf 91' lang='lat' dir='ltr'><strong>lario</strong></span> <span class='ocrx_word' id='word_1_323' title='bbox 643 3026 921 3101; x_wconf 81' lang='lat' dir='ltr'><strong>diximus)</strong></span> <span class='ocrx_word' id='word_1_324' title='bbox 950 3038 1129 3097; x_wconf 90' lang='lat' dir='ltr'><strong>erant,</strong></span> <span class='ocrx_word' id='word_1_325' title='bbox 1164 3031 1483 3103; x_wconf 72' lang='lat' dir='ltr'><strong>iungeretur</strong></span> <span class='ocrx_word' id='word_1_326' title='bbox 1513 3033 1688 3089; x_wconf 92' lang='lat' dir='ltr'><strong>instar</strong></span> <span class='ocrx_word' id='word_1_327' title='bbox 1711 3034 1873 3089; x_wconf 89' lang='lat' dir='ltr'><strong>cunei</strong></span> <span class='ocrx_word' id='word_1_328' title='bbox 1918 3034 2067 3107; x_wconf 87' lang='lat' dir='ltr'><strong>ligno</strong></span> 
     </span>
    </p>
   </div>
   <div class='ocr_carea' id='block_1_45' title="bbox 476 3116 2138 3223">
    <p class='ocr_par' dir='ltr' id='par_1_45' title="bbox 476 3116 2138 3223">
     <span class='ocr_line' id='line_1_45' title="bbox 476 3116 2138 3223; baseline 0.008 -52"><span class='ocrx_word' id='word_1_329' title='bbox 476 3116 718 3189; x_wconf 90' lang='lat' dir='ltr'><strong>impacti,</strong></span> <span class='ocrx_word' id='word_1_330' title='bbox 748 3120 962 3192; x_wconf 91' lang='lat' dir='ltr'><strong>reliquo</strong></span> <span class='ocrx_word' id='word_1_331' title='bbox 989 3137 1220 3193; x_wconf 88' lang='lat' dir='ltr'><strong>corpore</strong></span> <span class='ocrx_word' id='word_1_332' title='bbox 1264 3139 1431 3195; x_wconf 86' lang='lat' dir='ltr'><strong>super</strong></span> <span class='ocrx_word' id='word_1_333' title='bbox 1466 3141 1632 3181; x_wconf 92' lang='lat' dir='ltr'><strong>unam</strong></span> <span class='ocrx_word' id='word_1_334' title='bbox 1675 3142 1867 3182; x_wconf 89' lang='lat' dir='ltr'><strong>earum</strong></span> <span class='ocrx_word' id='word_1_335' title='bbox 1910 3142 2067 3184; x_wconf 89' lang='lat' dir='ltr'><strong>arca—</strong></span> <span class='ocrx_word' id='word_1_336' title='bbox 2093 3162 2138 3223; x_wconf 70' lang='grc' dir='ltr'>ο</span> 
     </span>
    </p>
   </div>
   <div class='ocr_carea' id='block_1_46' title="bbox 472 3211 2068 3285">
    <p class='ocr_par' dir='ltr' id='par_1_46' title="bbox 472 3211 2068 3285">
     <span class='ocr_line' id='line_1_46' title="bbox 472 3211 2068 3285; baseline 0.008 -21"><span class='ocrx_word' id='word_1_337' title='bbox 472 3225 601 3265; x_wconf 86' lang='lat' dir='ltr'><strong>rum</strong></span> <span class='ocrx_word' id='word_1_338' title='bbox 634 3211 858 3283; x_wconf 90' lang='lat' dir='ltr'><strong>rejecto.</strong></span> <span class='ocrx_word' id='word_1_339' title='bbox 898 3212 1063 3270; x_wconf 80' lang='lat' dir='ltr'><strong>Facto</strong></span> <span class='ocrx_word' id='word_1_340' title='bbox 1095 3215 1353 3285; x_wconf 91' lang='lat' dir='ltr'><strong>clamore,</strong></span> <span class='ocrx_word' id='word_1_341' title='bbox 1398 3216 1590 3273; x_wconf 89' lang='lat' dir='ltr'><strong>famuli</strong></span> <span class='ocrx_word' id='word_1_342' title='bbox 1634 3217 1834 3275; x_wconf 89' lang='lat' dir='ltr'><strong>domus</strong></span> <span class='ocrx_word' id='word_1_343' title='bbox 1870 3220 1925 3275; x_wconf 93' lang='lat' dir='ltr'><strong>in</strong></span> <span class='ocrx_word' id='word_1_344' title='bbox 1957 3221 2068 3277; x_wconf 85' lang='lat' dir='ltr'><strong>cel-</strong></span> 
     </span>
    </p>
   </div>
   <div class='ocr_carea' id='block_1_47' title="bbox 474 3301 2071 3378">
    <p class='ocr_par' dir='ltr' id='par_1_47' title="bbox 474 3301 2071 3378">
     <span class='ocr_line' id='line_1_47' title="bbox 474 3301 2071 3378; baseline 0.009 -22"><span class='ocrx_word' id='word_1_345' title='bbox 474 3301 674 3360; x_wconf 89' lang='lat' dir='ltr'><strong>larium</strong></span> <span class='ocrx_word' id='word_1_346' title='bbox 703 3318 905 3374; x_wconf 88' lang='lat' dir='ltr'><strong>ruunt;</strong></span> <span class='ocrx_word' id='word_1_347' title='bbox 937 3309 1217 3378; x_wconf 88' lang='lat' dir='ltr'><strong>reperiunt</strong></span> <span class='ocrx_word' id='word_1_348' title='bbox 1238 3318 1419 3366; x_wconf 89' lang='lat' dir='ltr'><strong>autem</strong></span> <span class='ocrx_word' id='word_1_349' title='bbox 1442 3310 1725 3368; x_wconf 89' lang='lat' dir='ltr'><strong>dominum</strong></span> <span class='ocrx_word' id='word_1_350' title='bbox 1756 3329 1918 3370; x_wconf 90' lang='lat' dir='ltr'><strong>suum</strong></span> <span class='ocrx_word' id='word_1_351' title='bbox 1941 3327 2071 3372; x_wconf 61' lang='lat' dir='ltr'><strong>conv</strong></span> 
     </span>
    </p>
   </div>
   <div class='ocr_carea' id='block_1_48' title="bbox 473 3394 2064 3477">
    <p class='ocr_par' dir='ltr' id='par_1_48' title="bbox 473 3394 2064 3477">
     <span class='ocr_line' id='line_1_48' title="bbox 473 3394 2064 3477; baseline 0.009 -29"><span class='ocrx_word' id='word_1_352' title='bbox 473 3394 664 3451; x_wconf 89' lang='lat' dir='ltr'><strong>fractis</strong></span> <span class='ocrx_word' id='word_1_353' title='bbox 691 3396 1005 3453; x_wconf 86' lang='lat' dir='ltr'><strong>cervicibus</strong></span> <span class='ocrx_word' id='word_1_354' title='bbox 1025 3399 1269 3477; x_wconf 79' lang='lat' dir='ltr'><strong>animam</strong></span> <span class='ocrx_word' id='word_1_355' title='bbox 1309 3402 1618 3459; x_wconf 80' lang='lat' dir='ltr'><strong>exhalasse.</strong></span> <span class='ocrx_word' id='word_1_356' title='bbox 1653 3402 1829 3471; x_wconf 86' lang='lat' dir='ltr'><strong>Quem</strong></span> <span class='ocrx_word' id='word_1_357' title='bbox 1868 3421 2064 3477; x_wconf 88' lang='lat' dir='ltr'><strong>repor-</strong></span> 
     </span>
    </p>
   </div>
   <div class='ocr_carea' id='block_1_49' title="bbox 474 3473 2067 3563">
    <p class='ocr_par' dir='ltr' id='par_1_49' title="bbox 474 3473 2067 3563">
     <span class='ocr_line' id='line_1_49' title="bbox 474 3473 2067 3563; baseline 0.008 -21"><span class='ocrx_word' id='word_1_358' title='bbox 474 3495 653 3544; x_wconf 90' lang='lat' dir='ltr'><strong>tantes</strong></span> <span class='ocrx_word' id='word_1_359' title='bbox 683 3487 750 3543; x_wconf 91' lang='lat' dir='ltr'><strong>ad</strong></span> <span class='ocrx_word' id='word_1_360' title='bbox 780 3473 1109 3559; x_wconf 43' lang='lat' dir='ltr'><strong>superiora;</strong></span> <span class='ocrx_word' id='word_1_361' title='bbox 1130 3507 1233 3562; x_wconf 90' lang='lat' dir='ltr'><strong>pro</strong></span> <span class='ocrx_word' id='word_1_362' title='bbox 1260 3492 1382 3563; x_wconf 87' lang='lat' dir='ltr'><strong>ejus</strong></span> <span class='ocrx_word' id='word_1_363' title='bbox 1413 3502 1591 3550; x_wconf 92' lang='lat' dir='ltr'><strong>morte</strong></span> <span class='ocrx_word' id='word_1_364' title='bbox 1621 3496 1802 3553; x_wconf 90' lang='lat' dir='ltr'><strong>subita</strong></span> <span class='ocrx_word' id='word_1_365' title='bbox 1835 3473 2067 3556; x_wconf 78' lang='lat' dir='ltr'><strong>amaris-</strong></span> 
     </span>
    </p>
   </div>
   <div class='ocr_carea' id='block_1_50' title="bbox 474 3577 2065 3653">
    <p class='ocr_par' dir='ltr' id='par_1_50' title="bbox 474 3577 2065 3653">
     <span class='ocr_line' id='line_1_50' title="bbox 474 3577 2065 3653; baseline 0.008 -22"><span class='ocrx_word' id='word_1_366' title='bbox 474 3577 645 3634; x_wconf 84' lang='lat' dir='ltr'><strong>simas</strong></span> <span class='ocrx_word' id='word_1_367' title='bbox 687 3577 991 3635; x_wconf 78' lang='lat' dir='ltr'><strong>fundebant</strong></span> <span class='ocrx_word' id='word_1_368' title='bbox 1027 3580 1315 3653; x_wconf 89' lang='lat' dir='ltr'><strong>lacrymas.</strong></span> <span class='ocrx_word' id='word_1_369' title='bbox 1368 3582 1483 3639; x_wconf 88' lang='lat' dir='ltr'><strong>Hoc</strong></span> <span class='ocrx_word' id='word_1_370' title='bbox 1526 3585 1676 3641; x_wconf 78' lang='lat' dir='ltr'><strong>exitu</strong></span> <span class='ocrx_word' id='word_1_371' title='bbox 1720 3588 2065 3645; x_wconf 89' lang='lat' dir='ltr'><strong>obstructum</strong></span> 
     </span>
    </p>
   </div>
   <div class='ocr_carea' id='block_1_51' title="bbox 471 3660 2064 3749">
    <p class='ocr_par' dir='ltr' id='par_1_51' title="bbox 471 3660 2064 3749">
     <span class='ocr_line' id='line_1_51' title="bbox 471 3660 2064 3749; baseline 0.011 -29"><span class='ocrx_word' id='word_1_372' title='bbox 471 3672 558 3721; x_wconf 90' lang='lat' dir='ltr'><strong>est</strong></span> <span class='ocrx_word' id='word_1_373' title='bbox 591 3683 655 3722; x_wconf 90' lang='lat' dir='ltr'><strong>os</strong></span> <span class='ocrx_word' id='word_1_374' title='bbox 691 3660 965 3738; x_wconf 83' lang='lat' dir='ltr'><strong>loquentis</strong></span> <span class='ocrx_word' id='word_1_375' title='bbox 998 3670 1185 3742; x_wconf 88' lang='lat' dir='ltr'><strong>iniqua</strong></span> <span class='ocrx_word' id='word_1_376' title='bbox 1234 3673 1412 3743; x_wconf 71' lang='lat' dir='ltr'><strong>(Paul.</strong></span> <span class='ocrx_word' id='word_1_377' title='bbox 1456 3690 1598 3742; x_wconf 78' lang='lat' dir='ltr'><strong>an,</strong></span> <span class='ocrx_word' id='word_1_378' title='bbox 1651 3676 1759 3749; x_wconf 69' lang='grc'><strong>19),</strong></span> <span class='ocrx_word' id='word_1_379' title='bbox 1804 3686 2064 3738; x_wconf 82' lang='lat' dir='ltr'><strong>renovata</strong></span> 
     </span>
    </p>
   </div>
   <div class='ocr_carea' id='block_1_52' title="bbox 472 3756 2063 3843">
    <p class='ocr_par' dir='ltr' id='par_1_52' title="bbox 472 3756 2063 3843">
     <span class='ocr_line' id='line_1_52' title="bbox 472 3756 2063 3843; baseline 0.011 -33"><span class='ocrx_word' id='word_1_380' title='bbox 472 3764 559 3811; x_wconf 91' lang='lat' dir='ltr'><strong>cst</strong></span> <span class='ocrx_word' id='word_1_381' title='bbox 593 3756 650 3811; x_wconf 90' lang='lat' dir='ltr'><strong>in</strong></span> <span class='ocrx_word' id='word_1_382' title='bbox 678 3757 785 3813; x_wconf 92' lang='lat' dir='ltr'><strong>hoc</strong></span> <span class='ocrx_word' id='word_1_383' title='bbox 807 3758 1018 3830; x_wconf 80' lang='lat' dir='ltr'><strong>perﬁdo</strong></span> <span class='ocrx_word' id='word_1_384' title='bbox 1043 3762 1269 3833; x_wconf 90' lang='lat' dir='ltr'><strong>antiqua</strong></span> <span class='ocrx_word' id='word_1_385' title='bbox 1298 3763 1546 3835; x_wconf 87' lang='lat' dir='ltr'><strong>ejusdem</strong></span> <span class='ocrx_word' id='word_1_386' title='bbox 1574 3765 1756 3824; x_wconf 88' lang='lat' dir='ltr'><strong>Patris</strong></span> <span class='ocrx_word' id='word_1_387' title='bbox 1799 3774 2063 3843; x_wconf 88' lang='lat' dir='ltr'><strong>potentia,</strong></span> 
     </span>
    </p>
   </div>
   <div class='ocr_carea' id='block_1_53' title="bbox 471 3851 2067 3922">
    <p class='ocr_par' dir='ltr' id='par_1_53' title="bbox 471 3851 2067 3922">
     <span class='ocr_line' id='line_1_53' title="bbox 471 3851 2067 3922; baseline 0.01 -17"><span class='ocrx_word' id='word_1_388' title='bbox 471 3851 604 3905; x_wconf 84' lang='lat' dir='ltr'><strong>dum</strong></span> <span class='ocrx_word' id='word_1_389' title='bbox 647 3860 936 3908; x_wconf 90' lang='lat' dir='ltr'><strong>corruente</strong></span> <span class='ocrx_word' id='word_1_390' title='bbox 960 3851 1236 3912; x_wconf 87' lang='lat' dir='ltr'><strong>Florentio</strong></span> <span class='ocrx_word' id='word_1_391' title='bbox 1261 3865 1373 3913; x_wconf 90' lang='lat' dir='ltr'><strong>tota</strong></span> <span class='ocrx_word' id='word_1_392' title='bbox 1394 3857 1594 3916; x_wconf 90' lang='lat' dir='ltr'><strong>domus</strong></span> <span class='ocrx_word' id='word_1_393' title='bbox 1625 3858 1833 3919; x_wconf 85' lang='lat' dir='ltr'><strong>fabrica</strong></span> <span class='ocrx_word' id='word_1_394' title='bbox 1860 3866 2067 3922; x_wconf 89' lang='lat' dir='ltr'><strong>mansit</strong></span> 
     </span>
    </p>
   </div>
   <div class='ocr_carea' id='block_1_54' title="bbox 473 3942 2067 4016">
    <p class='ocr_par' dir='ltr' id='par_1_54' title="bbox 473 3942 2067 4016">
     <span class='ocr_line' id='line_1_54' title="bbox 473 3942 2067 4016; baseline 0.011 -20"><span class='ocrx_word' id='word_1_395' title='bbox 473 3942 664 4011; x_wconf 69' lang='lat' dir='ltr'><strong>illaesa,</strong></span> <span class='ocrx_word' id='word_1_396' title='bbox 704 3954 901 4015; x_wconf 62' lang='lat' dir='ltr'><strong>praeter</strong></span> <span class='ocrx_word' id='word_1_397' title='bbox 944 3948 1234 4016; x_wconf 82' lang='lat' dir='ltr'><strong>solarium,</strong></span> <span class='ocrx_word' id='word_1_398' title='bbox 1273 3949 1362 4005; x_wconf 88' lang='lat' dir='ltr'><strong>cui</strong></span> <span class='ocrx_word' id='word_1_399' title='bbox 1404 3950 1548 4006; x_wconf 88' lang='lat' dir='ltr'><strong>idem</strong></span> <span class='ocrx_word' id='word_1_400' title='bbox 1594 3951 1902 4011; x_wconf 83' lang='lat' dir='ltr'><strong>Florentius</strong></span> <span class='ocrx_word' id='word_1_401' title='bbox 1931 3956 2067 4013; x_wconf 88' lang='lat' dir='ltr'><strong>insi-</strong></span> 
     </span>
    </p>
   </div>
   <div class='ocr_carea' id='block_1_55' title="bbox 472 4036 2066 4114">
    <p class='ocr_par' dir='ltr' id='par_1_55' title="bbox 472 4036 2066 4114">
     <span class='ocr_line' id='line_1_55' title="bbox 472 4036 2066 4114; baseline 0.009 -24"><span class='ocrx_word' id='word_1_402' title='bbox 472 4036 653 4092; x_wconf 89' lang='lat' dir='ltr'><strong>stebat</strong></span> <span class='ocrx_word' id='word_1_403' title='bbox 683 4037 875 4110; x_wconf 76' lang='lat' dir='ltr'><strong>(Gneo.</strong></span> <span class='ocrx_word' id='word_1_404' title='bbox 916 4040 1012 4096; x_wconf 90' lang='lat' dir='ltr'><strong>lib.</strong></span> <span class='ocrx_word' id='word_1_405' title='bbox 1047 4057 1086 4096; x_wconf 85' lang='grc' dir='ltr'>ιι</span> <span class='ocrx_word' id='word_1_406' title='bbox 1116 4040 1265 4097; x_wconf 83' lang='lat' dir='ltr'><strong>Dial.</strong></span> <span class='ocrx_word' id='word_1_407' title='bbox 1299 4058 1349 4098; x_wconf 93' lang='lat' dir='ltr'><strong>c.</strong></span> <span class='ocrx_word' id='word_1_408' title='bbox 1386 4042 1462 4114; x_wconf 91' lang='lat'><strong>8).</strong></span> <span class='ocrx_word' id='word_1_409' title='bbox 1498 4041 1592 4100; x_wconf 86' lang='lat' dir='ltr'><strong>Sic</strong></span> <span class='ocrx_word' id='word_1_410' title='bbox 1631 4053 1688 4101; x_wconf 91' lang='lat' dir='ltr'><strong>et</strong></span> <span class='ocrx_word' id='word_1_411' title='bbox 1727 4045 1834 4102; x_wconf 87' lang='lat' dir='ltr'><strong>isto</strong></span> <span class='ocrx_word' id='word_1_412' title='bbox 1871 4057 2066 4105; x_wconf 90' lang='lat' dir='ltr'><strong>ruente</strong></span> 
     </span>
    </p>
   </div>
   <div class='ocr_carea' id='block_1_56' title="bbox 471 4131 2065 4207">
    <p class='ocr_par' dir='ltr' id='par_1_56' title="bbox 471 4131 2065 4207">
     <span class='ocr_line' id='line_1_56' title="bbox 471 4131 2065 4207; baseline 0.008 -23"><span class='ocrx_word' id='word_1_413' title='bbox 471 4136 588 4185; x_wconf 81' lang='lat' dir='ltr'><strong>&#39;ota</strong></span> <span class='ocrx_word' id='word_1_414' title='bbox 636 4131 807 4187; x_wconf 86' lang='lat' dir='ltr'><strong>turris</strong></span> <span class='ocrx_word' id='word_1_415' title='bbox 855 4131 1063 4188; x_wconf 83' lang='lat' dir='ltr'><strong>fabrica</strong></span> <span class='ocrx_word' id='word_1_416' title='bbox 1111 4134 1415 4204; x_wconf 88' lang='lat' dir='ltr'><strong>permansit</strong></span> <span class='ocrx_word' id='word_1_417' title='bbox 1457 4134 1688 4207; x_wconf 86' lang='lat' dir='ltr'><strong>integra,</strong></span> <span class='ocrx_word' id='word_1_418' title='bbox 1739 4138 1856 4194; x_wconf 89' lang='lat' dir='ltr'><strong>sola</strong></span> <span class='ocrx_word' id='word_1_419' title='bbox 1884 4140 2065 4197; x_wconf 87' lang='lat' dir='ltr'><strong>trabe-</strong></span> 
     </span>
    </p>
   </div>
   <div class='ocr_carea' id='block_1_57' title="bbox 362 4224 1598 4298">
    <p class='ocr_par' dir='ltr' id='par_1_57' title="bbox 362 4224 1598 4298">
     <span class='ocr_line' id='line_1_57' title="bbox 362 4224 1598 4298; baseline 0.005 -21"><span class='ocrx_word' id='word_1_420' title='bbox 362 4278 375 4291; x_wconf 73' lang='lat'><strong>,</strong></span> <span class='ocrx_word' id='word_1_421' title='bbox 472 4224 618 4289; x_wconf 89' lang='lat' dir='ltr'><strong>cula,</strong></span> <span class='ocrx_word' id='word_1_422' title='bbox 650 4224 740 4279; x_wconf 91' lang='lat' dir='ltr'><strong>cui</strong></span> <span class='ocrx_word' id='word_1_423' title='bbox 766 4226 1134 4294; x_wconf 87' lang='lat' dir='ltr'><strong>superstabat,</strong></span> <span class='ocrx_word' id='word_1_424' title='bbox 1162 4225 1379 4281; x_wconf 90' lang='lat' dir='ltr'><strong>ruinam</strong></span> <span class='ocrx_word' id='word_1_425' title='bbox 1417 4243 1598 4298; x_wconf 86' lang='lat' dir='ltr'><strong>passa.</strong></span> 
     </span>
    </p>
   </div>
   <div class='ocr_carea' id='block_1_58' title="bbox 546 4315 2061 4381">
    <p class='ocr_par' dir='ltr' id='par_1_58' title="bbox 546 4315 2061 4381">
     <span class='ocr_line' id='line_1_58' title="bbox 546 4315 2061 4381; baseline 0.007 -12"><span class='ocrx_word' id='word_1_426' title='bbox 546 4315 677 4372; x_wconf 67' lang='lat' dir='ltr'><strong>Car.</strong></span> <span class='ocrx_word' id='word_1_427' title='bbox 714 4315 879 4373; x_wconf 80' lang='lat' dir='ltr'><strong>XVII.</strong></span> <span class='ocrx_word' id='word_1_428' title='bbox 914 4348 983 4357; x_wconf 90' lang='lat'><strong><em>—</em></strong></span> <span class='ocrx_word' id='word_1_429' title='bbox 1007 4316 1065 4373; x_wconf 85' lang='lat' dir='ltr'><strong>S.</strong></span> <span class='ocrx_word' id='word_1_430' title='bbox 1110 4318 1388 4375; x_wconf 81' lang='lat' dir='ltr'><strong>Benedicti</strong></span> <span class='ocrx_word' id='word_1_431' title='bbox 1420 4323 1700 4377; x_wconf 74' lang='lat' dir='ltr'><strong>cmmeterii</strong></span> <span class='ocrx_word' id='word_1_432' title='bbox 1730 4322 2061 4381; x_wconf 76' lang='lat' dir='ltr'><strong>immunitas.</strong></span> 
     </span>
    </p>
   </div>
   <div class='ocr_carea' id='block_1_59' title="bbox 472 4402 2060 4483">
    <p class='ocr_par' dir='ltr' id='par_1_59' title="bbox 472 4402 2060 4483">
     <span class='ocr_line' id='line_1_59' title="bbox 472 4402 2060 4483; baseline 0.009 -27"><span class='ocrx_word' id='word_1_433' title='bbox 472 4402 713 4459; x_wconf 62' lang='lat' dir='ltr'><strong>Annam;</strong></span> <span class='ocrx_word' id='word_1_434' title='bbox 762 4414 932 4476; x_wconf 64' lang='lat' dir='ltr'><strong>raptae</strong></span> <span class='ocrx_word' id='word_1_435' title='bbox 965 4422 1138 4477; x_wconf 78' lang='lat' dir='ltr'><strong>poma.</strong></span> <span class='ocrx_word' id='word_1_436' title='bbox 1190 4407 1286 4464; x_wconf 86' lang='lat' dir='ltr'><strong>Est</strong></span> <span class='ocrx_word' id='word_1_437' title='bbox 1319 4410 1594 4480; x_wconf 89' lang='lat' dir='ltr'><strong>quoddam</strong></span> <span class='ocrx_word' id='word_1_438' title='bbox 1638 4412 1958 4483; x_wconf 71' lang='lat' dir='ltr'><strong>praediolum</strong></span> <span class='ocrx_word' id='word_1_439' title='bbox 2004 4416 2060 4471; x_wconf 90' lang='lat' dir='ltr'><strong>iu</strong></span> 
     </span>
    </p>
   </div>
   <div class='ocr_carea' id='block_1_60' title="bbox 2171 1920 3777 1995">
    <p class='ocr_par' dir='ltr' id='par_1_60' title="bbox 2171 1920 3777 1995">
     <span class='ocr_line' id='line_1_60' title="bbox 2171 1920 3777 1995; baseline -0.005 -14"><span class='ocrx_word' id='word_1_440' title='bbox 2171 1926 2316 1995; x_wconf 93' lang='lat' dir='ltr'><strong>loco,</strong></span> <span class='ocrx_word' id='word_1_441' title='bbox 2359 1940 2532 1980; x_wconf 89' lang='lat' dir='ltr'><strong>unum</strong></span> <span class='ocrx_word' id='word_1_442' title='bbox 2578 1923 2879 1981; x_wconf 74' lang='lat' dir='ltr'><strong>sextarium</strong></span> <span class='ocrx_word' id='word_1_443' title='bbox 2929 1936 2990 1978; x_wconf 88' lang='lat' dir='ltr'><strong>se</strong></span> <span class='ocrx_word' id='word_1_444' title='bbox 3035 1929 3490 1992; x_wconf 70' lang='lat' dir='ltr'><strong>pmsumpturos,</strong></span> <span class='ocrx_word' id='word_1_445' title='bbox 3530 1928 3596 1974; x_wconf 90' lang='lat' dir='ltr'><strong>ut</strong></span> <span class='ocrx_word' id='word_1_446' title='bbox 3646 1920 3777 1975; x_wconf 86' lang='lat' dir='ltr'><strong>inde</strong></span> 
     </span>
    </p>
   </div>
   <div class='ocr_carea' id='block_1_61' title="bbox 2171 2007 3779 2087">
    <p class='ocr_par' dir='ltr' id='par_1_61' title="bbox 2171 2007 3779 2087">
     <span class='ocr_line' id='line_1_61' title="bbox 2171 2007 3779 2087; baseline -0.006 -13"><span class='ocrx_word' id='word_1_447' title='bbox 2171 2017 2329 2074; x_wconf 88' lang='lat' dir='ltr'><strong>cibus</strong></span> <span class='ocrx_word' id='word_1_448' title='bbox 2371 2023 2773 2087; x_wconf 63' lang='lat' dir='ltr'><strong>praepararetur</strong></span> <span class='ocrx_word' id='word_1_449' title='bbox 2795 2012 3046 2069; x_wconf 87' lang='lat' dir='ltr'><strong>canibus.</strong></span> <span class='ocrx_word' id='word_1_450' title='bbox 3092 2010 3162 2065; x_wconf 85' lang='lat' dir='ltr'><strong>At</strong></span> <span class='ocrx_word' id='word_1_451' title='bbox 3209 2009 3301 2065; x_wconf 89' lang='lat' dir='ltr'><strong>ille</strong></span> <span class='ocrx_word' id='word_1_452' title='bbox 3340 2007 3513 2064; x_wconf 86' lang='lat' dir='ltr'><strong>infert</strong></span> <span class='ocrx_word' id='word_1_453' title='bbox 3563 2024 3779 2079; x_wconf 86' lang='lat' dir='ltr'><strong>nequa-</strong></span> 
     </span>
    </p>
   </div>
   <div class='ocr_carea' id='block_1_62' title="bbox 2152 2102 3777 2182">
    <p class='ocr_par' dir='ltr' id='par_1_62' title="bbox 2152 2102 3777 2182">
     <span class='ocr_line' id='line_1_62' title="bbox 2152 2102 3777 2182; baseline -0.003 -17"><span class='ocrx_word' id='word_1_454' title='bbox 2152 2122 2338 2182; x_wconf 87' lang='lat' dir='ltr'><strong>quam</strong></span> <span class='ocrx_word' id='word_1_455' title='bbox 2376 2108 2602 2180; x_wconf 90' lang='lat' dir='ltr'><strong>impune</strong></span> <span class='ocrx_word' id='word_1_456' title='bbox 2652 2107 2706 2163; x_wconf 91' lang='lat' dir='ltr'><strong>id</strong></span> <span class='ocrx_word' id='word_1_457' title='bbox 2744 2121 2843 2162; x_wconf 92' lang='lat' dir='ltr'><strong>eos</strong></span> <span class='ocrx_word' id='word_1_458' title='bbox 2892 2119 3058 2177; x_wconf 89' lang='lat' dir='ltr'><strong>posse</strong></span> <span class='ocrx_word' id='word_1_459' title='bbox 3100 2102 3390 2174; x_wconf 79' lang='lat' dir='ltr'><strong>perlicere;</strong></span> <span class='ocrx_word' id='word_1_460' title='bbox 3444 2119 3611 2159; x_wconf 87' lang='lat' dir='ltr'><strong>suum</strong></span> <span class='ocrx_word' id='word_1_461' title='bbox 3642 2120 3777 2160; x_wconf 76' lang='lat' dir='ltr'><strong>vero</strong></span> 
     </span>
    </p>
   </div>
   <div class='ocr_carea' id='block_1_63' title="bbox 2170 2197 3772 2272">
    <p class='ocr_par' dir='ltr' id='par_1_63' title="bbox 2170 2197 3772 2272">
     <span class='ocr_line' id='line_1_63' title="bbox 2170 2197 3772 2272; baseline -0.003 -14"><span class='ocrx_word' id='word_1_462' title='bbox 2170 2204 2487 2259; x_wconf 86' lang='lat' dir='ltr'><strong>nullatenus</strong></span> <span class='ocrx_word' id='word_1_463' title='bbox 2522 2216 2689 2272; x_wconf 88' lang='lat' dir='ltr'><strong>super</strong></span> <span class='ocrx_word' id='word_1_464' title='bbox 2719 2200 2823 2255; x_wconf 88' lang='lat' dir='ltr'><strong>hac</strong></span> <span class='ocrx_word' id='word_1_465' title='bbox 2848 2198 3153 2255; x_wconf 83' lang='lat' dir='ltr'><strong>temeritate</strong></span> <span class='ocrx_word' id='word_1_466' title='bbox 3183 2197 3388 2255; x_wconf 88' lang='lat' dir='ltr'><strong>habere</strong></span> <span class='ocrx_word' id='word_1_467' title='bbox 3415 2212 3772 2265; x_wconf 86' lang='lat' dir='ltr'><strong>consensum,</strong></span> 
     </span>
    </p>
   </div>
   <div class='ocr_carea' id='block_1_64' title="bbox 2169 2290 3773 2365">
    <p class='ocr_par' dir='ltr' id='par_1_64' title="bbox 2169 2290 3773 2365">
     <span class='ocr_line' id='line_1_64' title="bbox 2169 2290 3773 2365; baseline -0.004 -12"><span class='ocrx_word' id='word_1_468' title='bbox 2169 2298 2363 2353; x_wconf 89' lang='lat' dir='ltr'><strong>timere</strong></span> <span class='ocrx_word' id='word_1_469' title='bbox 2404 2310 2472 2350; x_wconf 91' lang='lat' dir='ltr'><strong>ne</strong></span> <span class='ocrx_word' id='word_1_470' title='bbox 2509 2309 2671 2365; x_wconf 68' lang='lat' dir='ltr'><strong>pinna</strong></span> <span class='ocrx_word' id='word_1_471' title='bbox 2708 2293 2837 2348; x_wconf 88' lang='lat' dir='ltr'><strong>huic</strong></span> <span class='ocrx_word' id='word_1_472' title='bbox 2878 2291 3291 2363; x_wconf 62' lang='lat' dir='ltr'><strong>praesumptioni</strong></span> <span class='ocrx_word' id='word_1_473' title='bbox 3331 2307 3460 2346; x_wconf 82' lang='lat' dir='ltr'><strong>mox</strong></span> <span class='ocrx_word' id='word_1_474' title='bbox 3508 2290 3773 2346; x_wconf 86' lang='lat' dir='ltr'><strong>adfutura</strong></span> 
     </span>
    </p>
   </div>
   <div class='ocr_carea' id='block_1_65' title="bbox 2171 2382 3777 2455">
    <p class='ocr_par' dir='ltr' id='par_1_65' title="bbox 2171 2382 3777 2455">
     <span class='ocr_line' id='line_1_65' title="bbox 2171 2382 3777 2455; baseline -0.004 -10"><span class='ocrx_word' id='word_1_475' title='bbox 2171 2389 2228 2445; x_wconf 91' lang='lat' dir='ltr'><strong>in</strong></span> <span class='ocrx_word' id='word_1_476' title='bbox 2254 2404 2335 2455; x_wconf 90' lang='lat' dir='ltr'><strong>se,</strong></span> <span class='ocrx_word' id='word_1_477' title='bbox 2368 2387 2416 2443; x_wconf 89' lang='lat' dir='ltr'><strong>si</strong></span> <span class='ocrx_word' id='word_1_478' title='bbox 2443 2387 2735 2453; x_wconf 90' lang='lat' dir='ltr'><strong>accideret,</strong></span> <span class='ocrx_word' id='word_1_479' title='bbox 2769 2384 3123 2441; x_wconf 86' lang='lat' dir='ltr'><strong>relaberetur.</strong></span> <span class='ocrx_word' id='word_1_480' title='bbox 3155 2382 3259 2451; x_wconf 89' lang='lat' dir='ltr'><strong>Illi,</strong></span> <span class='ocrx_word' id='word_1_481' title='bbox 3291 2399 3417 2455; x_wconf 73' lang='lat' dir='ltr'><strong>quae</strong></span> <span class='ocrx_word' id='word_1_482' title='bbox 3444 2383 3777 2440; x_wconf 84' lang='lat' dir='ltr'><strong>dicebantur</strong></span> 
     </span>
    </p>
   </div>
   <div class='ocr_carea' id='block_1_66' title="bbox 2168 2474 3779 2551">
    <p class='ocr_par' dir='ltr' id='par_1_66' title="bbox 2168 2474 3779 2551">
     <span class='ocr_line' id='line_1_66' title="bbox 2168 2474 3779 2551; baseline -0.004 -17"><span class='ocrx_word' id='word_1_483' title='bbox 2168 2495 2270 2551; x_wconf 92' lang='lat' dir='ltr'><strong>pro</strong></span> <span class='ocrx_word' id='word_1_484' title='bbox 2296 2478 2471 2533; x_wconf 88' lang='lat' dir='ltr'><strong>nihilo</strong></span> <span class='ocrx_word' id='word_1_485' title='bbox 2499 2478 2782 2542; x_wconf 84' lang='lat' dir='ltr'><strong>ducentes,</strong></span> <span class='ocrx_word' id='word_1_486' title='bbox 2812 2483 2873 2531; x_wconf 92' lang='lat' dir='ltr'><strong>ut</strong></span> <span class='ocrx_word' id='word_1_487' title='bbox 2898 2474 3084 2530; x_wconf 90' lang='lat' dir='ltr'><strong>animo</strong></span> <span class='ocrx_word' id='word_1_488' title='bbox 3116 2483 3503 2545; x_wconf 84' lang='lat' dir='ltr'><strong>conceperant,</strong></span> <span class='ocrx_word' id='word_1_489' title='bbox 3536 2490 3779 2529; x_wconf 67' lang='lat' dir='ltr'><strong>annonae</strong></span> 
     </span>
    </p>
   </div>
   <div class='ocr_carea' id='block_1_67' title="bbox 2168 2563 3776 2641">
    <p class='ocr_par' dir='ltr' id='par_1_67' title="bbox 2168 2563 3776 2641">
     <span class='ocr_line' id='line_1_67' title="bbox 2168 2563 3776 2641; baseline -0.004 -16"><span class='ocrx_word' id='word_1_490' title='bbox 2168 2578 2437 2641; x_wconf 84' lang='lat' dir='ltr'><strong>quantum</strong></span> <span class='ocrx_word' id='word_1_491' title='bbox 2474 2566 2578 2623; x_wconf 91' lang='lat' dir='ltr'><strong>sibi</strong></span> <span class='ocrx_word' id='word_1_492' title='bbox 2610 2567 2898 2621; x_wconf 89' lang='lat' dir='ltr'><strong>videbatur</strong></span> <span class='ocrx_word' id='word_1_493' title='bbox 2932 2563 3210 2631; x_wconf 85' lang='lat' dir='ltr'><strong>auferunt,</strong></span> <span class='ocrx_word' id='word_1_494' title='bbox 3258 2564 3447 2620; x_wconf 89' lang='lat' dir='ltr'><strong>attritu</strong></span> <span class='ocrx_word' id='word_1_495' title='bbox 3493 2565 3776 2620; x_wconf 81' lang='lat' dir='ltr'><strong>molarum</strong></span> 
     </span>
    </p>
   </div>
   <div class='ocr_carea' id='block_1_68' title="bbox 2170 2654 3778 2729">
    <p class='ocr_par' dir='ltr' id='par_1_68' title="bbox 2170 2654 3778 2729">
     <span class='ocr_line' id='line_1_68' title="bbox 2170 2654 3778 2729; baseline -0.002 -14"><span class='ocrx_word' id='word_1_496' title='bbox 2170 2660 2226 2715; x_wconf 90' lang='lat' dir='ltr'><strong>in</strong></span> <span class='ocrx_word' id='word_1_497' title='bbox 2290 2658 2522 2714; x_wconf 88' lang='lat' dir='ltr'><strong>farinam</strong></span> <span class='ocrx_word' id='word_1_498' title='bbox 2573 2657 2866 2729; x_wconf 86' lang='lat' dir='ltr'><strong>redigunt,</strong></span> <span class='ocrx_word' id='word_1_499' title='bbox 2921 2655 3040 2711; x_wconf 87' lang='lat' dir='ltr'><strong>suis</strong></span> <span class='ocrx_word' id='word_1_500' title='bbox 3091 2654 3290 2711; x_wconf 77' lang='lat' dir='ltr'><strong>exinde</strong></span> <span class='ocrx_word' id='word_1_501' title='bbox 3336 2662 3556 2725; x_wconf 84' lang='lat' dir='ltr'><strong>pastum</strong></span> <span class='ocrx_word' id='word_1_502' title='bbox 3597 2654 3778 2711; x_wconf 87' lang='lat' dir='ltr'><strong>beluis</strong></span> 
     </span>
    </p>
   </div>
   <div class='ocr_carea' id='block_1_69' title="bbox 2151 2745 3777 2816">
    <p class='ocr_par' dir='ltr' id='par_1_69' title="bbox 2151 2745 3777 2816">
     <span class='ocr_line' id='line_1_69' title="bbox 2151 2745 3777 2816; baseline -0.003 -11"><span class='ocrx_word' id='word_1_503' title='bbox 2151 2748 2487 2805; x_wconf 80' lang='lat' dir='ltr'><strong>conficiunt.</strong></span> <span class='ocrx_word' id='word_1_504' title='bbox 2540 2747 2693 2816; x_wconf 88' lang='lat' dir='ltr'><strong>Quos</strong></span> <span class='ocrx_word' id='word_1_505' title='bbox 2739 2747 2943 2804; x_wconf 89' lang='lat' dir='ltr'><strong>talibus</strong></span> <span class='ocrx_word' id='word_1_506' title='bbox 2972 2755 3193 2803; x_wconf 89' lang='lat' dir='ltr'><strong>saturos</strong></span> <span class='ocrx_word' id='word_1_507' title='bbox 3240 2745 3536 2813; x_wconf 85' lang='lat' dir='ltr'><strong>alimentis,</strong></span> <span class='ocrx_word' id='word_1_508' title='bbox 3589 2745 3777 2801; x_wconf 86' lang='lat' dir='ltr'><strong>immi-</strong></span> 
     </span>
    </p>
   </div>
   <div class='ocr_carea' id='block_1_70' title="bbox 2169 2837 3777 2908">
    <p class='ocr_par' dir='ltr' id='par_1_70' title="bbox 2169 2837 3777 2908">
     <span class='ocr_line' id='line_1_70' title="bbox 2169 2837 3777 2908; baseline -0.002 -11"><span class='ocrx_word' id='word_1_509' title='bbox 2169 2850 2333 2897; x_wconf 89' lang='lat' dir='ltr'><strong>nente</strong></span> <span class='ocrx_word' id='word_1_510' title='bbox 2373 2849 2574 2908; x_wconf 90' lang='lat' dir='ltr'><strong>nocte,</strong></span> <span class='ocrx_word' id='word_1_511' title='bbox 2620 2856 2730 2896; x_wconf 91' lang='lat' dir='ltr'><strong>una</strong></span> <span class='ocrx_word' id='word_1_512' title='bbox 2774 2840 3063 2895; x_wconf 90' lang='lat' dir='ltr'><strong>includunt</strong></span> <span class='ocrx_word' id='word_1_513' title='bbox 3105 2838 3460 2894; x_wconf 85' lang='lat' dir='ltr'><strong>domuncula.</strong></span> <span class='ocrx_word' id='word_1_514' title='bbox 3518 2837 3777 2894; x_wconf 89' lang='lat' dir='ltr'><strong>Dilucqu</strong></span> 
     </span>
    </p>
   </div>
   <div class='ocr_carea' id='block_1_71' title="bbox 2169 2932 3778 3005">
    <p class='ocr_par' dir='ltr' id='par_1_71' title="bbox 2169 2932 3778 3005">
     <span class='ocr_line' id='line_1_71' title="bbox 2169 2932 3778 3005; baseline -0.003 -14"><span class='ocrx_word' id='word_1_515' title='bbox 2169 2943 2353 2991; x_wconf 88' lang='lat' dir='ltr'><strong>autem</strong></span> <span class='ocrx_word' id='word_1_516' title='bbox 2388 2935 2456 2991; x_wconf 89' lang='lat' dir='ltr'><strong>de</strong></span> <span class='ocrx_word' id='word_1_517' title='bbox 2494 2935 2611 2991; x_wconf 89' lang='lat' dir='ltr'><strong>suis</strong></span> <span class='ocrx_word' id='word_1_518' title='bbox 2654 2933 2927 2990; x_wconf 88' lang='lat' dir='ltr'><strong>cubilibus</strong></span> <span class='ocrx_word' id='word_1_519' title='bbox 2971 2941 3295 3005; x_wconf 85' lang='lat' dir='ltr'><strong>exsurgunt,</strong></span> <span class='ocrx_word' id='word_1_520' title='bbox 3342 2932 3563 2989; x_wconf 86' lang='lat' dir='ltr'><strong>solitam</strong></span> <span class='ocrx_word' id='word_1_521' title='bbox 3605 2948 3778 2987; x_wconf 82' lang='lat' dir='ltr'><strong>vena-</strong></span> 
     </span>
    </p>
   </div>
   <div class='ocr_carea' id='block_1_72' title="bbox 2171 3027 3779 3100">
    <p class='ocr_par' dir='ltr' id='par_1_72' title="bbox 2171 3027 3779 3100">
     <span class='ocr_line' id='line_1_72' title="bbox 2171 3027 3779 3100; baseline -0.002 -14"><span class='ocrx_word' id='word_1_522' title='bbox 2171 3030 2307 3086; x_wconf 88' lang='lat' dir='ltr'><strong>tioni</strong></span> <span class='ocrx_word' id='word_1_523' title='bbox 2352 3044 2574 3100; x_wconf 90' lang='lat' dir='ltr'><strong>operam</strong></span> <span class='ocrx_word' id='word_1_524' title='bbox 2619 3029 2752 3085; x_wconf 90' lang='lat' dir='ltr'><strong>dare</strong></span> <span class='ocrx_word' id='word_1_525' title='bbox 2796 3029 3103 3100; x_wconf 82' lang='lat' dir='ltr'><strong>cupientes,</strong></span> <span class='ocrx_word' id='word_1_526' title='bbox 3143 3028 3517 3099; x_wconf 84' lang='lat' dir='ltr'><strong>adeuntesque</strong></span> <span class='ocrx_word' id='word_1_527' title='bbox 3543 3027 3779 3084; x_wconf 88' lang='lat' dir='ltr'><strong>cubicu-</strong></span> 
     </span>
    </p>
   </div>
   <div class='ocr_carea' id='block_1_73' title="bbox 2170 3118 3777 3201">
    <p class='ocr_par' dir='ltr' id='par_1_73' title="bbox 2170 3118 3777 3201">
     <span class='ocr_line' id='line_1_73' title="bbox 2170 3118 3777 3201; baseline -0.001 -27"><span class='ocrx_word' id='word_1_528' title='bbox 2170 3121 2308 3188; x_wconf 85' lang='lat' dir='ltr'><strong>lum,</strong></span> <span class='ocrx_word' id='word_1_529' title='bbox 2340 3120 2396 3174; x_wconf 89' lang='lat' dir='ltr'><strong>in</strong></span> <span class='ocrx_word' id='word_1_530' title='bbox 2418 3134 2530 3190; x_wconf 92' lang='lat' dir='ltr'><strong>quo</strong></span> <span class='ocrx_word' id='word_1_531' title='bbox 2558 3134 2691 3175; x_wconf 90' lang='lat' dir='ltr'><strong>suos</strong></span> <span class='ocrx_word' id='word_1_532' title='bbox 2718 3119 3063 3176; x_wconf 88' lang='lat' dir='ltr'><strong>recluserant</strong></span> <span class='ocrx_word' id='word_1_533' title='bbox 3090 3133 3279 3186; x_wconf 83' lang='lat' dir='ltr'><strong>canes,</strong></span> <span class='ocrx_word' id='word_1_534' title='bbox 3308 3118 3533 3201; x_wconf 76' lang='lat' dir='ltr'><strong>jauuam</strong></span> <span class='ocrx_word' id='word_1_535' title='bbox 3562 3118 3645 3174; x_wconf 89' lang='lat' dir='ltr'><strong>eis</strong></span> <span class='ocrx_word' id='word_1_536' title='bbox 3673 3134 3777 3189; x_wconf 85' lang='lat' dir='ltr'><strong>pa-</strong></span> 
     </span>
    </p>
   </div>
   <div class='ocr_carea' id='block_1_74' title="bbox 2167 3208 3776 3283">
    <p class='ocr_par' dir='ltr' id='par_1_74' title="bbox 2167 3208 3776 3283">
     <span class='ocr_line' id='line_1_74' title="bbox 2167 3208 3776 3283; baseline -0.002 -15"><span class='ocrx_word' id='word_1_537' title='bbox 2167 3211 2467 3279; x_wconf 88' lang='lat' dir='ltr'><strong>tefaciunt;</strong></span> <span class='ocrx_word' id='word_1_538' title='bbox 2513 3219 2568 3267; x_wconf 91' lang='lat' dir='ltr'><strong>et</strong></span> <span class='ocrx_word' id='word_1_539' title='bbox 2608 3211 3074 3283; x_wconf 88' lang='lat' dir='ltr'><strong>introspicientes,</strong></span> <span class='ocrx_word' id='word_1_540' title='bbox 3115 3211 3304 3266; x_wconf 90' lang='lat' dir='ltr'><strong>vident</strong></span> <span class='ocrx_word' id='word_1_541' title='bbox 3334 3225 3433 3267; x_wconf 92' lang='lat' dir='ltr'><strong>eos</strong></span> <span class='ocrx_word' id='word_1_542' title='bbox 3474 3210 3588 3265; x_wconf 89' lang='lat' dir='ltr'><strong>vita</strong></span> <span class='ocrx_word' id='word_1_543' title='bbox 3621 3208 3776 3265; x_wconf 84' lang='lat' dir='ltr'><strong>defe-</strong></span> 
     </span>
    </p>
   </div>
   <div class='ocr_carea' id='block_1_75' title="bbox 2168 3304 3775 3374">
    <p class='ocr_par' dir='ltr' id='par_1_75' title="bbox 2168 3304 3775 3374">
     <span class='ocr_line' id='line_1_75' title="bbox 2168 3304 3775 3374; baseline -0.002 -14"><span class='ocrx_word' id='word_1_544' title='bbox 2168 3305 2331 3372; x_wconf 90' lang='lat' dir='ltr'><strong>cisse,</strong></span> <span class='ocrx_word' id='word_1_545' title='bbox 2356 3305 2494 3362; x_wconf 89' lang='lat' dir='ltr'><strong>alios</strong></span> <span class='ocrx_word' id='word_1_546' title='bbox 2518 3304 2831 3374; x_wconf 86' lang='lat' dir='ltr'><strong>pavimento</strong></span> <span class='ocrx_word' id='word_1_547' title='bbox 2844 3312 2961 3360; x_wconf 87' lang='lat' dir='ltr'><strong>toto</strong></span> <span class='ocrx_word' id='word_1_548' title='bbox 2992 3310 3300 3374; x_wconf 87' lang='lat' dir='ltr'><strong>prostratos</strong></span> <span class='ocrx_word' id='word_1_549' title='bbox 3319 3316 3575 3373; x_wconf 85' lang='lat' dir='ltr'><strong>corpore,</strong></span> <span class='ocrx_word' id='word_1_550' title='bbox 3601 3316 3775 3372; x_wconf 89' lang='lat' dir='ltr'><strong>quos-</strong></span> 
     </span>
    </p>
   </div>
   <div class='ocr_carea' id='block_1_76' title="bbox 2166 3395 3773 3468">
    <p class='ocr_par' dir='ltr' id='par_1_76' title="bbox 2166 3395 3773 3468">
     <span class='ocr_line' id='line_1_76' title="bbox 2166 3395 3773 3468; baseline -0.001 -15"><span class='ocrx_word' id='word_1_551' title='bbox 2166 3398 2294 3453; x_wconf 72' lang='lat' dir='ltr'><strong>dam</strong></span> <span class='ocrx_word' id='word_1_552' title='bbox 2336 3397 2653 3468; x_wconf 81' lang='lat' dir='ltr'><strong>resupinato</strong></span> <span class='ocrx_word' id='word_1_553' title='bbox 2698 3412 2794 3453; x_wconf 91' lang='lat' dir='ltr'><strong>ore</strong></span> <span class='ocrx_word' id='word_1_554' title='bbox 2842 3407 3090 3453; x_wconf 87' lang='lat' dir='ltr'><strong>mortuos</strong></span> <span class='ocrx_word' id='word_1_555' title='bbox 3132 3395 3337 3468; x_wconf 88' lang='lat' dir='ltr'><strong>jacere,</strong></span> <span class='ocrx_word' id='word_1_556' title='bbox 3383 3395 3523 3451; x_wconf 86' lang='lat' dir='ltr'><strong>alios</strong></span> <span class='ocrx_word' id='word_1_557' title='bbox 3570 3395 3773 3466; x_wconf 85' lang='lat' dir='ltr'><strong>parieti</strong></span> 
     </span>
    </p>
   </div>
   <div class='ocr_carea' id='block_1_77' title="bbox 2165 3488 3771 3563">
    <p class='ocr_par' dir='ltr' id='par_1_77' title="bbox 2165 3488 3771 3563">
     <span class='ocr_line' id='line_1_77' title="bbox 2165 3488 3771 3563; baseline -0.001 -17"><span class='ocrx_word' id='word_1_558' title='bbox 2165 3490 2365 3547; x_wconf 89' lang='lat' dir='ltr'><strong>domus</strong></span> <span class='ocrx_word' id='word_1_559' title='bbox 2396 3490 2767 3547; x_wconf 85' lang='lat' dir='ltr'><strong>anterioribus</strong></span> <span class='ocrx_word' id='word_1_560' title='bbox 2793 3490 3040 3563; x_wconf 80' lang='lat' dir='ltr'><strong>vestigiis</strong></span> <span class='ocrx_word' id='word_1_561' title='bbox 3074 3489 3362 3557; x_wconf 62' lang='lat' dir='ltr'><strong>inharere,</strong></span> <span class='ocrx_word' id='word_1_562' title='bbox 3390 3488 3641 3546; x_wconf 83' lang='lat' dir='ltr'><strong>reductis</strong></span> <span class='ocrx_word' id='word_1_563' title='bbox 3669 3505 3771 3545; x_wconf 81' lang='lat' dir='ltr'><strong>ca-</strong></span> 
     </span>
    </p>
   </div>
   <div class='ocr_carea' id='block_1_78' title="bbox 2165 3581 3774 3655">
    <p class='ocr_par' dir='ltr' id='par_1_78' title="bbox 2165 3581 3774 3655">
     <span class='ocr_line' id='line_1_78' title="bbox 2165 3581 3774 3655; baseline 0 -18"><span class='ocrx_word' id='word_1_564' title='bbox 2165 3582 2371 3654; x_wconf 87' lang='lat' dir='ltr'><strong>pitibus</strong></span> <span class='ocrx_word' id='word_1_565' title='bbox 2414 3582 2470 3637; x_wconf 91' lang='lat' dir='ltr'><strong>in</strong></span> <span class='ocrx_word' id='word_1_566' title='bbox 2509 3590 2680 3655; x_wconf 88' lang='lat' dir='ltr'><strong>terga.</strong></span> <span class='ocrx_word' id='word_1_567' title='bbox 2725 3582 2883 3651; x_wconf 84' lang='lat' dir='ltr'><strong>Quod</strong></span> <span class='ocrx_word' id='word_1_568' title='bbox 2920 3590 3226 3650; x_wconf 87' lang='lat' dir='ltr'><strong>cernentes,</strong></span> <span class='ocrx_word' id='word_1_569' title='bbox 3270 3582 3515 3637; x_wconf 88' lang='lat' dir='ltr'><strong>clamore</strong></span> <span class='ocrx_word' id='word_1_570' title='bbox 3544 3581 3774 3638; x_wconf 88' lang='lat' dir='ltr'><strong>sublato</strong></span> 
     </span>
    </p>
   </div>
   <div class='ocr_carea' id='block_1_79' title="bbox 2166 3672 3775 3745">
    <p class='ocr_par' dir='ltr' id='par_1_79' title="bbox 2166 3672 3775 3745">
     <span class='ocr_line' id='line_1_79' title="bbox 2166 3672 3775 3745; baseline -0.002 -15"><span class='ocrx_word' id='word_1_571' title='bbox 2166 3672 2394 3730; x_wconf 87' lang='lat' dir='ltr'><strong>foemora</strong></span> <span class='ocrx_word' id='word_1_572' title='bbox 2444 3689 2542 3730; x_wconf 87' lang='lat' dir='ltr'><strong>sua</strong></span> <span class='ocrx_word' id='word_1_573' title='bbox 2591 3674 2792 3745; x_wconf 86' lang='lat' dir='ltr'><strong>palmis</strong></span> <span class='ocrx_word' id='word_1_574' title='bbox 2840 3674 2933 3729; x_wconf 89' lang='lat' dir='ltr'><strong>alii</strong></span> <span class='ocrx_word' id='word_1_575' title='bbox 2979 3673 3254 3745; x_wconf 86' lang='lat' dir='ltr'><strong>quatiunt,</strong></span> <span class='ocrx_word' id='word_1_576' title='bbox 3312 3673 3406 3741; x_wconf 87' lang='lat' dir='ltr'><strong>alii</strong></span> <span class='ocrx_word' id='word_1_577' title='bbox 3456 3673 3775 3743; x_wconf 84' lang='lat' dir='ltr'><strong>complexis</strong></span> 
     </span>
    </p>
   </div>
   <div class='ocr_carea' id='block_1_80' title="bbox 2166 3765 3773 3838">
    <p class='ocr_par' dir='ltr' id='par_1_80' title="bbox 2166 3765 3773 3838">
     <span class='ocr_line' id='line_1_80' title="bbox 2166 3765 3773 3838; baseline -0.001 -18"><span class='ocrx_word' id='word_1_578' title='bbox 2166 3766 2424 3822; x_wconf 88' lang='lat' dir='ltr'><strong>manibus</strong></span> <span class='ocrx_word' id='word_1_579' title='bbox 2451 3765 2693 3825; x_wconf 88' lang='lat' dir='ltr'><strong>sonitum</strong></span> <span class='ocrx_word' id='word_1_580' title='bbox 2727 3766 2985 3838; x_wconf 78' lang='lat' dir='ltr'><strong>grandem</strong></span> <span class='ocrx_word' id='word_1_581' title='bbox 3018 3781 3144 3822; x_wconf 93' lang='lat' dir='ltr'><strong>cum</strong></span> <span class='ocrx_word' id='word_1_582' title='bbox 3176 3779 3313 3820; x_wconf 90' lang='lat' dir='ltr'><strong>voce</strong></span> <span class='ocrx_word' id='word_1_583' title='bbox 3336 3765 3570 3835; x_wconf 89' lang='lat' dir='ltr'><strong>querula</strong></span> <span class='ocrx_word' id='word_1_584' title='bbox 3601 3765 3773 3820; x_wconf 89' lang='lat' dir='ltr'><strong>emit-</strong></span> 
     </span>
    </p>
   </div>
   <div class='ocr_carea' id='block_1_81' title="bbox 2166 3854 3775 3926">
    <p class='ocr_par' dir='ltr' id='par_1_81' title="bbox 2166 3854 3775 3926">
     <span class='ocr_line' id='line_1_81' title="bbox 2166 3854 3775 3926; baseline 0 -15"><span class='ocrx_word' id='word_1_585' title='bbox 2166 3864 2319 3923; x_wconf 89' lang='lat' dir='ltr'><strong>tunt;</strong></span> <span class='ocrx_word' id='word_1_586' title='bbox 2349 3855 2617 3911; x_wconf 85' lang='lat' dir='ltr'><strong>timebant</strong></span> <span class='ocrx_word' id='word_1_587' title='bbox 2640 3856 2786 3911; x_wconf 91' lang='lat' dir='ltr'><strong>enim</strong></span> <span class='ocrx_word' id='word_1_588' title='bbox 2814 3870 3006 3926; x_wconf 75' lang='lat' dir='ltr'><strong>pmnas</strong></span> <span class='ocrx_word' id='word_1_589' title='bbox 3032 3870 3064 3910; x_wconf 87' lang='lat' dir='ltr'><strong>a</strong></span> <span class='ocrx_word' id='word_1_590' title='bbox 3094 3854 3323 3911; x_wconf 89' lang='lat' dir='ltr'><strong>domino</strong></span> <span class='ocrx_word' id='word_1_591' title='bbox 3345 3869 3449 3911; x_wconf 92' lang='lat' dir='ltr'><strong>suo</strong></span> <span class='ocrx_word' id='word_1_592' title='bbox 3478 3870 3583 3926; x_wconf 89' lang='lat' dir='ltr'><strong>pro</strong></span> <span class='ocrx_word' id='word_1_593' title='bbox 3609 3854 3775 3911; x_wconf 87' lang='lat' dir='ltr'><strong>amis-</strong></span> 
     </span>
    </p>
   </div>
   <div class='ocr_carea' id='block_1_82' title="bbox 2166 3943 3773 4018">
    <p class='ocr_par' dir='ltr' id='par_1_82' title="bbox 2166 3943 3773 4018">
     <span class='ocr_line' id='line_1_82' title="bbox 2166 3943 3773 4018; baseline -0.002 -15"><span class='ocrx_word' id='word_1_594' title='bbox 2166 3948 2322 4003; x_wconf 90' lang='lat' dir='ltr'><strong>sione</strong></span> <span class='ocrx_word' id='word_1_595' title='bbox 2342 3962 2542 4003; x_wconf 90' lang='lat' dir='ltr'><strong>canum</strong></span> <span class='ocrx_word' id='word_1_596' title='bbox 2565 3946 2715 4017; x_wconf 88' lang='lat' dir='ltr'><strong>juste</strong></span> <span class='ocrx_word' id='word_1_597' title='bbox 2737 3946 2838 4003; x_wconf 91' lang='lat' dir='ltr'><strong>sibi</strong></span> <span class='ocrx_word' id='word_1_598' title='bbox 2871 3945 3212 4018; x_wconf 82' lang='lat' dir='ltr'><strong>irrogandas.</strong></span> <span class='ocrx_word' id='word_1_599' title='bbox 3241 3943 3345 4000; x_wconf 89' lang='lat' dir='ltr'><strong>Diu</strong></span> <span class='ocrx_word' id='word_1_600' title='bbox 3372 3960 3506 4018; x_wconf 89' lang='lat' dir='ltr'><strong>ergo</strong></span> <span class='ocrx_word' id='word_1_601' title='bbox 3533 3945 3773 4016; x_wconf 81' lang='lat' dir='ltr'><strong>stupida:</strong></span> 
     </span>
    </p>
   </div>
   <div class='ocr_carea' id='block_1_83' title="bbox 2166 4036 3765 4109">
    <p class='ocr_par' dir='ltr' id='par_1_83' title="bbox 2166 4036 3765 4109">
     <span class='ocr_line' id='line_1_83' title="bbox 2166 4036 3765 4109; baseline -0.003 -14"><span class='ocrx_word' id='word_1_602' title='bbox 2166 4038 2515 4095; x_wconf 91' lang='lat' dir='ltr'><strong>admirationi</strong></span> <span class='ocrx_word' id='word_1_603' title='bbox 2562 4038 2787 4094; x_wconf 88' lang='lat' dir='ltr'><strong>vocibus</strong></span> <span class='ocrx_word' id='word_1_604' title='bbox 2828 4037 3144 4109; x_wconf 90' lang='lat' dir='ltr'><strong>questuosis</strong></span> <span class='ocrx_word' id='word_1_605' title='bbox 3193 4036 3495 4104; x_wconf 80' lang='lat' dir='ltr'><strong>immorati,</strong></span> <span class='ocrx_word' id='word_1_606' title='bbox 3538 4037 3765 4092; x_wconf 79' lang='lat' dir='ltr'><strong>tandem</strong></span> 
     </span>
    </p>
   </div>
   <div class='ocr_carea' id='block_1_84' title="bbox 2164 4127 3768 4199">
    <p class='ocr_par' dir='ltr' id='par_1_84' title="bbox 2164 4127 3768 4199">
     <span class='ocr_line' id='line_1_84' title="bbox 2164 4127 3768 4199; baseline -0.002 -13"><span class='ocrx_word' id='word_1_607' title='bbox 2164 4129 2449 4199; x_wconf 88' lang='lat' dir='ltr'><strong>recedunt,</strong></span> <span class='ocrx_word' id='word_1_608' title='bbox 2478 4129 2704 4187; x_wconf 88' lang='lat' dir='ltr'><strong>domino</strong></span> <span class='ocrx_word' id='word_1_609' title='bbox 2731 4145 2834 4186; x_wconf 91' lang='lat' dir='ltr'><strong>suo</strong></span> <span class='ocrx_word' id='word_1_610' title='bbox 2869 4128 3231 4184; x_wconf 87' lang='lat' dir='ltr'><strong>infortunium</strong></span> <span class='ocrx_word' id='word_1_611' title='bbox 3273 4129 3422 4199; x_wconf 92' lang='lat' dir='ltr'><strong>quod</strong></span> <span class='ocrx_word' id='word_1_612' title='bbox 3453 4127 3577 4184; x_wconf 80' lang='lat' dir='ltr'><strong>&#39;sibi</strong></span> <span class='ocrx_word' id='word_1_613' title='bbox 3615 4128 3768 4183; x_wconf 85' lang='lat' dir='ltr'><strong>acci-</strong></span> 
     </span>
    </p>
   </div>
   <div class='ocr_carea' id='block_1_85' title="bbox 2164 4219 3771 4294">
    <p class='ocr_par' dir='ltr' id='par_1_85' title="bbox 2164 4219 3771 4294">
     <span class='ocr_line' id='line_1_85' title="bbox 2164 4219 3771 4294; baseline -0.003 -15"><span class='ocrx_word' id='word_1_614' title='bbox 2164 4224 2340 4290; x_wconf 85' lang='lat' dir='ltr'><strong>derat,</strong></span> <span class='ocrx_word' id='word_1_615' title='bbox 2382 4231 2438 4279; x_wconf 88' lang='lat' dir='ltr'><strong>et</strong></span> <span class='ocrx_word' id='word_1_616' title='bbox 2478 4236 2645 4294; x_wconf 86' lang='lat' dir='ltr'><strong>quam</strong></span> <span class='ocrx_word' id='word_1_617' title='bbox 2684 4237 2909 4279; x_wconf 89' lang='lat' dir='ltr'><strong>severus</strong></span> <span class='ocrx_word' id='word_1_618' title='bbox 2952 4221 3098 4278; x_wconf 90' lang='lat' dir='ltr'><strong>ultor</strong></span> <span class='ocrx_word' id='word_1_619' title='bbox 3136 4220 3299 4278; x_wconf 90' lang='lat' dir='ltr'><strong>Pater</strong></span> <span class='ocrx_word' id='word_1_620' title='bbox 3341 4219 3672 4277; x_wconf 86' lang='lat' dir='ltr'><strong>Benedictus</strong></span> <span class='ocrx_word' id='word_1_621' title='bbox 3712 4220 3771 4275; x_wconf 85' lang='lat' dir='ltr'><strong>in</strong></span> 
     </span>
    </p>
   </div>
   <div class='ocr_carea' id='block_1_86' title="bbox 2163 4313 2844 4372">
    <p class='ocr_par' dir='ltr' id='par_1_86' title="bbox 2163 4313 2844 4372">
     <span class='ocr_line' id='line_1_86' title="bbox 2163 4313 2844 4372; baseline -0.006 0"><span class='ocrx_word' id='word_1_622' title='bbox 2163 4330 2259 4372; x_wconf 90' lang='lat' dir='ltr'><strong>eos</strong></span> <span class='ocrx_word' id='word_1_623' title='bbox 2289 4317 2577 4371; x_wconf 87' lang='lat' dir='ltr'><strong>exstiterat</strong></span> <span class='ocrx_word' id='word_1_624' title='bbox 2600 4313 2844 4371; x_wconf 83' lang='lat' dir='ltr'><strong>relaturi.</strong></span> 
     </span>
    </p>
   </div>
   <div class='ocr_carea' id='block_1_87' title="bbox 2234 4403 3773 4474">
    <p class='ocr_par' dir='ltr' id='par_1_87' title="bbox 2234 4403 3773 4474">
     <span class='ocr_line' id='line_1_87' title="bbox 2234 4403 3773 4474; baseline -0.004 -12"><span class='ocrx_word' id='word_1_625' title='bbox 2234 4406 2366 4462; x_wconf 74' lang='lat' dir='ltr'><strong>CAP.</strong></span> <span class='ocrx_word' id='word_1_626' title='bbox 2396 4404 2586 4461; x_wconf 80' lang='lat' dir='ltr'><strong>XVIII.</strong></span> <span class='ocrx_word' id='word_1_627' title='bbox 2612 4436 2683 4446; x_wconf 94' lang='lat'><strong>-—</strong></span> <span class='ocrx_word' id='word_1_628' title='bbox 2709 4404 2896 4461; x_wconf 85' lang='lat' dir='ltr'><strong>Simile</strong></span> <span class='ocrx_word' id='word_1_629' title='bbox 2924 4405 2991 4460; x_wconf 83' lang='lat' dir='ltr'><strong>de</strong></span> <span class='ocrx_word' id='word_1_630' title='bbox 3015 4412 3198 4474; x_wconf 83' lang='lat' dir='ltr'><strong>prato.</strong></span> <span class='ocrx_word' id='word_1_631' title='bbox 3226 4403 3350 4458; x_wconf 79' lang='lat' dir='ltr'><strong>Alio</strong></span> <span class='ocrx_word' id='word_1_632' title='bbox 3379 4417 3602 4473; x_wconf 89' lang='lat' dir='ltr'><strong>quoque</strong></span> <span class='ocrx_word' id='word_1_633' title='bbox 3629 4409 3773 4456; x_wconf 78' lang='lat' dir='ltr'><strong>tetu-</strong></span> 
     </span>
    </p>
   </div>
   <div class='ocr_carea' id='block_1_88' title="bbox 476 4493 3774 4577">
    <p class='ocr_par' dir='ltr' id='par_1_88' title="bbox 476 4493 3774 4577">
     <span class='ocr_line' id='line_1_88' title="bbox 476 4493 3774 4577; baseline -0 -29"><span class='ocrx_word' id='word_1_634' title='bbox 476 4494 766 4552; x_wconf 86' lang='lat' dir='ltr'><strong>Leomansi</strong></span> <span class='ocrx_word' id='word_1_635' title='bbox 809 4513 968 4569; x_wconf 83' lang='lat' dir='ltr'><strong>pago,</strong></span> <span class='ocrx_word' id='word_1_636' title='bbox 1013 4501 1160 4570; x_wconf 90' lang='lat' dir='ltr'><strong>quod</strong></span> <span class='ocrx_word' id='word_1_637' title='bbox 1205 4510 1436 4557; x_wconf 89' lang='lat' dir='ltr'><strong>vocatur</strong></span> <span class='ocrx_word' id='word_1_638' title='bbox 1467 4501 1693 4559; x_wconf 84' lang='lat' dir='ltr'><strong>Alsonia</strong></span> <span class='ocrx_word' id='word_1_639' title='bbox 1735 4504 1881 4577; x_wconf 82' lang='lat' dir='ltr'><strong>(l5),</strong></span> <span class='ocrx_word' id='word_1_640' title='bbox 1918 4504 2067 4562; x_wconf 81' lang='lat' dir='ltr'><strong>Patri</strong></span> <span class='ocrx_word' id='word_1_641' title='bbox 2101 4512 2144 4568; x_wconf 81' lang='grc' dir='ltr'><strong>ι)</strong></span> <span class='ocrx_word' id='word_1_642' title='bbox 2169 4515 2331 4571; x_wconf 83' lang='lat' dir='ltr'><strong>pore,</strong></span> <span class='ocrx_word' id='word_1_643' title='bbox 2370 4500 2502 4556; x_wconf 91' lang='lat' dir='ltr'><strong>dum</strong></span> <span class='ocrx_word' id='word_1_644' title='bbox 2548 4499 2752 4555; x_wconf 89' lang='lat' dir='ltr'><strong>milites</strong></span> <span class='ocrx_word' id='word_1_645' title='bbox 2789 4507 3009 4570; x_wconf 88' lang='lat' dir='ltr'><strong>propter</strong></span> <span class='ocrx_word' id='word_1_646' title='bbox 3046 4495 3302 4553; x_wconf 89' lang='lat' dir='ltr'><strong>eumdem</strong></span> <span class='ocrx_word' id='word_1_647' title='bbox 3339 4494 3588 4550; x_wconf 88' lang='lat' dir='ltr'><strong>viculum</strong></span> <span class='ocrx_word' id='word_1_648' title='bbox 3632 4493 3774 4547; x_wconf 86' lang='lat' dir='ltr'><strong>hora</strong></span> 
     </span>
    </p>
   </div>
   <div class='ocr_carea' id='block_1_89' title="bbox 472 4585 2063 4669">
    <p class='ocr_par' dir='ltr' id='par_1_89' title="bbox 472 4585 2063 4669">
     <span class='ocr_line' id='line_1_89' title="bbox 472 4585 2063 4669; baseline 0.009 -28"><span class='ocrx_word' id='word_1_649' title='bbox 472 4585 768 4644; x_wconf 87' lang='lat' dir='ltr'><strong>Benedicto</strong></span> <span class='ocrx_word' id='word_1_650' title='bbox 798 4605 830 4645; x_wconf 90' lang='lat' dir='ltr'><strong>a</strong></span> <span class='ocrx_word' id='word_1_651' title='bbox 863 4589 1153 4647; x_wconf 89' lang='lat' dir='ltr'><strong>Lcotberto</strong></span> <span class='ocrx_word' id='word_1_652' title='bbox 1186 4594 1304 4649; x_wconf 93' lang='lat' dir='ltr'><strong>viro</strong></span> <span class='ocrx_word' id='word_1_653' title='bbox 1329 4596 1502 4665; x_wconf 92' lang='lat' dir='ltr'><strong>probo</strong></span> <span class='ocrx_word' id='word_1_654' title='bbox 1543 4596 1674 4651; x_wconf 92' lang='lat' dir='ltr'><strong>olim</strong></span> <span class='ocrx_word' id='word_1_655' title='bbox 1705 4598 2063 4669; x_wconf 89' lang='lat' dir='ltr'><strong>attributum;</strong></span> 
     </span>
    </p>
   </div>
   <div class='ocr_carea' id='block_1_90' title="bbox 473 4682 2068 4759">
    <p class='ocr_par' dir='ltr' id='par_1_90' title="bbox 473 4682 2068 4759">
     <span class='ocr_line' id='line_1_90' title="bbox 473 4682 2068 4759; baseline 0.008 -22"><span class='ocrx_word' id='word_1_656' title='bbox 473 4682 570 4737; x_wconf 90' lang='lat' dir='ltr'><strong>ubi</strong></span> <span class='ocrx_word' id='word_1_657' title='bbox 618 4690 829 4739; x_wconf 91' lang='lat' dir='ltr'><strong>tantam</strong></span> <span class='ocrx_word' id='word_1_658' title='bbox 873 4685 1266 4742; x_wconf 91' lang='lat' dir='ltr'><strong>miraculorum</strong></span> <span class='ocrx_word' id='word_1_659' title='bbox 1313 4687 1678 4759; x_wconf 87' lang='lat' dir='ltr'><strong>frequentiam</strong></span> <span class='ocrx_word' id='word_1_660' title='bbox 1714 4691 1858 4747; x_wconf 90' lang='lat' dir='ltr'><strong>idem</strong></span> <span class='ocrx_word' id='word_1_661' title='bbox 1904 4691 2068 4749; x_wconf 89' lang='lat' dir='ltr'><strong>Pater</strong></span> 
     </span>
    </p>
   </div>
   <div class='ocr_carea' id='block_1_91' title="bbox 471 4778 2066 4854">
    <p class='ocr_par' dir='ltr' id='par_1_91' title="bbox 471 4778 2066 4854">
     <span class='ocr_line' id='line_1_91' title="bbox 471 4778 2066 4854; baseline 0.008 -23"><span class='ocrx_word' id='word_1_662' title='bbox 471 4790 570 4847; x_wconf 86' lang='lat' dir='ltr'><strong>per</strong></span> <span class='ocrx_word' id='word_1_663' title='bbox 599 4778 832 4849; x_wconf 79' lang='lat' dir='ltr'><strong>gratiam</strong></span> <span class='ocrx_word' id='word_1_664' title='bbox 863 4778 967 4835; x_wconf 90' lang='lat' dir='ltr'><strong>sibi</strong></span> <span class='ocrx_word' id='word_1_665' title='bbox 1006 4796 1038 4836; x_wconf 82' lang='lat' dir='ltr'><strong>a</strong></span> <span class='ocrx_word' id='word_1_666' title='bbox 1075 4779 1188 4836; x_wconf 87' lang='lat' dir='ltr'><strong>Deo</strong></span> <span class='ocrx_word' id='word_1_667' title='bbox 1219 4782 1469 4854; x_wconf 85' lang='lat' dir='ltr'><strong>largitam</strong></span> <span class='ocrx_word' id='word_1_668' title='bbox 1486 4784 1747 4851; x_wconf 90' lang='lat' dir='ltr'><strong>ostendit,</strong></span> <span class='ocrx_word' id='word_1_669' title='bbox 1783 4794 1842 4840; x_wconf 88' lang='lat' dir='ltr'><strong>ut</strong></span> <span class='ocrx_word' id='word_1_670' title='bbox 1870 4801 2066 4844; x_wconf 90' lang='lat' dir='ltr'><strong>omnes</strong></span> 
     </span>
    </p>
   </div>
   <div class='ocr_carea' id='block_1_92' title="bbox 450 4867 2072 4945">
    <p class='ocr_par' dir='ltr' id='par_1_92' title="bbox 450 4867 2072 4945">
     <span class='ocr_line' id='line_1_92' title="bbox 450 4867 2072 4945; baseline 0.007 -23"><span class='ocrx_word' id='word_1_671' title='bbox 450 4868 650 4945; x_wconf 44' lang='lat' dir='ltr'><strong>{ipsius</strong></span> <span class='ocrx_word' id='word_1_672' title='bbox 678 4867 916 4925; x_wconf 89' lang='lat' dir='ltr'><strong>nationis</strong></span> <span class='ocrx_word' id='word_1_673' title='bbox 938 4870 1193 4927; x_wconf 86' lang='lat' dir='ltr'><strong>homines</strong></span> <span class='ocrx_word' id='word_1_674' title='bbox 1219 4872 1470 4927; x_wconf 89' lang='lat' dir='ltr'><strong>eumdem</strong></span> <span class='ocrx_word' id='word_1_675' title='bbox 1500 4873 1682 4929; x_wconf 89' lang='lat' dir='ltr'><strong>locum</strong></span> <span class='ocrx_word' id='word_1_676' title='bbox 1714 4875 1953 4931; x_wconf 87' lang='lat' dir='ltr'><strong>maxima</strong></span> <span class='ocrx_word' id='word_1_677' title='bbox 1977 4876 2072 4935; x_wconf 86' lang='lat' dir='ltr'><strong>de-</strong></span> 
     </span>
    </p>
   </div>
   <div class='ocr_carea' id='block_1_93' title="bbox 447 4961 2063 5038">
    <p class='ocr_par' dir='ltr' id='par_1_93' title="bbox 447 4961 2063 5038">
     <span class='ocr_line' id='line_1_93' title="bbox 447 4961 2063 5038; baseline 0.006 -24"><span class='ocrx_word' id='word_1_678' title='bbox 447 4961 716 5016; x_wconf 48' lang='lat' dir='ltr'><strong>&#39;votionis</strong></span> <span class='ocrx_word' id='word_1_679' title='bbox 751 4963 1100 5019; x_wconf 89' lang='lat' dir='ltr'><strong>veneratione</strong></span> <span class='ocrx_word' id='word_1_680' title='bbox 1124 4965 1396 5024; x_wconf 83' lang='lat' dir='ltr'><strong>excolam.</strong></span> <span class='ocrx_word' id='word_1_681' title='bbox 1450 4964 1694 5038; x_wconf 89' lang='lat' dir='ltr'><strong>Denique</strong></span> <span class='ocrx_word' id='word_1_682' title='bbox 1734 4983 1932 5025; x_wconf 90' lang='lat' dir='ltr'><strong>cruces</strong></span> <span class='ocrx_word' id='word_1_683' title='bbox 1959 4969 2063 5024; x_wconf 89' lang='lat' dir='ltr'><strong>ali-</strong></span> 
     </span>
    </p>
   </div>
   <div class='ocr_carea' id='block_1_94' title="bbox 474 5053 2062 5132">
    <p class='ocr_par' dir='ltr' id='par_1_94' title="bbox 474 5053 2062 5132">
     <span class='ocr_line' id='line_1_94' title="bbox 474 5053 2062 5132; baseline 0.006 -23"><span class='ocrx_word' id='word_1_684' title='bbox 474 5062 744 5125; x_wconf 84' lang='lat' dir='ltr'><strong>quantum</strong></span> <span class='ocrx_word' id='word_1_685' title='bbox 775 5053 1022 5111; x_wconf 85' lang='lat' dir='ltr'><strong>excelsas</strong></span> <span class='ocrx_word' id='word_1_686' title='bbox 1055 5072 1151 5127; x_wconf 89' lang='lat' dir='ltr'><strong>per</strong></span> <span class='ocrx_word' id='word_1_687' title='bbox 1183 5074 1376 5130; x_wconf 84' lang='lat' dir='ltr'><strong>gyrum</strong></span> <span class='ocrx_word' id='word_1_688' title='bbox 1411 5059 1708 5116; x_wconf 76' lang='lat' dir='ltr'><strong>cmmeterii</strong></span> <span class='ocrx_word' id='word_1_689' title='bbox 1736 5072 2062 5132; x_wconf 87' lang='lat' dir='ltr'><strong>posuerunt,</strong></span> 
     </span>
    </p>
   </div>
   <div class='ocr_carea' id='block_1_95' title="bbox 475 5150 2066 5225">
    <p class='ocr_par' dir='ltr' id='par_1_95' title="bbox 475 5150 2066 5225">
     <span class='ocr_line' id='line_1_95' title="bbox 475 5150 2066 5225; baseline 0.006 -26"><span class='ocrx_word' id='word_1_690' title='bbox 475 5162 617 5216; x_wconf 85' lang='lat' dir='ltr'><strong>quas</strong></span> <span class='ocrx_word' id='word_1_691' title='bbox 653 5161 818 5201; x_wconf 89' lang='lat' dir='ltr'><strong>nemo</strong></span> <span class='ocrx_word' id='word_1_692' title='bbox 861 5162 1025 5209; x_wconf 86' lang='lat' dir='ltr'><strong>suum</strong></span> <span class='ocrx_word' id='word_1_693' title='bbox 1070 5164 1406 5220; x_wconf 86' lang='lat' dir='ltr'><strong>persequens</strong></span> <span class='ocrx_word' id='word_1_694' title='bbox 1456 5150 1760 5219; x_wconf 90' lang='lat' dir='ltr'><strong>inimicum,</strong></span> <span class='ocrx_word' id='word_1_695' title='bbox 1809 5154 2066 5225; x_wconf 90' lang='lat' dir='ltr'><strong>quamvis</strong></span> 
     </span>
    </p>
   </div>
   <div class='ocr_carea' id='block_1_96' title="bbox 472 5237 2064 5315">
    <p class='ocr_par' dir='ltr' id='par_1_96' title="bbox 472 5237 2064 5315">
     <span class='ocr_line' id='line_1_96' title="bbox 472 5237 2064 5315; baseline 0.005 -22"><span class='ocrx_word' id='word_1_696' title='bbox 472 5238 682 5302; x_wconf 77' lang='lat' dir='ltr'><strong>exitiali</strong></span> <span class='ocrx_word' id='word_1_697' title='bbox 709 5237 830 5309; x_wconf 88' lang='lat' dir='ltr'><strong>ejus</strong></span> <span class='ocrx_word' id='word_1_698' title='bbox 853 5238 983 5295; x_wconf 92' lang='lat' dir='ltr'><strong>odio</strong></span> <span class='ocrx_word' id='word_1_699' title='bbox 1010 5239 1282 5309; x_wconf 89' lang='lat' dir='ltr'><strong>detentus,</strong></span> <span class='ocrx_word' id='word_1_700' title='bbox 1312 5243 1857 5315; x_wconf 66' lang='lat' dir='ltr'><strong>transgredi~audeat,</strong></span> <span class='ocrx_word' id='word_1_701' title='bbox 1905 5244 1953 5301; x_wconf 90' lang='lat' dir='ltr'><strong>si</strong></span> <span class='ocrx_word' id='word_1_702' title='bbox 1997 5244 2064 5301; x_wconf 89' lang='lat' dir='ltr'><strong>ad</strong></span> 
     </span>
    </p>
   </div>
   <div class='ocr_carea' id='block_1_97' title="bbox 460 5392 2067 5508">
    <p class='ocr_par' dir='ltr' id='par_1_97' title="bbox 460 5392 2067 5508">
     <span class='ocr_line' id='line_1_97' title="bbox 460 5392 2067 5508; baseline 0.001 -18"><span class='ocrx_word' id='word_1_703' title='bbox 460 5392 472 5437; x_wconf 50' lang='grc' dir='ltr'>ί</span> <span class='ocrx_word' id='word_1_704' title='bbox 550 5434 663 5507; x_wconf 67' lang='grc' dir='ltr'><strong>(ιι)</strong></span> <span class='ocrx_word' id='word_1_705' title='bbox 704 5432 973 5508; x_wconf 81' lang='lat' dir='ltr'><strong>Superius</strong></span> <span class='ocrx_word' id='word_1_706' title='bbox 995 5436 1260 5508; x_wconf 83' lang='lat' dir='ltr'><strong>conclave</strong></span> <span class='ocrx_word' id='word_1_707' title='bbox 1290 5436 1582 5508; x_wconf 77' lang='lat' dir='ltr'><strong>significari</strong></span> <span class='ocrx_word' id='word_1_708' title='bbox 1625 5438 1846 5492; x_wconf 90' lang='lat' dir='ltr'><strong>nomine</strong></span> <span class='ocrx_word' id='word_1_709' title='bbox 1880 5437 2067 5493; x_wconf 83' lang='lat' dir='ltr'><strong>solarii</strong></span> 
     </span>
    </p>
   </div>
   <div class='ocr_carea' id='block_1_98' title="bbox 477 5506 2068 5579">
    <p class='ocr_par' dir='ltr' id='par_1_98' title="bbox 477 5506 2068 5579">
     <span class='ocr_line' id='line_1_98' title="bbox 477 5506 2068 5579; baseline 0.002 -19"><span class='ocrx_word' id='word_1_710' title='bbox 477 5506 749 5579; x_wconf 66' lang='lat' dir='ltr'><strong>sexcentis</strong></span> <span class='ocrx_word' id='word_1_711' title='bbox 786 5506 1062 5579; x_wconf 68' lang='lat' dir='ltr'><strong>exemplis</strong></span> <span class='ocrx_word' id='word_1_712' title='bbox 1104 5506 1361 5579; x_wconf 50' lang='lat' dir='ltr'><strong>constati</strong></span> <span class='ocrx_word' id='word_1_713' title='bbox 1390 5506 1685 5579; x_wconf 87' lang='lat' dir='ltr'><strong>Egregium</strong></span> <span class='ocrx_word' id='word_1_714' title='bbox 1738 5508 1968 5579; x_wconf 83' lang='lat' dir='ltr'><strong>habetur</strong></span> <span class='ocrx_word' id='word_1_715' title='bbox 2013 5508 2068 5563; x_wconf 92' lang='lat' dir='ltr'><strong>in</strong></span> 
     </span>
    </p>
   </div>
   <div class='ocr_carea' id='block_1_99' title="bbox 478 5575 2069 5649">
    <p class='ocr_par' dir='ltr' id='par_1_99' title="bbox 478 5575 2069 5649">
     <span class='ocr_line' id='line_1_99' title="bbox 478 5575 2069 5649; baseline 0.003 -20"><span class='ocrx_word' id='word_1_716' title='bbox 478 5578 775 5649; x_wconf 73' lang='lat' dir='ltr'><strong>«l;plomatc</strong></span> <span class='ocrx_word' id='word_1_717' title='bbox 801 5575 1202 5649; x_wconf 81' lang='lat' dir='ltr'><strong>Guntchramni</strong></span> <span class='ocrx_word' id='word_1_718' title='bbox 1235 5578 1379 5649; x_wconf 87' lang='lat' dir='ltr'><strong>regis</strong></span> <span class='ocrx_word' id='word_1_719' title='bbox 1416 5575 1515 5649; x_wconf 74' lang='lat' dir='ltr'><strong>pro</strong></span> <span class='ocrx_word' id='word_1_720' title='bbox 1540 5575 1867 5634; x_wconf 66' lang='lat' dir='ltr'><strong>conditione</strong></span> <span class='ocrx_word' id='word_1_721' title='bbox 1904 5578 2069 5649; x_wconf 84' lang='lat' dir='ltr'><strong>Cabi-</strong></span> 
     </span>
    </p>
   </div>
   <div class='ocr_carea' id='block_1_100' title="bbox 480 5648 2068 5719">
    <p class='ocr_par' dir='ltr' id='par_1_100' title="bbox 480 5648 2068 5719">
     <span class='ocr_line' id='line_1_100' title="bbox 480 5648 2068 5719; baseline 0 -16"><span class='ocrx_word' id='word_1_722' title='bbox 480 5648 725 5719; x_wconf 49' lang='lat' dir='ltr'><strong>lo&#39;iensis</strong></span> <span class='ocrx_word' id='word_1_723' title='bbox 751 5649 1071 5719; x_wconf 86' lang='lat' dir='ltr'><strong>monasterii</strong></span> <span class='ocrx_word' id='word_1_724' title='bbox 1105 5648 1291 5704; x_wconf 87' lang='lat' dir='ltr'><strong>Sancti</strong></span> <span class='ocrx_word' id='word_1_725' title='bbox 1320 5648 1582 5715; x_wconf 80' lang='lat' dir='ltr'><strong>Marcelli,</strong></span> <span class='ocrx_word' id='word_1_726' title='bbox 1615 5650 1706 5705; x_wconf 89' lang='lat' dir='ltr'><strong>ubi</strong></span> <span class='ocrx_word' id='word_1_727' title='bbox 1735 5648 2068 5719; x_wconf 70' lang='lat' dir='ltr'><strong>praecipitur,</strong></span> 
     </span>
    </p>
   </div>
   <div class='ocr_carea' id='block_1_101' title="bbox 481 5717 2072 5792">
    <p class='ocr_par' dir='ltr' id='par_1_101' title="bbox 481 5717 2072 5792">
     <span class='ocr_line' id='line_1_101' title="bbox 481 5717 2072 5792; baseline -0.001 -17"><span class='ocrx_word' id='word_1_728' title='bbox 481 5728 545 5792; x_wconf 70' lang='lat' dir='ltr'><strong>ut</strong></span> <span class='ocrx_word' id='word_1_729' title='bbox 587 5717 852 5792; x_wconf 71' lang='lat' dir='ltr'><strong>solarium</strong></span> <span class='ocrx_word' id='word_1_730' title='bbox 894 5735 1014 5773; x_wconf 83' lang='lat' dir='ltr'><strong>cum</strong></span> <span class='ocrx_word' id='word_1_731' title='bbox 1050 5721 1321 5775; x_wconf 74' lang='lat' dir='ltr'><strong>rmninata</strong></span> <span class='ocrx_word' id='word_1_732' title='bbox 1360 5720 1442 5775; x_wconf 84' lang='lat' dir='ltr'><strong>illi</strong></span> <span class='ocrx_word' id='word_1_733' title='bbox 1482 5721 1546 5776; x_wconf 85' lang='lat' dir='ltr'><strong>de</strong></span> <span class='ocrx_word' id='word_1_734' title='bbox 1585 5717 1870 5792; x_wconf 80' lang='lat' dir='ltr'><strong>Gcrgéiaco</strong></span> <span class='ocrx_word' id='word_1_735' title='bbox 1902 5717 1964 5775; x_wconf 66' lang='grc' dir='ltr'><strong>ἐι</strong></span> <span class='ocrx_word' id='word_1_736' title='bbox 2008 5720 2072 5775; x_wconf 81' lang='lat' dir='ltr'><strong>de</strong></span> 
     </span>
    </p>
   </div>
   <div class='ocr_carea' id='block_1_102' title="bbox 478 5787 956 5857">
    <p class='ocr_par' dir='ltr' id='par_1_102' title="bbox 478 5787 956 5857">
     <span class='ocr_line' id='line_1_102' title="bbox 478 5787 956 5857; baseline 0.008 -16"><span class='ocrx_word' id='word_1_737' title='bbox 478 5787 689 5848; x_wconf 63' lang='lat' dir='ltr'><strong>Alciato</strong></span> <span class='ocrx_word' id='word_1_738' title='bbox 731 5789 956 5857; x_wconf 73' lang='lat' dir='ltr'><strong>faciant.</strong></span> 
     </span>
    </p>
   </div>
   <div class='ocr_carea' id='block_1_103' title="bbox 2162 4585 3777 4662">
    <p class='ocr_par' dir='ltr' id='par_1_103' title="bbox 2162 4585 3777 4662">
     <span class='ocr_line' id='line_1_103' title="bbox 2162 4585 3777 4662; baseline -0.004 -17"><span class='ocrx_word' id='word_1_739' title='bbox 2162 4589 2411 4662; x_wconf 88' lang='lat' dir='ltr'><strong>jentandi</strong></span> <span class='ocrx_word' id='word_1_740' title='bbox 2451 4589 2553 4645; x_wconf 86' lang='lat' dir='ltr'><strong>iter</strong></span> <span class='ocrx_word' id='word_1_741' title='bbox 2600 4598 2911 4660; x_wconf 84' lang='lat' dir='ltr'><strong>carperent,</strong></span> <span class='ocrx_word' id='word_1_742' title='bbox 2955 4588 3295 4645; x_wconf 89' lang='lat' dir='ltr'><strong>diverterunt</strong></span> <span class='ocrx_word' id='word_1_743' title='bbox 3325 4585 3490 4652; x_wconf 88' lang='lat' dir='ltr'><strong>illuc;</strong></span> <span class='ocrx_word' id='word_1_744' title='bbox 3526 4585 3777 4655; x_wconf 86' lang='lat' dir='ltr'><strong>dumque</strong></span> 
     </span>
    </p>
   </div>
   <div class='ocr_carea' id='block_1_104' title="bbox 2169 4678 3775 4753">
    <p class='ocr_par' dir='ltr' id='par_1_104' title="bbox 2169 4678 3775 4753">
     <span class='ocr_line' id='line_1_104' title="bbox 2169 4678 3775 4753; baseline -0.004 -15"><span class='ocrx_word' id='word_1_745' title='bbox 2169 4683 2263 4738; x_wconf 89' lang='lat' dir='ltr'><strong>alii</strong></span> <span class='ocrx_word' id='word_1_746' title='bbox 2289 4681 2446 4738; x_wconf 90' lang='lat' dir='ltr'><strong>cibos</strong></span> <span class='ocrx_word' id='word_1_747' title='bbox 2475 4689 2531 4736; x_wconf 88' lang='lat' dir='ltr'><strong>et</strong></span> <span class='ocrx_word' id='word_1_748' title='bbox 2556 4697 2789 4753; x_wconf 66' lang='lat' dir='ltr'><strong>quasque</strong></span> <span class='ocrx_word' id='word_1_749' title='bbox 2818 4680 3212 4737; x_wconf 88' lang='lat' dir='ltr'><strong>commessuris</strong></span> <span class='ocrx_word' id='word_1_750' title='bbox 3244 4686 3514 4751; x_wconf 87' lang='lat' dir='ltr'><strong>apparent</strong></span> <span class='ocrx_word' id='word_1_751' title='bbox 3546 4678 3775 4743; x_wconf 86' lang='lat' dir='ltr'><strong>idonea,</strong></span> 
     </span>
    </p>
   </div>
   <div class='ocr_carea' id='block_1_105' title="bbox 2170 4766 3777 4845">
    <p class='ocr_par' dir='ltr' id='par_1_105' title="bbox 2170 4766 3777 4845">
     <span class='ocr_line' id='line_1_105' title="bbox 2170 4766 3777 4845; baseline -0.006 -15"><span class='ocrx_word' id='word_1_752' title='bbox 2170 4790 2316 4830; x_wconf 88' lang='lat' dir='ltr'><strong>unus</strong></span> <span class='ocrx_word' id='word_1_753' title='bbox 2359 4790 2552 4831; x_wconf 91' lang='lat' dir='ltr'><strong>eorum</strong></span> <span class='ocrx_word' id='word_1_754' title='bbox 2600 4790 2702 4830; x_wconf 87' lang='lat' dir='ltr'><strong>suo</strong></span> <span class='ocrx_word' id='word_1_755' title='bbox 2750 4766 2931 4845; x_wconf 72' lang='lat' dir='ltr'><strong>in&#39;quit</strong></span> <span class='ocrx_word' id='word_1_756' title='bbox 2977 4773 3291 4844; x_wconf 88' lang='lat' dir='ltr'><strong>armigero:</strong></span> <span class='ocrx_word' id='word_1_757' title='bbox 3325 4772 3457 4837; x_wconf 75' lang='lat' dir='ltr'><strong>Cur,</strong></span> <span class='ocrx_word' id='word_1_758' title='bbox 3498 4770 3777 4824; x_wconf 72' lang='lat' dir='ltr'><strong>hominum</strong></span> 
     </span>
    </p>
   </div>
   <div class='ocr_carea' id='block_1_106' title="bbox 2173 4865 3776 4943">
    <p class='ocr_par' dir='ltr' id='par_1_106' title="bbox 2173 4865 3776 4943">
     <span class='ocr_line' id='line_1_106' title="bbox 2173 4865 3776 4943; baseline -0.004 -21"><span class='ocrx_word' id='word_1_759' title='bbox 2173 4867 2512 4934; x_wconf 76' lang='lat' dir='ltr'><strong>iuertiuimc,</strong></span> <span class='ocrx_word' id='word_1_760' title='bbox 2557 4876 2709 4921; x_wconf 82' lang='lat' dir='ltr'><strong>tanta</strong></span> <span class='ocrx_word' id='word_1_761' title='bbox 2741 4877 2790 4922; x_wconf 87' lang='lat' dir='ltr'><strong>te</strong></span> <span class='ocrx_word' id='word_1_762' title='bbox 2816 4868 3073 4943; x_wconf 73' lang='lat' dir='ltr'><strong>oppressit</strong></span> <span class='ocrx_word' id='word_1_763' title='bbox 3104 4867 3320 4938; x_wconf 82' lang='lat' dir='ltr'><strong>ignavia</strong></span> <span class='ocrx_word' id='word_1_764' title='bbox 3348 4874 3407 4920; x_wconf 83' lang='lat' dir='ltr'><strong>ut</strong></span> <span class='ocrx_word' id='word_1_765' title='bbox 3436 4865 3623 4936; x_wconf 79' lang='lat' dir='ltr'><strong>aliqua</strong></span> <span class='ocrx_word' id='word_1_766' title='bbox 3668 4880 3776 4917; x_wconf 80' lang='lat' dir='ltr'><strong>non</strong></span> 
     </span>
    </p>
   </div>
   <div class='ocr_carea' id='block_1_107' title="bbox 2169 4958 3778 5031">
    <p class='ocr_par' dir='ltr' id='par_1_107' title="bbox 2169 4958 3778 5031">
     <span class='ocr_line' id='line_1_107' title="bbox 2169 4958 3778 5031; baseline -0.003 -17"><span class='ocrx_word' id='word_1_767' title='bbox 2169 4959 2541 5014; x_wconf 70' lang='lat' dir='ltr'><strong>subministra:</strong></span> <span class='ocrx_word' id='word_1_768' title='bbox 2574 4960 2680 5014; x_wconf 78' lang='lat' dir='ltr'><strong>tuis</strong></span> <span class='ocrx_word' id='word_1_769' title='bbox 2721 4961 2867 5031; x_wconf 77' lang='lat' dir='ltr'><strong>equis</strong></span> <span class='ocrx_word' id='word_1_770' title='bbox 2903 4959 3121 5031; x_wconf 78' lang='lat' dir='ltr'><strong>pabula,</strong></span> <span class='ocrx_word' id='word_1_771' title='bbox 3155 4958 3778 5031; x_wconf 42' lang='lat' dir='ltr'><strong>quandiu‘procurantur</strong></span> 
     </span>
    </p>
   </div>
   <div class='ocr_carea' id='block_1_108' title="bbox 2168 5034 3775 5124">
    <p class='ocr_par' dir='ltr' id='par_1_108' title="bbox 2168 5034 3775 5124">
     <span class='ocr_line' id='line_1_108' title="bbox 2168 5034 3775 5124; baseline -0.001 -17"><span class='ocrx_word' id='word_1_772' title='bbox 2168 5034 2462 5124; x_wconf 65' lang='lat' dir='ltr'><strong>epulatur-is</strong></span> <span class='ocrx_word' id='word_1_773' title='bbox 2492 5054 2902 5109; x_wconf 75' lang='lat' dir='ltr'><strong>uecessaria?At</strong></span> <span class='ocrx_word' id='word_1_774' title='bbox 2945 5054 3036 5109; x_wconf 91' lang='lat' dir='ltr'><strong>ille</strong></span> <span class='ocrx_word' id='word_1_775' title='bbox 3072 5069 3131 5109; x_wconf 90' lang='lat' dir='ltr'><strong>se</strong></span> <span class='ocrx_word' id='word_1_776' title='bbox 3171 5054 3385 5110; x_wconf 89' lang='lat' dir='ltr'><strong>nescire</strong></span> <span class='ocrx_word' id='word_1_777' title='bbox 3407 5051 3545 5108; x_wconf 89' lang='lat' dir='ltr'><strong>dicit</strong></span> <span class='ocrx_word' id='word_1_778' title='bbox 3586 5068 3620 5108; x_wconf 88' lang='lat' dir='ltr'><strong>a</strong></span> <span class='ocrx_word' id='word_1_779' title='bbox 3659 5066 3775 5122; x_wconf 90' lang='lat' dir='ltr'><strong>quo</strong></span> 
     </span>
    </p>
   </div>
   <div class='ocr_carea' id='block_1_109' title="bbox 2172 5143 3773 5218">
    <p class='ocr_par' dir='ltr' id='par_1_109' title="bbox 2172 5143 3773 5218">
     <span class='ocr_line' id='line_1_109' title="bbox 2172 5143 3773 5218; baseline -0.004 -16"><span class='ocrx_word' id='word_1_780' title='bbox 2172 5147 2472 5218; x_wconf 89' lang='lat' dir='ltr'><strong>quidquam</strong></span> <span class='ocrx_word' id='word_1_781' title='bbox 2502 5146 2613 5202; x_wconf 88' lang='lat' dir='ltr'><strong>feni</strong></span> <span class='ocrx_word' id='word_1_782' title='bbox 2638 5147 2725 5203; x_wconf 81' lang='lat' dir='ltr'><strong>vel</strong></span> <span class='ocrx_word' id='word_1_783' title='bbox 2746 5148 3025 5218; x_wconf 88' lang='lat' dir='ltr'><strong>palearum</strong></span> <span class='ocrx_word' id='word_1_784' title='bbox 3050 5147 3344 5217; x_wconf 86' lang='lat' dir='ltr'><strong>deposcere</strong></span> <span class='ocrx_word' id='word_1_785' title='bbox 3365 5145 3563 5217; x_wconf 90' lang='lat' dir='ltr'><strong>possit.</strong></span> <span class='ocrx_word' id='word_1_786' title='bbox 3605 5143 3773 5208; x_wconf 81' lang='lat' dir='ltr'><strong>Vade,</strong></span> 
     </span>
    </p>
   </div>
   <div class='ocr_carea' id='block_1_110' title="bbox 2174 5235 3775 5311">
    <p class='ocr_par' dir='ltr' id='par_1_110' title="bbox 2174 5235 3775 5311">
     <span class='ocr_line' id='line_1_110' title="bbox 2174 5235 3775 5311; baseline -0.004 -16"><span class='ocrx_word' id='word_1_787' title='bbox 2174 5240 2372 5311; x_wconf 87' lang='lat' dir='ltr'><strong>inquit,</strong></span> <span class='ocrx_word' id='word_1_788' title='bbox 2412 5240 2467 5293; x_wconf 81' lang='lat' dir='ltr'><strong>in</strong></span> <span class='ocrx_word' id='word_1_789' title='bbox 2509 5247 2728 5310; x_wconf 76' lang='lat' dir='ltr'><strong>pratum</strong></span> <span class='ocrx_word' id='word_1_790' title='bbox 2775 5237 2835 5295; x_wconf 90' lang='lat' dir='ltr'><strong>S.</strong></span> <span class='ocrx_word' id='word_1_791' title='bbox 2882 5238 3175 5306; x_wconf 80' lang='lat' dir='ltr'><strong>Benedicti,</strong></span> <span class='ocrx_word' id='word_1_792' title='bbox 3221 5237 3360 5310; x_wconf 80' lang='lat' dir='ltr'><strong>quod</strong></span> <span class='ocrx_word' id='word_1_793' title='bbox 3400 5237 3525 5291; x_wconf 79' lang='lat' dir='ltr'><strong>huic</strong></span> <span class='ocrx_word' id='word_1_794' title='bbox 3560 5235 3775 5305; x_wconf 74' lang='lat' dir='ltr'><strong>adjuccl</strong></span> 
     </span>
    </p>
   </div>
   <div class='ocr_carea' id='block_1_111' title="bbox 2250 5433 3776 5512">
    <p class='ocr_par' dir='ltr' id='par_1_111' title="bbox 2250 5433 3776 5512">
     <span class='ocr_line' id='line_1_111' title="bbox 2250 5433 3776 5512; baseline -0.005 -17"><span class='ocrx_word' id='word_1_795' title='bbox 2250 5440 2297 5512; x_wconf 84' lang='lat' dir='ltr'><strong>(i</strong></span> <span class='ocrx_word' id='word_1_796' title='bbox 2309 5440 2364 5511; x_wconf 84' lang='grc'><strong>5)</strong></span> <span class='ocrx_word' id='word_1_797' title='bbox 2403 5440 2896 5512; x_wconf 40' lang='grc' dir='ltr'><strong>Διεοηὶθιᾼιιεσοη,</strong></span> <span class='ocrx_word' id='word_1_798' title='bbox 2920 5438 3082 5512; x_wconf 82' lang='lat' dir='ltr'><strong>vicus</strong></span> <span class='ocrx_word' id='word_1_799' title='bbox 3101 5445 3186 5493; x_wconf 85' lang='lat' dir='ltr'><strong>est</strong></span> <span class='ocrx_word' id='word_1_800' title='bbox 3207 5434 3462 5512; x_wconf 65' lang='lat' dir='ltr'><strong>ditecesis</strong></span> <span class='ocrx_word' id='word_1_801' title='bbox 3486 5433 3776 5512; x_wconf 64' lang='lat' dir='ltr'><strong>Senonicze</strong></span> 
     </span>
    </p>
   </div>
   <div class='ocr_carea' id='block_1_112' title="bbox 2178 5505 3776 5578">
    <p class='ocr_par' dir='ltr' id='par_1_112' title="bbox 2178 5505 3776 5578">
     <span class='ocr_line' id='line_1_112' title="bbox 2178 5505 3776 5578; baseline -0.006 -11"><span class='ocrx_word' id='word_1_802' title='bbox 2178 5510 2234 5568; x_wconf 89' lang='lat' dir='ltr'><strong>in</strong></span> <span class='ocrx_word' id='word_1_803' title='bbox 2259 5505 2527 5568; x_wconf 74' lang='lat' dir='ltr'><strong>deéanatu</strong></span> <span class='ocrx_word' id='word_1_804' title='bbox 2556 5512 2613 5567; x_wconf 90' lang='lat' dir='ltr'><strong>S.</strong></span> <span class='ocrx_word' id='word_1_805' title='bbox 2636 5505 2968 5577; x_wconf 35' lang='lat' dir='ltr'><strong>&#39;Florentini,</strong></span> <span class='ocrx_word' id='word_1_806' title='bbox 2997 5509 3156 5578; x_wconf 85' lang='lat' dir='ltr'><strong>cujus</strong></span> <span class='ocrx_word' id='word_1_807' title='bbox 3184 5508 3290 5563; x_wconf 87' lang='lat' dir='ltr'><strong>vici</strong></span> <span class='ocrx_word' id='word_1_808' title='bbox 3313 5506 3545 5562; x_wconf 85' lang='lat' dir='ltr'><strong>ecclesia</strong></span> <span class='ocrx_word' id='word_1_809' title='bbox 3575 5505 3776 5578; x_wconf 75' lang='lat' dir='ltr'><strong>pendet</strong></span> 
     </span>
    </p>
   </div>
   <div class='ocr_carea' id='block_1_113' title="bbox 2177 5574 3775 5650">
    <p class='ocr_par' dir='ltr' id='par_1_113' title="bbox 2177 5574 3775 5650">
     <span class='ocr_line' id='line_1_113' title="bbox 2177 5574 3775 5650; baseline -0.007 -11"><span class='ocrx_word' id='word_1_810' title='bbox 2177 5599 2208 5639; x_wconf 91' lang='lat' dir='ltr'><strong>a</strong></span> <span class='ocrx_word' id='word_1_811' title='bbox 2246 5583 2581 5639; x_wconf 90' lang='lat' dir='ltr'><strong>monasterio</strong></span> <span class='ocrx_word' id='word_1_812' title='bbox 2609 5574 2964 5639; x_wconf 60' lang='lat' dir='ltr'><strong>FloriacensiL</strong></span> <span class='ocrx_word' id='word_1_813' title='bbox 3009 5574 3134 5635; x_wconf 75' lang='lat' dir='ltr'><strong>Istic</strong></span> <span class='ocrx_word' id='word_1_814' title='bbox 3174 5578 3401 5650; x_wconf 84' lang='lat' dir='ltr'><strong>proinde</strong></span> <span class='ocrx_word' id='word_1_815' title='bbox 3441 5574 3775 5650; x_wconf 76' lang='lat' dir='ltr'><strong>statuendus</strong></span> 
     </span>
    </p>
   </div>
   <div class='ocr_carea' id='block_1_114' title="bbox 2175 5646 3772 5736">
    <p class='ocr_par' dir='ltr' id='par_1_114' title="bbox 2175 5646 3772 5736">
     <span class='ocr_line' id='line_1_114' title="bbox 2175 5646 3772 5736; baseline -0.006 -27"><span class='ocrx_word' id='word_1_816' title='bbox 2175 5662 2460 5736; x_wconf 54' lang='lat' dir='ltr'><strong>estpagu&#39;s</strong></span> <span class='ocrx_word' id='word_1_817' title='bbox 2476 5653 2809 5735; x_wconf 63' lang='lat' dir='ltr'><strong>Leonidnsis,</strong></span> <span class='ocrx_word' id='word_1_818' title='bbox 2835 5652 2880 5710; x_wconf 88' lang='lat' dir='ltr'><strong>si</strong></span> <span class='ocrx_word' id='word_1_819' title='bbox 2904 5652 2994 5708; x_wconf 86' lang='lat' dir='ltr'><strong>hic</strong></span> <span class='ocrx_word' id='word_1_820' title='bbox 3014 5666 3121 5708; x_wconf 89' lang='lat' dir='ltr'><strong>non</strong></span> <span class='ocrx_word' id='word_1_821' title='bbox 3147 5646 3350 5723; x_wconf 66' lang='lat' dir='ltr'><strong>erravit</strong></span> <span class='ocrx_word' id='word_1_822' title='bbox 3374 5646 3772 5721; x_wconf 76' lang='lat' dir='ltr'><strong>typographus,</strong></span> 
     </span>
    </p>
   </div>
   <div class='ocr_carea' id='block_1_115' title="bbox 2174 5723 2726 5782">
    <p class='ocr_par' dir='ltr' id='par_1_115' title="bbox 2174 5723 2726 5782">
     <span class='ocr_line' id='line_1_115' title="bbox 2174 5723 2726 5782; baseline -0.005 -1"><span class='ocrx_word' id='word_1_823' title='bbox 2174 5723 2380 5782; x_wconf 80' lang='lat' dir='ltr'><strong>rectius</strong></span> <span class='ocrx_word' id='word_1_824' title='bbox 2405 5723 2726 5779; x_wconf 76' lang='lat' dir='ltr'><strong>Lcomcnsis.</strong></span> 
     </span>
    </p>
   </div>
  </div>
