3994 6408
442 317 585 372 1207

1383 318 1687 376 RADU’LFI
1721 319 2051 378 'l‘OR'l‘AltlI
2093 318 2404 379 MONACH!
2440 320 2760 381 FLORIAC.

3596 330 3734 385 {203

432 435 643 491 Auster
669 435 841 490 libero
872 432 1057 488 volatu
1081 432 1358 488 Fluriacos
1380 432 1616 503 perﬂatus
1639 449 1883 505 campos,
1912 449 2035 490 om-
2065 438 2111 495 Α
2142 433 2415 491 Benedicti
2464 437 2693 503 meritis,
2723 436 2791 492 de
2828 438 3217 495 cruentissima
3243 449 3399 510 peste
3422 443 3734 511 superiori-

440 530 529 583 eia
584 526 825 583 rorilluis
876 525 1213 582 bumectavit
1266 525 1482 597 pennis,
1515 542 1639 597 qua:
1687 528 1821 583 solis
1849 527 2032 583 fervor

439 619 592 673 ari‘a
644 618 977 686 reddiderat,
1034 619 1187 691 largo
1225 620 1399 676 imbre
1442 620 1679 692 irrigans
1716 621 1852 677 sola.
1896 620 2033 676 Cor-

439 726 573 782 pora
602 725 828 782 quoque
851 726 977 766 cum
1014 712 1321 779 hominum,
1354 728 1522 784 quam
1548 714 1887 785 reliquorum
1913 713 2034 769 anl—

437 800 700 870 malium,
761 811 919 875 grato
999 804 1250 859 relevans
1296 813 1756 875 temperamento,
1810 820 2032 861 omnem

438 907 675 963 prorsus
694 893 872 978 in'eis
923 894 1189 950 exstinxit
1222 894 1495 952 ardorem.
1538 895 1804 952 Cessante
1849 896 2034 966 itaque

432 989 806 1046 immoderato
854 991 989 1048 solis
1014 990 1247 1058 fervore,
1283 992 1521 1049 cessavit
1543 1001 1599 1049 et
1632 994 1804 1064 pestis
1825 994 2029 1063 invisa;

428 1092 542 1135 nec
584 1080 866 1153 deinceps,
895 1089 1093 1152 praeter
1112 1091 1439 1139 consuetum
1487 1099 1721 1153 morem,
1750 1084 1807 1140 in
1837 1084 2035 1141 eodem

440 1169 647 1240 aliquis
688 1170 813 1227 loco
852 1186 919 1227 eo
946 1179 1192 1243 tempore
1221 1172 1378 1228 obiit.
1424 1171 1627 1240 Porro,
1675 1173 1770 1245 qui
1823 1190 1856 1229 a
1883 1181 2035 1229 tanta

438 1259 657 1315 liberati
714 1259 931 1318 fuerant
961 1263 1134 1329 clade,
1165 1263 1293 1319 totis
1320 1264 1640 1334 praecordiis
1667 1264 2035 1335 omnipotenti

442 1349 678 1407 Domino
729 1351 944 1408 debitas
984 1354 1309 1425 persolvunt
1354 1355 1567 1423 laudes,
1612 1356 1775 1413 beato
1805 1358 2035 1429 martyri

440 1441 633 1498 Mauro
654 1442 913 1518 Patrique
930 1444 1224 1504 Benedicto
1246 1446 1471 1505 meritas
1491 1457 1715 1522 agentes
1734 1449 2036 1523 gratiarum

434 1537 709 1593 actiones.

510 1627 641 1683 Cu.
680 1626 900 1685 XXl.—-
930 1628 1138 1706 Simile.
1175 1631 1454 1687 Feretrum
1478 1634 1597 1688 vitro
1622 1634 1809 1690 totum.
1837 1633 2038 1692 Paucis

430 1720 637 1775 diebus
677 1720 964 1790 revolutis,
1013 1723 1205 1780 eadem
1226 1723 1485 1795 pestifera
1513 1726 1632 1783 lues
1656 1726 1856 1783 invasit
1886 1726 2038 1782 inco-

2133 528 2239 583 bus
2273 529 2434 584 annis
2452 528 2833 585 Floriacenses
2857 529 3128 586 liberavit.
3161 530 3407 590 Consilio
3431 549 3567 605 ergo
3599 536 3738 591 inito

2133 618 2441 675 decernunt
2483 619 2780 689 prudentes
2810 618 3123 676 Floriacum
3153 622 3389 693 dirigere
3416 624 3607 690 viros,
3638 628 3735 695 qui

2134 725 2455 767 communes
2480 712 2664 782 populi
2688 727 2878 783 preces
2903 712 3169 771 fratribus
3185 714 3502 773 intimarent
3516 716 3734 772 Floria-

2133 804 2411 870 ccnsibus,
2437 813 2711 875 quatenus
2750 803 3094 862 Christicolae
3121 806 3408 881 sum-rigari
3434 825 3546 865 non
3575 810 3734 865 dide—

2135 905 2261 952 rant
2288 896 2431 967 plebi
2471 897 2735 969 gregatim
2761 899 3043 968 pereunti,
3092 898 3378 969 deportato
3402 916 3637 971 corpore
3664 902 3736 957 ad
3771 961 3783 977 ν

2134 1004 2231 1045 eos
2249 990 2363 1059 jam
2385 989 2518 1045 dicti
2541 990 2798 1061 martyris
2810 1005 2937 1046 cum
2962 990 3238 1047 Benedicti
3264 990 3445 1047 Patris
3461 993 3733 1062 reliquiis.

2138 1079 2498 1139 Venientibus
2522 1095 2654 1153 ergo
2676 1080 2988 1135 Floriacum
3012 1080 3225 1151 legatis,
3264 1090 3319 1136 et
3348 1097 3464 1136 rem
3495 1097 3596 1152 pro
3623 1099 3737 1152 qua

2135 1181 2395 1253 venerant
2435 1187 2503 1228 ex
2552 1170 2746 1226 ordine
2795 1171 3210 1242 propalantibus
3232 1213 3251 1237 ,
3274 1172 3473 1227 durum
3507 1173 3737 1242 quidem

2136 1265 2405 1322 fratribus
2452 1264 2740 1320 videbatur
2786 1263 3089 1335 gloriosum
3137 1272 3433 1335 martyrem
3480 1262 3741 1319 Floriaco

2134 1359 2447 1425 extrahere,
2469 1365 2525 1413 et
2550 1358 2637 1413 vel
2661 1355 2880 1413 modico
2920 1365 3189 1411 terrarum
3213 1356 3282 1412 ab
3302 1356 3582 1411 eo‘divclli
3610 1372 3742 1425 spa-

2138 1450 2238 1516 tio,
2268 1466 2396 1507 cum
2428 1459 2551 1521 post
2571 1448 2985 1505 sanctissimum
3017 1447 3237 1503 Patrem
3260 1448 3316 1505 in
3343 1447 3467 1518 ipso
3491 1448 3741 1503 maxima

2137 1559 2263 1613 spes
2294 1543 2513 1598 illorum
2542 1542 2644 1597 sita
2678 1540 2838 1597 foret.
2864 1540 3067 1597 Durius
3097 1552 3279 1597 tamen
3304 1542 3621 1612 quibusque
3644 1559 3746 1597 sa-

2138 1632 2312 1690 nioris
2339 1632 2554 1689 consilii
2580 1631 2760 1687 visum
2788 1640 2898 1698 est,
2928 1630 2975 1686 si
3005 1639 3214 1687 tantam
3244 1630 3480 1702 plebem,
3502 1646 3744 1701 preser-

2141 1726 2238 1782 tim
2260 1725 2441 1782 Patris
2483 1724 2764 1782 Benedicti
2815 1724 3151 1780 dilectricem
3177 1764 3194 1791 ,
3238 1724 3420 1794 perime
3459 1722 3741 1787 sinerent,

445 1810 530 1867 las
563 1812 754 1880 castri,
781 1814 927 1884 quod
949 1794 1325 1873 Gordonicum
1358 1825 1609 1887 vocatur,
1631 1817 1686 1873 in
1716 1834 1859 1891 pago
1887 1817 2041 1874 Bitu-
2072 1794 2117 1851 Β
2142 1819 2384 1875 maxime
2432 1834 2563 1875 cum
2608 1827 2819 1875 certum
2858 1817 3120 1873 baberent
3168 1817 3419 1874 celeriter
3460 1816 3539 1871 illi
3575 1831 3744 1886 posse

443 1903 561 1958 lico
608 1904 797 1961 situm.
830 1906 962 1964 Sole
992 1908 1229 1980 denique
1258 1910 1404 1966 vires
1449 1912 1611 1966 solito
1639 1912 1883 1983 majores
1906 1926 2039 1968 exe-

443 2004 618 2063 rente,
665 2006 819 2052 tanto
866 1996 1065 2055 ardore
1115 1999 1381 2057 Gallicam
1415 2002 1695 2079 regionem
1733 2003 1950 2071 torruit,
1980 2013 2042 2062 ut

442 2084 624 2142 fontes
645 2087 741 2157 qui
770 2096 889 2145 toto
914 2105 1055 2161 pene
1076 2089 1343 2147 hactenus
1364 2107 1488 2148 aevo
1512 2092 1803 2161 tinxerant,
1826 2093 2039 2161 siccati,

443 2192 794 2249 nequaquam
837 2191 1165 2238 consuetum
1212 2182 1330 2240 suis
1379 2192 1570 2255 potum
1604 2186 1849 2255 praebere
1886 2184 2040 2241 sam-

444 2282 632 2328 cerent
652 2276 874 2331 accolis.
904 2275 1091 2333 Tellus
1110 2292 1244 2332 vero
1255 2277 1455 2335 hiulcis
1477 2279 1685 2349 passim
1705 2282 1836 2335 fissa
1859 2279 2037 2346 rimis,

440 2370 719 2438 pandebat
751 2371 935 2428 hiatus
964 2373 1334 2429 creberrimos
1358 2382 1414 2429 et
1439 2374 1602 2430 solito
1628 2373 2036 2445 profundiores.

445 2462 680 2519 Proinde
728 2480 917 2522 amnes
961 2465 1217 2539 largiflui,
1249 2468 1345 2538 qui
1393 2468 1570 2523 instar
1597 2467 1782 2540 abyssi
1829 2482 2043 2539 magna:

432 2555 749 2614 'oneriferas
801 2568 1022 2616 vectare
1072 2569 1474 2617 consueverant
1522 2576 1709 2627 naves,
1751 2560 2042 2617 exsiccatis

446 2649 636 2714 alveis.
659 2651 869 2709 amisso
889 2653 1094 2725 navigii
1126 2670 1252 2720 usu,
1280 2654 1573 2710 transitum
1595 2653 1874 2710 duodenni
1902 2668 2041 2724 prat-

360 2798 367 2801 _
448 2743 649 2799 hebant
672 2759 869 2815 puero,
888 2747 935 2802 si
960 2747 1334 2803 necessarium
1360 2746 1499 2802 foret
1524 2747 1760 2817 pedibus
1780 2744 2036 2802 transire.

446 2834 590 2901 Quid
631 2836 699 2892 de
752 2847 1035 2907 pratorum
1066 2848 1307 2895 retexam
1338 2840 1647 2908 exustione,
1690 2854 1815 2910 quas
1842 2838 2042 2897 viroris

432 2925 675 2993 decore,
706 2928 914 2984 aestatis
945 2937 1189 3000 tempore
1223 2930 1409 2985 vestiri
1454 2930 1632 2985 solent
1668 2930 2041 3002 graminibus,

447 3019 685 3087 speciem
714 3020 911 3091 lapidis
938 3022 1279 3094 smaragdini
1300 3022 1711 3089 amulantibus,
1741 3038 1868 3093 quae
1900 3030 2039 3079 testu

448 3112 581 3168 solis
622 3112 807 3169 attrita
852 3114 933 3170 sic
981 3124 1262 3182 aruerant,
1294 3116 1454 3186 quasi
1502 3130 1785 3186 nunquam
1834 3115 2041 3187 aliquid

448 3206 698 3262 humoris
716 3206 1078 3264 habuissent?
1095 3207 1269 3265 Porro
1288 3216 1368 3265 tot
1389 3216 1443 3265 et
1462 3218 1644 3265 tantas
1667 3215 1872 3263 nostrae
1894 3210 2040 3264 artati

447 3299 757 3370 inexpertes
803 3317 1080 3357 erumnas
1128 3303 1497 3383 comitabatur
1549 3302 1831 3361 mortifera
1897 3303 2040 3371 lues,

448 3408 573 3460 qum
584 3391 952 3451 humanorum
966 3410 1260 3465 corporum
1275 3395 1594 3452 innumeras
1607 3398 1852 3468 quotidie
1877 3397 2045 3455 dabat

450 3492 680 3557 strages,
698 3500 825 3557 quae
844 3486 965 3544 lues
989 3489 1229 3544 maxime
1256 3489 1467 3546 incolas
1498 3506 1671 3561 supra
1686 3489 1784 3546 fati
1810 3491 2045 3563 angebat

449 3575 639 3640 castri,
692 3592 818 3632 cum
865 3579 1090 3653 reliquae
1118 3577 1302 3636 clades
1345 3595 1485 3651 pene
1506 3581 1603 3636 toti
1625 3580 2045 3637 dominarentur

447 3668 658 3725 tlallico
693 3670 833 3728 orbi.
865 3669 1013 3725 Nihil
1036 3672 1089 3725 in
1116 3687 1184 3727 eo
1210 3673 1510 3744 apparebat
1531 3682 1739 3742 castro,
1764 3674 1872 3731 nisi
1896 3690 2045 3731 mor-

449 3760 521 3816 tis
547 3760 757 3833 imago;
785 3762 969 3819 omnia
995 3762 1152 3833 plena
1178 3764 1380 3831 luctus,
1407 3764 1567 3835 plena
1588 3766 1863 3833 mmroris,
1886 3766 2045 3837 plena

448 3853 678 3910 doloris.
722 3853 1005 3927 Nusquam
1067 3855 1249 3924 risus,
1307 3873 1580 3929 nusquam
1623 3859 1807 3918 cordis
1834 3859 2043 3928 laetitia,

448 3959 726 4016 nusquam
761 3946 946 4003 vultus
970 3947 1257 4015 hilaritas;
1294 3964 1488 4006 omnes
1525 3950 1820 4009 submissis
1852 3952 1907 4006 in
1938 3960 2047 4007 ter-

450 4055 571 4094 ram
619 4040 1009 4112 gradiebantur
1054 4040 1249 4097 oculis.
1302 4040 1427 4098 Non
1488 4042 1564 4098 ibi
1611 4044 2048 4101 exaudiebantur

448 4148 614 4188 voces
661 4133 1079 4200 exsultantium,
1111 4149 1219 4190 non
1258 4134 1784 4190 muliernm‘tiunuli
1811 4151 2044 4193 concre-

450 4226 657 4296 pabant
706 4236 902 4281 cantus
941 4227 1142 4282 choros
1176 4226 1514 4282 ducentium.
1564 4225 1723 4284 Nulla
1768 4228 1824 4283 in
1852 4228 2048 4299 plateis

451 4318 627 4388 plebis
657 4318 993 4389 frequentia;
1024 4328 1079 4375 et
1106 4320 1312 4375 mirum
1340 4320 1489 4391 quod
1524 4319 1581 4376 in
1629 4330 1742 4377 tam
1782 4322 2049 4393 populoso

452 4409 655 4480 oppido
704 4410 795 4465 vix
830 4427 957 4467 rara
1004 4420 1103 4468 aut
1162 4412 1339 4481 nulla,
1393 4421 1544 4469 metu
1585 4415 1781 4470 mortis
1818 4421 2050 4471 cunctos

2142 1910 2462 1979 subveniri,
2488 1920 2543 1966 et
2566 1910 2703 1965 fides
2732 1908 3029 1980 petentium
3069 1908 3177 1963 hoc
3198 1908 3341 1979 apud
3365 1923 3426 1963 se
3452 1908 3739 1962 retineret.

2142 2004 2443 2075 Assumpto
2465 2004 2634 2076 igitur
2662 2002 2887 2073 quidam
2913 2002 3297 2073 religiosorum
3327 2000 3561 2057 fratrum
3594 2001 3744 2056 cele-

2144 2098 2391 2155 berrimo
2413 2106 2654 2170 martyre
2682 2111 2809 2152 cum
2836 2093 3230 2151 sacratissimis
3252 2093 3435 2151 Patris
3456 2092 3741 2149 Benedicti

2141 2191 2485 2264 pignoribus,
2514 2190 2747 2245 honesto
2762 2188 3029 2245 comitum
3056 2196 3170 2243 tam
3212 2186 3539 2243 clericorum
3567 2201 3744 2257 quam

2141 2280 2411 2336 laicorum
2440 2277 2629 2334 vallati
2654 2277 2893 2348 agmine,
2936 2285 2999 2333 ut
3027 2283 3239 2331 tantum
3274 2275 3503 2332 decebat
3530 2284 3745 2347 marty-

2142 2389 2292 2441 rem,
2341 2372 2409 2428 ad
2460 2371 2795 2427 destinatum
2844 2369 3171 2440 perveniunt
3201 2369 3405 2425 locum.
3442 2369 3746 2440 Conipeno

2143 2464 2582 2522 Gordonieenses
2617 2463 2687 2518 ad
2730 2477 2874 2533 quos
2913 2461 3209 2518 tendebant
3244 2476 3439 2517 eorum
3467 2460 3743 2525 adventu,

2142 2557 2362 2614 obviam
2423 2564 2591 2611 ruunt
2640 2554 2824 2610 omnis
2864 2569 3032 2609 sexus
3059 2553 3350 2624 omnisque
3370 2561 3544 2619 tetas;
3579 2566 3749 2608 senes

2138 2653 2252 2723 jam
2269 2650 2554 2721 decrepiti,
2575 2649 2803 2707 incurva
2819 2647 3016 2703 baculo
3038 2647 3451 2704 substentantes
3469 2645 3747 2712 membra,

2142 2743 2359 2814 pueruli
2385 2741 2550 2797 etiam
2573 2782 2590 2810 ,
2627 2755 2768 2811 quos
2792 2730 2965 2796 modo
2985 2749 3118 2796 aetas
3146 2740 3213 2795 ad
3242 2738 3746 2810 frequentationem

2144 2836 2355 2892 habiles
2386 2834 2717 2901 reddiderat,
2746 2832 2949 2904 quibus
2977 2840 3233 2903 poterant
3257 2831 3460 2897 verbis,
3485 2831 3556 2886 ad
3586 2845 3747 2886 acee~

2143 2929 2429 2985 lerandum
2459 2927 2566 2985 sibi
2611 2927 2869 2998 opitulari
2894 2925 3178 2997 rogabant.
3218 2924 3554 2981 Immensum
3584 2940 3748 2979 nam-

2142 3038 2251 3094 (με
2276 3022 2535 3094 gaudium
2580 3036 2773 3076 eorum
2805 3019 3049 3090 replebat
3076 3018 3271 3085 corda,
3299 3018 3566 3088 quoniam
3601 3032 3748 3087 quas

2068 3147 2111 3203 Ο
2143 3128 2265 3175 toto
2304 3114 2510 3172 nientis
2549 3115 2825 3171 desiderio
2861 3114 3044 3169 videre
3072 3118 3499 3203 exoptaverant,
3534 3110 3748 3203 beatis:-

2145 3207 2273 3263 simi
2303 3206 2554 3284 videlicet
2593 3204 2770 3260 Mauri
2814 3204 3156 3273 astriciebant
3197 3200 3461 3272 reliquias
3486 3243 3501 3268 ,
3555 3199 3746 3257 securi

2138 3299 2254 3370 jam
2301 3298 2372 3353 de
2420 3313 2517 3353 sua
2550 3312 2648 3367 per
2669 3311 2798 3351 eum
2820 3295 2999 3351 salute
3026 3307 3190 3364 quem
3217 3292 3362 3363 apud
3390 3291 3746 3362 omnipoten-

2142 3401 2252 3448 tem
2304 3390 2597 3445 Dominum
2647 3397 2859 3447 tantum
2891 3387 3181 3442 audierant
3222 3399 3401 3455 posse.
3430 3380 3747 3439 Occurrunt

2143 3485 2309 3543 etiam
2337 3498 2462 3540 cum
2496 3482 2741 3556 maximo
2781 3479 3022 3551 tripudio
3046 3476 3232 3533 Sancti
3257 3476 3436 3548 Satyri
3463 3473 3742 3539 canonici,

2145 3575 2287 3633 albis
2309 3573 2483 3630 induti
2510 3572 2779 3638 vestibus,
2801 3568 3157 3640 superamicti
3187 3565 3510 3623 holuscricis
3528 3564 3744 3635 cappis,

2145 3666 2427 3731 crucibus,
2452 3663 2629 3720 cereis
2648 3661 3054 3731 thuribulisque
3081 3658 3439 3731 thymiamate
3468 3670 3747 3726 vaporanp

2147 3758 2296 3817 tibus
2323 3755 2646 3828 praemissis.
2684 3752 2983 3809 Deducitnr
3019 3751 3378 3808 beatissimus
3405 3756 3618 3820 martyr
3638 3746 3749 3803 hac

2148 3849 2333 3923 populi
2372 3846 2680 3919 frequentia
2726 3860 2904 3916 usque
2951 3844 3020 3900 ad
3063 3844 3231 3899 castri
3254 3843 3565 3914 superiora,
3588 3839 3745 3910 quod

2149 3941 2315 3999 situm
2337 3949 2454 4008 est,
2477 3947 2539 3995 ut
2568 3938 2817 3995 recolunt
2831 3937 2928 4008 qui
2950 3937 3236 4004 viderunt,
3262 3936 3317 3990 in
3343 3933 3609 4006 praerupti
3630 3932 3748 3987 col-

2149 4034 2221 4092 lis
2271 4032 2590 4088 eminentia.
2648 4029 2924 4101 Expositis
2972 4044 3104 4101 ergo
3149 4029 3204 4082 in
3230 4026 3453 4098 planitie
3493 4024 3747 4096 ejusdem

2149 4125 2334 4197 Oppidi
2354 4125 2534 4195 cupis,
2555 4122 2799 4180 defertur
2821 4122 3007 4177 vinum
3020 4120 3270 4177 certatim
3290 4119 3345 4174 in
3371 4116 3661 4188 amphoris
3688 4124 3748 4170 et

2149 4220 2274 4279 aliis
2295 4219 2442 4275 vasis
2461 4217 2799 4288 deportando
2817 4216 2948 4271 vino
2973 4215 3194 4286 aptatis,
3211 4222 3266 4270 et
3290 4212 3542 4269 funditur
3562 4212 3618 4266 in
3639 4211 3747 4277 eis,

2150 4320 2425 4381 quamnon
2457 4308 2572 4363 loto
2610 4307 2814 4367 feretro
2855 4321 2968 4378 quo
3011 4305 3153 4367 beati
3189 4304 3449 4375 martyris
3496 4303 3750 4359 contine—

2151 4401 2353 4458 bantur
2381 4400 2651 4468 membra,
2671 4416 2739 4455 ex
2770 4400 2861 4455 illa
2902 4398 3126 4471 potione
3153 4398 3319 4468 (saint
3346 4395 3556 4467 einagc)
3586 4394 3751 4465 quasi

448 4511 839 4573 percurrente,
901 4505 1114 4563 videres
1166 4506 1569 4563 conventicula,
1619 4505 1796 4563 Decor
1843 4507 2047 4562 mulie—
2079 4496 2124 4554 D
2150 4496 2218 4553 de
2241 4494 2376 4566 ipsis
2410 4493 2586 4550 sacris
2630 4493 2851 4549 condita
2889 4491 3152 4549 membris
3178 4532 3193 4557 ,
3245 4489 3396 4544 velut
3446 4487 3517 4542 de
3557 4485 3752 4541 confe-

456 4610 601 4662 rum,
627 4611 922 4666 puerorum
953 4597 1199 4665 lascivia,
1222 4598 1486 4669 iuvenum
1508 4598 1833 4669 petulantia,
1861 4599 2049 4656 varius

446 4688 691 4743 vestium
724 4698 953 4747 ornatus
982 4690 1037 4745 in
1079 4691 1259 4763 pullos
1292 4698 1669 4747 commutatus
1699 4690 1878 4747 fuerat
1904 4693 2047 4748 ami-

450 4789 597 4835 ctus.
649 4777 762 4835 Nec
813 4780 1087 4839 immerito
1121 4800 1132 4836 :
1164 4783 1256 4838 vix
1300 4782 1446 4836 enim
1483 4782 1665 4853 aliqua
1714 4783 1976 4839 immunis
2015 4799 2048 4839 a

454 4869 721 4925 (adnvere
791 4870 923 4926 inibi
973 4872 1349 4943 reperiebatur
1402 4871 1620 4929 domus.
1667 4870 1877 4945 Quippe
1920 4889 2047 4929 cum

456 4979 569 5032 quo
618 4964 825 5035 aliquid
871 4965 1146 5021 tractabas
1179 4965 1343 5021 modo
1383 4964 1552 5021 homo
1596 4974 1722 5036 post
1763 4966 2048 5036 paululum

456 5055 620 5110 tit-hat
651 5056 901 5113 cadaver.
956 5056 1220 5113 Moriente
1261 5056 1447 5128 aliquo
1471 5100 1485 5123 ,
1517 5072 1763 5129 quaerere
1806 5058 2049 5115 solemus

455 5148 814 5218 vespillones,
862 5150 958 5221 qui
1006 5149 1265 5205 defuncto
1330 5159 1625 5220 procurent
1672 5152 2047 5221 sepulturam;

458 5240 533 5295 ibi
589 5258 720 5297 vero
790 5252 1088 5314 antequam
1162 5243 1396 5298 sciretur
1462 5245 1557 5315 qui
1613 5245 1667 5300 in
1714 5246 1797 5301 eis
1847 5246 2050 5303 mortui

455 5335 583 5403 poni
623 5333 917 5409 deberent,
956 5336 1378 5407 quamplurima:
1424 5338 1495 5392 ab
1529 5338 1675 5394 illius
1729 5338 1889 5393 ollicii
1942 5337 2048 5392 mi-

458 5428 648 5483 nistris
666 5429 869 5483 fiebant
899 5429 1084 5496 fossae,
1116 5430 1284 5486 certis
1325 5431 1640 5486 nullatenus
1667 5432 1917 5487 mercede
1960 5430 2048 5487 sui

456 5519 667 5576 laboris
695 5536 755 5576 se
784 5534 947 5592 posse
977 5520 1242 5577 fraudari.
1270 5521 1368 5579 llis
1393 5531 1448 5579 et
1500 5523 1863 5594 amplioribus
1892 5525 2052 5595 oppi-

461 5611 589 5667 dani
611 5611 727 5682 jam
754 5611 884 5667 dicti
925 5613 1094 5669 castri
1144 5614 1639 5684 coarctati’malis,
1696 5615 1913 5670 tandem
1961 5630 2049 5672 re-

461 5702 562 5758 diit
582 5702 652 5759 ad
674 5703 995 5760 memoriam
1024 5704 1260 5775 qualiter
1289 5705 1639 5777 omnipotens
1663 5704 1930 5762 Dominus
1956 5722 2052 5776 per

462 5793 680 5852 hostium
738 5804 1031 5863 ttiat'Iyi-ein
1088 5796 1374 5864 Maurum,
1423 5798 1813 5856 cmnitantibus
1875 5797 2051 5859 Patris

2150 4589 2334 4647 ctione
2362 4588 2546 4659 aliqua
2575 4585 2885 4643 medicinali
2912 4600 3105 4641 omnes
3136 4589 3475 4654 potarentur.
3521 4578 3753 4633 Videres

2153 4678 2415 4735 nimirum
2487 4676 2809 4732 catervatim
2881 4673 3161 4730 confluere
3230 4671 3501 4731 universae
3569 4668 3755 4724 aetatis

2152 4786 2367 4837 sexum,
2387 4770 2601 4827 deferre
2628 4769 2873 4841 cyathos,
2898 4768 3155 4840 scyphos,
3178 4775 3441 4831 crateras,
3466 4773 3523 4820 et
3554 4764 3754 4832 cujus-

2153 4881 2262 4937 que
2294 4864 2512 4935 generis
2536 4864 2761 4919 vascula
2803 4862 2871 4918 ad
2902 4861 3310 4932 suscipiendum
3364 4867 3579 4929 potum.
3606 4855 3752 4912 Sus~

2153 4966 2310 5028 cepto
2363 4971 2496 5028 ergo
2517 4956 2572 5011 in
2599 4971 2702 5012 suo
2728 4955 2965 5026 quisque
2989 4953 3160 5009 calice
3185 4953 3333 5008 illius
3364 4950 3755 5007 medicaminis

2151 5050 2378 5116 haustu,
2411 5061 2762 5119 nequaquam
2795 5045 3025 5116 aliquid,
3049 5054 3111 5100 ut
3132 5044 3274 5100 ﬁerit
3294 5044 3521 5111 assolet,
3550 5042 3755 5097 exinde

2151 5141 2302 5198 domi
2324 5139 2695 5197 residentibus
2716 5136 3067 5208 deportabat,
3113 5135 3433 5206 priusquam
3467 5133 3753 5190 sufficien-

2152 5242 2236 5290 ter
2260 5232 2599 5298 reficeretur,
2628 5238 2876 5291 metuens
2907 5229 2955 5284 si
2979 5226 3063 5284 vel
3079 5227 3291 5285 modica
3315 5235 3611 5297 postquam
3621 5242 3753 5282 sus-

2151 5333 2418 5397 ceperat,
2462 5325 2678 5382 merula
2702 5322 3094 5390 intercederet,
3125 5336 3193 5377 ne
3221 5320 3403 5377 subita
3424 5320 3545 5376 lues
3574 5335 3634 5376 se
3662 5335 3757 5389 pe-

2152 5418 2378 5476 rimeret
2425 5436 2441 5485 ;
2490 5417 2694 5474 etenim
2739 5416 2835 5487 qui
2896 5415 3134 5487 amplius
3173 5430 3241 5469 ex
3291 5414 3487 5469 eodem
3553 5423 3752 5484 potum

2154 5510 2377 5567 haurire
2405 5518 2622 5582 poterat
2652 5508 2972 5579 ampliorem
2992 5549 3007 5573 ,
3059 5507 3292 5562 salutem
3328 5520 3448 5561 sese
3474 5506 3753 5576 promeri-

2152 5612 2337 5660 turum
2393 5604 2666 5675 sperabat.
2720 5600 2927 5657 Refecti
2978 5599 3144 5672 igitur
3183 5615 3250 5655 eo
3293 5588 3500 5653 affatim
3533 5612 3753 5664 omnes,

2157 5701 2438 5774 (caeterum
2472 5700 2614 5757 idem
2642 5710 2885 5756 castrum
2913 5714 3023 5770 pne
3045 5697 3240 5753 ceteris
3263 5696 3391 5752 vino
3417 5695 3681 5760 abundat,
3697 5704 3756 5749 ct

2158 5795 2427 5859 laudium
2453 5803 2574 5850 erat
2610 5795 2809 5866 cuique.
2836 5792 2928 5864 qui
2959 5792 3091 5849 illud
3129 5791 3370 5863 praebere
3398 5789 3633 5864 valebat)
3660 5805 3755 5864 ga-
