3946 6306
210 218 356 275 1209

1284 215 1657 285 Μιιυιευω
1698 217 1955 276 SANCTL
1981 218 2366 277 BENEDlCTl.

3364 225 3504 281 1210

205 346 345 408 gaat
373 335 577 393 obnixae
602 351 714 407 quo
748 337 942 394 beatus
969 341 1178 408 martyr
1208 345 1297 408 pe.-
1339 337 1489 394 vicos
1514 348 1570 393 et
1597 337 1805 409 plateas
1832 338 1882 395 Α
1906 336 2271 405 vocabulum,
2301 336 2563 408 quoniam
2595 346 2682 393 est
2730 336 3026 393 barbarum
3053 346 3277 409 μεωειλ
3300 380 3314 405 ,
3362 338 3505 394 sicut

203 427 466 499 ejuwem
494 427 913 485 eircumferatur
932 428 1138 501 oppidi,
1162 436 1224 485 ut
1252 428 1511 500 pestifera
1539 429 1660 484 lues
1686 428 1807 500 ejus

200 519 562 590 praesentiam
589 519 826 592 fugiens,
868 537 899 576 a
930 521 1145 578 cunctis
1176 521 1353 592 ipsius
1376 521 1676 594 pelleretur
1701 534 1806 575 an-

172 664 173 669 η
199 612 380 686 gulis.
425 611 541 669 Hoc
590 612 738 669 facto
764 615 932 686 coepit
959 616 1236 686 extemplo
1265 623 1464 671 ventus
1499 614 1608 669 leui
1632 613 1809 684 spira-

198 704 362 762 mine
394 719 580 763 aoz‘cm
603 706 661 762 in
680 706 857 763 nubes
875 722 1092 779 cogere,
1116 708 1274 778 polus
1302 706 1499 762 deinde
1526 705 1809 761 obscurari

199 797 489 854 densitate
509 799 762 869 nubium.
784 798 898 855 Nec
922 815 1102 867 mora,
1149 808 1209 855 ut
1231 800 1372 857 solet
1406 799 1461 854 in
1500 798 1674 870 Aprili
1716 799 1811 856 de-

177 891 481 955 scendere
500 891 683 963 pluvia
696 892 802 951 levi
824 907 981 969 aurai
992 908 1088 949 um
1110 892 1384 959 susurrio,
1411 892 1586 947 imber
1613 893 1812 963 gratis-

198 983 398 1040 simus
421 984 638 1056 placido
659 985 838 1057 .lapsu
869 1001 993 1043 sese
1018 984 1221 1042 infudit
1251 985 1489 1042 sitientis
1518 984 1727 1042 telluris
1752 983 1813 1040 in

195 1077 511 1147 gremium,
535 1077 815 1149 depellens
843 1079 1124 1146 nocivum,
1152 1077 1250 1149 qui
1270 1077 1367 1133 diu
1396 1076 1616 1149 lugubri
1635 1076 1814 1135 domi-

193 1179 378 1227 natus
409 1170 616 1226 mundo
642 1169 852 1240 fuerat,
883 1171 1020 1228 solis
1053 1171 1328 1227 ardorem.
1370 1169 1544 1226 Porro
1584 1168 1810 1240 expulsa

194 1276 335 1318 mox
384 1262 573 1319 clades
616 1263 709 1319 illa
748 1262 1055 1331 mortifera,
1096 1279 1220 1335 quae
1255 1262 1456 1319 multas
1495 1261 1810 1317 mortalium

193 1361 429 1425 strages
471 1354 580 1410 illis
631 1354 688 1410 in
735 1355 875 1411 locis
897 1354 1184 1425 inexperto
1209 1353 1457 1410 ediderat
1494 1366 1679 1421 more,
1720 1352 1808 1407 lu-

192 1443 574 1501 strantetines
598 1443 721 1500 illos
751 1445 913 1501 beato
941 1453 1202 1517 martyre,
1228 1444 1502 1500 neminem
1523 1443 1810 1500 hominum

191 1534 342 1593 inibi
370 1535 599 1593 insueto
619 1536 876 1607 deinceps
900 1536 1067 1592 modo
1114 1551 1251 1592 ausa
1274 1544 1360 1591 est
1382 1534 1670 1608 attingere.
1701 1532 1809 1589 De-

189 1626 371 1697 nique
408 1627 553 1684 eruti
573 1629 644 1685 ab
666 1628 895 1684 immani
926 1628 1194 1701 periculo,
1218 1612 1330 1684 ndn
1354 1636 1442 1685 est
1474 1627 1530 1682 in
1551 1635 1808 1699 promptu

188 1718 387 1775 dicere
461 1731 670 1791 quanto
719 1721 1090 1792 tripudiabant
1139 1721 1341 1794 gaudio
1366 1763 1382 1789 ,
1435 1719 1809 1792 persolventes

190 1810 443 1867 laudum
466 1813 681 1868 cantica
708 1814 1073 1884 omnipotenti
1103 1812 1355 1882 Domino,
1395 1813 1490 1883 qui
1522 1828 1619 1883 per
1645 1827 1808 1867 suum

168 1904 597 1962 ﬁdelissimum
645 1915 838 1973 testem
867 1925 899 1963 a
921 1908 1117 1964 subitae
1146 1908 1339 1964 mortis
1381 1907 1698 1964 discrimine
1719 1907 1808 1964 di-

190 2004 416 2066 gnatus
437 1996 523 2052 est
544 2012 641 2053 eos
661 1997 893 2069 eripere.
927 1997 1111 2057 Nostri
1141 1999 1501 2056 nihilominus
1533 1998 1810 2071 legislato-

194 2085 277 2141 ris
312 2102 515 2142 amore
542 2087 808 2154 devincti,
839 2090 961 2162 ejus
990 2090 1248 2147 meritum
1275 2088 1528 2147 sublimis
1551 2091 1810 2147 attollunt

199 2180 491 2249 praeconio
518 2181 691 2248 vocis,
723 2181 819 2253 qui
860 2191 1073 2239 tantum
1102 2184 1305 2239 habere
1328 2184 1590 2239 meruerit
1614 2192 1810 2239 contu-

202 2269 516 2340 bernalem,
561 2288 659 2343 per
684 2289 870 2345 quem,
903 2274 1077 2345 ipsius
1103 2274 1280 2330 Patris
1299 2275 1506 2345 junctis
1530 2276 1806 2347 precibus,

203 2360 594 2418 imminentem
618 2364 895 2419 evaserint
918 2374 1172 2422 mortem.
1198 2366 1434 2423 Proinde
1462 2377 1669 2438 quanta
1690 2368 1810 2427 fuc-

205 2453 321 2509 rint
375 2470 672 2512 munerum
707 2455 959 2526 donaria,
996 2459 1178 2529 quivis
1227 2460 1558 2531 perpendere
1594 2471 1806 2533 potest,

205 2547 341 2603 dum
375 2549 761 2620 unusquisque
781 2551 1054 2621 praecipua
1074 2567 1198 2623 qua:
1224 2552 1409 2620 habet,
1433 2553 1630 2611 oll’crre
1654 2554 1809 2611 festi-

205 2646 344 2705 nat,
399 2654 470 2694 ne
517 2640 660 2696 alius
692 2656 751 2696 se
778 2641 1028 2698 devotior
1076 2652 1359 2714 appareat.
1388 2643 1672 2716 Siquidem
1710 2663 1809 2718 per

204 2730 458 2786 triduum
500 2731 746 2789 detinent
777 2748 939 2789 suum
984 2735 1331 2792 salutifer-um
1378 2738 1694 2808 hospitem,
1744 2750 1805 2796 ut

207 2823 480 2880 certiores
508 2821 640 2879 facti
664 2826 731 2881 de
756 2841 1020 2882 concessa
1048 2829 1247 2896 salute,
1269 2830 1417 2884 nulla
1434 2831 1548 2901 jam
1569 2830 1807 2890 formido

206 2914 390 2986 ipsius
420 2916 592 2986 pestis
638 2917 694 2973 in
730 2934 925 2974 eorum
955 2920 1222 2978 resideret
1250 2932 1452 2979 mente.
1505 2923 1564 2980 In
1608 2936 1806 2996 quarto

208 3009 438 3065 demum
483 3010 572 3067 die
599 3027 725 3069 cum
761 3012 983 3085 hymnis
1017 3022 1073 3071 et
1102 3016 1335 3073 canticis
1358 3026 1513 3074 tanto
1566 3028 1806 3091 martyre

208 3099 395 3172 dignis
447 3100 569 3171 ejus
616 3112 1025 3173 persequuntur
1053 3103 1315 3162 feretrum
1338 3123 1435 3178 per
1456 3097 1673 3180 longius
1706 3109 1804 3165 via:

210 3194 452 3264 spatium
475 3195 949 3269 valedicentcsque
969 3196 1047 3252 illi
1063 3198 1131 3254 ad
1155 3201 1376 3270 prepria
1395 3208 1526 3257 sunt
1545 3203 1799 3273 regressi.

212 3285 435 3341 Fratres
465 3286 653 3357 itaque
680 3286 994 3346 Floriacum
1024 3289 1367 3360 repedantes,
1418 3300 1645 3347 narrant
1666 3291 1804 3348 resi-

210 3378 335 3435 duis
354 3394 480 3450 quae
503 3378 693 3435 fecerit
714 3381 985 3451 magnalia
1007 3380 1275 3440 Dominus
1296 3383 1643 3455 omnipotens
1670 3385 1803 3441 tide-

210 3471 343 3529 lium
399 3486 631 3527 suorum
707 3473 941 3529 meritis.
1008 3473 1116 3543 Qui
1171 3477 1557 3549 gratulabundi
1609 3479 1802 3535 laudes

210 3563 407 3621 exinde
439 3563 685 3621 referunt
731 3567 980 3623 omnium
1006 3568 1253 3625 Creatori
1281 3613 1330 3640 ,_
1351 3571 1495 3626 beati
1546 3573 1802 3645 martyris

209 3656 502 3732 Patrisque
543 3658 630 3720 sui
654 3660 912 3732 precibus
949 3676 1072 3720 sese
1121 3663 1571 3722 commendantes
1624 3673 1802 3722 atten-

209 3750 339 3817 tius.

278 3842 410 3900 Car.
444 3842 614 3900 XXII.
640 3874 714 3887 -—-
742 3845 802 3901 S.
864 3846 1047 3902 Mauri
1093 3848 1342 3917 brachia,
1388 3849 1501 3906 ubi.
1537 3849 1800 3922 Perjurus

207 3938 449 4010 punitus.
478 3935 892 3994 Jurameutuum
926 3957 1088 4011 super
1123 3941 1401 4014 reliquias.
1444 3941 1588 3998 Nulli
1618 3945 1803 4001 videa-

208 4036 298 4083 tur
346 4042 680 4097 onerosum,
735 4031 783 4087 si
831 4031 942 4087 duo
990 4033 1384 4091 subneetamus
1425 4036 1684 4106 capitula,
1733 4037 1803 4093 ad

208 4119 427 4186 laudem
462 4122 629 4193 hujus
654 4125 938 4193 praesentis
977 4127 1313 4184 sanctissimi
1342 4129 1618 4202 martyris,
1661 4128 1805 4186 refe-

208 4223 392 4271 rentes
425 4215 587 4283 mira,
621 4232 745 4287 quae
768 4232 866 4286 per
893 4233 1020 4272 eum
1043 4220 1395 4291 omnipotens
1418 4222 1688 4282 Dominus
1708 4239 1803 4281 os-

211 4304 435 4361 tendere
465 4305 723 4375 diguatus
751 4313 837 4362 est
865 4320 1033 4378 opera
1079 4308 1137 4367 in
1184 4309 1399 4367 duabus
1445 4312 1663 4383 longius
1686 4330 1718 4370 a
1742 4330 1802 4371 se

1906 428 2203 499 profertur,
2249 429 2509 501 barbare;v
2538 428 2965 497 adnotavimus,
3026 426 3263 485 vocatur‘
3320 430 3505 500 itaque

1906 517 2170 589 Pontom,
2216 519 2274 574 in
2321 519 2545 591 regione
2591 520 2769 591 posita
2798 520 3144 576 Guasconiar.
3176 518 3318 592 Ergo
3357 522 3504 592 apud

1908 612 2136 671 Diacum
2158 614 2384 687 quidam
2409 614 2657 686 ejusdem
2679 614 2785 679 loci
2810 615 3114 671 habebatur
3139 614 3373 682 villicus,
3403 628 3505 671 no-

1907 707 2056 763 mine
2109 706 2444 774 Joscelinus,
2497 707 2594 779 qui
2624 707 2757 762 dum
2816 706 2871 761 in
2918 706 3108 763 multis
3141 705 3303 765 aliter
3335 721 3501 777 quam

1908 800 2198 872 oportebat
2242 808 2449 872 ageret,
2476 800 2802 857 extricando
2826 815 3054 855 suorum
3085 814 3312 855 censum
3334 798 3506 854 domi-

1909 907 2129 961 norum,
2143 893 2464 964 usurpando
2483 892 2839 965 perifraudem
2857 891 3066 949 reditus
3081 907 3361 963 agrorum,
3374 893 3505 949 sub-

1908 985 2158 1057 ripiendo
2190 986 2333 1042 bona
2369 987 2707 1043 rusticorum
2762 986 2867 1043 sibi
2897 986 3348 1054 commissorum,
3381 995 3507 1059 post

1906 1080 2175 1151 plurimas
2203 1079 2640 1151 objurgationes,
2666 1079 2871 1151 quibus
2915 1086 2977 1135 ut
3020 1093 3079 1135 se
3106 1093 3137 1133 a
3174 1079 3289 1134 suis
3318 1079 3505 1149 pravis

1909 1172 2210 1244 corrigeret
2258 1172 2474 1228 actibus
2524 1172 2930 1240 commonitus,
2976 1172 3107 1243 quia
3154 1187 3505 1242 nequaquam

1909 1264 2234 1322 emendatus
2254 1276 2360 1334 est,
2406 1281 2441 1320 a
2486 1264 2745 1320 Rainerio
2795 1263 2918 1336 ejus
2962 1263 3336 1334 possessionis
3373 1274 3507 1332 tunc

1909 1356 2223 1426 praeposito,
2238 1355 2590 1427 postmodum
2606 1355 2822 1423 abbate,
2836 1355 3198 1425 quarumdam
3212 1369 3506 1410 causarum

1910 1446 2181 1502 rationem
2215 1445 2460 1510 ,reddere
2498 1445 2717 1518 cegitur
2740 1444 3032 1500 inﬁdeliter
3054 1459 3098 1521 _a
3120 1458 3179 1500 se
3201 1452 3502 1517 gestarum.

1909 1535 2210 1594 Judiciario
2230 1536 2428 1593 deinde
2448 1552 2603 1593 more
2627 1537 2885 1593 ventilata
2910 1551 3101 1592 earum
3143 1551 3326 1591 rerum
3355 1552 3507 1608 quie-

1905 1628 2112 1698 ‘stione,
2144 1630 2427 1687 deﬁnitum
2454 1640 2538 1686 est
2565 1645 2690 1686 eum
2718 1629 2916 1685 debere
2934 1628 3252 1700 juramento
3277 1629 3382 1686 sibi
3402 1629 3505 1686 ob-

1840 1699 1885 1760 Β
1906 1723 2053 1794 jecta
2078 1722 2345 1791 refellere,
2368 1722 2498 1794 quia
2520 1722 2868 1778 inticiahatur
2888 1699 3073 1776 omnia
3096 1721 3188 1776 illa
3210 1721 3278 1776 de
3305 1721 3507 1792 quibus

1909 1814 2328 1872 criminabatur.
2370 1813 2684 1885 Respondet
2725 1813 2813 1868 ille
2857 1827 2918 1869 se
2950 1812 3205 1868 alacriter
3223 1812 3508 1884 jusjuran-

1909 1908 2039 1965 dum
2067 1907 2362 1964 facturum.
2382 1905 2493 1963 Nec
2520 1915 2768 1963 moratus
2793 1906 3006 1962 diutius
3029 1906 3145 1977 jam
3165 1905 3346 1961 dictus
3366 1920 3507 1975 pra!-

1909 2002 2153 2073 positus,
2191 2001 2351 2073 jubet
2396 2000 2580 2057 all‘crri
2629 2016 2814 2056 coram
2862 2000 3118 2070 superius
3173 2008 3507 2054 memoratas

1909 2092 2057 2150 beati
2102 2092 2363 2166 martyris
2402 2091 2688 2163 reliquias.
2720 2092 2791 2146 At
2811 2090 3144 2147 miserabilis
3177 2088 3535 2171 Joscelinusn

1910 2186 2170 2259 quamvis
2190 2202 2319 2242 eum
2348 2201 2449 2243 sua
2471 2184 2897 2257 reprehenderet
2919 2183 3278 2251 conscientia,
3309 2181 3507 2238 formi—

1909 2278 2037 2335 dine
2056 2278 2338 2350 praepositi
2388 2277 2477 2334 sui
2536 2276 2931 2347 compellente,
2986 2274 3271 2347 praesumit
3329 2274 3507 2331 sacris

1910 2368 2234 2443 pignoribus
2271 2362 2478 2447 temere
2525 2385 2751 2426 manum
2792 2370 3096 2440 imponere.
3119 2365 3349 2423 Peracto
3374 2381 3506 2423 vero

1910 2470 2280 2531 sacramento,
2308 2462 2456 2519 sicut
2479 2462 2821 2519 dictaverunt
2849 2461 2946 2533 qui
2971 2460 3107 2516 illud
3142 2459 3261 2516 ﬁeri
3289 2456 3509 2530 adjudi-

1909 2555 2494 2626 caverant,.improbus
2513 2555 2789 2627 pejerator
2808 2554 2922 2626 jam
2961 2568 3214 2620 securus,
3239 2552 3505 2624 quoniam

1908 2648 2057 2704 illico
2087 2648 2315 2704 minime
2353 2648 2535 2719 ipsum
2567 2649 2878 2720 perculerat
2901 2646 3086 2703 divina
3114 2646 3251 2702 ultio
3276 2688 3292 2713 ,
3343 2643 3506 2700 hilari

1907 2739 2060 2794 vultu
2088 2781 2104 2808 ,
2160 2740 2489 2810 procacibus
2538 2739 2741 2805 verbis,
2775 2755 2941 2811 quam
2973 2737 3243 2810 prolixam
3268 2736 3507 2794 habebat

1907 2827 2076 2884 lsarba
2106 2836 2293 2883 mento
2318 2836 2478 2883 tenus
2497 2828 2895 2899 comprehensa
2926 2845 2940 2882 :
2980 2826 3089 2883 Per
3115 2826 3272 2895 hanc,
3296 2826 3504 2897 inquit,

1908 2920 2126 2973 barbam
2148 2918 2352 2973 salvum
2373 2921 2478 2990 feci
2499 2929 2908 2975 sacramentum.
2933 2919 3054 2988 Quo
3076 2920 3242 2987 dicto,
3266 2928 3379 2976 tota
3398 2920 3509 2975 vel-

1832 3051 1875 3110 C
1910 3008 1989 3063 uti
2045 3025 2167 3064 eam
2237 3010 2730 3079 comprehenderat
2786 3027 3011 3093 manum
3071 3020 3364 3083 prosecuta
3423 3020 3509 3068 est

1912 3100 2078 3156 barba
2125 3101 2337 3172 reliquo
2385 3118 2496 3173 quo
2542 3101 2683 3157 vixit
2733 3090 3011 3172 tempore,
3048 3110 3236 3157 mento
3286 3102 3506 3174 penitus

1905 3204 2293 3265 perseverante
2322 3195 2377 3249 in
2400 3194 2582 3250 Larbaa
2611 3194 2937 3265 privatione.
2967 3192 3313 3250 Manifestata
3342 3194 3508 3265 igitur

1905 3284 2029 3340 luce
2071 3284 2277 3340 clarius
2325 3283 2447 3354 ejus
2496 3283 2835 3352 inﬁdelitate,
2886 3283 3040 3356 justo
3060 3282 3271 3355 judicio
3302 3284 3506 3340 amissa

1904 3380 2257 3448 villicatione,
2281 3380 2513 3436 ulterius
2534 3396 2637 3435 nec
2657 3379 2796 3451 ipse,
2822 3393 2923 3434 nec
2946 3377 3165 3433 soboles
3185 3377 3305 3448 ejus
3327 3377 3508 3449 potuit

1903 3473 2179 3544 villicare,
2230 3482 2486 3546 expertus
2529 3474 2748 3528 beatum
2816 3479 3114 3543 martyrem
3169 3470 3507 3525 admiranda:

1902 3565 2126 3622 virtutis
2147 3565 2285 3634 fore,
2314 3580 2476 3636 quem
2509 3564 2663 3636 prius
2685 3564 2867 3620 debita
2890 3578 3244 3636 nequaquam
3271 3577 3505 3618 venera-

1902 3664 1993 3716 tus'
2017 3656 2197 3714 fuerat
2220 3656 2542 3712 reverentia.

1973 3749 2104 3806 CAP.
2135 3747 2325 3803 XXIII.
2349 3778 2421 3787 —
2442 3746 2697 3803 Ecclesiae
2728 3746 2957 3803 violator
2981 3734 3219 3819 punitur.
3252 3745 3505 3801 Pictones

1902 3844 2153 3899 audaces.
2174 3841 2444 3899 Praeterea
2471 3840 2670 3897 comite
2693 3841 2737 3913 (l
2752 3840 2805 3912 7)
2830 3839 3244 3913 Pictavensium.
3260 3840 3316 3895 in
3340 3853 3506 3909 expe-

1904 3937 2169 3993 ditionem
2186 3933 2739 4007 Hierosolymitanam
2768 3934 2938 3989 multa
2960 3940 3299 3988 armatorum
3328 3931 3502 3986 millia

1903 4029 2167 4097 ducente,
2202 4016 2342 4084 uxor
2387 4028 2562 4099 ipsius
2611 4042 2802 4083 curam
2856 4025 3052 4098 agebat
3094 4022 3503 4095 provinciarum

1903 4122 2163 4194 potestati
2203 4137 2318 4179 sua:
2360 4120 2724 4177 subditarum.
2772 4117 2929 4174 Unde
2965 4117 3174 4174 factum
3224 4124 3331 4184 est,
3369 4115 3503 4171 dum

1905 4214 2275 4271 Guasconiam
2318 4220 2664 4285 peragraret,
2736 4221 2798 4268 ut
2840 4218 3174 4268 transmeata
3216 4208 3498 4265 Garumna

1904 4307 2044 4364 lines
2081 4306 2329 4378 ejusdem
2366 4296 2608 4377 regionis
2646 4304 2919 4377 attigcret,
2953 4304 3009 4358 in
3044 4303 3248 4374 quibus
3286 4301 3501 4374 positus
3576 4366 3591 4383 Ι

211 4397 442 4452 remotis
460 4396 798 4468 regionibus,
830 4398 886 4454 in
901 4400 1105 4470 quibus
1132 4401 1254 4472 ejus
1279 4403 1652 4460 sacratissima
1676 4420 1803 4461 con-
1827 4418 1880 4479 ι)
1906 4411 1991 4457 est
2020 4400 2176 4456 locus
2206 4397 2459 4468 superius
2488 4405 2850 4469 memoratus,
2892 4394 3133 4451 Pontons
3170 4393 3283 4466 (l8)
3314 4392 3507 4450 videli«

208 4488 456 4551 tinentur
481 4489 731 4561 pignora.
780 4490 942 4549 Prius
995 4502 1180 4549 tamen
1235 4495 1623 4566 compendiose
1678 4497 1807 4554 inti-

211 4579 477 4635 mandum
518 4595 632 4636 rem
678 4582 1086 4654 ignorantibus.
1144 4583 1418 4652 Quoniam
1464 4586 1596 4642 dum
1628 4586 1804 4658 ipsius

209 4673 541 4730 honoranda
565 4674 874 4734 Floriacum
902 4678 1180 4735 translata:
1205 4678 1384 4735 forent
1405 4680 1670 4753 reliquiae,
1700 4680 1807 4738 fra-

211 4771 323 4819 tres
347 4764 730 4823 Floriacenses
774 4767 887 4823 duo
908 4769 1243 4825 venerabilia
1280 4770 1403 4841 ejus
1446 4771 1799 4829 brachiorum

209 4872 334 4914 ossa
361 4858 417 4915 in
455 4859 671 4916 duabus
695 4858 781 4915 sui
826 4860 969 4930 juris
998 4862 1447 4932 possessionibus
1471 4876 1796 4936 posuerunt,

208 4950 276 5004 ad
321 4952 628 5009 subsidium
672 4952 923 5009 videlicet
959 4962 1015 5009 et
1062 4955 1292 5011 tutelam
1321 4972 1534 5026 earum,
1560 4975 1794 5031 quarum

202 5043 371 5100 altera
396 5043 599 5102 Diacus
625 5044 1161 5118 (Dielnnncupatur,
1187 5048 1242 5103 in
1270 5050 1521 5120 partibus
1541 5053 1644 5109 sita
1665 5053 1800 5110 Bur-

209 5136 443 5205 gundiae,
488 5139 767 5195 territorio
794 5138 1048 5195 videlicet
1087 5139 1520 5213 Tornodorensi,
1546 5146 1794 5214 alterius,

210 5224 331 5283 licet
360 5230 544 5288 minus
566 5246 913 5304 consequens
935 5232 990 5289 in
1014 5233 1225 5305 scripto
1247 5235 1500 5293 adnotari
1530 5239 1799 5296 habeatur

282 5385 413 5460 (l7).
435 5386 640 5460 Nempe
661 5386 953 5446 Guillelmo
977 5389 1097 5461 ejus
1132 5391 1374 5447 nominis
1409 5401 1625 5459 octavo,
1680 5393 1805 5451 aliis

217 5469 377 5532 nono,
427 5460 599 5531 quiin
655 5461 773 5515 loca
810 5460 1019 5517 sancta
1054 5462 1334 5532 profectus
1370 5471 1455 5518 est
1482 5479 1628 5518 anno
1666 5464 1798 5520 “Ol

216 5525 367 5615 cujus
381 5525 638 5615 regillam.
656 5532 899 5615 feruntur
927 5525 1153 5615 triginta
1177 5534 1808 5615 millia‘armatlorumscf

218 5606 355 5664 cttla,
378 5610 511 5658 teste
530 5601 792 5658 0rderico
810 5602 970 5659 Vitali
997 5601 1052 5658 in
1077 5603 1331 5661 Historia:
1352 5605 1445 5659 lib.
1463 5623 1517 5659 κ.
1533 5605 1804 5664 Gnillchui

220 5683 351 5725 uxor
405 5671 652 5747 Philippa
702 5673 1018 5747 Mathildis,
1084 5685 1159 5747 ut,
1200 5685 1463 5734 notarunt
1495 5676 1640 5749 Socii
1681 5671 1805 5738 Βυις

1905 4500 2012 4560 cet,
2054 4492 2110 4547 in
2142 4505 2283 4563 pago
2318 4488 2599 4555 Ausiensi,
2644 4505 2809 4560 super
2835 4488 3039 4544 ﬂumen
3061 4487 3385 4555 Adurcium,
3420 4485 3506 4543 di-

1904 4585 2041 4641 tioni
2084 4582 2513 4641 Floriacensium
2551 4580 2783 4637 fratrum
2818 4582 3092 4649 subditus,
3121 4580 3237 4650 ubi,
3266 4588 3329 4636 ut
3363 4578 3507 4635 dixi-

1903 4694 2052 4738 mus.
2074 4677 2189 4748 jam
2220 4676 2354 4734 dicti
2379 4675 2721 4732 celeberrimi
2751 4674 3011 4748 martyris
3036 4672 3509 4746 reliquiarhaben.

1905 4780 2012 4827 tur.
2046 4769 2316 4826 lnvitante
2367 4769 2534 4841 igitur
2572 4768 2786 4825 itineris
2822 4768 3177 4833 necessitate,
3225 4761 3505 4823 comitissit

1910 4864 2147 4920 militum
2182 4862 2379 4917 vallata
2399 4861 2682 4935 phalange
2705 4861 3006 4933 hospitium
3044 4859 3241 4914 ibidem
3273 4856 3501 4927 accepit.

1908 4958 2202 5028 Comperto
2236 4969 2368 5027 ergo
2411 4961 2538 5009 ante
2576 4953 2817 5011 triduum
2854 4954 3202 5010 Pictavorum
3243 4948 3500 5014 adventu,

1908 5047 2101 5105 incola:
2126 5063 2319 5104 eorum
2344 5047 2613 5114 locorum,
2641 5056 2791 5102 metu
2822 5047 3089 5117 ipsorum,
3113 5040 3376 5111 quoniam
3404 5041 3504 5097 do.

1907 5139 2267 5196 minutionem
2291 5155 2483 5195 eorum
2508 5128 2666 5195 valde
2695 5150 2917 5191 exesam
2945 5134 3168 5199 habent,
3193 5129 3379 5186 omnia
3404 5145 3504 5189 sua

1907 5249 2034 5305 qua)
2054 5234 2107 5289 in
2126 5234 2415 5290 ecclesiam
2438 5231 2630 5289 inferri
2655 5229 2875 5297 licebat,
2901 5226 3200 5295 advehunt,
3226 5225 3362 5282 etin
3385 5241 3507 5281 ora~

1909 5388 2171 5447 landiani.

1983 5464 2116 5587 8)_
2136 5461 2332 5547 Vulgo;
2350 5459 2703 5546 Saiut—Muur
2729 5457 2800 5540 de
2816 5454 3075 5539 Pontum,
3104 5456 3197 5538 qui
3222 5454 3504 5536 prioratus

2017 5535 2151 5587 Ibns
2188 5537 2351 5587 editis
2372 5535 2573 5587 dicitur
2602 5546 2724 5587 esse
2750 5530 3006 5583 diceccsis
3028 5528 3383 5587 Agmnensrs,
3417 5542 3504 5580 re-

1915 5528 2151 5590 inlibris
2188 5528 2351 5590 editis
2372 5533 2573 5588 dicitur
2602 5546 2724 5587 esse
2750 5528 3006 5583 diceccsis
3028 5528 3383 5599 Aginnensis,
3417 5542 3506 5580 re-

1916 5604 2058 5660 ctius
2090 5605 2181 5661 hic
2212 5603 2552 5669 Auseiensis,
2582 5600 2808 5665 d‘Auch,
2832 5597 3098 5669 siquidem
3130 5598 3270 5653 situs
3302 5597 3504 5653 dicitur

1914 5693 2069 5751 super
2100 5673 2637 5751 {luructt_.i_durrimn,
2664 5668 2952 5726 vernaculo
2974 5668 3209 5724 I‘Arlour.

2197 5745 2229 5754 ο.
2290 5743 2389 5759 α..-
