3994 6420
534 321 669 380 liii

1456 319 1762 377 RADULFI
1798 315 2134 375 TORTARII
2174 311 2485 371 MONACHI
2523 310 2845 371 FLORIAC.

3661 328 3777 389 1213

471 422 480 433 ’
535 436 680 493 torio
710 432 955 511 ejusdem
989 432 1358 502 possessionis
1399 443 1722 504 congerunt,
1767 434 2005 492 vestium
2043 432 2129 489 di—
2157 438 2203 498 Α
2230 439 2349 498 est;
2398 428 2684 502 Philippus
2733 439 2916 487 autem
2962 442 3119 503 patre
3156 431 3412 492 defuncto
3450 437 3614 497 totius
3651 452 3778 519 regni

539 537 730 580 versas
764 522 996 593 species,
1026 520 1307 589 alimenta,
1337 530 1394 578 et
1419 532 1615 580 czetera
1638 524 1907 595 humanis
1936 523 2129 579 usibus

533 614 911 672 accommoda.
952 610 1221 683 liospitati
1258 614 1441 685 itaque
1480 614 1686 671 Pictavi
1725 616 1955 671 audiunt
1995 629 2127 686 pro-

532 705 795 760 vinciales
820 704 1004 758 omnia
1036 719 1156 771 sua,
1186 712 1246 760 ut
1273 704 1478 761 dictum
1505 715 1609 773 est,
1642 705 1698 761 in
1720 705 1950 761 ecclesia
1991 721 2128 761 con-

527 796 771 869 iecisse!
801 797 1011 853 ueteris
1052 796 1327 868 (quamvis
1365 800 1437 854 sit
1475 815 1715 870 prmecps
1744 800 1933 855 eadem
1977 800 2127 855 natio

530 889 600 945 ad
622 889 871 945 audenda
893 905 1123 960 quaeque
1144 890 1353 956 illicita)
1378 906 1594 947 sacrum
1616 900 1799 947 tamen
1821 891 2125 948 formidan-

531 984 680 1039 tibus
707 991 974 1038 temerare
987 983 1191 1052 locum,
1218 999 1362 1040 unus
1385 999 1576 1039 eorum
1598 984 1857 1040 audacior
1877 985 2124 1056 reliquis,

532 1090 899 1146 prorumpens
938 1075 993 1129 in
1017 1077 1328 1145 ecclesiam,
1358 1092 1582 1133 saccum
1608 1076 1884 1133 frumento
1904 1077 2126 1147 plenum

531 1168 717 1222 humer
732 1168 780 1223 is
802 1166 1088 1238 imponens
1114 1168 1253 1236 suis,
1277 1178 1510 1226 onustus
1532 1169 1817 1240 sacrilegio
1838 1171 2125 1242 preprium

533 1259 815 1329 repedavit
860 1260 927 1314 ad
969 1260 1293 1331 hospitium,
1330 1277 1678 1333 nequaquam
1711 1261 1805 1316 diu
1838 1276 2005 1333 super
2033 1262 2127 1318 tali

530 1352 823 1421 gavisurus
868 1351 1034 1407 facto.
1099 1352 1344 1425 Denique
1383 1369 1509 1409 mox
1554 1363 1615 1409 ut
1655 1370 1774 1410 suae
1814 1355 2125 1413 metationis

531 1443 805 1518 [hospitii]
864 1446 1033 1501 subiit
1069 1447 1296 1503 limitem
1334 1490 1349 1515 ,
1412 1456 1699 1518 cmperunt
1748 1447 1934 1502 omnia
1979 1448 2126 1505 illius

531 1537 798 1604 membra,
843 1552 997 1593 more
1020 1553 1208 1593 eorum
1236 1537 1329 1610 qui
1356 1547 1625 1609 quartano
1652 1539 1906 1596 laborant
1935 1540 2125 1613 typho,

531 1636 785 1694 tremere,
842 1627 1125 1700 frigusque
1168 1630 1510 1686 intolerabile
1548 1646 1646 1702 per
1688 1640 1865 1687 totum
1906 1633 2026 1704 ejus
2066 1648 2126 1689 se

527 1719 846 1791 dispergens
902 1736 1133 1792 corpus,
1185 1722 1400 1794 glaciali
1453 1723 1664 1794 rigores
1715 1739 1907 1781 omnes
1950 1725 2121 1796 ipsius

2232 521 2567 578 Francorum
2595 522 2966 594 gubernacula
2982 524 3241 581 obtinuit.
3266 524 3551 598 Septennis
3579 533 3780 605 (19):“.

2231 621 2340 668 tem
2366 622 2505 681 erat,
2528 614 2750 686 quando
2769 624 2926 686 pater
2947 616 3287 690 defungitur.
3323 618 3440 687 Qua
3469 623 3536 679 de
3562 641 3616 681 re
3638 632 3778 687 sorti-

2230 715 2322 763 tus
2339 716 2423 764 est
2442 708 2666 764 tutelam
2692 710 2838 765 illius
2858 709 2944 765 vir
2961 710 3372 770 illustrissimus
3392 714 3676 775 Balduinus
3695 720 3784 794 (In.

2229 799 2458 855 sulanus
2484 800 2706 855 nomine
2739 796 2803 871 V)
2841 800 3262 858 Flandren’sium
3304 819 3510 861 comes.
3547 806 3643 875 Qui
3672 826 3782 881 pm-

2231 888 2551 944 dcntissime
2588 890 2738 962 regni
2775 891 3168 947 administrans
3201 895 3436 966 negotia,
3473 897 3638 955 donec
3661 901 3779 960 idem

2228 979 2512 1051 Philippus
2560 982 2929 1055 intelligibiles
2973 985 3263 1057 attingeret
3306 1003 3511 1057 annos,
3552 998 3780 1063 tyrannos

2227 1086 2325 1143 per
2354 1081 2525 1129 totam
2545 1075 2878 1145 pullulantes
2917 1075 3209 1134 Franciam
3241 1088 3352 1135 tam
3376 1082 3618 1140 consiliis
3641 1102 3781 1157 quam

2227 1165 2399 1221 armis
2437 1167 2776 1237 perdomuit,
2823 1178 2880 1225 et
2916 1185 3108 1241 pacem
3133 1171 3431 1230 maximam
3460 1178 3629 1232 teneri
3658 1179 3779 1238 fecit.

2226 1254 2461 1313 Proinde
2483 1256 2737 1333 Philippo
2753 1260 2869 1331 jam
2888 1261 3090 1334 juvene
3114 1261 3278 1333 facto,
3302 1266 3575 1339 integrum
3608 1270 3785 1343 absque

2227 1350 2393 1407 unius
2418 1352 2580 1408 viculi
2623 1353 3007 1411 imminutione
3054 1370 3285 1428 regnum
3331 1360 3590 1427 restituit,
3611 1371 3661 1417 et
3689 1364 3786 1434 ipse

2226 1458 2335 1498 non
2361 1443 2534 1499 multo
2571 1452 2702 1515 post
2737 1446 2953 1501 vivendi
2989 1447 3152 1503 tinem
3177 1447 3326 1505 fecit.
3363 1449 3646 1523 Philippus
3677 1471 3787 1513 vero

2200 1535 2280 1590 in
2301 1536 2495 1607 primis
2523 1537 2695 1593 multa
2723 1546 2945 1594 strenue
2978 1540 3146 1610 gessit
3164 1542 3344 1609 armis,
3391 1543 3489 1598 sed
3512 1553 3664 1601 aetate
3681 1563 3786 1617 pro-

2226 1627 2469 1694 cedente,
2495 1628 2638 1684 mole
2659 1630 2843 1713 carnis
2869 1640 3215 1702 aggravatus,
3238 1633 3563 1703 ampliorem
3589 1651 3785 1707 operam

2226 1719 2350 1774 cibo
2373 1718 2598 1775 indulsit
2621 1728 2677 1775 et
2698 1735 2893 1777 somno
2917 1738 3087 1793 quam
3111 1723 3276 1779 rebus
3314 1724 3546 1781 bellicis.
3580 1725 3673 1784 Hic
3698 1730 3786 1785 du-

528 1786 783 1867 astrinxit
836 1786 1017 1870 artus:
1064 1786 1238 1870 Porro
1295 1786 1786 1886 accolaz'ejusdem
1829 1817 1933 1873 loci
1956 1786 1988 1885 ,-
2026 1818 2121 1888 qui
2156 1786 2201 1845 Β
2229 1810 2308 1866 cis
2349 1810 2541 1868 Frisia:
2581 1811 2749 1867 ﬁliam
2780 1813 3002 1868 nomine
3031 1812 3287 1869 Berlham
3312 1815 3370 1869 in
3399 1817 3786 1875 matrimonium

530 1904 737 1961 certius
762 1915 1026 1962 noverant
1048 1923 1149 1963 cur
1171 1906 1277 1962 sibi
1302 1907 1623 1978 contigisset
1648 1917 1757 1963 tam
1781 1910 1962 1965 subita
1982 1910 2126 1967 vale-

527 1995 682 2064 tudo,
718 1998 949 2067 (conscii
974 1999 1123 2053 enim
1152 1998 1354 2069 optime
1384 1998 1602 2055 fuerant
1626 2016 1948 2073 magnarum
1980 2002 2122 2058 beati

527 2090 786 2161 martyris
812 2091 1100 2163 virtutum)
1139 2092 1430 2147 hortantur
1459 2093 1742 2162 miserum,
1794 2105 1855 2151 ut
1876 2096 2023 2166 quod
2053 2097 2158 2181 ab.

466 2223 484 2238 .
526 2181 755 2237 ecclesia
795 2183 1064 2239 violenter
1112 2184 1454 2241 abstraxerat
1496 2185 1738 2242 triticum
1789 2188 2118 2244 restitueret.

530 2272 687 2342 Quod
711 2276 1026 2343 monebant,
1052 2276 1170 2332 fieri
1196 2293 1338 2349 aegre
1359 2277 1673 2349 impetrant,
1702 2280 1795 2335 sed
1811 2281 2123 2340 nullatenus

525 2364 723 2421 beatus
756 2380 962 2440 martyr
1001 2368 1123 2439 ejus
1154 2368 1322 2424 invita
1344 2370 1593 2440 placatur
1612 2371 1950 2441 poenitentia.
1980 2371 2123 2444 Ergo

526 2456 763 2515 Pictavis
791 2476 915 2515 cum
939 2476 1041 2516 sua
1067 2460 1288 2517 domina
1312 2462 1367 2516 in
1403 2463 1646 2518 crastino
1667 2480 1697 2518 a
1722 2464 1843 2519 loco
1874 2465 1968 2520 illo
2001 2481 2122 2521 sese

525 2552 996 2621 promoventibus,
1038 2553 1205 2609 miser
1250 2554 1341 2611 ille
1385 2555 1586 2611 ibidem
1629 2557 1895 2611 remorari
1931 2557 2123 2613 formi-

529 2643 691 2714 dans,
726 2663 835 2716 quo
864 2649 1038 2704 valuit
1058 2650 1222 2706 modo
1249 2667 1377 2708 cum
1406 2652 1489 2708 eis
1517 2653 1881 2725 progreditur.
1919 2653 1980 2710 In
1999 2670 2124 2726 pro-

524 2751 684 2792 cessu
708 2747 892 2794 autem
913 2741 1035 2807 viae,
1057 2741 1188 2797 dum
1211 2758 1337 2798 cum
1369 2743 1536 2800 sociis
1563 2745 1829 2814 graditur,
1856 2747 2118 2817 paulatim

526 2827 861 2889 formidabili
913 2833 1138 2890 indutus
1191 2835 1428 2902 insania,
1479 2838 1646 2908 erepit
1676 2854 1774 2893 sua
1822 2840 2118 2897 insatiabili

525 2936 715 2978 morsu
745 2940 896 2979 more
916 2926 1117 2981 canino
1144 2926 1412 2983 dilaniare
1436 2928 1681 2985 brachia.
1707 2929 1811 2997 Qui
1840 2946 1970 2989 vero
1991 2950 2115 2990 eum

525 3029 871 3084 compescere
896 3018 1171 3087 volebant,
1198 3034 1543 3092 nequaquam
1566 3022 1812 3080 sullicere
1844 3026 2113 3083 valebant.
2164 3086 2173 3099 η

526 3102 918 3165 Pcrseverantc
960 3110 1053 3165 illo
1085 3111 1139 3166 in
1172 3120 1322 3168 tanta
1374 3115 1634 3183 amentia,
1678 3128 1900 3173 ventum
1935 3128 2018 3175 est
2046 3121 2111 3175 ad
2144 3135 2187 3196 ρ

523 3196 747 3253 fluvium
779 3200 1101 3271 quemdam;
1148 3204 1630 3262 transvadantibus
1669 3209 1900 3277 caeteris,
1948 3210 2119 3267 miser

523 3287 614 3343 ille
659 3305 760 3345 sua
804 3300 999 3361 sponte
1040 3293 1101 3348 in
1136 3292 1362 3350 ﬂuvium
1395 3311 1516 3352 sese
1554 3298 1923 3373 praecipitans,
1959 3301 2118 3372 aquis

523 3380 825 3438 sua‘ocatus
845 3384 1028 3453 periit,
1060 3386 1361 3445 maximum
1390 3388 1508 3445 suis
1537 3390 1817 3448 sodalibus
1846 3393 2118 3453 incutiens

524 3482 787 3530 terrorem
824 3485 880 3532 et
904 3478 971 3533 de
996 3479 1207 3550 reliquo
1229 3481 1518 3549 cautelam,
1564 3499 1633 3539 ne
1660 3499 1944 3541 sacrorum
1977 3488 2116 3543 ulte-

523 3570 642 3626 rius
666 3572 959 3629 violatores
984 3575 1219 3630 existere
1247 3586 1642 3648 praesumerent
1662 3579 1927 3636 locorum.
1951 3580 2115 3638 Plura

522 3664 743 3735 quidem
774 3675 951 3734 erant,
988 3683 1112 3738 qua:
1144 3669 1212 3725 de
1232 3666 1348 3727 hoc
1384 3673 1841 3742 praestantissimo
1876 3686 2116 3748 martyre

526 3755 635 3813 diei
684 3766 954 3828 poterant.
1000 3758 1106 3815 Sed
1152 3776 1221 3817 ne
1264 3762 1463 3834 aliquis
1501 3764 1732 3821 obvians
1785 3767 2115 3823 calumniam

524 3848 685 3904 nobis
710 3849 839 3904 velit
866 3859 1212 3920 praestruere,
1241 3854 1432 3910 dicens
1460 3871 1560 3913 nos
1592 3865 1839 3913 nostrum
1864 3860 2116 3930 proposi-

523 3948 640 3995 tum
673 3943 1000 4013 excessisse,
1031 3947 1291 4015 quoniam
1326 3946 1459 4004 dum
1485 3949 1773 4008 debuimus
1804 3951 1981 4009 Patris
2012 3952 2117 4007 Be-

526 4033 726 4088 nedicti
754 4034 894 4090 mira
925 4036 1129 4094 referre
1158 4054 1345 4110 opera,
1373 4041 1518 4097 beati
1554 4041 1728 4098 Mauri
1756 4044 1939 4116 aliqua
1965 4055 2114 4101 retu-

523 4124 690 4183 limus
730 4136 902 4200 gesta,
947 4139 1289 4187 revertamur
1332 4134 1401 4189 ad
1433 4135 1685 4204 superius
1726 4138 1951 4206 omissa,
1991 4140 2116 4196 licet

522 4234 631 4272 non
661 4220 978 4291 ignoremus
1004 4239 1196 4279 eorum
1227 4240 1350 4295 qua:
1380 4226 1541 4281 beato
1571 4226 1920 4299 singulariter
1944 4232 2116 4288 ascri-

522 4309 735 4379 psimus
757 4307 967 4378 Mauro,
1001 4311 1353 4370 Benedictum
1396 4314 1609 4373 Patrem
1640 4321 1915 4377 exstitisse
1939 4324 2113 4394 parti-

522 4402 722 4471 cipem,
760 4404 960 4475 quippe
982 4406 1075 4476 qui
1100 4405 1156 4460 in
1176 4406 1368 4462 eadem
1393 4409 1742 4479 requiescant
1764 4414 2021 4482 ecclesia,
2058 4424 2114 4473 et

2226 1903 2455 1974 accepit,
2491 1919 2614 1975 quae
2666 1904 2716 1959 ei
2766 1905 2953 1977 genuit
2992 1904 3352 1962 Ludovicum.
3396 1906 3788 1970 Rebellaverunt

2225 2004 2407 2051 autem
2432 2005 2624 2051 contra
2640 2012 2765 2052 cum
2790 1998 3014 2068 quidam
3038 1997 3374 2058 Francorum
3398 2016 3671 2071 proceres,
3688 2006 3789 2075 opi-

2224 2087 2328 2142 bus
2359 2095 2415 2142 et
2454 2088 2665 2144 viribus
2706 2088 2980 2145 Guillelmi
3016 2090 3160 2161 regis
3198 2081 3506 2164 Anglorum
3550 2093 3783 2163 ﬁdentes;

2223 2194 2288 2235 ex
2316 2179 2518 2249 quibus
2553 2178 2709 2253 Hugo
2734 2182 2801 2237 de
2826 2180 3056 2237 Puteolo
3074 2183 3337 2240 adversus
3360 2200 3493 2240 eum
3516 2201 3662 2241 arma
3684 2204 3787 2243 cor-

2224 2272 2411 2344 ripuit,
2459 2274 2643 2343 plures
2670 2273 2775 2329 sibi
2800 2275 3080 2332 asciscens
3121 2275 3499 2333 auxiliatores.
3520 2276 3651 2333 ilex
3680 2294 3788 2335 vero

2221 2367 2342 2437 ejus
2365 2367 2654 2422 audaciam
2678 2382 3027 2437 compescere
3046 2368 3296 2438 cupiens,
3322 2369 3685 2441 undequaque
3702 2372 3789 2426 mi-

2222 2461 2379 2516 litum
2409 2460 2683 2516 contrahit
2712 2477 2957 2517 manum.
3002 2460 3147 2516 Inter
3181 2462 3423 2532 reliquos
3457 2463 3620 2518 etiam
3655 2464 3791 2519 auxi-

2222 2553 2407 2620 liares,
2430 2554 2731 2609 exercitum
2756 2554 2823 2609 de
2849 2552 3166 2624 Burgundia
3187 2553 3486 2609 adventare
3508 2552 3676 2623 jubet.
3698 2554 3788 2620 Qui

2221 2656 2443 2718 accepto
2478 2648 2756 2716 mandato,
2788 2648 2843 2703 in
2866 2647 3153 2703 Franciam
3183 2656 3500 2719 properant,
3530 2648 3639 2703 dux
3661 2650 3789 2705 vide-

2221 2740 2348 2797 licet
2371 2741 2615 2809 ejusdem
2647 2740 2975 2812 Burguudite
2998 2739 3137 2807 Odo,
3168 2739 3597 2798 Nivernensium
3626 2758 3788 2798 comes

2220 2833 2564 2901 Guillelmus,
2605 2834 3166 2891 Antissiodorensium
3192 2834 3437 2906 pontifex
3481 2836 3787 2904 Gaufredus,

2220 2936 2275 2982 et
2297 2927 2388 2982 alii
2418 2928 2790 2998 quampiures,
2818 2942 2958 2998 quos
2979 2934 3224 2984 retexere
3243 2930 3570 3001 perlongum
3598 2931 3787 3001 putavi.

2224 3035 2370 3075 mus.
2400 3019 2465 3075 Hi
2489 3030 2729 3091 emptum
2760 3022 2863 3077 iter
2882 3030 3185 3092 carpentes,
3212 3023 3300 3078 via
3330 3023 3578 3081 dictante
3602 3026 3653 3081 in
3671 3040 3786 3097 quo-

2220 3111 2345 3167 dam
2386 3113 2589 3182 praedio
2623 3112 2803 3170 Patris
2829 3113 3131 3181 Benedicti,
3155 3113 3386 3173 Everam
3430 3117 3553 3190 (ΞΘ)
3593 3129 3783 3186 vocato,

2221 3205 2571 3262 metationem
2602 3215 2947 3278 acceperunt.
2976 3206 3048 3263 Ut.
3065 3224 3198 3265 vero
3218 3210 3391 3265 moris
3410 3212 3702 3283 agrestium
3717 3220 3788 3267 est

2220 3301 2275 3355 in
2322 3301 2555 3357 adventu
2602 3302 2838 3357 militum
2875 3300 3189 3371 formidare,
3233 3312 3618 3374 perstrepere,
3669 3320 3788 3376 qua-

2221 3407 2552 3462 quaversum
2597 3391 2814 3463 fugere,
2864 3410 2964 3449 sua
3012 3394 3066 3448 in
3104 3393 3241 3451 locis
3286 3395 3585 3452 tutioribus
3615 3410 3788 3452 recon-

2218 3484 2368 3552 dere,
2406 3485 2643 3541 maxime
2684 3486 2739 3540 in
2794 3493 2946 3540 tanto
2981 3487 3210 3558 strepitu
3246 3489 3440 3545 rustici
3482 3504 3649 3560 supra
3683 3503 3786 3545 me-

2218 3577 2415 3632 morati
2442 3577 2564 3649 pagi
2586 3578 2770 3632 omnia
2801 3594 2901 3633 sua
2924 3578 2991 3634 ad
3013 3580 3301 3635 ecclesiam
3328 3582 3663 3651 convehunt,
3690 3591 3786 3638 tam

2218 3684 2492 3724 annonam
2533 3686 2698 3740 quam
2742 3671 3130 3740 supellcctilem
3171 3672 3400 3728 variam.
3451 3672 3626 3731 Porro
3663 3674 3788 3729 mili-

2218 3771 2333 3815 tum
2373 3761 2689 3833 phalanges,
2716 3770 3008 3834 postquam
3048 3762 3191 3819 fessa
3224 3763 3410 3820 labore
3442 3764 3549 3820 viae
3576 3779 3785 3836 corpora

2216 3850 2449 3921 dapibus
2483 3852 2811 3919 relevarunt,
2846 3853 3050 3908 cibaria
3087 3853 3205 3910 suis
3242 3855 3598 3925 procuraturi
3627 3852 3784 3925 ciruis,

2216 3942 2561 4013 compcriuut
2582 3942 2849 4000 ruricolas
2871 3960 3027 4000 suam
3050 3954 3217 4000 totam
3240 3960 3519 4001 annonam
3551 3947 3605 4001 in
3628 3946 3784 4001 eccle‘

2216 4036 2298 4091 sia
2334 4028 2629 4092 abdidisse.
2662 4035 2818 4093 Unde
2842 4038 3043 4094 animis
3060 4039 3262 4109 dejecti
3294 4038 3544 4095 referunt
3569 4040 3635 4095 ad
3656 4041 3786 4109 prin—

2215 4130 2364 4201 cipes
2400 4131 2677 4186 exercitus
2706 4146 2820 4186 rem
2857 4146 3075 4187 omnem
3106 4149 3173 4187 ex
3202 4132 3413 4200 ordine,
3448 4131 3661 4189 rustico
3691 4132 3784 4186 sci-

2216 4222 2341 4278 licet
2369 4239 2520 4293 spem
2552 4224 2636 4278 sui
2663 4223 2839 4280 victus
2865 4225 2930 4280 ad
2954 4226 3205 4280 tutiorem
3242 4234 3485 4296 portum,
3517 4225 3784 4283 ecclesiam

2214 4314 2361 4382 dico,
2392 4316 2708 4381 contulisse,
2739 4331 2839 4371 nec
2859 4317 2963 4372 sibi
2987 4318 3204 4387 penitus
3237 4318 3375 4373 velle
3407 4318 3542 4373 dare
3564 4327 3657 4373 aut
3679 4332 3787 4372 ven-

2215 4405 2344 4460 dere
2374 4406 2629 4461 alimenta
2657 4407 2775 4463 suis
2802 4407 3066 4463 vehiculis
3093 4410 3423 4464 necessaria.
3456 4409 3530 4465 At
3560 4411 3636 4465 illi
3666 4425 3785 4465 con-

520 4489 709 4545 cadetl
740 4492 858 4548 loca
895 4494 1236 4565 susceperint
1270 4498 1518 4565 tutanda,
1563 4499 1767 4555 easdem
1807 4505 2112 4571 possessio-
2142 4517 2189 4578 ι)
2215 4496 2322 4552 Silii
2353 4506 2620 4565 extorres,
2650 4498 2782 4569 quid
2805 4507 2970 4569 agant
3001 4499 3275 4571 ignorant.
3292 4499 3481 4571 Neque
3509 4502 3657 4557 enim
3673 4516 3786 4555 san-

525 4598 645 4650 ncs,
678 4585 732 4639 in
769 4586 973 4656 quibus
1003 4588 1219 4643 beatum
1242 4600 1537 4662 martyrem
1566 4590 1737 4647 relata
1753 4593 1995 4649 diximus
2020 4612 2115 4666 pa-

521 4681 699 4730 trassc
728 4677 1014 4747 miracula,
1053 4679 1157 4750 ipsi
1188 4679 1441 4737 Floriaco
1478 4692 1605 4738 sunt
1627 4684 1904 4756 subjectae.
1938 4686 2112 4757 Cujus

521 4766 627 4823 loci
673 4768 851 4826 fartus
885 4781 969 4827 est
1010 4780 1240 4845 uterque
1282 4783 1544 4845 patronus
1583 4777 1955 4850 omnipotente
2005 4779 2113 4835 Do-

520 4858 671 4914 mino
692 4859 975 4933 largiente.

589 4950 719 5007 CAP.
760 4938 1039 5010 XXIV.—
1068 4955 1364 5013 Historica.
1405 4957 1659 5016 Ecclesia:
1686 4960 1967 5017 violatores
2007 4964 2109 5018 mi-

520 5043 639 5098 lites
667 5047 861 5117 puniti.
892 5046 1101 5120 Regina
1142 5049 1400 5107 Mathildc
1445 5062 1619 5109 metas
1673 5053 1887 5110 vivendi
1942 5071 2107 5110 exce-

519 5137 702 5206 dente,
726 5155 820 5194 rex
848 5141 1104 5196 Ainricus
1136 5142 1191 5196 in
1217 5143 1536 5215 conjugium
1578 5145 1683 5201 sibi
1708 5145 1902 5201 ascivit
1935 5147 2104 5203 tiliam

518 5230 663 5301 regis
697 5230 980 5304 (Ladislai)
1024 5232 1353 5303 Bassorum,
1387 5236 1608 5292 nomine
1632 5236 1868 5293 Annam.
1894 5237 2021 5295 Haec
2053 5241 2103 5296 ei

518 5321 725 5390 peperit
745 5330 857 5377 tres
879 5322 1040 5391 ﬁlios,
1056 5322 1390 5395 Philippum,
1414 5324 1757 5395 Rotbertum,
1783 5326 2101 5399 Hugoncm:

515 5425 753 5481 quorum
798 5413 1092 5472 Rutbertus
1122 5417 1303 5473 adhuc
1324 5418 1587 5488 puerulus
1620 5418 1896 5488 decessit;
1948 5419 2106 5493 Hugo

516 5506 839 5562 comitatum
901 5509 1251 5576 postmodum
1315 5508 1812 5568 Virimandensium
1875 5513 2106 5585 adeptus

592 5643 705 5717 (l0)
746 5642 888 5717 Ergo
925 5643 1208 5716 Philippus
1252 5656 1413 5700 natus
1447 5656 1530 5702 est
1566 5663 1711 5702 anno
1754 5648 1929 5717 1055;
1976 5646 2101 5705 nam

519 5708 788 5786 Henricus
814 5708 932 5784 Ejus
953 5708 1358 5786 pater-decessu
1386 5733 1530 5772 anno
1560 5719 1715 5774 1040.

593 5782 704 5852 {20)
748 5782 967 5851 Evcza,'
997 5786 1148 5841 l’crrc
1182 5787 1228 5841 Ic
1271 5788 1525 5854 Chcitwu,
1565 5789 1819 5847 diwccsis
1862 5790 2103 5849 Aurelia-

2213 4596 2426 4644 etorum
2455 4589 2752 4646 violatores
2785 4590 3033 4645 locorum
3062 4591 3177 4646 fieri
3207 4592 3427 4659 volunt,
3470 4608 3568 4648 seu
3596 4608 3787 4663 praesu-

2214 4690 2391 4737 munt.
2423 4681 2726 4754 Episcopus
2773 4683 2978 4754 itaque,
3030 4683 3124 4754 qui
3168 4684 3382 4738 cautior
3422 4685 3637 4741 caneris
3677 4698 3786 4739 esse

2212 4773 2495 4842 debuerat,
2516 4774 2744 4845 juvenili
2769 4783 2925 4832 actus
2952 4775 3259 4830 temeritate
3274 4818 3289 4843 ,
3314 4776 3533 4831 scurrili
3571 4776 3786 4831 interro-

2211 4875 2303 4938 gat
2326 4882 2576 4922 sermone
2601 4876 2785 4922 utrum
2809 4882 2933 4923 eam
2962 4883 3237 4923 annonam
3260 4868 3514 4925 homines
3545 4870 3600 4924 in
3625 4869 3785 4925 eccle-

2210 4957 2348 5013 siam
2370 4958 2746 5015 eontulissent.
2769 4958 2871 5014 Cui
2892 4975 3019 5015 cum
3043 4975 3372 5031 responsum
3395 4969 3569 5016 esset:
3591 4959 3780 5015 Etiam.

2213 5050 2409 5123 Igitur,
2442 5052 2637 5123 inquit,
2668 5052 2903 5107 homines
2945 5051 3279 5107 abstrahunt.
3307 5052 3470 5108 Jubet
3495 5069 3629 5126 ergo
3654 5070 3783 5124 prte-

2208 5151 2361 5214 pctes
2391 5143 2504 5215 (2t)
2544 5143 2643 5211 ire,
2688 5154 2743 5200 et
2779 5154 3046 5214 quantum
3077 5144 3267 5200 hordei
3299 5146 3604 5202 necessitas
3629 5160 3781 5216 expe-

2208 5236 2376 5301 tebat,
2406 5236 2523 5292 suis
2550 5236 2792 5306 praebere
2816 5238 2995 5308 equis.
3026 5236 3357 5308 Properatur
3385 5237 3453 5293 ad
3481 5239 3778 5301 ecclesiam,

2207 5329 2471 5385 violenter
2489 5328 2754 5384 hordeum
2775 5330 2846 5385 ab
2856 5346 2919 5385 ea
2942 5330 3297 5386 abstrahitur.
3312 5330 3580 5387 Pabulum
3599 5331 3781 5387 exinde

2206 5421 2362 5492 equis
2388 5421 2856 5477 subministratur.
2876 5420 2933 5476 ln
2957 5421 3219 5490 crastino,
3244 5437 3355 5492 quo
3375 5430 3655 5493 coeperant
3673 5429 3781 5477 tem

2207 5516 2363 5584 dunt,
2397 5515 2535 5571 nihil
2569 5530 2726 5571 noxa:
2752 5531 2812 5571 se
2833 5515 3175 5572 contraxisse
3206 5517 3491 5574 credentes
3520 5517 3665 5588 apud
3694 5514 3782 5571 Pa-

2209 5648 2417 5717 ncnsis,
2442 5648 2536 5721 ubi
2562 5646 2837 5721 prioratus
2862 5648 3112 5707 Floriaco
3135 5651 3435 5721 subjectus.

2279 5721 2392 5789 (2i)
2433 5719 2524 5793 Sic
2551 5720 2694 5790 apud
2720 5720 3123 5777 Bollandianos.
3159 5719 3389 5777 Boscius
3418 5722 3577 5777 habet
3605 5738 3774 5793 perpe-

2208 5802 2344 5860 tuos,
2374 5791 2520 5863 quod
2544 5805 2742 5847 nomen
2774 5793 2931 5848 cilicii
2963 5793 3213 5848 militaris
3238 5808 3358 5848 esse
3381 5793 3604 5863 putavit.
