3946 6306
206 217 395 274 ’1215

1366 213 1731 275 MIRACULA
1770 215 2019 274 SANCTI
2057 213 2448 273 BENEDICTI.

3308 184 3311 187 ’
3414 216 3553 281 nu

216 324 389 388 trem
418 328 780 386 Benedictum
802 343 903 401 pro
926 325 1253 384 infractione
1279 326 1426 384 illius
1449 329 1557 385 loci
1576 339 1631 386 et
1652 327 1853 400 injuria
1885 335 1927 389 Α
1958 326 2245 384 confestim
2300 335 2549 385 emortua
2588 323 2737 403 febre
2786 341 2956 384 mnus
3003 330 3202 386 evadit.
3243 329 3398 398 Quod
3438 331 3552 390 fre-

225 425 374 481 suis
412 424 586 479 illata.
622 421 914 479 Enimvero
943 437 1069 494 rege
1093 436 1220 478 cum
1255 422 1482 494 reliquis
1511 422 1745 478 militum
1778 422 1857 477 le—

218 512 520 592 gionibus
556 513 625 568 ad
668 513 954 570 Puteolum
992 512 1306 582 festinante,
1341 523 1397 570 et
1438 514 1541 585 ipsi
1571 515 1621 570 ei
1658 528 1854 570 occur-

219 614 408 662 runt.
435 603 630 662 Castra
646 613 922 662 metantur
942 614 1055 661 tam
1079 606 1183 677 ipsi
1202 622 1370 679 quam
1392 622 1488 662 rex
1507 607 1652 663 circa
1675 606 1853 676 ipsum

215 705 529 752 castrum.
556 695 795 752 Obsesso
818 697 1001 767 itaque
1021 706 1224 765 castro,
1248 704 1374 767 post
1395 697 1617 752 crebras
1635 710 1856 767 aggres-

216 788 472 856 siones,
502 788 713 859 aliquot
739 787 931 843 diebus
958 787 1154 843 ibidem
1180 787 1294 858 jam
1324 788 1581 859 peractis,
1610 788 1697 843 die
1718 802 1854 857 qua-

215 882 376 938 dam
425 882 506 938 illi
531 882 624 953 qui
657 880 856 937 inclusi
892 880 1239 948 videbantur,
1272 877 1429 952 Hugo
1449 879 1700 936 videlicet
1726 895 1852 936 cum
1884 926 1891 931 .

216 973 391 1039 suis,
435 973 641 1044 apertis
684 973 859 1044 portis
902 973 1183 1044 improvisi
1221 974 1423 1030 adsunt
1454 973 1852 1043 obsidentibus,

217 1065 558 1136 onmigeno
600 1064 870 1119 bellorum
920 1064 1158 1120 tumultu
1198 1073 1578 1135 personantes,
1619 1061 1853 1120 cornici-

216 1158 422 1215 nibus
459 1160 627 1215 etiam
662 1159 921 1227 horrifico
957 1159 1125 1215 boatu
1148 1159 1624 1229 concrepantibus.
1661 1157 1853 1214 Exter-

216 1250 328 1306 riti
394 1252 500 1322 qui
550 1252 605 1306 in
655 1252 853 1307 castris
894 1260 1052 1306 erant
1084 1251 1264 1307 subita
1310 1251 1551 1320 hostium
1598 1250 1848 1317 audacia,

208 1343 494 1399 credunt
520 1344 690 1400 totius
726 1342 972 1399 Franciaa
998 1344 1237 1400 militum
1281 1345 1535 1399 cohortes
1564 1352 1731 1400 noctu
1759 1359 1851 1400 ca-

215 1444 436 1491 strum
479 1435 622 1493 idem
666 1436 924 1505 intrasse,
974 1444 1029 1492 et
1056 1436 1262 1494 idcirco
1290 1434 1572 1509 Hugonem
1602 1437 1670 1493 ad
1716 1437 1850 1492 tanti

212 1542 454 1583 ausum
492 1526 756 1585 facinoris
788 1528 1127 1600 prorupisse.
1155 1527 1299 1596 Quid
1326 1528 1517 1599 plura?
1545 1537 1694 1599 terga
1720 1543 1848 1584 ver-

172 1614 183 1617 ”
216 1624 391 1684 tum,
426 1616 573 1690 fugae
606 1618 861 1689 praesidio
885 1634 1006 1675 sese
1035 1619 1470 1687 committentes,
1505 1619 1847 1675 diversarum

214 1710 564 1779 specierum
595 1710 829 1766 tentoria
868 1711 1022 1768 varia
1055 1711 1378 1783 supellectili
1404 1712 1562 1783 plena
1594 1711 1848 1789 linquen-

213 1809 343 1869 tes,
369 1809 438 1857 et
457 1810 655 1859 caetera
707 1817 832 1873 quae
876 1803 945 1858 ad
974 1811 1181 1858 tantam
1224 1803 1625 1875 expeditionem
1655 1817 1849 1858 neces»

218 1891 393 1948 saria
452 1899 843 1949 convexerant.
891 1890 1089 1950 Hostes
1137 1908 1234 1949 eos
1280 1891 1469 1966 fugere
1523 1901 1809 1950 cernentes
1831 1934 1847 1960 ,

218 1983 393 2055 quod
438 1996 787 2055 nequaquam
830 1993 1012 2041 mente
1042 1993 1202 2040 antea
1248 1984 1539 2056 concipere
1583 1999 1850 2054 praesum-

221 2085 501 2146 pserant,
524 2085 630 2134 uta
651 2076 842 2148 paucis
860 2084 1010 2131 tanta
1030 2076 1326 2133 multitudo
1347 2076 1650 2148 fugaretur,
1667 2076 1850 2132 acrius

222 2162 641 2235 insequuntur.
689 2164 846 2235 Capti
876 2174 1006 2222 sunt
1049 2165 1216 2238 igitur
1261 2165 1319 2221 in
1358 2166 1451 2222 illa
1484 2164 1612 2238 fuga
1649 2181 1848 2239 quam-

226 2256 478 2328 plurimi
514 2258 724 2315 nobiles
754 2259 876 2326 viri,
921 2257 1160 2314 maxime
1197 2258 1472 2314 exercitus
1497 2257 1846 2330 Burgundiaa,

226 2352 338 2423 qui
377 2350 606 2408 Patrem
629 2350 985 2409 Benedictum
1012 2342 1264 2422 injuriari
1291 2352 1412 2409 ausi
1438 2350 1674 2420 fuerant,
1705 2352 1850 2408 dire-

228 2452 439 2514 ptores
480 2445 654 2516 ipsius
688 2444 987 2501 existentes
1017 2445 1407 2516 possessionis.
1455 2444 1703 2518 Denique
1732 2445 1849 2517 epi-

226 2549 458 2606 scopus
494 2535 589 2606 qui
644 2536 781 2592 alios
818 2551 1072 2592 sermone
1098 2536 1353 2607 pillusorie
1372 2536 1606 2617 prolato
1644 2536 1850 2595 nefarie

233 2644 415 2699 agere
460 2627 772 2698 impulerat,
817 2645 944 2684 eum
989 2637 1142 2700 patre
1183 2627 1603 2689 Nivernensium
1649 2630 1849 2687 comite

231 2729 472 2789 captus,
505 2729 731 2776 coactus
758 2729 843 2777 est
867 2720 1110 2791 seipsum
1141 2737 1252 2778 non
1277 2722 1505 2779 modicae
1527 2722 1848 2795 quantitatis

176 2888 177 2893 η
232 2810 487 2879 pecunia
517 2811 813 2880 redimere‘;
845 2828 877 2867 a
905 2827 1015 2882 qua
1037 2814 1259 2869 demum
1289 2825 1515 2885 captura
1537 2824 1845 2888 exemptus,

233 2901 569 2958 Floriacum
605 2911 816 2973 petens,
858 2902 1059 2960 fatetur
1109 2921 1171 2962 se
1211 2907 1377 2962 stulte
1405 2907 1605 2977 egisse,
1639 2916 1695 2962 et
1726 2922 1849 2977 qua:

237 2993 353 3051 sibi
382 2993 720 3077 acciderant,
748 2995 898 3067 juste
926 2997 1262 3071 contigisse;
1292 2998 1508 3054 veniam
1536 2998 1691 3070 petit,
1721 3014 1848 3068 pro—
1875 3022 1916 3079 (ς

237 3093 519 3147 meretur.
551 3084 613 3143 In
641 3102 704 3143 ea
739 3086 868 3161 fuga
889 3090 1221 3161 completum
1251 3090 1468 3148 videres
1493 3091 1640 3163 quod
1663 3092 1718 3147 in
1741 3091 1848 3147 fine

239 3174 667 3234 Deuteronomii
709 3178 909 3251 legitur
948 3179 1006 3236 in
1048 3181 1554 3253 imprecationibus,
1597 3198 1735 3254 quas
1765 3183 1849 3239 vir

241 3266 346 3325 Dei
378 3267 600 3341 Moyses
627 3270 830 3342 populo
858 3270 1046 3328 lsraeli
1088 3272 1423 3343 imprecatus
1450 3281 1565 3341 est,
1597 3274 1645 3330 si
1672 3290 1703 3328 a
1731 3273 1848 3345 lege

240 3359 343 3417 Dei
368 3361 460 3418 sui
487 3362 782 3432 aliquando
807 3363 1083 3420 recederet
1108 3383 1123 3420 :
1148 3364 1257 3421 Per
1277 3382 1462 3435 unam,
1485 3361 1683 3437 inquit,
1708 3367 1848 3420 riam

237 3452 535 3523 egredieris
573 3463 759 3510 contra
807 3455 981 3513 hostes
1021 3465 1169 3525 tuos,
1217 3468 1269 3512 et
1309 3474 1402 3530 per
1441 3469 1639 3530 septem
1676 3459 1848 3531 fugies

238 3544 430 3617 (Deut.
474 3562 666 3613 xxvm,
701 3547 828 3619 25);
860 3549 996 3604 etin
1032 3549 1310 3607 Levitico:
1342 3550 1609 3624 Fugietis,
1643 3553 1848 3609 nemine

236 3648 590 3710 persequente
621 3638 813 3710 (Leuit.
841 3657 992 3708 xxvr,
1024 3641 1149 3713 17).⁸

308 3730 447 3788 CAP.
490 3730 660 3790 XXV.
691 3762 763 3772 —
791 3730 850 3790 S.
877 3732 1152 3790 Benedicti
1177 3734 1418 3808 reliquiae
1446 3737 1502 3791 iu
1531 3737 1704 3793 aliam
1733 3737 1846 3793 the-

238 3841 355 3879 cam
379 3823 580 3881 illata’.
613 3823 798 3881 Theca:
822 3828 1106 3897 particula:
1145 3830 1303 3899 aagris
1323 3828 1583 3885 salubres.
1612 3829 1844 3886 Basilica

235 3930 466 3986 semper
513 3914 742 3987 virginis
781 3915 966 3972 Maria:
993 3916 1089 3973 Dei
1109 3919 1408 3990 genitricis,
1438 3919 1492 3975 in
1518 3936 1628 3992 qua
1652 3921 1845 3977 beatus

235 4004 402 4071 Pater
429 4005 763 4064 Benedictus
785 4024 1018 4080 corpore
1050 4010 1302 4081 quiescit,
1335 3996 1533 4083 partim
1558 4022 1842 4088 vetustate,

235 4099 449 4171 partim
491 4098 748 4157 incendio
788 4090 1067 4170 demolita,
1111 4102 1292 4161 visum
1328 4113 1413 4161 est
1456 4105 1640 4161 abbati
1689 4106 1845 4163 Guil-

234 4190 401 4247 lelmo
458 4191 595 4263 (‘22),
637 4192 917 4251 adnitente
965 4193 1195 4252 0dilone
1242 4196 1362 4252 viro
1393 4197 1566 4271 probo
1599 4198 1845 4269 ejusdem

235 4283 490 4341 basilicae
522 4284 745 4353 mdituo,
785 4295 942 4342 vetus
966 4287 1239 4357 demoliri,
1261 4297 1314 4345 et
1342 4305 1542 4346 novum
1581 4306 1719 4362 opus
1746 4306 1846 4362 pro

1958 410 2218 491 quentius
2250 421 2604 491 probavimus
2627 420 3003 503 experimento
3026 423 3331 493 multiplici.
3360 422 3554 481 Plures

1956 514 2121 570 etiam
2151 513 2218 571 de
2249 514 2386 584 ipsis
2427 514 2628 585 quibus
2666 523 2948 584 compacta
2994 514 3172 571 fuerat
3198 532 3324 571 arca
3360 515 3451 570 illa
3479 514 3550 571 li-

1926 606 2100 678 ,guis,
2125 606 2466 662 diversarum
2497 605 2749 662 homines
2775 606 3058 678 regionum
3090 607 3155 662 ad
3182 607 3401 679 propria
3431 607 3552 663 loca

1956 698 2131 770 gratia
2168 714 2281 754 sua:
2316 697 2510 754 salutis
2551 697 2902 766 detulerunt;
2952 698 3047 769 qui
3076 698 3425 779 postmqlum
3468 707 3553 754 at-

1956 791 2137 845 testati
2178 786 2307 846 su'nt
2334 799 2521 847 contra
2577 791 2855 847 variorum
2899 806 3099 863 genera
3133 791 3453 846 morborum
3485 808 3550 846 ea

1933 880 2228 961 .profuisse
2257 883 2512 938 multum.
2555 881 2850 938 Enimvero
2877 898 2979 938 nos
3030 883 3263 953 plurima
3290 899 3411 954 quae
3454 898 3553 953 per

1953 989 2015 1030 ea
2055 983 2279 1031 ostensa
2321 983 2471 1042 sunt,
2501 976 2812 1031 omittentes
2856 975 3032 1048 signa,
3076 990 3247 1029 unum
3288 973 3554 1027 duntaxat

1954 1074 2288 1133 retexamus,
2316 1052 2475 1137 cujus
2496 1067 2828 1122 documento
2850 1066 3022 1121 multa
3058 1065 3301 1136 potuisse
3323 1064 3437 1120 fieri
3475 1063 3552 1119 si-

1953 1153 2105 1208 milia
2128 1151 2566 1209 manifestemus.
2592 1151 2842 1208 Veranus
2865 1151 3004 1224 (25),
3032 1151 3125 1222 qui
3152 1165 3248 1221 per
3274 1149 3552 1219 aliquanta

1951 1260 2225 1302 annorum
2249 1245 2526 1301 curricula
2560 1244 2801 1315 regimen
2833 1238 3549 1307 obtinuitFloriacensium,

1951 1334 2236 1407 quartanis
2265 1334 2441 1390 valide
2463 1349 2560 1404 per
2588 1348 2809 1388 menses
2837 1331 2949 1388 fere
2978 1339 3061 1387 ter
3088 1330 3248 1386 binos
3277 1329 3549 1385 adureba-

1950 1436 2040 1484 tur
2064 1426 2332 1499 febribus,
2359 1427 2454 1499 qui
2494 1426 2860 1498 plurimorum
2903 1424 3241 1480 medicorum
3269 1422 3353 1493 (ut
3392 1430 3552 1494 puta-

1949 1521 2065 1593 bat)
2091 1498 2400 1593 doctorum,
2435 1519 2540 1574 sibi
2579 1518 2906 1590 propensius
2927 1533 3115 1573 curam
3143 1516 3429 1582 adhibens,
3462 1513 3549 1570 ni-

1949 1614 2029 1668 hil
2050 1612 2319 1684 profecit;
2346 1619 2555 1668 tantum
2577 1610 2816 1681 aliquam
2840 1608 3084 1681 pecunia:
3106 1608 3467 1679 quantitatem
3493 1605 3551 1659 in

1885 1676 1926 1731 Β
1952 1703 2336 1775 comparandis
2359 1700 2836 1767 medicaminibus,
2867 1708 2923 1755 et
2961 1714 3154 1756 eorum
3183 1697 3423 1770 prmmiis
3453 1696 3550 1768 qui

1949 1795 2156 1853 frustra
2207 1796 2293 1852 vel
2350 1794 2627 1852 modicum
2673 1808 2788 1849 suae
2820 1792 2955 1849 artis
2991 1793 3270 1862 suscipere
3303 1791 3548 1847 laborem

1952 1896 2208 1954 renuunt,
2233 1885 2508 1958 expendit.
2539 1882 2662 1956 Ipse
2688 1898 2929 1956 quoque,
2970 1882 3227 1954 quoniam
3262 1881 3551 1953 jactitabat

1950 1979 2347 2051 aliquantulam
2378 1976 2760 2034 medicaminis
2786 1991 2845 2032 se
2877 1975 3077 2031 habere
3098 1974 3424 2042 notitiolam,
3453 1989 3550 2045 per

1950 2088 2010 2128 se
2040 2072 2094 2126 in
2121 2087 2179 2127 se
2209 2071 2379 2126 multa
2403 2068 2650 2136 tentavit,
2675 2068 2769 2124 sed
2816 2067 2893 2122 nil
2920 2066 3023 2123 sibi
3056 2065 3281 2138 profuit.
3310 2065 3550 2121 Destitu-

1949 2172 2039 2220 tus
2073 2162 2255 2235 itaque
2297 2163 2447 2219 omni
2486 2161 2711 2229 auxilio,
2742 2171 2797 2218 et
2828 2168 3034 2217 attenta
3065 2159 3353 2215 medicina:
3394 2157 3550 2214 frau-

1948 2254 2110 2312 datus
2130 2271 2244 2327 spe,
2269 2256 2587 2312 recordatur
2612 2255 2836 2323 multos,
2861 2253 3030 2326 hujus
3054 2252 3389 2307 infirmitatis
3412 2267 3552 2322 pon-

1948 2348 2078 2406 dere
2105 2339 2419 2421 oppressos,
2466 2364 2565 2419 per
2590 2364 2732 2405 arca:
2778 2347 2952 2419 ipsius
2996 2345 3258 2417 reliquias
3299 2343 3550 2415 sospitati

1949 2441 2193 2513 pristina:
2236 2442 2544 2498 restitutos.
2603 2440 2854 2496 Diluculo
2907 2439 3074 2511 igitur
3121 2437 3406 2509 cujusdam
3442 2435 3550 2491 diei

1950 2544 2183 2604 Surgens
2207 2549 2237 2587 a
2265 2532 2485 2599 lectulo,
2509 2531 2766 2586 manibus
2789 2546 3017 2587 suorum
3054 2528 3373 2600 deportatus
3396 2526 3551 2582 cubi—
3575 2572 3580 2579 .

1948 2624 2306 2692 culariorum,
2331 2624 2618 2681 ecclesiam
2652 2623 2898 2690 intravit,
2931 2637 3120 2679 coram
3158 2620 3318 2676 altari
3348 2620 3403 2674 in
3438 2632 3551 2689 quo

1947 2717 2218 2788 praedictae
2241 2717 2473 2773 conditze
2498 2716 2712 2772 fuerant
2739 2715 3000 2787 reliquiae,
3021 2713 3214 2770 sesein
3238 2712 3551 2784 pavimento

1947 2809 2267 2881 prostravit,
2298 2808 2426 2865 fletu
2455 2818 2510 2865 et
2548 2808 2755 2881 gemitu
2788 2806 3071 2864 subveniri
3116 2804 3222 2862 sibi
3249 2820 3552 2877 exposcens

1948 2901 2093 2956 beati
2115 2898 2293 2968 Patris
2322 2901 2596 2970 precibus.
2623 2899 2911 2957 Postremo
2937 2900 3004 2956 de
3045 2898 3147 2967 soli
3173 2897 3376 2954 duritia
3418 2896 3550 2952 sub-

1948 2992 2181 3059 levatus,
2214 3001 2268 3046 et
2298 2991 2443 3047 ulnis
2471 3008 2698 3057 suorum
2726 2992 3032 3063 bajulorum
3064 2999 3428 3058 sustentatus,
3459 3004 3551 3045 ro-

1949 3095 2041 3158 gat
2061 3086 2342 3143 custodem
2368 3086 2750 3157 praedictorum
2777 3103 3061 3144 sacrorum
3079 3087 3288 3144 ossium
3308 3087 3550 3158 aliquam

1949 3191 2092 3233 arcae
2133 3176 2536 3248 portiunculam
2580 3178 2686 3233 sibi
2714 3177 2920 3244 afferri,
2969 3193 3122 3251 mero
3152 3178 3320 3257 ablui,
3353 3186 3409 3233 et
3443 3178 3549 3233 sibi

1950 3269 2138 3325 tribui.
2168 3268 2326 3338 Quod
2354 3271 2485 3327 dum
2515 3270 2884 3348 impetrasset,
2925 3271 3125 3328 hausto
3152 3271 3422 3344 ejusmodi
3445 3287 3547 3343 po-

1949 3372 2030 3431 tu,
2057 3363 2222 3419 corde
2250 3363 2531 3433 deficiens,
2556 3364 2623 3421 de
2647 3365 2903 3425 manibus
2928 3381 3049 3422 sese
3078 3364 3440 3438 bajulantium
3476 3366 3547 3422 ad

1952 3469 2156 3516 terram
2201 3459 2491 3529 prolapsus
2533 3459 2746 3515 cecidit.
2782 3457 3013 3516 Omnem
3049 3460 3244 3517 deinde
3287 3458 3549 3532 superflui

1950 3551 2201 3610 humoris
2242 3552 2656 3620 abundantiam,
2683 3568 2806 3624 qua:
2843 3552 2946 3608 sibi
2994 3568 3114 3609 eam
3167 3553 3547 3624 :cgritudincm

1950 3642 2231 3711 intulerat,
2263 3659 2521 3700 evomens
2548 3658 2646 3713 per
2679 3644 2917 3714 spatium
2955 3642 3127 3699 ferme
3161 3645 3325 3700 unius
3375 3644 3545 3712 bona,

1952 3737 2104 3792 humi
2148 3745 2457 3808 prostratus
2494 3735 2689 3808 jacuit,
2736 3737 2934 3792 mentis
2971 3735 3271 3808 deliquium
3324 3752 3544 3807 passus.

1950 3827 2107 3886 Unde
2144 3831 2440 3901 resumptis
2487 3829 2885 3901 aliquantulum
2921 3828 3132 3884 viribus
3160 3844 3281 3885 sese
3308 3829 3546 3899 erigens,

1950 3919 2130 3976 denuo
2160 3920 2228 3976 ad
2256 3919 2514 3976 lectulum
2556 3919 2897 3990 deportatus,
2936 3927 2991 3975 et
3039 3918 3331 3990 tranquilla
3363 3918 3547 3989 quiete

1950 4013 2231 4084 paululum
2266 4021 2580 4084 soporatus,
2615 4013 2820 4068 nullam
2870 4012 3043 4084 ipsius
3084 4010 3263 4067 morbi
3289 4011 3546 4082 deinceps

1949 4104 2121 4161 sensit
2187 4105 2517 4177 angustiam.
2573 4103 2843 4177 Cognovit
2902 4101 3359 4175 ergopotiorcm
3423 4099 3541 4156 fore

1950 4195 2116 4269 [esse]
2143 4198 2467 4253 medicinam
2499 4196 2889 4269 omnipotentis
2919 4195 3135 4251 Domini
3165 4210 3460 4266 exposcere
3486 4194 3544 4249 in

1949 4286 2267 4349 infirmitate
2288 4289 2657 4353 clementiam,
2690 4305 2856 4361 quam
2887 4288 2940 4343 in
2973 4287 3339 4359 pretiosarum
3365 4284 3545 4342 succis

166 4400 171 4406 -
236 4384 421 4430 vetere
448 4374 775 4432 instaurare.
808 4374 927 4444 Qua
948 4376 1016 4432 de
1038 4393 1097 4434 re
1118 4387 1301 4435 aetum
1324 4388 1428 4447 est,
1453 4388 1512 4435 ut
1534 4380 1844 4437 veneranda
1872 4402 1924 4462 ι)
1948 4390 2002 4438 et
2022 4381 2233 4438 viribus
2252 4382 2524 4462 conlidere
2557 4382 2871 4437 herbarum.

238 4466 488 4537 ejusdem
517 4466 697 4522 Patris
719 4469 984 4537 membra,
1010 4486 1134 4541 qua:
1157 4471 1212 4525 in
1237 4486 1365 4527 arca
1389 4471 1566 4544 lignea
1585 4483 1744 4547 erant
1763 4489 1844 4529 re-

240 4559 485 4627 condita,
509 4558 714 4614 scrinio
735 4576 887 4617 aeneo
906 4578 970 4618 ea
990 4563 1062 4618 ob
1081 4563 1485 4620 durabilitatem
1510 4560 1845 4622 intrinsecus

241 4654 540 4729 ambiente,
576 4670 801 4713 necesse
852 4655 992 4712 foret
1019 4657 1087 4713 de
1119 4658 1311 4715 eadem
1345 4674 1471 4715 arca
1502 4658 1841 4727 abstrahere,

241 4754 297 4801 et
335 4746 475 4803 alias
499 4747 608 4803 alio
650 4748 707 4803 in
736 4748 929 4805 locello
978 4748 1179 4806 locare.
1227 4749 1305 4806 De
1358 4751 1518 4823 cujus
1545 4768 1687 4809 arca:
1716 4752 1844 4808 reli-

245 4837 390 4906 quiis
425 4839 599 4895 multa
647 4839 891 4895 remedia
932 4848 1264 4912 praestantur
1310 4842 1542 4899 infirmis
1596 4842 1842 4914 ejusdem

243 4922 421 4982 Patris
444 4929 675 4998 meritis,
701 4929 863 5001 cujus
886 4931 1221 4986 venerabilia
1243 4946 1369 4988 ossa
1399 4934 1646 4989 ambivit.
1675 4933 1843 4990 Deni-

243 5031 350 5085 que
371 5019 688 5090 quicunque
716 5019 1170 5092 febricitantium,
1198 5023 1315 5079 sive
1343 5024 1699 5095 quotidianis,
1744 5042 1843 5083 seu

246 5116 312 5163 te;
328 5111 514 5181 tianis,
539 5113 624 5169 vel
644 5115 932 5184 quartanis
953 5114 1206 5170 detentus
1225 5112 1390 5171 fuerit
1409 5116 1612 5188 typhis,
1632 5117 1679 5173 si
1699 5133 1840 5189 aqua

248 5213 340 5260 aut
364 5205 494 5261 vino
516 5206 715 5265 laverit
742 5207 983 5278 aliquam
1014 5206 1341 5280 particulam
1368 5208 1641 5281 lignorum
1668 5210 1843 5281 ipsius

249 5309 277 5347 a
309 5310 404 5365 cn,
430 5306 485 5354 et
505 5298 753 5354 eamdem
780 5299 1057 5369 potionem
1091 5298 1195 5355 fide
1231 5300 1533 5372 opitulante
1571 5302 1834 5372 hauserit,

257 5519 266 5529 .
320 5451 434 5529 (_22)_
470 5452 988 5529 G_ui_llelmu§‘abba_s
1027 5456 1249 5527 ponitur
1281 5458 1439 5515 annis
1464 5459 1599 5515 1062
1620 5470 1674 5517 et
1699 5462 1835 5519 1075

257 5521 269 5573 i
294 5540 305 5573 l
336 5521 525 5598 Τμξίοῄ
551 5523 724 5581 Gallia
754 5521 1089 5598 Christiana.
1329 5586 1340 5598 ,

324 5592 723 5669 (ἐωλθτξιηυε
751 5596 935 5669 nullus
962 5605 1045 5669 est
1076 5595 1129 5651 in
1158 5592 1391 5669 vulgatis
1431 5600 1701 5660 indicibus
1743 5605 1833 5659 ab-

257 5659 909 5736 batumFloriaccnsium,
947 5667 1039 5741 qui
1079 5659 1297 5743 quidem
1330 5669 1578 5730 Voranus
1601 5691 1709 5731 non
1741 5677 1831 5733 abv

2020 4474 2150 4531 Car.
2191 4473 2384 4530 XXVI.
2417 4460 2806 4541 —'Quwstura
2852 4473 3269 4528 concionatoria.
3318 4472 3542 4529 Maurus

1950 4577 2194 4625 sanatus.
2235 4567 2391 4626 Unus
2434 4585 2499 4625 ex
2542 4568 2826 4635 fratribus,
2866 4576 3231 4636 cognomento
3266 4567 3544 4625 Galleber-

1951 4670 2060 4729 tus,
2105 4660 2201 4733 qui
2254 4660 2621 4718 caementariis
2670 4660 2850 4717 fuerat
2897 4658 3189 4731 praefectus
3239 4668 3541 4731 praetaxato

1948 4754 2099 4827 operi
2123 4755 2523 4820 insistentibus,
2543 4753 2792 4826 pecuniis
2821 4754 3005 4811 minus
3040 4752 3334 4825 aliquando
3361 4752 3537 4807 abun-

1948 4847 2108 4916 dans,
2134 4846 2246 4904 ibat
2264 4847 2593 4904 eircumiens
2621 4847 2741 4904 loca
2762 4847 3020 4919 plurima,
3044 4855 3099 4904 et
3118 4847 3327 4903 ducens
3350 4860 3539 4901 secum

1946 4937 2381 5005 seminiverbios,
2407 4953 2642 5009 quorum
2661 4938 3031 4995 admonitione
3047 4938 3279 4994 excitata
3293 4936 3538 4993 virorum

1944 5035 2000 5083 et
2037 5029 2327 5084 mulierum
2358 5030 2546 5097 corda,
2589 5030 2774 5087 szeeuli
2805 5030 3037 5102 negotiis
3077 5028 3307 5099 irretita,
3354 5030 3540 5103 aliquo

1945 5121 2227 5194 suffragio,
2253 5118 2358 5179 etsi
2386 5122 2625 5190 modico,
2650 5122 2936 5194 penuriam
2966 5121 3140 5193 ipsius
3165 5121 3535 5199 sublevarent.

1945 5209 2085 5266 Dum
2108 5228 2238 5284 ergo
2260 5213 2690 5286 circumquaque
2710 5214 3062 5280 discurreret,
3094 5212 3396 5270 Vitriacum
3421 5214 3538 5288 (24)

1942 5301 2194 5373 advenit;
2226 5306 2323 5377 qui
2346 5306 2503 5364 locus
2540 5307 2737 5379 regalis
2774 5294 3410 5379 palatii‘bonorificentia
3440 5326 3540 5365 no-

1944 5463 2063 5529 bas,
2094 5464 2191 5520 sed
2219 5474 2398 5522 rector
2441 5480 2535 5521 seu
2568 5474 2813 5535 curatus,
2858 5474 2920 5523 ut
2963 5476 3180 5535 vocant,
3217 5465 3535 5524 Floriaeen—

1943 5534 2086 5591 sium
2110 5535 2285 5593 fuisse
2311 5537 2545 5593 videtur.

1998 5607 2127 5682 (24)
2184 5607 2333 5682 Vitry
2380 5608 2433 5662 in
2490 5608 2624 5665 silva
2671 5608 3078 5679 Aurelianensi,
3136 5609 3225 5666 ubi
3260 5610 3535 5682 prioratus

1939 5675 2189 5736 Fleriaco
2214 5675 2512 5756 subjectus.
