3946 6306
562 267 703 326 1215

1490 267 1799 325 RADULFI
1839 268 2172 327 TORTARII
2208 271 2518 332 MONACHI
2556 273 2876 333 FLORIAC.

3652 288 3740 349 ﬁli

558 386 690 441 stris
729 384 1069 455 temporibus
1095 384 1476 440 decorabatur.
1524 382 1811 455 Ingressus
1847 385 2032 456 itaque
2060 402 2151 444 ec-
2180 394 2224 449 Α
2254 390 2435 446 censis
2474 391 2632 464 hurgi
2654 395 3002 465 consumpsit
3025 392 3255 466 partem.
3287 396 3590 473 IncOgnitum
3613 416 3741 466 autem

556 477 800 535 tlesiam.
828 477 1202 532 exhortatoria
1231 491 1485 533 sermone
1527 477 1788 547 populum
1832 493 2151 534 commone-

554 570 810 636 faciebat,
841 570 966 625 vitae
1001 569 1288 640 praesentis
1325 568 1745 625 mutabilitatem
1779 568 1985 642 fugere,
2025 570 2150 627 vita!

552 661 754 718 futurae
782 661 1134 718 stabilitatem
1166 660 1449 733 ﬂagrantis
1477 660 1645 716 animi
1685 661 1956 718 desiderio
1985 678 2162 734 appe«

552 764 684 809 tere.
713 752 857 811 [oar
902 762 1095 809 cratera
1144 769 1273 809 vero
1320 752 1535 809 blandis
1574 754 2028 833 persuasionibus
2052 770 2151 810 ex-

549 849 763 915 orabat,
791 865 858 903 ex
883 864 992 919 qua
1019 863 1077 903 re
1112 855 1226 902 tota
1256 846 1348 901 illa
1390 847 1704 902 exhortatio
1729 847 1998 919 originem
2038 847 2145 904 du-

552 952 724 1005 xerat,
752 950 1020 1011 quatenus
1067 940 1313 1012 injuncto
1348 940 1449 995 sibi
1483 940 1635 1011 operi
1679 940 1885 1012 aliquid
1913 941 2148 1001 subsidii

550 1028 935 1101 impendendo,
961 1030 1047 1085 vcl
1088 1046 1263 1101 pauca
1293 1030 1628 1102 largircntur
1656 1032 2010 1107 qumismata.
2035 1031 2147 1087 Ad-

548 1132 667 1178 erat
688 1132 872 1179 autem
916 1123 970 1178 in
997 1124 1188 1192 eodem
1226 1124 1430 1195 populo
1473 1125 1715 1182 rusticus
1745 1125 1969 1197 quidam
1999 1124 2146 1181 Mar-

546 1229 667 1280 cus,
693 1212 788 1284 qui
811 1214 1033 1270 sinistra
1056 1214 1368 1271 debilitatus
1393 1232 1560 1272 manu
1591 1217 1801 1272 nullum
1825 1232 1892 1272 ex
1911 1233 1975 1273 ca
2005 1232 2145 1289 opus

546 1314 819 1363 attentare
843 1308 1076 1374 valebat,
1129 1308 1222 1364 sed
1249 1308 1434 1365 nervis
1481 1310 1799 1378 contractis,
1846 1310 2143 1381 digitorum

547 1399 959 1457 summitatibus
990 1400 1168 1457 medio
1190 1402 1384 1471 palmze
1406 1401 1610 1470 inﬁxis,
1634 1403 1939 1476 polliceque
1958 1419 2145 1476 super-

545 1489 1075 1559 astricto,,modum
1118 1492 1358 1563 aliquem
1405 1492 1597 1549 clauso
1640 1511 1824 1567 pugno
1857 1505 2142 1566 percutere

543 1584 778 1639 valentis
822 1594 1202 1654 expresserat;
1254 1592 1309 1639 et
1357 1585 1461 1641 hac
1511 1584 1625 1642 fere
1677 1602 1777 1659 per
1831 1587 2141 1660 quinquen-

543 1674 696 1729 nium
754 1675 1018 1731 multatus
1068 1675 1387 1743 debilitate,
1451 1678 1598 1733 nulla
1653 1678 1991 1734 medicorum
2037 1694 2140 1751 ope

541 1762 786 1834 adjuvari
831 1765 1026 1836 potuit.
1089 1763 1261 1823 Porro
1311 1777 1576 1823 noverant
1622 1768 1770 1825 illius
1820 1770 2137 1826 convicanei

539 1872 665 1911 eum
736 1857 855 1928 ipsa
922 1858 1369 1918 incommoditate
1439 1862 1530 1918 diu
1600 1862 1902 1919 detentum.
1969 1862 2139 1936 Igitur

539 1965 665 2003 cum
710 1950 925 2007 audiret
981 1954 1425 2024 praedicatorem,
1488 1954 1665 2011 Patris
1711 1954 1988 2012 Benedicti
2026 1957 2140 2013 vir—

520 2048 685 2121 tutes
725 2041 868 2098 inter
912 2044 1018 2098 alia
1064 2046 1488 2116 przedicamenta
1526 2047 1725 2118 saepius
1762 2048 2134 2118 extollentem,

540 2133 857 2207 videretque
884 2136 939 2191 in
968 2140 1258 2209 prtesentia
1299 2149 1613 2196 sanctorum
1658 2143 2023 2212 quorumdam
2054 2142 2138 2215 pi-

538 2242 709 2296 gnoza
731 2244 867 2283 auro
896 2229 1130 2299 inclusa,
1163 2248 1286 2304 quae
1315 2233 1380 2288 ad
1407 2233 1750 2289 excitandam
1775 2235 1948 2306 plebis
1971 2237 2137 2293 devo-

538 2317 743 2375 tionem
768 2322 1060 2392 praedictus
1085 2323 1274 2393 frater,
1303 2342 1489 2389 secum
1516 2326 1806 2396 detulerat,
1842 2326 2027 2397 credo,
2059 2329 2136 2385 in-

537 2413 779 2482 spirante
823 2417 1218 2489 omnipotentis
1248 2419 1465 2476 Domini
1514 2422 1710 2493 gratia,
1741 2423 1836 2494 qui
1885 2423 1986 2479 sibi
2031 2424 2135 2482 hac

535 2507 828 2565 occasione
859 2509 1108 2568 misereri
1139 2512 1507 2585 disposuerat,
1533 2530 1833 2572 conversus
1875 2516 1942 2571 ad
1972 2532 2135 2588 supc-

536 2598 654 2666 rjus
681 2611 1048 2658 memoratum
1070 2602 1317 2673 fratrem,
1343 2605 1523 2676 inquit
1547 2625 1560 2661 :
1591 2603 1775 2677 Spero,
1804 2608 1878 2661 mi
1900 2608 2131 2677 domine,

534 2700 594 2762 et.
619 2691 751 2762 fides
780 2692 877 2749 hac
904 2712 1021 2750 mea
1048 2705 1248 2751 certum
1285 2698 1427 2768 apud
1462 2715 1518 2759 se
1564 2700 1773 2767 retinet,
1806 2702 2059 2772 quoniam
2086 2700 2134 2756 si

535 2782 657 2839 istis
682 2785 851 2840 sacris
872 2786 1181 2859 pignoribus
1209 2804 1328 2860 qua’
1355 2790 1413 2843 in
1459 2792 1708 2860 prtesenti
1738 2807 1916 2858 cerno,
1951 2794 2133 2847 manui

538 2889 668 2929 mea:
701 2873 863 2930 debili
897 2877 1147 2932 vexillum
1182 2882 1358 2933 crucis
1405 2881 1642 2937 exterius
1675 2883 1732 2935 in
1765 2883 1994 2943 circuitu
2014 2886 2135 2954 pin-

532 2970 696 3040 gatis,
727 2970 970 3027 invocato
995 2973 1204 3029 nomine
1231 2975 1407 3029 sancti
1436 2974 1589 3046 cujus
1624 2975 1818 3047 famuli
1855 2978 2006 3032 estis.
2029 2977 2133 3033 Be-

534 3060 729 3117 nedicti
750 3060 956 3133 Patris,
998 3063 1157 3136 pulsa
1183 3064 1481 3136 debilitate,
1503 3049 1745 3139 prislina:
1768 3069 2021 3162 reddatur
2047 3087 2133 3125 so-
2161 3103 2204 3162 ε

530 3154 738 3224 spitati.
763 3154 965 3214 Audita
996 3157 1091 3229 qui
1113 3158 1364 3236 aderant,
1387 3159 1507 3231 ejus
1541 3161 1926 3232 postulatione,
1955 3171 2009 3218 et
2036 3163 2133 3219 ad-

535 3246 721 3303 mirati
767 3247 952 3318 fidem,
981 3259 1175 3307 exorat
1200 3259 1255 3307 et
1298 3252 1433 3323 ipse,
1462 3268 1586 3325 quae
1625 3254 1937 3326 postulabat
1988 3254 2127 3311 fieri.

531 3338 723 3399 Frater
751 3357 881 3399 vero
903 3351 958 3399 et
984 3343 1120 3414 ipse,
1147 3343 1250 3401 tldc
1272 3344 1631 3402 nihilominus
1652 3347 1866 3418 plenus,
1888 3347 2132 3405 conlisus

530 3434 600 3493 de
633 3446 949 3495 sanctarum
976 3438 1177 3496 virtute
1208 3441 1567 3513 reliquiarum
1596 3450 1651 3499 et
1689 3442 1901 3500 meritis
1928 3442 2129 3510 Patris,

531 3528 771 3598 acceptis
797 3538 1110 3588 sanctorum
1153 3533 1495 3604 pignoribus,
1536 3551 1759 3591 manum
1811 3536 2041 3593 debilem
2066 3536 2131 3591 il-

529 3616 670 3686 lius,
713 3620 791 3675 uti
826 3630 1147 3694 rogaverat,
1184 3623 1343 3695 signo
1382 3626 1563 3682 crucis
1599 3627 1841 3683 exterius
1882 3627 2127 3683 circum-

529 3710 721 3766 cinxit.
755 3711 887 3780 Qure
941 3713 1232 3771 confestim
1279 3716 1464 3773 nervis
1529 3719 1816 3790 strepitum
1865 3721 2127 3791 grandem
2176 3782 2179 3787 ί

528 3801 791 3863 dantibus
829 3808 1119 3864 sanitatem
1147 3810 1355 3881 recepit
1384 3825 1451 3866 ex
1476 3810 1707 3883 integro,
1738 3813 1924 3885 digitis
1949 3817 2130 3870 omni-

531 3893 636 3951 lius
673 3911 794 3952 sese
837 3897 1195 3970 erigentibus.
1251 3899 1432 3977 prit
1461 3902 1645 3973 itaque
1692 3902 1836 3959 idem
1886 3906 2128 3962 rusticus

529 3985 733 4043 habere
780 3989 1010 4047 liberam
1039 4007 1290 4062 manum,
1334 3994 1431 4066 qui
1460 3994 1551 4050 diu
1582 3994 1851 4052 habuerat
1879 3997 2127 4053 inutilem

526 4079 875 4141 solummodo
932 4099 1197 4157 pugnum.
1256 4084 1457 4142 Videns
1503 4093 1685 4143 autem
1716 4087 1773 4143 in
1823 4103 1883 4145 se
1914 4096 2128 4148 tantum

529 4174 929 4245 omnipotentis
965 4175 1187 4232 Domini
1220 4177 1588 4247 clementiam,
1631 4179 1683 4235 ei
1731 4194 1833 4251 pro
1865 4196 2030 4253 posse
2073 4193 2129 4247 et

525 4264 670 4319 seire
702 4265 974 4322 referebat
1002 4269 1305 4340 gratiarum
1338 4270 1583 4328 actiones
1609 4288 1708 4343 pro
1732 4288 1834 4331 sua
1862 4274 2127 4333 reforma-

448 4386 463 4401 .
526 4351 695 4419 tione,
727 4368 895 4425 agens
925 4355 1087 4411 etiam
1111 4365 1166 4413 et
1208 4355 1359 4414 Patri
1389 4359 1683 4419 Benedicto
1713 4373 1917 4436 grates,
1965 4366 2125 4438 cujus

2253 482 2488 540 habetur
2516 494 2706 541 utrum
2737 488 2979 557 casuale,
3010 505 3081 545 an
3108 489 3364 547 furtivum
3391 493 3516 549 idem
3539 495 3668 554 fuerit
3688 502 3743 557 in-

2252 574 2531 631 cendium.
2558 574 2730 633 Nocte
2777 578 3049 649 siquidem
3081 596 3206 651 qua:
3234 584 3621 641 samtissimum
3643 590 3742 647 diem

2251 664 2599 725 Dominicum
2631 669 2859 727 Pascha:
2897 672 3190 747 subsecuta
3230 683 3334 741 est,
3378 676 3631 735 vehemens
3646 682 3744 753 ignis

2250 775 2418 815 unam
2440 762 2710 834 corripuit
2731 753 3047 833 domorum,
3068 782 3236 837 quea
3261 776 3406 838 parte
3423 774 3743 840 septentrionali

2249 861 2487 923 excepta:
2515 865 2674 911 erant
2701 871 2733 911 a
2780 857 3035 914 clausura
3075 858 3320 930 ejusdem
3348 860 3511 932 burgi.
3535 861 3642 929 Quae
3659 880 3745 923 tum

2248 954 2396 1000 esset
2422 949 2829 1018 receptaculum
2858 950 3049 1017 boum,
3076 951 3312 1007 habebat
3331 951 3435 1009 feni
3455 950 3692 1025 plurimum
3710 972 3746 1016 et

2248 1036 2554 1106 palearum.
2591 1037 2719 1095 Haec
2741 1057 2871 1096 vero
2900 1041 3028 1097 licet
3048 1042 3159 1098 sint
3179 1043 3331 1098 omni
3360 1051 3574 1115 tempore
3592 1046 3746 1103 latissi-

2248 1143 2401 1184 mum
2429 1128 2572 1199 ignis
2598 1131 2883 1202 pabulum,
2908 1148 2974 1189 ea
3013 1143 3198 1192 tamen
3224 1136 3396 1191 multo
3418 1138 3572 1209 magis
3600 1148 3745 1212 tempe-

2247 1227 2406 1288 state,
2442 1221 2573 1292 quia
2593 1224 2836 1281 exclusis
2864 1226 3096 1296 reliquis
3141 1226 3341 1295 ventis,
3372 1229 3513 1285 solus
3535 1233 3679 1301 aquilo
3701 1236 3746 1289 li-

2246 1309 2379 1367 bero
2429 1312 2561 1368 ﬂatu
2601 1314 2792 1372 orbem
2842 1315 3110 1389 perdebat
3156 1317 3440 1375 Gallicum.
3483 1318 3574 1387 Qui
3616 1327 3744 1381 omnia

2245 1417 2401 1460 more
2434 1419 2536 1461 suo
2568 1407 2827 1474 adurens,
2859 1408 3014 1465 arida
3050 1411 3382 1477 reddiderat,
3420 1412 3554 1467 nulla
3589 1416 3745 1484 penitus

2245 1495 2442 1566 pluvia:
2472 1498 2713 1557 stillante
2759 1509 2912 1573 gutta
2947 1517 3044 1574 per
3085 1505 3299 1575 aliquot
3335 1504 3571 1578 temporis
3603 1510 3742 1577 spatia.

2243 1581 2413 1654 Igitur
2439 1583 2734 1656 incipiente
2754 1587 2912 1643 tertia
2941 1589 3120 1647 noctis
3144 1600 3320 1661 parte,
3342 1607 3458 1662 qua:
3475 1593 3743 1651 canticiliem

2241 1683 2492 1744 vocatur,
2544 1679 3016 1751 perstrepentibus
3064 1680 3175 1738 illis
3225 1683 3321 1754 qui
3370 1682 3523 1756 primi
3563 1682 3744 1744 viderant

2240 1766 2424 1840 ignem
2456 1771 2700 1840 accendi,
2723 1773 2922 1845 vulgus
2949 1774 3225 1846 reliquum
3254 1776 3651 1849 expergefactum
3667 1789 3741 1835 ter-

2240 1856 2448 1914 riﬁcam
2481 1859 2631 1917 illam
2660 1860 2851 1919 vocem
2894 1878 3024 1919 cum
3071 1865 3324 1925 horribili
3352 1866 3546 1923 ulutatu
3581 1882 3743 1925 conar-

2238 1949 2406 2018 pabat
2436 1969 2449 2006 :
2483 1951 2565 2008 Ad
2592 1951 2776 2010 focum
2802 1955 3071 2024 videlicet,
3096 1956 3163 2012 ad
3197 1955 3412 2016 focum!
3446 1956 3554 2025 Quo
3577 1961 3743 2031 strepitu

2238 2041 2402 2097 exciti
2432 2040 2654 2113 fratres,
2684 2045 2944 2117 linquunt
2967 2055 3195 2117 stratus,
3220 2049 3494 2106 basilicam
3518 2050 3745 2121 irrumpen-

2238 2140 2341 2188 tcs.
2370 2133 2497 2190 Erat
2524 2146 2707 2193 autem
2751 2140 2942 2195 eadem
2974 2140 3203 2197 basilica
3245 2142 3320 2198 ob
3346 2143 3621 2213 paschalern
3647 2143 3745 2198 cele-

2238 2225 2492 2283 britatem
2542 2228 2930 2288 honestissime
2958 2233 3285 2292 holosericis
3313 2243 3580 2291 venustats
3598 2234 3745 2290 ornati-

2237 2319 2362 2386 bus,
2388 2322 2454 2377 ad
2501 2338 2641 2392 quos
2683 2324 3035 2396 deponendos
3054 2335 3109 2381 et
3148 2325 3206 2381 in
3244 2326 3605 2399 gazophylacio
3639 2341 3744 2398 nepa

2237 2413 2472 2481 nendos,
2509 2416 2772 2485 quoniam
2800 2433 2864 2473 ea
2886 2418 3084 2475 domus
3106 2418 3320 2475 fornice
3358 2419 3555 2491 lapideo
3570 2428 3742 2490 protege-

2238 2502 2419 2573 batur,
2455 2506 2709 2577 juniores
2748 2507 2818 2565 de
2849 2507 3116 2566 fratribus
3150 2510 3402 2566 certatim
3444 2511 3739 2583 accinguntur.

2235 2596 2393 2665 Quod
2403 2598 2669 2655 citissime
2679 2600 2978 2673 peragitur,
3001 2601 3124 2657 aliis
3136 2602 3321 2657 scalas
3341 2600 3741 2673 erigentibusaliis

2235 2708 2335 2763 per
2354 2693 2559 2765 gradus
2574 2709 2766 2749 earum
2783 2695 2850 2750 ad
2873 2694 3090 2767 fastigia
3112 2695 3292 2767 ipsius
3307 2696 3443 2752 aulae
3460 2694 3740 2759 evolantibls,

2235 2793 2289 2841 et
2304 2786 2454 2857 ipsos
2470 2794 2698 2841 ornatus
2725 2786 3145 2859 deponcntibus,
3164 2789 3291 2845 aliis
3314 2804 3410 2845 eos
3435 2787 3487 2844 in
3503 2787 3696 2843 humeris
3707 2794 3742 2841 et

2236 2878 2383 2933 ulnis
2417 2878 2876 2949 suscipientibus,
2906 2888 2963 2937 et
2986 2882 3055 2937 ad
3086 2882 3418 2953 jamdictum
3446 2890 3600 2939 tutum
3617 2882 3739 2935 locu

2234 2968 2631 3027 deferentibus.
2679 2969 2790 3028 Nec
2830 2973 3018 3029 minus
3052 2974 3329 3032 librorum
3361 2973 3739 3048 pernecessaria!I

2237 3060 2449 3131 copiam
2476 3062 2728 3120 amittere
2762 3063 2906 3136 ignis
2938 3064 3199 3123 violentia
3221 3069 3655 3140 pertimescentes,
3678 3081 3739 3121 eo-

2236 3152 2359 3209 dem
2384 3156 2763 3227 congessimus
2794 3172 2919 3213 cum
2955 3166 3414 3219 testamentorum
3439 3170 3489 3218 et
3511 3158 3742 3232 privilegia

2235 3259 2359 3301 rem
2385 3256 2705 3303 nostrorum
2726 3251 2983 3322 congerie
3005 3270 3020 3319 ;
3044 3240 3431 3310 metuebamus
3455 3254 3582 3309 enim
3598 3259 3742 3308 uctur-

2236 3337 2433 3406 ricula,
2459 3339 2513 3393 in
2545 3355 2655 3410 qua
2697 3339 2817 3396 haec
2848 3344 3129 3399 recondita
3162 3354 3348 3412 erant,
3379 3344 3570 3418 ignium
3594 3341 3740 3396 viribus

2232 3428 2617 3497 succumbens,
2661 3430 2717 3485 in
2746 3428 2960 3489 favillas
3010 3432 3375 3506 redigeretur,
3420 3451 3535 3491 cum
3565 3432 3676 3490 foret
3690 3431 3741 3486 ri-

2232 3536 2451 3576 marum
2478 3522 2661 3592 plena,
2701 3524 2974 3595 superiori
3000 3525 3255 3582 incendio
3300 3521 3741 3597 consumpta,qu

2231 3612 2441 3668 domini
2480 3614 2693 3672 abbatis
2734 3615 2981 3672 Gauslini
3005 3618 3121 3691 (25)
3175 3628 3425 3691 tempore
3477 3618 3740 3675 Floriaoense

2230 3705 2541 3762 coenobium
2554 3708 2944 3779 pessumdedit.
2964 3708 3137 3767 Porro
3155 3713 3469 3784 junioribus
3493 3713 3544 3768 in
3570 3711 3639 3767 his
3659 3723 3741 3778 qu

2230 3800 2655 3868 praetaxavimus
2678 3792 3006 3873 occupatis,
3037 3803 3134 3875 qui
3165 3805 3531 3879 religiosiores
3556 3814 3603 3860 et
3631 3811 3741 3858 atate

2229 3894 2601 3963 provectiores
2631 3905 2810 3964 erant,
2853 3893 3030 3955 Patris
3064 3900 3405 3956 sanctissimi
3430 3899 3631 3971 glebam,
3665 3907 3738 3947 Im

2230 3986 2407 4041 solum
2438 3987 2549 4057 his,
2581 3988 2677 4045 sed
2704 3989 2984 4059 omnibus,
3012 3992 3163 4063 gazis
3206 3993 3411 4049 millies
3438 3988 3735 4063 pretiosiorem

2231 4079 2548 4150 supradicto
2575 4082 2965 4155 gazophylacio
2989 4083 3315 4152 intulerunt,
3350 4101 3473 4142 cum
3491 4091 3736 4140 cateromn

2229 4174 2554 4246 pignoribus
2588 4174 2948 4245 sanctorum,
2986 4176 3084 4249 qui
3134 4177 3190 4233 in
3220 4179 3416 4235 eadem
3458 4172 3737 4249 quiescehw

2227 4266 2478 4324 ecclesia.
2512 4266 2747 4335 Quidam
2786 4278 2970 4325 autem
3002 4270 3364 4327 sacratissimi
3389 4267 3617 4341 martyris
3631 4260 3736 4319 llu-

2228 4359 2277 4415 ri
2300 4360 2547 4416 membra
2598 4375 2935 4433 aureamque
2973 4362 3223 4419 dextram
3272 4363 3411 4436 (26),
3440 4362 3492 4418 in
3525 4373 3616 4432 qua
3649 4367 3736 4427 ραις

527 4448 739 4506 meritis
790 4466 912 4510 sese
937 4453 1167 4511 salutem
1198 4463 1556 4513 consecutum
1604 4457 1982 4528 proﬁtebatur.
2016 4459 2128 4519 Nec

2235 4452 2447 4509 Domini
2489 4453 2697 4510 su‘darii
2739 4453 2973 4511 habetur
3012 4454 3246 4524 inclusa,
3273 4461 3597 4512 assumentes
3632 4447 3736 4502 loris

527 4539 713 4598 minus
736 4559 951 4613 omnes,
982 4548 1077 4617 qui
1129 4550 1182 4604 in
1218 4548 1467 4605 eamdem
1522 4549 1810 4606 ecclesiam
1856 4567 2127 4608 convene-
2157 4539 2196 4545 ’⁷
2229 4547 2545 4604 extulerunt
2583 4547 2837 4603 incendio
2879 4557 3235 4621 opponentes.
3289 4548 3397 4605 Sed
3437 4547 3556 4603 dum
3582 4551 3735 4609 W‘

494 4712 500 4721 ι
528 4644 673 4702 rant,
698 4636 1271 4697 diutissimelaudibus
1293 4641 1673 4713 Redemptoris
1697 4644 2129 4717 immorati,qui-

528 4723 632 4783 bus
662 4726 913 4781 valebant
935 4728 1207 4798 laudibus,
1234 4731 1354 4802 ejus
1382 4733 1716 4789 extollebant
1734 4737 2006 4808 magnalia
2029 4731 2125 4809 qui

528 4822 815 4903 in’sanctis
838 4824 953 4881 suis
978 4834 1061 4882 est
1088 4827 1290 4899 ubique
1319 4830 1586 4887 mirabilis
1618 4830 1795 4907 (Psal.
1824 4835 2120 4908 van,56).

597 4916 725 4973 CAP.
764 4917 979 4975 XXVII.
1005 4950 1078 4959 —
1120 4920 1274 4976 Anno
1322 4922 1456 4980 1095
1499 4925 1802 4981 incendium
1852 4925 2119 4985 Floriaci.

490 4996 493 4999 l
526 5010 861 5067 Bibliotheca
906 5024 955 5069 et
984 5014 1187 5071 charta:
1222 5026 1463 5073 servatae.
1509 5019 1711 5076 Christi
1764 5021 2045 5076 sudarium
2070 5031 2121 5077 et

528 5101 653 5156 alia:
679 5100 914 5173 reliquid:
938 5104 1173 5174 ﬂammis
1196 5105 1433 5176 objectw.
1462 5106 1775 5164 Incendium
1804 5125 2116 5180 repressum.

525 5192 686 5247 Anno
730 5192 800 5248 ab
833 5192 1216 5252 Iucarnatione
1247 5195 1467 5251 Domini
1517 5197 1809 5254 millesimo
1862 5214 2121 5271 manage-

526 5284 668 5341 simo
695 5285 909 5357 quinto,
935 5285 1156 5344 ﬂamma
1185 5287 1402 5346 voracis
1427 5287 1568 5360 ignis
1591 5290 1885 5347 maximam
1910 5291 2122 5348 Floria-

602 5464 717 5536 (25)
754 5466 847 5542 Sic
896 5468 1205 5542 legendum,
1248 5479 1344 5526 aut
1387 5469 1661 5538 Gauzjini,
1692 5472 1853 5542 cujus
1905 5473 2122 5530 abbatis

527 5543 775 5614 tempore
803 5538 1118 5614 incendium
1156 5542 1386 5614 contigit
1412 5542 1745 5613 descriptum
1759 5538 1841 5600 'ab
1862 5543 2121 5601 Aimoino

528 5609 901 5682 supi'ainlih.
938 5627 999 5675 ll,
1031 5627 1135 5682 cap
1167 5613 1254 5667 l9.

603 5677 717 5752 (26)
742 5678 882 5737 Hinc
910 5697 1009 5749 pro
1035 5677 1344 5752 insignibus
1386 5682 1751 5741 Floriacensis
1803 5687 2120 5743 monasterii

531 5748 773 5820 pingitur
824 5748 1015 5808 dextra
1079 5748 1229 5835 mea}:
1282 5754 1650 5816 benediccutis
1725 5765 1945 5813 extenta
1995 5774 2118 5813 cum

2229 4654 2393 4711 quam
2426 4639 2572 4712 ignis
2603 4641 2825 4697 odorem
2857 4641 3131 4698 sustinere
3175 4641 3437 4708 valerent,
3467 4636 3592 4693 infra
3609 4627 3736 4687 ambi-

2228 4741 2345 4788 tum
2384 4733 2553 4789 castri
2578 4748 2702 4789 sese
2742 4733 3092 4804 recipientes,
3118 4749 3349 4790 ascenso
3374 4746 3525 4787 muro
3541 4723 3736 4795 impio”-

2228 4826 2359 4883 bant
2387 4825 2607 4882 Domini
2637 4826 2925 4895 auxilium,
2949 4827 3216 4899 oppositis
3237 4824 3575 4883 nihilominus
3595 4819 3735 4872 incen-

2224 4919 2317 4976 dio
2354 4919 2526 4977 sacris
2565 4919 2904 4992 pignoribus.
2936 4920 3305 4978 Joscerandus
3336 4935 3466 4977 vero
3481 4919 3627 4983 beata!
3651 4921 3735 4965 mc‘

2223 5010 2415 5064 moria:
2455 5010 2560 5075 vir,
2614 5009 2710 5081 qui
2740 5026 2807 5065 eo
2858 5019 3103 5083 tempore
3145 5012 3359 5068 abbatis
3409 5009 3514 5082 (27)
3555 5001 3733 5099 obicint“

2224 5100 2367 5172 apud
2413 5100 2728 5157 Floriacum
2770 5110 2992 5157 strenue
3041 5104 3458 5175 exsequebatur,
3502 5099 3733 5162 assumptis

2225 5209 2412 5249 secum
2447 5192 2641 5264 paucis
2693 5184 2961 5250 fratribus
2992 5210 3117 5250 cum
3154 5196 3361 5266 pueris,
3390 5192 3477 5265 qui
3496 5189 3647 5246 adhuc
3662 5178 3733 5237 sub

2223 5285 2476 5341 arctioris
2506 5285 2806 5356 disciplinae
2854 5288 3105 5343 custodia
3139 5287 3478 5353 tenebantur,
3519 5272 3733 5339 domiti]ia

2225 5470 2330 5541 hoc
2373 5467 2553 5541 elogio
2583 5487 2596 5522 :
2636 5467 2896 5525 Demens
2925 5468 3143 5540 Domst,
3175 5480 3237 5528 ut
3265 5468 3466 5528 notavit
3502 5463 3731 5521 Joannes:

2224 5539 2575 5683 Bufgiﬁuic
2622 5626 2729 5683 "On
2781 5612 2955 5669 multo
2988 5623 3113 5683 post
3154 5611 3412 5669 successit
3444 5603 3731 5683 ξὶῳοιιμξιξο

2227 5668 2421 5808 abluit?
2445 5680 2731 5763 'I‘ortarius
2755 5668 3045 5740 scribebat.
3074 5668 3214 5758 Lege
3244 5668 3397 5740 notas
3424 5678 3487 5735 ad
3507 5676 3642 5731 linem
3660 5668 3731 5718 Μ’

2222 5771 2313 5828 jus
2373 5772 2384 5808 ι
2410 5769 2492 5808 )l‘l.
