3946 6306
223 283 364 340 1217

1324 268 1686 328 MIBACULA
1725 263 1975 323 SANCTI
2009 257 2401 318 BENEDICTI.

3374 257 3512 321 fil-8

220 374 474 470 ejusdem
521 389 757 447 coenohii
803 403 975 459 usque
1000 386 1068 443 ad
1111 400 1371 441 auroram
1416 382 1810 442 circumeundo
1845 388 1887 443 Λ
1918 377 2080 433 stitus
2124 372 2468 470 necessaria;
2503 373 2855 470 nequeenim
2902 376 2970 432 de
2996 393 3222 434 suorum
3250 379 3513 439 reforma‘

216 488 449 546 litanias
493 485 707 557 agebat,
755 482 1030 555 protensis
1050 481 1105 536 in
1131 481 1333 537 coelum
1384 479 1660 544 manibus,
1692 492 1816 533 cre-

216 581 380 638 brius
407 578 592 649 Kyrie,
637 576 834 631 eleison
860 575 1185 630 inclamans.
1217 573 1429 629 Interea
1453 572 1597 645 ignis
1619 570 1814 642 paula-

217 674 323 727 tim
354 685 487 726 suas
511 668 566 723 in
589 666 769 737 majus
800 663 1206 738 augmentando
1226 663 1391 730 vires,
1415 660 1657 733 depastis
1686 660 1817 715 aedi-

214 764 348 830 bus,
372 776 513 833 quas
541 776 573 815 a
601 768 755 831 parte
782 757 1171 829 septentrionis
1200 767 1355 811 extra
1383 755 1567 810 villam
1593 752 1814 825 depasci

212 853 408 924 primo
436 858 698 920 coeperat,
741 849 962 904 ﬂatibus
1004 847 1279 919 aquilonis
1318 846 1413 918 qui
1465 846 1817 902 vehementer

211 944 391 999 flabat
447 942 741 1012 impulsus,
801 939 1090 995 ecclesiam
1149 937 1336 994 Sancti
1375 937 1619 1009 Dionysii
1677 936 1847 1008 (28),.

211 1049 345 1107 quae
397 1031 512 1088 fere
543 1032 599 1086 in
649 1031 831 1087 medio
863 1030 1038 1101 ipsius
1060 1029 1205 1086 villae
1249 1029 1353 1085 sita
1383 1038 1520 1095 erat,
1564 1029 1811 1098 corripit.

209 1125 520 1180 Enimvero
541 1122 740 1179 exinde
772 1123 931 1193 quasi
953 1138 1021 1177 ex
1043 1120 1391 1177 eminentiori
1416 1120 1557 1186 loco,
1590 1119 1814 1174 liberio-

209 1218 379 1273 ribus
413 1216 646 1273 saltibns
674 1216 973 1284 admissus,
999 1215 1434 1286 circumquaque
1468 1213 1812 1280 diffunditur,

208 1311 289 1365 ita
318 1319 382 1364 ut
410 1310 576 1364 etiam
609 1309 929 1376 toreularia,
953 1324 1076 1380 qua:
1098 1309 1154 1363 in
1174 1307 1376 1363 vinetis
1398 1315 1617 1363 centum
1643 1305 1816 1363 ferme

206 1403 478 1473 passibus
526 1390 745 1472 longius
792 1403 1041 1469 aberant,
1091 1401 1455 1458 combureret.
1503 1398 1635 1455 Erat
1686 1415 1816 1455 vero

207 1503 412 1549 tantus
447 1493 571 1563 ejus
609 1493 855 1563 crepitus
896 1499 957 1548 ut
992 1507 1183 1549 omnes
1212 1491 1494 1547 audientes
1528 1490 1693 1548 corde
1718 1507 1816 1561 pa-

207 1593 430 1652 verent,
474 1585 567 1639 vix
612 1592 758 1640 stare
807 1583 1070 1652 valentes,
1112 1582 1391 1655 quatiente
1417 1596 1607 1638 eorum
1638 1596 1823 1653 genua

1923 469 2071 523 tione
2093 467 2382 535 luminum,
2414 467 2481 522 de
2507 484 2614 538 qua
2634 467 2746 539 jam
2771 468 3175 539 desperaverat,
3202 473 3509 530 orationem

1920 560 2150 618 fundere
2178 560 2565 632 praesumebat.
2601 559 2710 617 Sed
2735 560 2862 632 pius
2884 560 3064 629 Pater,
3088 564 3182 633 qui
3214 574 3510 636 utrumque

1910 655 2109 727 'largiri
2133 656 2527 726 poterat,quod
2547 656 2731 727 potius
2754 665 2874 711 erat
2902 658 3196 723 eoneessit,
3221 658 3506 727 quoniam,

1920 748 2222 817 luminibus
2254 747 2543 816 restitutis,
2571 746 2789 804 facilius
2811 748 2928 820 ipsa
2959 750 3061 805 sibi
3084 765 3383 820 procurare
3411 767 3509 806 va-

1920 841 2054 897 leret
2078 847 2295 897 cratera.
2332 839 2413 895 Ex
2462 841 2742 911 insperato
2784 840 2951 913 igitur
3002 843 3229 921 repulsa.
3265 844 3509 900 emcitate

1921 932 2090 1003 coepit
2115 932 2303 988 lumen
2330 932 2455 989 caeli
2505 933 2649 989 clare
2679 934 3021 1004 conspicere,
3053 950 3153 991 nec
3176 936 3388 992 modice
3413 953 3510 1008 ga-

1917 1025 2055 1093 visa,
2079 1024 2260 1082 Patris
2292 1026 2624 1082 sanctissimi
2673 1027 2867 1082 merita
2898 1028 3028 1084 totis
3053 1028 3311 1084 efferabat
3335 1030 3508 1085 animi

1917 1119 2229 1190 prmeoniis,
2252 1135 2349 1189 per
2379 1135 2540 1189 quem
2563 1119 2683 1189 ejus
2709 1118 2917 1174 lumina
2945 1130 3264 1192 receperant
3280 1138 3505 1178 munera

1917 1211 2077 1267 lueis.
2117 1209 2410 1266 Referebat
2431 1219 2613 1266 autem
2645 1213 2940 1281 quemdam
2971 1213 3076 1268 sibi
3115 1215 3378 1281 astitisse,
3410 1215 3507 1285 qui

1917 1313 2139 1360 tenuem
2166 1320 2289 1375 qua:
2317 1304 2439 1374 ejus
2480 1304 2720 1374 pupillas
2749 1314 2978 1372 texerat,
3011 1307 3321 1378 pelliculam
3346 1318 3506 1364 acuta

1919 1393 2195 1450 incidebat
2221 1395 2511 1463 novacula,
2536 1411 2644 1466 qua
2669 1395 2857 1468 utique
2882 1395 3079 1466 incisa,
3108 1397 3398 1455 confestim
3424 1400 3508 1455 lu-

1917 1503 2043 1543 men
2076 1487 2391 1559 recipiebat.
2508 1482 2509 1485 “

1988 1579 2119 1636 ΟΜ».
2161 1579 2357 1637 XXIX.
2396 1611 2468 1622 ——-
2506 1580 2881 1637 Dwmoniacus
2930 1582 3208 1638 liberatus.
3270 1582 3507 1651 Quidam

209 1684 462 1731 tremore
487 1676 677 1732 nimio.
706 1675 863 1732 Tunc
886 1676 1124 1747 denique
1148 1689 1340 1731 omnes
1365 1674 1561 1746 ingens
1581 1672 1817 1744 arripuit
1918 1673 2114 1729 mediae
2159 1675 2337 1731 aetatis
2374 1674 2564 1743 homo,
2623 1690 2888 1746 pervasus
2933 1675 3003 1730 ab
3031 1675 3259 1731 humani
3293 1678 3508 1749 generis

210 1771 385 1824 timor
441 1767 670 1834 fratres,
725 1776 1012 1824 cernentes
1063 1767 1333 1824 carbones
1378 1766 1564 1838 ignitis
1625 1764 1819 1822 mistos
1854 1766 2273 1834 Badversario,
2317 1766 2478 1838 inops
2515 1767 2716 1823 mentis
2760 1766 2937 1824 factus
2984 1768 3292 1839 perdiderat
3337 1769 3508 1825 totius

210 1859 480 1917 scintillis
515 1875 683 1930 super
713 1859 1134 1927 monasterium,
1159 1857 1309 1930 quod
1334 1856 1536 1928 stipula
1560 1864 1813 1928 opertum
1914 1858 2170 1914 acumina
2197 1857 2528 1931 sensusqllic
2551 1876 2582 1915 a
2609 1859 2874 1930 proximis
2896 1859 2997 1915 sibi
3026 1860 3293 1933 sanguine
3313 1860 3508 1917 arctis-

208 1960 354 2018 crat,
394 1951 616 2018 cadere,
658 1959 966 2007 metuentes
1003 1965 1073 2007 ne
1102 1951 1205 2007 sub
1233 1964 1345 2005 uno
1375 1958 1652 2006 momento
1680 1966 1817 2007 cun-

214 2055 303 2099 cta
330 2058 531 2100 eorum
561 2043 874 2100 habitacula
909 2058 976 2099 eo
999 2042 1122 2114 igne
1164 2051 1639 2098 consumerentur.
1667 2041 1812 2098 Idem

211 2139 459 2210 denique
491 2140 910 2206 monasterium,
941 2139 1088 2210 quod
1119 2138 1375 2209 superius
1408 2137 1656 2195 innovari
1698 2152 1816 2194 em-

213 2242 371 2302 ptum
404 2232 670 2300 diximus,
696 2232 965 2304 quoniam
999 2231 1181 2288 adhuc
1209 2232 1588 2302 imperfectum
1621 2246 1813 2287 mane-

214 2324 329 2393 bat,
365 2325 570 2396 stipula
620 2327 925 2397 tegebatur.
960 2323 1201 2381 Tandem
1251 2340 1385 2397 ergo
1413 2326 1660 2396 placatus
1685 2325 1812 2379 Sal-

213 2424 397 2481 vator,
434 2426 491 2470 ut
516 2415 811 2483 credimus,
842 2430 957 2473 suae
986 2418 1240 2487 gloriosa:
1261 2416 1495 2472 meritils
1517 2414 1815 2471 Genitricis

220 2502 515 2578 Patrisque
542 2506 846 2573 Benedicti,
879 2522 978 2562 nec
1008 2522 1117 2563 non
1150 2521 1318 2577 supra
1366 2506 1656 2587 memorati
1688 2507 1815 2562 reli-

219 2598 360 2670 giosi
404 2599 509 2656 viri
545 2600 819 2671 precibus,
866 2600 1080 2656 induxit
1128 2597 1362 2656 africum
1411 2600 1811 2665 vehementem,

218 2707 316 2763 qui
346 2709 410 2751 cx
444 2694 669 2765 obliquo
699 2693 857 2759 flans,
883 2693 1193 2764 aquilonem
1218 2709 1251 2748 a
1289 2692 1610 2749 monasterii
1639 2693 1815 2750 ambi-

217 2793 279 2839 tu
303 2795 526 2854 pemtus
547 2785 956 2859 excluderetet
982 2799 1213 2853 vapores
1248 2784 1509 2853 incendii,
1547 2801 1689 2856 quos
1724 2785 1815 2842 ille

221 2894 342 2934 sms
395 2878 704 2949 impellebat
732 2877 990 2945 .llatibus,
1031 2879 1101 2932 ab
1128 2890 1197 2932 eo
1225 2877 1558 2935 omnimodis
1581 2891 1812 2937 arcelet.

220 2968 400 3037 Quam
452 2970 859 3026 miserationem
888 2965 1292 3038 Omnipotentis
1330 2978 1640 3036 cernentes,
1669 2979 1816 3024 retu-

222 3063 389 3119 limus
411 3078 510 3133 pro
537 3078 696 3133 posse
719 3061 839 3133 ejus
867 3060 1148 3117 immensa:
1175 3060 1477 3117 clementia:
1511 3062 1812 3133 gratiarum

1923 1949 2084 2005 simis
2118 1950 2376 2007 astrictus
2409 1951 2565 2020 loris,
2614 1952 2682 2008 ad
2711 1952 3126 2008 celeberrimum
3178 1951 3360 2009 Patris
3417 1954 3510 2009 ad-

1912 2043 2112 2100 ductus
2142 2044 2437 2111 tumulum,
2489 2045 2633 2101 diem
2683 2046 2759 2101 ibi
2791 2047 3056 2119 transegit
3086 2047 3379 2119 integrum,
3410 2048 3509 2103 ad-

1885 2144 2139 2193 ~neetens
2167 2136 2273 2192 diei
2300 2147 2355 2193 et
2385 2146 2599 2193 noctem
2631 2139 2966 2210 contiguam.
2999 2138 3174 2207 Quam
3220 2143 3351 2197 dum
3376 2141 3509 2214 vigil

1918 2235 2315 2296 pernoctasset,
2351 2227 2700 2285 illucescente
2740 2230 3022 2300 sequentis
3050 2230 3156 2286 diei
3182 2231 3508 2301 crepusculo

1915 2319 2124 2374 nullum
2178 2313 2430 2376 sanitatis
2481 2321 2735 2392 expetitae
2796 2321 3058 2377 indicium
3116 2324 3413 2394 apparebat
3450 2324 3508 2379 in

1914 2408 2030 2475 illo,
2057 2418 2347 2481 torquente
2367 2410 2462 2481 qui
2486 2425 2613 2465 eum
2649 2421 2989 2480 pervaserat,
3030 2411 3368 2467 incessanter
3395 2412 3508 2468 da:-

1921 2517 2106 2559 mone.
2149 2503 2393 2576 Denique
2422 2504 2650 2564 terribili
2681 2519 3043 2577 quoscunque
3062 2506 3509 2578 appropinquan-

1914 2601 1996 2651 tes
2026 2595 2130 2651 sibi
2158 2603 2383 2667 aspeetu
2410 2596 2651 2664 intuens,
2676 2596 2723 2652 si
2747 2598 3078 2668 permissum
3105 2597 3320 2666 fuisset,
3340 2598 3508 2653 etiam

1912 2687 2173 2745 dentibus
2228 2705 2381 2746 more
2431 2690 2633 2746 canino
2688 2690 3005 2758 lacerasset,
3061 2690 3363 2758 frendens,
3407 2699 3507 2757 ct,

1914 2791 2184 2852 quantum
2217 2783 2435 2851 licebat,
2486 2784 2750 2855 impetum
2788 2785 2846 2840 in
2891 2801 2988 2843 eos
3029 2784 3256 2841 faciens.
3295 2784 3423 2852 Sed,
3449 2794 3511 2840 ut

1913 2875 2155 2932 diximus
2174 2918 2189 2943 ,
2217 2875 2355 2933 diris
2382 2876 2583 2949 ligatus
2609 2878 2866 2947 vinculis,
2912 2893 3259 2950 nequaquam
3291 2877 3512 2935 sibimet

1914 2967 2001 3022 vel
2059 2968 2223 3023 alicui
2276 2970 2621 3040 appr-opianti
2669 2971 2877 3041 aliquid
2930 2971 3134 3028 inferre
3181 2971 3512 3042 prmvalebat

1917 3058 2123 3115 damni.
2155 3058 2362 3116 Edebat
2382 3076 2514 3117 vero
2550 3077 2647 3118 ore
2676 3078 2845 3119 sonos
2867 3064 3158 3120 horriﬁcos
3185 3078 3239 3120 et
3260 3064 3511 3121 incondi-

223 3131 490 3225 aetiones,
527 3131 620 3227 qui
649 3131 813 3229 nosa
838 3164 950 3210 tam
978 3153 1204 3210 immani
1237 3154 1516 3225 eripuerat
1545 3155 1810 3226 periculo.
1841 3131 1886 3194 (ἶ
1918 3161 2023 3221 tos,
2072 3152 2304 3223 loquens
2329 3153 2494 3209 etiam
2547 3153 2782 3234 nefanda
2829 3163 2885 3210 et
2933 3155 3273 3212 exsecranda
3320 3157 3505 3211 verba.

223 3247 469 3320 Denique
510 3249 684 3304 donec
738 3263 902 3303 omne
947 3247 1081 3303 illud
1142 3247 1457 3304 incendium
1510 3249 1805 3320 sopiretur,

223 3354 334 3396 non
383 3343 618 3398 cessavit
668 3341 810 3397 idem
842 3350 1037 3397 ventus
1086 3340 1221 3399 flare
1248 3342 1649 3398 vehementius.
1683 3341 1814 3399 Per-

224 3431 443 3488 duravit
485 3442 668 3488 autem
708 3432 851 3489 idem
884 3431 1200 3489 incendium
1250 3416 1659 3502 debacchando,
1692 3450 1815 3506 pes-

225 3525 489 3581 sumdans
530 3524 966 3582 Floriacensium
990 3525 1156 3592 uades,
1181 3541 1307 3581 cum
1339 3526 1424 3582 his
1449 3542 1573 3598 quae
1601 3527 1656 3583 in
1680 3527 1814 3598 ipsis

224 3617 425 3687 reperit
462 3617 739 3674 alimentis
771 3626 827 3674 et
864 3618 1112 3675 vestibus
1147 3626 1204 3675 et
1245 3619 1396 3675 varia
1443 3621 1764 3691 supellectili
1795 3642 1825 3688 ,η

225 3707 294 3761 ab
328 3703 468 3764 hora
515 3708 697 3765 noctis
723 3708 881 3766 tertia
912 3723 1089 3780 usque.
1122 3709 1359 3780 primam
1404 3713 1685 3781 sequentis
1705 3712 1815 3768 diei

225 3797 444 3868 horam,
473 3800 771 3857 devastans
797 3801 983 3857 omnia
1004 3818 1036 3857 a
1071 3810 1229 3872 porta
1254 3802 1663 3873 septentrionali
1689 3818 1814 3860 ver:

226 3904 319 3947 sus
344 3894 617 3950 orientem
638 3907 815 3965 usque
837 3893 895 3948 in
917 3902 1132 3963 portam
1157 3895 1481 3962 australem,
1510 3910 1703 3966 paucis
1727 3911 1815 3951 re-

224 3981 417 4042 siduis
443 3984 704 4043 domibus
733 3984 803 4042 ad
852 3984 986 4043 solis
1031 3995 1236 4055 ortum,
1266 4002 1390 4057 qua:
1435 3995 1595 4044 extra
1626 3989 1810 4044 villam

221 4083 396 4131 erant.
1736 4138 1744 4145 ,

291 4167 420 4227 Car.
478 4170 722 4229 XXVIII.
758 4169 1011 4229 -ϐωεα
1052 4172 1231 4227 lumen
1279 4171 1487 4242 recipit.
1548 4170 1811 4239 Quaedam

221 4263 556 4332 paupercula
579 4279 740 4331 anus,
772 4262 843 4319 ab
866 4263 1067 4336 ignotis
1092 4263 1257 4345 nobis
1279 4262 1482 4321 finibus
1503 4263 1812 4335 egrediens,

223 4349 535 4411 Floriacum
563 4353 794 4411 fortuito
829 4370 961 4412 casu
1000 4354 1242 4411 ostiatim
1282 4354 1488 4410 vietum
1509 4353 1813 4425 quaeritan-

221 4442 291 4497 do
319 4448 568 4520 contigit.
604 4445 732 4504 Haec
769 4447 865 4503 diu
891 4448 947 4503 in
981 4446 1223 4504 caecitate
1271 4446 1597 4518 perdurans,
1627 4444 1813 4503 fundi-

1914 3243 2188 3312 Quoniam
2214 3254 2397 3302 autem
2432 3246 2576 3303 idem
2600 3263 3007 3319 energumenus
3037 3265 3137 3321 pro
3175 3250 3354 3305 salute
3384 3265 3506 3317 sua,

1915 3338 2000 3394 sui
2055 3338 2232 3409 ipsius
2274 3340 2475 3410 impos,
2525 3341 2839 3397 nullatenus
2898 3342 3227 3398 meminerat
3255 3359 3506 3409 exorare,

1914 3444 2025 3486 non
2083 3431 2260 3487 solum
2303 3432 2400 3503 qui
2450 3432 2604 3487 illum
2640 3433 3001 3500 adduxerant,
3036 3434 3131 3490 sed
3188 3435 3510 3506 quicunque

1913 3522 2225 3591 ecclesiam,
2258 3523 2314 3579 in
2362 3540 2471 3596 qua
2508 3533 2647 3593 erat,
2701 3525 3002 3593 intrabant,
3025 3542 3126 3597 pro
3154 3541 3223 3582 co
3253 3526 3510 3596 omnipo-

1916 3616 2046 3671 tenti
2072 3615 2325 3686 Domino,
2358 3628 2416 3674 ut
2454 3629 2768 3689 competens
2796 3618 3010 3685 fuerat,
3046 3620 3351 3675 orationem
3382 3618 3511 3673 fnu-

1914 3707 2132 3764 debant.
2160 3708 2282 3776 Quo
2331 3708 2538 3766 factum
2566 3719 2737 3767 estut
2767 3711 3044 3767 mediante
3092 3712 3226 3768 hora
3273 3711 3381 3767 diei
3418 3728 3509 3768 se-

1915 3803 2117 3871 cunda,
2150 3804 2465 3860 terribiliter
2502 3806 2841 3874 exclamans,
2871 3815 3134 3878 tanquam
3160 3808 3340 3864 valido
3380 3823 3509 3879 per-

1915 3910 2117 3952 cussus
2140 3896 2275 3964 ictu,
2313 3896 2370 3953 in
2412 3907 2616 3954 terram
2643 3909 2923 3956 corrueret
2950 3901 3264 3971 resupinus.
3296 3899 3512 3957 Extem-

1914 3989 2007 4061 plo
2038 3990 2223 4060 itaque
2242 3989 2516 4048 daemonio
2539 3975 2809 4063 purgatus.
2824 3993 3074 4069 expulso,
3103 4009 3332 4064 compos
3355 4010 3512 4048 men-

1914 4081 1987 4138 tis
2020 4081 2218 4150 factus,
2243 4084 2673 4155 omnipotentem
2709 4086 3025 4157 magnifieat
3065 4084 3383 4153 Dominum,
3411 4086 3510 4157 qui

1915 4185 1974 4226 se
1991 4187 2023 4226 a
2051 4173 2297 4242 pessimo
2321 4174 2480 4231 hoste
2512 4176 2849 4247 captivatum
2870 4193 2968 4249 per
2993 4177 3374 4253 beatissimum
3397 4175 3509 4234 Pa-

1915 4270 2052 4317 trem
2076 4263 2388 4321 reddiderat
2421 4266 2674 4322 liberum.
2709 4267 3030 4326 Confectum
3075 4270 3271 4327 fratres
3292 4270 3386 4343 qui
3410 4269 3510 4326 ad-

1914 4364 2075 4410 erant
2122 4356 2175 4411 in
2224 4356 2346 4427 ejus
2378 4357 2732 4424 liberatione;
2775 4362 2989 4418 caeteris
3017 4363 3071 4418 in
3099 4364 3340 4434 capitulo
3366 4364 3508 4420 resi-

1914 4449 2192 4518 dentibus,
2233 4451 2490 4507 nuntiare
2536 4464 2900 4523 properarunt
2930 4454 3510 4525 bujusmodimiracu‘

222 4545 311 4593 tus
343 4519 495 4610 spem
546 4540 906 4612 recuperandi
962 4541 1227 4598 amiserat
1265 4540 1441 4597 visus.
1472 4537 1606 4606 Qua:
1640 4554 1809 4595 manu
1843 4519 1890 4580 D
1915 4540 2027 4596 lum
2066 4556 2164 4612 per
2198 4519 2564 4597 venerabilem
2612 4519 2831 4599 Patrem
2875 4519 3175 4615 patratum.
3216 4534 3322 4614 Qui
3377 4562 3509 4602 mox

135 4615 149 4636 ⁸
223 4629 442 4689 sinistra
471 4635 708 4706 puerulo
743 4634 892 4702 data,
939 4633 1043 4690 iter
1080 4633 1360 4705 carpebat,
1391 4633 1615 4690 dextera
1648 4633 1812 4689 bacu-

224 4721 333 4779 lum
355 4730 532 4798 gratia
556 4728 975 4785 sustentationis
1009 4737 1251 4800 gestans.
1277 4726 1529 4799 lngressa
1555 4741 1686 4798 ergo
1714 4725 1810 4781 Dei

224 4813 517 4877 Genitricis
554 4821 760 4889 aulam,
793 4834 936 4890 pone
961 4817 1255 4891 imaginem
1291 4818 1465 4874 nostri
1507 4808 1813 4873 Salvatoris

225 4919 449 4979 argento
474 4913 725 4970 radiante
755 4912 1033 4980 vestitam,
1065 4927 1343 4982 aureaque
1370 4912 1599 4982 pulchre
1632 4911 1812 4967 nitore

225 4998 645 5073 interStinctam,
687 5006 779 5060 ubi
807 5018 874 5060 eo
901 5013 1143 5075 tempore
1167 5003 1473 5059 beatissimi
1506 5001 1686 5058 Patris
1714 5018 1807 5058 vc-

226 5097 465 5154 neranda
494 5098 872 5172 quiescebant
925 5096 1189 5163 membra,
1240 5111 1408 5152 causa
1438 5095 1807 5152 innovationis

226 5183 466 5252 ejusdem
523 5193 662 5248 aulae
691 5191 977 5257 translata,
1024 5189 1241 5244 anicula
1286 5189 1376 5244 illa
1405 5188 1534 5244 dum
1581 5188 1806 5245 ductore

227 5273 479 5339 ductante
499 5284 699 5340 ibidem
727 5283 1037 5349 restitisset,
1076 5296 1289 5337 memor
1313 5281 1547 5351 propria)
1569 5296 1806 5351 pauper-

228 5369 373 5438 tatis,
404 5377 667 5433 exorabat
685 5375 901 5432 Patrem
939 5383 1211 5440 sanctum,
1242 5382 1304 5447 ut
1324 5373 1446 5444 ejus
1470 5373 1802 5444 sulfragare-

230 5464 317 5514 tur
338 5463 556 5538 inopiae,
587 5467 990 5541 suppeditando
1019 5467 1270 5523 videlicet
1306 5467 1410 5522 sibi
1430 5466 1608 5522 victus
1632 5475 1687 5522 et
1722 5483 1806 5523 vc-

301 5596 409 5678 ($8)
441 5602 515 5661 De
545 5604 907 5678 haeccclesia
934 5605 1051 5675 lege
1079 5603 1277 5678 librum
1307 5602 1373 5678 de
1408 5599 1526 5656 Vita
1554 5598 1802 5678 Rotlrerti

229 5672 368 5750 {ei-fis
392 5672 628 5734 auctore
650 5676 913 5750 Hclgaldo
926 5672 1237 5750 monacho,
1261 5675 1355 5745 qui
1381 5688 1501 5750 eam
1533 5673 1714 5750 primo
1739 5672 1807 5750 l_i-

234 5747 441 5813 ϐηθαῐη,
478 5758 530 5804 et
561 5758 687 5820 post
722 5743 1036 5805 incendium
1078 5743 1344 5816 lapideam
1380 5744 1524 5801 fecit.
1563 5743 1804 5799 Ecclesia

1909 4632 2037 4688 inde
2077 4643 2384 4705 surgentes,
2431 4634 2666 4707 ingressi
2700 4636 3002 4691 oratorium
3035 4637 3361 4694 hilarianam
3391 4637 3505 4711 [ju-

1907 4725 2169 4799 cundam]
2199 4726 2582 4797 psalmodiam,
2614 4743 2783 4798 quam
2821 4718 3015 4785 diebus
3050 4729 3262 4786 festivis
3291 4730 3347 4784 in
3380 4746 3507 4786 orn-

1908 4816 2203 4888 nipotentis
2225 4817 2483 4873 laudibus
2506 4817 2726 4874 Domini
2749 4820 3044 4877 decantare
3086 4823 3328 4879 solemus
3371 4838 3509 4878 voce

1906 4910 2151 4979 celsiori,
2208 4911 2463 4969 videlicet
2504 4911 2574 4967 Te
2610 4913 2780 4969 Deum
2824 4915 3131 4984 laudamus,
3166 4923 3283 4972 tota
3305 4916 3511 4971 mentis

1912 5003 2203 5061 devotione
2244 5006 2566 5075 concinnat,
2620 5005 2836 5064 Patrem
2871 5024 3092 5079 quoque
3121 5008 3507 5079 gratulabundi

1913 5096 2329 5169 magniﬁcantes
2368 5096 2744 5154 Benedictum.
2778 5099 2953 5154 Porro
2981 5099 3076 5169 qui
3111 5108 3341 5156 sanatus
3386 5098 3507 5155 fue-

1913 5197 1999 5244 rat
2039 5188 2330 5259 referebat,
2360 5207 2426 5248 ea
2454 5191 2587 5248 hora
2609 5209 2717 5263 qua
2758 5192 3005 5248 da’mone
3026 5191 3213 5263 fugato
3239 5193 3506 5248 liberatus

1912 5292 2016 5351 est,
2042 5299 2100 5339 se
2122 5286 2414 5354 quemdam
2437 5286 2719 5356 conspicui
2753 5286 2934 5342 vultus
2955 5286 3133 5342 virum
3155 5287 3380 5351 vidisse,
3409 5288 3505 5359 qui

1913 5376 2193 5448 ingressus
2215 5394 2310 5448 per
2354 5380 2677 5435 orientalem
2722 5380 2897 5449 ipsius
2937 5380 3180 5438 basilicae
3230 5380 3502 5445 absidem,

1907 5468 2164 5525 baculum
2199 5486 2229 5525 a
2251 5472 2427 5542 capite
2464 5473 2750 5526 incurvum
2800 5488 2967 5528 manu
3000 5488 3217 5544 gerens,
3243 5488 3368 5528 cum
3404 5488 3504 5527 us-

1908 5606 2025 5682 hinc
2048 5623 2154 5664 non
2187 5610 2422 5680 amplius
2450 5618 2649 5679 exstat,
2675 5608 2860 5668 forsan
2891 5628 2920 5667 a
2947 5620 3193 5682 tempore
3238 5607 3503 5681 posterio—

1910 5680 1987 5735 ris
2018 5682 2183 5752 bujus
2213 5678 2470 5737 incendii.
2638 5678 2641 5679 ⁷
2974 5678 2993 5699 ⁸
