3994 6418
497 348 638 406 ηις)

1437 341 1741 401 BADULFl
1781 343 2112 402 TORTARH
2150 341 2463 401 MONACHI
2499 339 2818 400 FLORIAC.

3619 354 3730 411 li£0

494 476 602 534 que
625 460 690 516 ad
723 475 781 514 se
814 467 1189 530 properasset,
1222 472 1389 529 seque
1426 474 1491 514 eo
1519 475 1681 531 quem
1715 461 1962 532 gestabat
1995 462 2093 516 ba-
2123 467 2165 525 Α
2197 458 2383 515 amisit
2412 474 2657 515 sensum.
2686 457 2792 526 Qui
2825 458 2892 513 ad
2939 458 3115 514 instar
3144 457 3598 532 debacchantium,
3624 468 3733 524 loris

492 555 619 611 culo
646 554 700 609 in
741 553 917 623 capite
939 550 1208 620 feriisset;
1241 567 1354 622 quo
1392 551 1500 607 ictu
1534 562 1779 623 accepto,
1816 569 1935 609 sese
1958 569 2090 609 con-

495 647 681 704 festim
725 645 781 701 in
824 655 1025 722 terram
1070 644 1367 711 corruisse,
1405 654 1460 699 et
1503 645 1852 702 sobrietatem
1889 646 2089 702 mentis

494 737 789 809 recepisse.

563 830 693 886 Car.
714 828 886 885 XXX.
919 862 989 871 —
1018 828 1308 901 Operarius
1339 829 1522 901 lapsus
1545 831 1607 901 ﬁt
1638 831 1941 888 incolumis.
1972 831 2086 889 Nu-

492 939 590 995 per
608 923 1417 996 properantibusczementariis
1444 921 1711 978 fornicem
1726 924 1880 979 mira:
1902 925 2058 979 altitu
2076 956 2089 960 -

493 1018 639 1075 dinis
667 1017 722 1072 in
748 1017 937 1071 dextra
984 998 1159 1086 ipsius
1180 1015 1425 1071 ccclesim
1465 1023 1621 1085 parte
1645 1017 1875 1087 erigere,
1900 1018 2090 1073 locaue

494 1119 627 1165 sunt
652 1109 837 1165 trabes
873 1109 929 1163 in
956 1108 1177 1163 sublimi
1217 1108 1486 1179 parietum
1522 1108 1911 1176 stabilimento,
1947 1125 1978 1163 a
2003 1107 2089 1164 fa-

492 1201 611 1256 bris
645 1200 917 1272 lignariis,
963 1199 1030 1254 ad
1072 1200 1408 1256 sustollenda
1455 1200 1599 1271 ligna
1637 1217 1763 1271 qua:
1784 1201 1839 1254 in
1863 1201 2089 1256 malum

492 1291 863 1363 bemispbmrii
915 1290 1277 1358 fabricantur,
1303 1290 1507 1361 quibus
1551 1292 1723 1346 moles
1764 1291 2007 1362 lapidum
2036 1302 2091 1348 et

493 1384 745 1441 caementi
793 1383 953 1439 inniti
1002 1384 1258 1440 habebat.
1308 1382 1452 1456 Ergo
1482 1384 1612 1439 dum
1646 1385 1884 1454 quodam
1929 1400 2089 1440 mane

493 1477 745 1534 trabibus
769 1476 920 1533 tenui
943 1476 1118 1532 imbre
1140 1474 1462 1532 madefactis
1481 1477 1721 1547 operarii
1743 1477 1976 1548 desuper
2005 1477 2089 1533 in-

493 1571 793 1637 cederent,
825 1564 1194 1640 prieparantes
1251 1585 1373 1640 qua;
1424 1569 1903 1640 praecipiebantur,
1946 1587 2088 1627 unus

491 1678 707 1731 eorum,
762 1661 1018 1734 Otgerius
1053 1662 1295 1730 nomine,
1323 1662 1510 1717 minus
1540 1671 1699 1717 caute
1737 1664 2089 1733 superambu-

492 1755 635 1824 lans,
664 1756 793 1811 dum
818 1754 1035 1826 afﬁgere
1057 1754 1284 1827 vestigia
1329 1755 1422 1811 uni
1452 1754 1691 1811 trabium
1719 1754 1932 1810 fortiter
1960 1756 2089 1811 niti-

2194 551 2457 607 astrictus
2488 551 2769 606 tenacibus
2796 550 2886 605 vix
2928 550 3191 607 cohiberi.
3217 559 3443 620 poterat,
3476 568 3540 610 ne
3568 572 3595 611 a
3618 559 3733 616 lecto

2190 646 2504 716 prosiliens,
2540 661 2782 717 prazceps
2824 660 3267 717 quaquaversum
3298 646 3571 703 titubantia
3597 650 3733 707 infer-

2190 745 2273 793 ret
2297 737 2542 809 vestigia.
2570 737 2742 807 Cujus
2770 736 2935 791 amici
2967 744 3022 791 et
3054 736 3450 807 consanguinei
3482 739 3637 795 nimio
3659 751 3734 798 tte-

2189 829 2283 884 dio
2324 829 2521 896 affecti,
2547 829 2676 884 dum
2710 828 2784 883 nil
2815 828 3039 884 medela:
3065 828 3214 899 quod
3241 828 3361 898 ejus
3401 838 3504 885 tam
3530 834 3735 901 pessimo

2190 923 2437 979 obviaret
2480 923 2750 995 lethargo,
2794 922 3155 988 inveniretur,
3182 921 3376 992 dejecti
3415 923 3618 992 animis,
3639 926 3733 996 jam

2189 1016 2258 1072 de
2302 1016 2477 1087 ipsius
2518 1017 2946 1087 desperaverant
2986 1014 3352 1086 reparatione.
3380 1013 3604 1072 Tandem
3639 1036 3737 1089 υτο-

2190 1106 2668 1178 ιιὶιίιίάὶνὶιιίιειθ,
2719 1123 2845 1179 quae
2889 1107 2968 1161 illi
3015 1106 3448 1163 incolumitatem
3491 1110 3736 1167 restituere

2189 1201 2525 1268 decreverat,
2576 1200 2771 1256 incidit
2817 1199 3095 1256 mentibus
3115 1214 3308 1255 eorum
3331 1207 3591 1270 quatenus
3611 1201 3734 1259 illum

2191 1294 2246 1349 in
2268 1294 2559 1350 etelesiam
2585 1295 2957 1366 deportarent,
2986 1300 3042 1349 et
3068 1309 3257 1350 coram
3295 1294 3466 1349 altare
3486 1293 3578 1350 Dei
3601 1295 3736 1353 Geni-

2191 1389 2344 1445 tricis
2389 1390 2652 1456 locarent,
2681 1387 2963 1446 exoraturi
3007 1387 3131 1459 ejus
3177 1385 3465 1471 Patrisque
3498 1386 3739 1445 Benedicti

2191 1477 2520 1535 indefessa'm
2580 1478 2952 1546 clementiam,
2986 1474 3293 1549 ut'tegroto
3326 1477 3444 1533 suis
3485 1478 3741 1537 subvenire

2189 1566 2516 1625 festinarent
2539 1567 2769 1624 meritis.
2804 1567 2961 1636 Quod
2985 1568 3304 1634 imminente
3324 1567 3439 1638 jam
3461 1569 3626 1624 noctis
3644 1585 3740 1624 cre-

2190 1662 2442 1732 pusculo,
2490 1663 2897 1719 constituerunt
2947 1677 3135 1733 agerc;
3192 1662 3577 1717 erubescebant
3618 1663 3738 1718 enim

2189 1769 2314 1809 eum
2343 1755 2556 1810 diurnis
2578 1770 2677 1811 sua
2702 1755 2868 1811 domo
2912 1754 3106 1810 eﬂ'erre
3151 1754 3328 1821 horis,
3358 1763 3570 1825 propter
3594 1755 3740 1826 ipsius

494 1857 602 1914 tnr,
635 1848 771 1919 pede
800 1847 954 1918 lapso
983 1847 1049 1903 de
1075 1847 1165 1902 illa
1192 1848 1515 1904 celsitudine
1547 1864 1644 1919 per
1670 1849 2084 1919 compaginatus
2120 1832 2160 1891 Β
2188 1846 2467 1902 assiduam
2510 1847 3021 1914 debacchationcm,
3048 1861 3118 1902 ne
3154 1846 3380 1903 obtutus
3406 1862 3525 1903 sese
3552 1847 3740 1903 intuen-

494 1939 598 1995 sibi
638 1938 831 2005 fustes,
856 1953 953 2009 per
983 1938 1339 2009 multiplicem
1375 1939 1649 2011 lignorum
1679 1947 1906 2006 struem,
1943 1939 2084 1994 inter

492 2046 717 2087 acervos
767 2029 1008 2101 lapidum
1058 2045 1264 2101 pronus
1314 2031 1382 2086 ad
1428 2042 1629 2086 terram
1668 2032 1896 2086 corruit.
1954 2031 2085 2087 Erat

492 2123 639 2178 enim
668 2139 806 2194 pene
844 2131 1018 2178 totum
1046 2122 1178 2178 illud
1224 2124 1435 2179 telluris
1469 2124 1729 2195 spatium,
1769 2132 1879 2180 tam
1910 2125 2087 2196 ligno-

493 2231 616 2269 rum
663 2230 827 2285 quam
861 2230 1140 2282 saxorum,
1192 2216 1445 2287 congerie
1488 2216 1830 2287 adapertum,
1884 2233 2086 2288 parvus

493 2312 707 2361 tantum
746 2307 970 2362 locellus
1002 2307 1068 2361 az!
1094 2295 1408 2364 mensuram
1445 2308 1699 2363 humana:
1740 2310 2087 2381 proceritatis

493 2408 835 2455 remanserat
885 2401 1147 2456 immunis
1197 2400 1267 2456 ab
1296 2401 1396 2455 eis.
1445 2399 1501 2453 In
1548 2416 1659 2471 quo
1687 2400 2087 2457 admirantibus

442 2502 447 2507 ‘
494 2490 590 2561 qui
618 2489 864 2558 aderant,
900 2507 964 2546 ac
987 2491 1034 2547 si
1064 2490 1132 2546 de
1163 2491 1428 2545 industria
1474 2491 1750 2561 projectus
1771 2492 1971 2548 decidit
1992 2493 2085 2564 ju—

494 2582 650 2638 venis
670 2583 804 2653 ipse.
843 2583 1045 2638 Attrito
1081 2591 1264 2639 tamen
1306 2584 1483 2654 capite
1525 2584 1625 2639 soli
1661 2584 1881 2651 duritie,
1913 2586 2088 2643 oculis

424 2702 431 2711 -
496 2691 635 2746 pene
658 2676 851 2744 crutis,
880 2676 1067 2749 lingua
1093 2676 1163 2732 ab
1181 2691 1277 2732 ore
1304 2684 1579 2747 porrecta,
1604 2676 1862 2748 perfusus
1895 2675 2084 2733 faciem

494 2769 611 2823 tivo
632 2768 1110 2839 eruoris,jacebat
1152 2768 1306 2823 humi
1348 2776 1609 2839 tanquam
1659 2769 1951 2824 exanimis.
1983 2768 2089 2824 Ac-

495 2863 771 2918 currimus
800 2863 985 2918 statim
1008 2861 1304 2918 multitudo
1329 2870 1441 2917 tam
1473 2862 1742 2917 laicorum
1777 2878 1942 2934 quam
1969 2878 2089 2918 mo-

497 2955 823 3021 nachorum,
852 2956 968 3027 qui,
1000 2955 1104 3011 etsi
1126 2970 1316 3011 casum
1343 2971 1451 3010 non
1483 2954 1816 3023 videramus,
1846 2971 2087 3011 amorem

496 3056 679 3102 tamen
726 3056 778 3103 et
807 3048 1014 3103 luctum
1046 3047 1318 3103 artificum
1359 3047 1730 3104 audieramus.
1764 3046 1868 3116 Qui
1895 3064 2086 3105 omnes

495 3157 621 3197 eum
647 3141 851 3214 gemitu
889 3140 1285 3213 etlacrymosis
1322 3140 1552 3196 vocibus
1589 3140 1858 3212 coepimus
1888 3141 2083 3212 implo-

495 3250 619 3289 rare
650 3233 900 3305 glorioszc
931 3231 1026 3289 Dei
1060 3230 1353 3294 Genitricis
1379 3248 1536 3304 opem
1565 3231 1853 3304 Patrisque
1909 3232 2081 3289 Bene-

493 3327 624 3382 dicti
687 3325 988 3398 sufl‘ragia,
1027 3336 1299 3399 quatenus
1348 3325 1703 3381 subvenirent
1748 3326 1970 3392 misero,
2018 3340 2086 3380 ne

493 3409 709 3490 paucae‘
735 3435 858 3490 quae
912 3428 1235 3492 supererant
1285 3420 1482 3475 animat
1545 3419 1793 3490 reliquiae
1832 3419 2083 3490 protinus

484 3506 859 3568 elaberentur.
894 3511 1136 3585 Denique
1185 3512 1620 3569 formidabamus
1654 3527 1746 3580 ne,
1780 3513 1825 3567 si
1857 3513 1945 3567 ille
1973 3528 2085 3583 spt-

495 3605 662 3660 rilum
712 3606 1015 3673 exhalaret,
1070 3605 1522 3662 intermitteretur
1574 3620 1734 3677 opus,
1789 3604 2084 3661 confractis

494 3697 695 3753 animis
726 3698 873 3769 vulgi
895 3698 1084 3765 totius,
1127 3698 1273 3770 quod
1305 3707 1417 3753 tam
1454 3699 1717 3769 pecunias
1748 3713 1912 3768 quam
1956 3713 2083 3753 cor-

494 3801 691 3857 porum
731 3789 877 3845 vires
898 3790 1145 3845 certatim
1179 3790 1330 3861 operi
1358 3790 1687 3862 perficiendo
1717 3790 2080 3861 impendebat.

495 3880 653 3948 Quod
693 3882 955 3953 quoniam
998 3885 1198 3940 mobile
1223 3893 1327 3953 est,
1361 3892 1414 3940 et
1464 3884 1518 3939 in
1542 3900 1930 3956 quamcunque
1956 3901 2085 3953 pars

496 3978 605 4025 tem
638 3973 836 4027 mentis
881 3973 1076 4030 levitas
1120 3974 1417 4046 impulerit.
1456 3990 1609 4031 more
1638 3976 1923 4031 arundinis
1950 3991 2083 4031 aura

496 4071 785 4119 commota:
838 4064 1152 4133 inflectitur,
1203 4065 1456 4122 fortassis
1492 4068 1939 4123 immurmuraret
1981 4066 2085 4122 Pa-

498 4160 633 4209 trem
678 4154 1030 4212 Benedictum
1069 4159 1275 4214 nnllam
1329 4158 1503 4228 ipsius
1539 4158 1643 4214 loci
1686 4158 2083 4229 providentiam

497 4244 720 4314 habere,
751 4262 853 4303 nec
879 4264 1098 4317 curare,
1126 4250 1172 4305 si
1197 4249 1327 4320 quid
1375 4248 1587 4304 adversi
1636 4250 1787 4321 operi
1813 4249 1888 4304 illi
1917 4250 2085 4306 inter-

497 4340 733 4395 cederet.
760 4339 1029 4397 Levantes
1059 4342 1227 4413 igitur
1247 4343 1501 4414 juvenem
1532 4343 1895 4411 debilitatum,
1919 4346 2085 4416 depo-

497 4441 728 4488 suerunt
750 4448 876 4488 eum
901 4443 1027 4489 ante
1065 4435 1241 4505 altare,
1279 4435 1372 4491 Dei
1401 4435 1713 4504 Genitricis,
1744 4438 1889 4507 quod
1916 4453 2084 4509 prope

2188 1938 2326 1992 tium
2356 1935 2671 1993 offenderet.
2714 1934 2936 1992 Positus
2969 1951 3101 2007 ergo
3144 1945 3271 1991 ante
3294 1935 3414 2005 jam
3454 1935 3639 1992 dictam
3661 1938 3739 1996 Dei

2184 2032 2374 2088 Matris
2422 2032 2985 2111 aram,lpernoctavit
3028 2030 3084 2085 in
3119 2031 3311 2087 eodem
3351 2031 3475 2087 loco
3523 2032 3743 2103 ignorans

2184 2125 2405 2196 penitus
2445 2141 2503 2180 se
2536 2125 2736 2180 ibidem
2764 2141 2905 2180 esse.
2930 2125 2999 2180 At
3026 2125 3157 2180 dum
3184 2139 3405 2180 aurora
3423 2124 3646 2182 circulus
3666 2128 3743 2181 ad-

2186 2215 2295 2270 huc
2339 2215 2654 2287 ambiguam
2690 2214 2890 2283 lucem,
2924 2214 3329 2273 rarescentibus
3352 2215 3468 2287 jam
3522 2217 3742 2285 tenebris,

2187 2307 2394 2363 mundo
2416 2306 2660 2376 inferret,
2696 2308 2901 2363 relatus
2930 2309 3000 2364 ab
3021 2309 3217 2365 amicis
3248 2307 3476 2379 proprio
3502 2309 3741 2364 invehitur

2186 2400 2489 2468 domicilio,
2522 2401 2741 2457 nescius
2791 2416 2851 2457 se
2889 2400 3220 2472 productum
3263 2401 3334 2456 ab
3380 2401 3503 2472 ipso
3531 2401 3742 2458 omnino.

2188 2494 2326 2549 Exin
2362 2510 2494 2551 vero
2541 2494 2805 2551 memoria
2856 2495 3119 2566 paulatim
3183 2502 3529 2562 revertente,
3580 2497 3747 2551 mentis

2187 2587 2391 2643 oblivio
2422 2603 2546 2658 qua:
2584 2603 2682 2658 per
2732 2587 2917 2658 plures
2939 2587 3252 2645 obtinuerat
3280 2586 3449 2653 soles,
3480 2585 3646 2657 ipsum
3671 2588 3746 2642 de-

2189 2681 2381 2747 seruit,
2415 2689 2578 2751 atqne
2610 2679 2750 2736 infra
2780 2680 3079 2746 modicum,
3111 2678 3348 2751 perfecte
3392 2680 3588 2751 recepit
3612 2695 3746 2751 quem

2188 2773 2449 2830 amiserat
2485 2774 2841 2841 intellectum,
2885 2773 3404 2845 congratulantibus
3447 2773 3549 2829 sibi
3581 2775 3747 2829 vicinis

2188 2876 2242 2922 et
2270 2866 2539 2939 cognatis,
2579 2876 2743 2938 atque
2784 2866 2852 2922 de
2881 2866 3002 2937 ejus
3037 2866 3300 2937 sospitate
3349 2866 3746 2937 omnipotentem

2189 2956 2481 3013 Deminum
2519 2957 2978 3013 collaudantibus.
3551 2964 3560 2972 ‘

2259 3049 2388 3105 Car.
2418 3048 2636 3103 XXXII.
2668 3081 2738 3089 —-
2770 3048 3161 3103 Translationis
3185 3048 3383 3120 festum
3406 3048 3602 3103 violam
3618 3049 3747 3120 puni-

2191 3149 2298 3196 tur.
2348 3138 2519 3195 Facto
2557 3149 2672 3194 voto
2702 3139 2889 3194 melius
2919 3157 2974 3194 se
3006 3140 3181 3194 habet.
3226 3138 3602 3196 Bosonis-villa
3625 3156 3748 3210 qn:e~

2188 3233 2311 3289 dam
2345 3234 2519 3289 sancti
2542 3232 2724 3288 Patris
2752 3234 2926 3289 nostri
2953 3233 3155 3289 dicitur
3180 3233 3486 3305 possessio,
3510 3234 3650 3303 juxta
3674 3250 3747 3288 (a-

2188 3333 2362 3380 strmn
2386 3325 2534 3395 quod
2567 3324 2810 3380 Petveris
2835 3324 3172 3397 {Pitltit-iers,
3206 3325 3262 3378 in
3300 3323 3507 3396 Belsia]
3534 3334 3745 3388 vocatur,

2186 3412 2399 3483 sita,‘in
2426 3432 2533 3488 qua
2564 3417 2679 3471 hate
2720 3416 2822 3496 tria
2868 3432 2992 3488 qua:
3024 3416 3449 3472 subnotavimus
3497 3417 3639 3489 signa
3670 3432 3748 3486 per

2186 3510 2415 3580 gratiam
2440 3525 2605 3579 quam
2630 3526 2659 3565 a
2699 3508 2932 3564 Domino
2954 3510 3094 3564 idem
3120 3507 3283 3567 Pater
3309 3511 3625 3580 promeruit,
3642 3521 3745 3565 sunt

2146 3616 2151 3619 '
2185 3611 2418 3673 patrata.
2444 3602 2630 3659 Mense
2654 3602 2800 3658 Julio
2829 3602 3117 3659 translatio
3140 3603 3388 3673 ejusdem
3424 3604 3637 3676 gloriosi
3662 3602 3746 3656 Pa-

2188 3696 2286 3751 tris
2320 3712 2429 3752 non
2462 3696 2625 3751 modo
2660 3698 2803 3767 apud
2838 3696 3043 3763 Gallos,
3091 3697 3185 3752 sed
3228 3697 3395 3752 etiam
3442 3699 3579 3769 apud
3619 3712 3749 3753 eoin-

2186 3788 2371 3859 plures
2396 3788 2646 3844 nationes
2683 3789 2970 3844 celebriter
3019 3789 3299 3845 recolitur.
3347 3789 3652 3846 Morabatur
3672 3805 3753 3845 auo

2187 3886 2293 3934 tem
2317 3878 2371 3932 in
2395 3878 2710 3949 supradicta
2745 3880 3094 3949 possessione
3130 3880 3385 3951 quaedam
3422 3883 3613 3952 puella,
3645 3899 3748 3951 qtue

2184 3972 2444 4043 quoniam
2473 3972 2541 4027 de
2562 3970 2741 4027 Patris
2782 3972 2958 4044 ipsius
2986 3971 3194 4029 familia
3230 3976 3505 4047 originem
3534 3993 3634 4032 non
3658 3986 3749 4030 tta-

2186 4065 2370 4133 bebat,
2399 4066 2621 4136 impune
2671 4073 2872 4136 putans
2910 4082 2970 4122 se
3000 4074 3205 4123 tantam
3262 4069 3653 4125 solemnitatem
3691 4086 3750 4123 te.

2186 4173 2399 4212 merarc
2442 4173 2625 4228 posse,
2656 4158 2890 4229 sumpsit
2929 4159 3109 4214 colum
3145 4176 3271 4215 cum
3318 4159 3467 4228 fuso,
3506 4162 3750 4232 cepitque

2186 4263 2281 4319 per
2307 4247 2553 4304 eamdem
2581 4249 2741 4320 quasi
2768 4249 3170 4306 deambulando
3201 4251 3385 4307 villam
3414 4268 3550 4308 rens
3564 4253 3700 4307 discu
3727 4280 3749 4291 -

2187 4356 2326 4396 rere.
2361 4339 2664 4397 Cernentes
2696 4341 2761 4415 id.
2793 4342 3055 4398 mulieres
3096 4343 3238 4410 aliae,
3272 4360 3397 4415 qua:
3421 4344 3597 4400 Patris
3620 4350 3750 4399 ciant

2186 4433 2440 4501 familiae,
2489 4435 2791 4505 arguebant
2840 4435 3038 4505 ipsam,
3088 4437 3348 4506 quoniam
3393 4454 3518 4493 cum
3561 4438 3610 4490 in
3644 4450 3750 4489 rure

496 4534 634 4592 erat,
674 4535 1054 4597 exspectantes
1108 4537 1218 4583 tam
1275 4529 1650 4599 ipsiusqnnm
1692 4527 1869 4583 Patris
1910 4531 2083 4586 nostri
2118 4549 2161 4604 ι)
2187 4525 2362 4596 ipsius
2414 4535 2869 4593 commoraretur.
2903 4524 3102 4582 festum
3149 4528 3270 4599 eius
3297 4538 3409 4585 tam
3445 4530 3668 4601 prtecipu
3704 4541 3748 4581 ιη

498 4617 785 4673 auxilium.
811 4618 923 4676 Nec
948 4618 1175 4687 frustra,
1208 4637 1399 4691 nempe
1427 4630 1549 4692 post
1577 4623 1855 4694 aliquanta
1879 4632 2088 4694 tempo-

496 4710 576 4766 ris
642 4720 941 4779 momenta,
982 4713 1076 4783 qui
1130 4714 1425 4784 putabatur
1461 4731 1585 4770 mox
1626 4717 1954 4784 moriturus,
1995 4733 2087 4772 re-

498 4812 717 4875 sumpto
743 4804 964 4875 spiritu,
1017 4806 1193 4861 oculis
1228 4805 1535 4877 patefactis,
1559 4809 1724 4879 cmpit
1750 4810 1953 4880 alloqui
1978 4810 2089 4865 cir-

497 4904 857 4965 cumstantes,
911 4907 965 4953 et
1009 4899 1077 4954 de
1106 4913 1204 4954 sua
1249 4900 1562 4971 integritate
1613 4909 1795 4957 certos
1837 4902 2083 4970 reddere,

496 4991 843 5061 stupentibus
870 4992 978 5048 illis
1019 5001 1074 5047 et
1109 4991 1400 5047 Dominum
1452 4993 1907 5064 glorificantibus.
1946 4993 2086 5051 Hinc

494 5082 707 5140 delatus
729 5085 798 5140 ad
824 5086 1101 5156 propriam
1127 5086 1374 5153 domum,
1403 5102 1513 5141 non
1559 5096 1683 5157 post
1718 5088 1922 5143 multos
1943 5089 2082 5155 dies,

494 5176 721 5248 integrae
745 5177 993 5234 redditus
1014 5186 1099 5233 est
1122 5178 1395 5249 sospitati.
1429 5177 1532 5245 Qui
1556 5180 1922 5253 interrogatus
1952 5180 2085 5251 quid

494 5269 600 5323 sibi
626 5268 925 5337 videretur,
948 5287 1074 5327 cum
1100 5270 1168 5326 de
1194 5279 1344 5326 tanta
1381 5271 1667 5327 altitudine
1714 5273 2085 5344 praecipitatus

398 5406 413 5415 ,
494 5371 801 5430 corrueret,
818 5365 1099 5435 respondit
1123 5381 1182 5420 se
1200 5365 1280 5420 sic
1300 5375 1586 5437 exceptum
1610 5366 1801 5421 tellure
1824 5374 2081 5436 tanquam

495 5468 661 5524 super
704 5457 921 5512 multas’
941 5458 1201 5514 ceciderit
1248 5458 1527 5524 culcitras,
1556 5474 1656 5513 nec
1708 5459 1811 5514 soli
1842 5458 2086 5514 solidita-

496 5551 604 5599 tem
633 5546 979 5618 aliquatenus
1005 5550 1263 5606 sensisse.

564 5636 697 5695 (ΞΜ).
724 5638 917 5695 XXXI.
948 5672 1020 5682 —
1046 5640 1237 5696 Mentis
1274 5642 1442 5712 impos
1474 5642 1811 5697 convalescit.
1849 5640 2082 5713 Stepha-

499 5744 605 5785 nus
644 5731 808 5787 etiam
840 5748 985 5789 unus
1006 5734 1101 5789 'de
1144 5733 1373 5801 familia,
1403 5734 1675 5804 equestris
1720 5734 1931 5789 ordinis
1975 5734 2080 5795 vir,

500 5820 661 5893 longa
708 5825 1029 5896 :egritudine
1062 5834 1393 5892 maceratus,
1427 5828 1491 5881 ad
1538 5827 1786 5882 ultimum
1836 5827 2080 5883 funditus

2188 4620 2391 4676 violare
2437 4629 2810 4690 pratsumeret.
2870 4619 2963 4675 llla
3000 4623 3399 4679 stomachando
3429 4625 3607 4679 intulit
3635 4622 3705 4678 eis
3737 4640 3749 4674 :

2200 4711 2301 4766 Vos
2324 4729 2442 4783 qua:
2483 4711 2631 4767 imus
2666 4714 2795 4767 estis
2841 4713 3076 4782 ancillas,
3103 4725 3266 4770 estote
3311 4717 3543 4787 feriam,
3568 4725 3613 4770 et
3644 4716 3753 4768 cele-

2190 4804 2437 4858 britatem
2478 4804 2614 4858 lianc
2654 4804 2890 4859 studiose
2932 4806 3190 4872 exralite;
3244 4824 3324 4861 me
3365 4825 3486 4862 vero
3529 4807 3751 4878 quonitm

2187 4898 2291 4967 ipsi
2313 4898 2368 4951 in
2392 4895 2539 4951 nullo
2567 4913 2682 4951 sum
2708 4896 2957 4965 obnoxia,
2986 4914 3137 4969 opere
3166 4916 3419 4954 manuum
3442 4916 3666 4954 meantm
3690 4897 3751 4949 ιε-

2187 4991 2296 5044 m’tc
2340 4988 2543 5043 lucrari
2571 4988 2746 5043 cibum
2774 5006 2927 5061 quem
2966 4990 3123 5045 hodie
3147 5008 3264 5045 sum
3311 5008 3625 5046 comessura.
3653 4988 3750 5043 Hoc

2186 5082 2314 5137 dato
2334 5096 2622 5152 responso,
2659 5097 2785 5137 cum
2815 5081 3011 5152 majori
3047 5083 3352 5153 pervicacia
3375 5092 3610 5154 emptum
3631 5094 3749 5152 opus

2186 5174 2397 5247 agebat.
2432 5173 2673 5244 Repente
2700 5174 2883 5245 itaque
2919 5175 3473 5231 invisibiliterdivlna
3502 5191 3618 5230 eam
3642 5190 3751 5244 pro-

2186 5277 2447 5340 sequente
2486 5268 2713 5334 ultione,
2760 5283 3020 5338 percussa
3058 5268 3113 5322 in
3152 5269 3451 5335 maxillam,
3486 5274 3746 5323 cruentum

2187 5361 2394 5432 accepit
2426 5360 2593 5415 ictum
2622 5367 2714 5416 :et
2744 5359 3044 5430 profluente
3075 5361 3141 5415 de
3167 5361 3423 5416 dentibus
3454 5361 3602 5430 largo
3634 5372 3745 5411 cru-

2188 5469 2305 5521 ore,
2334 5462 2445 5509 tam
2486 5453 2677 5508 dolore
2716 5453 3090 5523 percnssionis
3122 5469 3288 5525 quam
3332 5451 3619 5508 formidine
3648 5465 3749 5519 per-

2186 5548 2430 5604 cussoris
2450 5547 2733 5613 exterrita,
2758 5545 2827 5602 ad
2849 5546 3139 5601 ecclesiam
3168 5547 3317 5602 illius
3345 5546 3485 5602 villa
3507 5540 3743 5615 profugit.

2185 5641 2386 5698 Factus
2412 5652 2496 5696 est
2524 5649 2707 5695 autem
2730 5654 2839 5694 non
2869 5655 3072 5710 parvus
3100 5646 3401 5694 conventus
3435 5636 3744 5692 rusticorum

2184 5734 2238 5789 in
2269 5733 2460 5788 eadem
2496 5732 2750 5798 ecclesia,
2777 5730 2870 5801 qui
2892 5730 3055 5787 exciti
3077 5730 3411 5785 clamoribus
3435 5722 3744 5783 mulierculae

2182 5836 2235 5881 et
2265 5825 2425 5882 famae
2469 5834 2630 5881 tanta:
2668 5825 2889 5882 virtutis
2932 5824 3062 5879 illuc
3094 5823 3503 5895 confluxerant.
3538 5817 3639 5886 Qui
3665 5830 3744 5868 sa-
