3994 6424
202 343 333 400 1121

1317 323 1672 383 ΜΙΒΑΟΙΠΑ
1711 316 1958 377 SANCTI
2000 313 2390 371 BENEDICTI.

3351 316 3374 372 1
3386 317 3487 372 29.2

3387 355 3487 373 dull"

208 459 364 515 mch
399 454 702 513 consuium
732 451 907 509 cidem
957 454 1333 521 suggerentes,
1360 442 1559 499 hortati
1586 447 1714 496 sunt
1738 445 1799 493 ut
1831 443 1874 496 Α
1904 430 2240 487 mulierculae
2275 444 2441 483 manu
2471 438 2805 497 excusserat,
2841 442 2966 486 mox
3008 430 3249 488 arefacta
3283 443 3386 500 est,
3414 437 3488 492 ita

219 563 339 605 sese
381 545 620 601 traderet
644 543 701 597 in
723 541 978 597 ancillam
1007 549 1198 596 sancto
1228 536 1399 601 Patri,
1434 542 1488 590 et
1510 530 1802 603 sponderet

218 640 283 695 de
315 647 536 703 caetero,
571 649 764 690 omnes
783 632 1123 689 celebritates
1162 629 1355 701 ipsius,
1405 637 1466 682 ut
1499 624 1802 684 condecens

219 744 383 797 esset,
430 745 493 785 se
526 726 908 795 venerabiliter
953 725 1385 779 observaturam.
1439 719 1571 787 Qua:
1624 719 1804 791 dignae

219 821 560 894 suggestioni
604 820 871 885 credens,
921 813 1317 886 obtemperavit
1361 812 1511 883 justo
1554 812 1799 883 ipsorum

217 914 452 973 consilio
488 933 501 969 :
541 923 595 969 et
624 911 910 977 confestim
937 919 1048 975 tam
1077 925 1109 964 a
1143 908 1331 964 dolore
1355 907 1600 963 dentium
1636 920 1802 977 quam

217 1024 249 1063 a
280 1007 575 1063 formidine
602 1005 832 1059 liberata
861 1010 964 1059 est.

284 1094 951 1155 er.XXXllI.—Simile.
962 1085 1347 1149 Tumulationis
1360 1093 1571 1164 festum.
1586 1091 1643 1147 ln
1658 1091 1800 1147 idem

215 1202 313 1241 rus
327 1186 623 1240 advenerat
649 1180 1305 1250 alteramuliercula,fqua:
1334 1177 1575 1233 textricis
1604 1169 1799 1248 funge-

215 1279 377 1334 batur
406 1276 605 1331 otlieio.
635 1274 761 1331 Haec
774 1274 1020 1329 mercede
1044 1272 1313 1328 conducta
1337 1288 1367 1326 a
1394 1271 1630 1341 quodam
1658 1271 1797 1337 viro,

215 1370 440 1425 nomine
482 1367 737 1436 Rodulfo,
767 1377 924 1441 gente
962 1366 1246 1433 Britanno,
1289 1364 1524 1419 trahebat
1548 1379 1803 1434 coepera-

216 1462 406 1516 tricem
437 1476 562 1531 quae
585 1460 831 1530 ejusdem
861 1466 979 1514 erat
1015 1455 1327 1522 ministerii,
1366 1458 1459 1512 sed
1484 1456 1600 1511 hmc
1620 1471 1684 1511 ex
1715 1454 1798 1510 fa—

215 1554 367 1609 milia
402 1552 585 1608 Patris
612 1551 887 1607 Benedicti
918 1550 1199 1623 progenita
1231 1548 1428 1616 fuerat,
1474 1548 1638 1604 altera
1670 1563 1799 1605 vero

217 1628 465 1700 minimc.
496 1643 793 1699 Britannus
835 1652 1016 1699 autem
1050 1643 1168 1713 ipse
1191 1642 1417 1697 liberam
1448 1651 1686 1697 traxerat
1715 1657 1801 1713 ge-

136 1746 140 1750 '
214 1728 476 1791 nituram.
510 1734 614 1803 Qui
638 1736 705 1792 de
752 1752 852 1791 sua
878 1735 1172 1791 adveniens
1220 1734 1459 1805 regione,
1493 1733 1666 1804 ipsius
1691 1732 1797 1788 Pa-

212 1829 310 1884 tris
353 1844 452 1884 rus
482 1829 774 1896 incolebat,
812 1829 1018 1885 habens
1067 1828 1457 1884 habitationem
1510 1826 1563 1881 iu
1608 1827 1798 1882 eodem

209 1937 370 1989 rure;
414 1930 647 1992 eratque
670 1922 842 1978 durus
872 1922 1131 1993 agricola,
1157 1923 1251 1994 cui
1281 1924 1442 1977 etiam
1474 1922 1617 1977 vires
1644 1920 1798 1976 lahoé

210 2014 257 2069 ri
292 2012 980 2070 tolerando'sulIiciehant.
1025 2014 1083 2069 lu
1124 2014 1303 2072 Patris
1347 2016 1512 2088 igitur
1562 2013 1800 2069 tumula-

207 2107 373 2173 tionc,
408 2122 541 2177 quae
562 2107 615 2161 in
643 2108 838 2163 diebus
861 2106 1130 2164 Dominici
1164 2108 1444 2165 Adventus
1477 2126 1574 2182 per
1602 2123 1827 2165 omnes.

109 2211 111 2213 ‘
206 2198 411 2254 Gallias
438 2199 731 2254 annuatim
779 2216 904 2255 cum
936 2202 1253 2279 reverentia
1281 2203 1567 2273 excolitur,
1597 2205 1796 2261 mulier

204 2305 325 2359 qua:
349 2291 597 2348 carnalis
636 2291 900 2348 libertatis
921 2293 1210 2363 supercilio
1239 2297 1501 2363 tumebat,
1533 2298 1709 2368 inquit
1745 2299 1794 2355 ei

203 2400 324 2453 quae
346 2398 413 2439 ex
439 2382 762 2441 famulabus
786 2370 962 2440 Patris
987 2401 1046 2440 se
1069 2402 1286 2458 quoque
1311 2404 1433 2444 esse
1463 2390 1789 2460 plaudebat:

213 2475 361 2545 Veni,
406 2479 491 2532 mi
524 2477 708 2545 chara,
759 2494 1092 2549 properemus
1126 2480 1374 2549 perﬁcere
1412 2483 1551 2553 quod
1591 2485 1794 2554 pariter

203 2571 453 2641 coepimus
511 2587 660 2640 opus.
720 2568 1086 2659 Susceperam
1125 2572 1272 2626 enim
1330 2581 1508 2629 texere
1561 2575 1791 2644 lineam,

203 2680 321 2734 qua:
346 2662 531 2732 ipsius
557 2662 796 2718 Britouis
824 2673 942 2719 erat
981 2664 1162 2719 telam.
1195 2664 1297 2719 Cui
1331 2665 1423 2721 illa
1473 2668 1749 2738 respondit
1776 2685 1789 2721 :

224 2755 375 2808 Absit
404 2773 436 2808 a
474 2772 574 2822 me,
598 2756 671 2810 mi
716 2772 887 2824 soror,
913 2764 969 2809 ut
1007 2772 1095 2827 ego
1137 2755 1292 2811 hodie
1319 2757 1547 2829 aliquem
1588 2776 1793 2831 prteru-

203 2862 343 2899 utaut
371 2861 620 2900 exercere
665 2835 919 2913 laborem,
943 2855 993 2901 et
1012 2847 1217 2901 domini
1252 2849 1351 2903 mei
1379 2850 1530 2920 cujus
1556 2867 1674 2905 sum
1702 2869 1796 2906 ακ-

205 2936 353 3005 cilla,
381 2946 502 2992 tum
544 2937 825 3000 solemnem
848 2937 1103 2995 temera‘re
1124 2939 1500 2996 celebritatem.
1532 2942 1603 2997 At
1640 2944 1729 2999 illa
1764 2960 1795 3001 e

205 3036 396 3084 contra
433 3049 450 3085 :
495 3027 593 3097 Tu,
619 3030 667 3085 si
693 3030 789 3083 tibi
820 3040 992 3100 vacat,
1033 3032 1228 3101 feriata
1250 3042 1385 3100 esto,
1416 3050 1508 3105 ego
1529 3036 1669 3088 enim
1692 3052 1794 3106 quo

208 3122 358 3192 fruar
378 3123 526 3189 cibo,
548 3121 703 3177 hodie
724 3121 1035 3176 laboratura
1061 3141 1179 3177 sunt
1202 3139 1220 3176 :
1261 3133 1317 3178 tu
1344 3142 1463 3180 vero
1484 3126 1685 3181 domini
1717 3127 1795 3181 tui

1904 534 1983 591 ut,
2020 523 2230 579 inutilis
2272 523 2503 591 reddita,
2556 522 2763 577 nullum
2802 540 2942 595 opus
2989 526 3202 583 efficere
3258 530 3485 588 valeret.

1902 610 2040 672 Cum
2068 617 2184 687 ipsa
2211 631 2430 688 quoque
2459 617 2711 673 ariditate
2735 618 2880 674 aliud
2916 619 3190 678 iuusitatze
3212 626 3488 694 passionis

1902 696 2290 765 detrimentum
2320 710 2577 777 accrevit,
2610 710 2879 781 siquidem
2905 721 3162 785 tanquam
3190 727 3376 774 reatus
3399 721 3488 778 sui

1903 803 2142 874 quodam
2196 811 2519 875 argueretur
2566 803 2778 871 timore,
2834 807 3063 862 tremula
3122 813 3487 869 concussione

1903 895 2126 966 agitata,
2164 910 2275 949 uno
2318 891 2371 949 in
2414 895 2559 961 loco,
2595 895 2806 951 etiamsi
2831 896 3061 976 vinculis
3089 904 3488 976 constringere-

1902 996 2011 1053 tur,
2040 989 2160 1060 cogi
2193 1002 2297 1042 non
2322 994 2552 1058 poterat,
2582 985 2675 1041 sed
2708 988 3010 1053 mobilitate
3038 974 3315 1067 inexperta
3348 974 3483 1052 abs-

1902 1096 2009 1151 que
2031 1081 2137 1135 ulla
2160 1081 2341 1152 quiete
2370 1079 2694 1135 dissiliebat.
2718 1077 2986 1135 Paulatim
3020 1082 3183 1137 etiam
3218 1101 3487 1158 augmen-

1904 1181 2012 1227 tata
2039 1172 2090 1227 vi
2125 1168 2487 1244 mgritudiuis,
2522 1172 2764 1227 rus:icus
2802 1171 2891 1227 ille
2920 1188 3216 1242 percussus
3245 1176 3362 1233 dira
3390 1193 3489 1250 pa-

1902 1269 2089 1341 ralysi,
2128 1267 2418 1324 medietate
2452 1267 2538 1323 sui
2567 1267 2864 1324 destitutus
2909 1276 2993 1324 est
3023 1271 3293 1340 corporis,
3324 1274 3397 1328 ita
3425 1282 3489 1332 ut

1902 1360 1970 1415 ad
1997 1376 2159 1416 omne
2184 1359 2476 1416 artiﬁcium
2518 1360 2821 1415 efficeretur
2846 1361 3074 1418 inutilis.
3103 1362 3269 1419 Miser
3305 1373 3486 1423 tamen

1900 1453 2044 1509 idem
2098 1460 2247 1507 tanta
2293 1447 2472 1507 fuerat
2503 1460 2696 1521 captus
2720 1451 2991 1508 dementia
3027 1462 3082 1510 et
3117 1456 3486 1513 obstinatione

1900 1543 2069 1599 animi
2099 1543 2387 1599 induratus
2415 1553 2473 1597 ut
2500 1558 2844 1615 nequaquam
2879 1546 3126 1602 confiteri
3171 1550 3488 1620 acquiesce-

1900 1647 2002 1706 ret,
2033 1637 2104 1692 ob
2132 1635 2490 1692 temeritatem
2543 1634 2743 1690 dictam
2789 1651 2848 1691 se
2900 1645 3112 1695 tantum
3165 1641 3485 1712 languorem

1901 1728 2225 1797 incurrisse,
2251 1729 2427 1784 donec
2446 1728 2745 1784 inveterata
2785 1729 2961 1785 morbi
2992 1732 3291 1789 acerbitate
3313 1752 3491 1792 mace-

1902 1830 2075 1889 ratus,
2123 1821 2349 1888 invitus,
2378 1819 2614 1891 qualiter
2657 1820 2710 1875 id
2742 1821 2845 1876 sibi
2895 1822 3205 1892 accidisset,
3231 1842 3329 1881 sua
3355 1843 3489 1885 voce

1902 1912 2211 1986 protulerit.
2253 1909 2690 1967 Admonentibus
2725 1921 2908 1966 autem
2955 1913 3061 1975 vici
3088 1908 3356 1985 'ejusdem
3387 1935 3485 1974 co-

1900 2006 2322 2073 habitatoribus,
2351 2005 2506 2075 petiit
2544 2002 2853 2060 Floriacum
2880 2006 2934 2061 in
2962 2006 3143 2064 Patris
3173 2013 3489 2068 translatio—

1897 2117 1987 2169 ne,
2016 2117 2125 2172 qua
2153 2100 2418 2155 Casinum
2472 2097 2731 2157 deserens
2760 2100 2923 2173 elegit
2943 2103 3120 2159 sacris
3143 2104 3261 2160 suis
3290 2107 3481 2179 pigno-

1895 2198 2049 2253 ribus
2072 2195 2422 2252 luctationem
2452 2201 2786 2258 Gallieanam
2812 2198 3109 2269 regionem,
3124 2207 3179 2254 ct
3201 2203 3483 2260 servitium

1896 2289 2180 2361 professus
2246 2292 2351 2362 ipsi
2374 2293 2441 2350 de
2479 2306 2677 2351 caztero
2726 2292 2914 2362 Petri,
2974 2295 3319 2365 pernoctavit
3364 2308 3489 2368 post

1897 2383 2069 2457 ipsius
2100 2384 2510 2457 sanctissimam
2543 2388 2963 2443 tumulationem
3006 2400 3166 2443 nocte
3196 2387 3306 2457 illa,
3354 2405 3487 2446 con-

1842 2466 1847 2469 ’
1897 2474 2106 2553 tinuato
2136 2474 2226 2529 die
2278 2473 2405 2530 festi
2442 2478 2591 2534 nocti
2620 2477 2745 2548 ipsi,
2800 2477 3106 2548 deposcens
3153 2478 3328 2549 ipsius
3384 2481 3488 2535 cle-

1896 2565 2180 2635 mentiam,
2206 2565 2366 2637 cujus
2393 2567 2448 2622 in
2484 2584 2545 2625 se
2576 2569 2948 2624 concitaverat
2979 2568 3298 2639 vindictam,
3337 2572 3485 2642 quod

1895 2667 1951 2713 et
1980 2658 2093 2728 ipsi
2119 2675 2525 2732 perspeximus.
2561 2658 2670 2739 Sed
2702 2662 2963 2732 quoniam
2990 2678 3058 2717 ex
3106 2664 3375 2734 superbia:
3406 2673 3487 2737 ty-

1895 2766 1966 2821 po
1995 2749 2210 2825 [typho]
2240 2752 2485 2823 ejusdem
2518 2752 2727 2820 crimen
2749 2753 3135 2827 descendebat,
3173 2756 3495 2837 nullatenus

1896 2843 2112 2899 veniam
2158 2845 2468 2915 impetravit
2497 2861 2664 2917 quam
2708 2846 3056 2917 implorabat,
3090 2848 3185 2903 sed
3225 2864 3397 2920 usque
3419 2849 3489 2905 ad

1897 2937 2194 2992 terminum
2212 2930 2693 3006 vitaz,'eomitante
2725 2954 2784 2994 se
2832 2941 3049 2996 occulto
3083 2938 3490 3012 Omnipotentis

1897 3028 2169 3096 examine,
2216 3030 2499 3086 ineuratus
2536 3031 2919 3101 perseveravit.
2952 3030 3143 3088 Mulier
3171 3033 3338 3107 igitur
3367 3052 3489 3106 quae

1900 3117 1955 3173 in
1984 3134 2043 3174 se
2063 3130 2287 3190 experta
2317 3136 2566 3176 severam
2596 3120 2815 3177 Domini
2849 3121 3029 3178 fuerat
3053 3125 3337 3195 ultionem,
3368 3143 3491 3199 per-
3570 3111 3578 3119 ’

206 3187 382 3267 excole
414 3187 635 3283 festum.
669 3210 809 3267 Huic
853 3213 1195 3269 altercationi
1237 3213 1534 3271 Britannus
1562 3216 1678 3288 ipse
1713 3217 1797 3272 in-
1827 3187 1869 3244 θ
1904 3212 2091 3268 territa
2121 3187 2286 3269 etiam
2310 3214 2503 3279 rustici
2528 3214 2675 3269 illius
2703 3215 2837 3271 diris
2863 3216 3235 3288 passionihus,
3263 3219 3491 3276 famula-

206 3305 471 3373 tervenit;
497 3305 591 3377 qui
627 3305 936 3362 sciscitatus
971 3306 1283 3377 cujusmodi
1329 3308 1470 3364 inter
1503 3325 1561 3365 se
1587 3326 1796 3366 sermo-

209 3412 305 3453 nes
351 3404 620 3463 sererent,
674 3397 768 3452 ubi
814 3397 1038 3454 edidicit
1080 3415 1326 3466 causam,
1376 3400 1494 3456 suis
1531 3404 1797 3473 compulit

209 3489 686 3546 exhortationibus
733 3501 1020 3563 utramque
1060 3492 1277 3564 aggredi
1308 3494 1456 3564 quod
1482 3509 1799 3566 assumpse-

209 3589 295 3635 rat
313 3596 476 3652 Opus.
525 3579 703 3653 C(epit
755 3581 938 3653 itaque
973 3580 1176 3638 famula
1220 3583 1402 3640 Patris
1432 3586 1593 3641 anxie
1642 3588 1796 3644 valde

211 3679 334 3741 post
356 3672 519 3727 telam
548 3670 795 3728 residens
825 3683 1161 3743 exspectare,
1187 3676 1318 3745 quid
1356 3676 1477 3747 ejus
1505 3686 1694 3733 actura
1715 3676 1798 3735 fo-

212 3771 296 3818 ret
354 3764 530 3830 socia;
565 3781 687 3834 quae
714 3774 945 3820 tramam
972 3767 1404 3837 apprehendens,
1436 3769 1529 3824 ubi
1557 3770 1795 3840 primum

212 3872 309 3926 per
350 3866 563 3913 stamen
592 3857 747 3913 duxit
780 3858 952 3927 tilum,
992 3869 1273 3931 assumpto
1329 3862 1545 3930 pectine
1593 3863 1794 3935 ligneo,

211 3946 524 4001 iuculeahat
564 3946 706 4002 idem
738 3948 889 4002 tilum
940 3944 1153 4020 reliquo
1208 3950 1559 4023 subtegmini,
1602 3970 1797 4025 percu-

211 4038 419 4095 tieudo.
437 4037 716 4110 Extemplo
737 4049 1105 4111 consequente
1119 4042 1254 4113 justi
1270 4046 1543 4101 examinis
1566 4047 1794 4117 ultione,

211 4139 406 4201 pecten
437 4129 625 4185 manui
656 4130 775 4201 ejus
800 4131 1060 4201 adhaesit;
1091 4133 1238 4204 quod
1265 4135 1384 4206 ipsa
1406 4136 1537 4191 dum
1569 4153 1795 4208 perseu-

213 4223 305 4290 sit,
345 4223 604 4279 exterrita
646 4221 934 4280 vociferari
976 4241 1171 4301 exorsa
1218 4235 1322 4296 est,
1364 4237 1641 4287 attentans
1677 4246 1798 4287 cre-

212 4316 336 4383 bro,
369 4317 416 4371 si
440 4333 470 4372 a
501 4334 667 4373 manu
696 4318 916 4389 propria
939 4319 1208 4390 pectinem
1233 4321 1419 4393 aliquo
1448 4331 1608 4394 pacto
1631 4339 1799 4381 excu-

215 4416 329 4463 tere
351 4407 564 4479 quiret;
601 4409 695 4464 sed
717 4408 911 4465 videns
934 4411 1211 4467 incassum
1245 4427 1303 4468 se
1326 4402 1378 4468 id
1404 4412 1604 4482 facere,
1629 4416 1698 4471 ab
1720 4416 1800 4471 iu-

214 4509 394 4571 ceepto
423 4496 666 4556 destitit;
692 4500 1064 4559 Accurrerunt
1090 4513 1273 4560 autem
1311 4505 1535 4576 plurimi
1563 4507 1669 4563 vici
1699 4508 1797 4563 ha-
1829 4543 1874 4602 υ

215 4593 477 4649 hitatores
506 4595 669 4650 exciti
704 4596 1040 4653 clamoribus
1065 4598 1232 4667 illius,
1255 4598 1397 4654 inter
1433 4616 1573 4671 quos
1594 4609 1647 4657 et
1679 4599 1798 4656 Bri-

217 4692 272 4741 to
301 4685 494 4742 adfuit.
520 4685 624 4754 Qui
650 4704 996 4761 nequaquam
1018 4673 1301 4749 reveritus
1332 4695 1637 4750 rectissima
1668 4693 1799 4750 Om-

219 4780 512 4850 nipotentis
537 4782 764 4852 judicia,
787 4799 909 4855 qua:
935 4784 1037 4840 etsi
1077 4795 1206 4841 sunt
1235 4787 1448 4842 occulta
1478 4788 1796 4860 aliquando,

218 4887 434 4941 semper
455 4880 637 4928 tamen
670 4883 798 4929 sunt
813 4875 984 4944 justa,
1007 4877 1401 4946 comprehensa
1428 4880 1649 4936 dextera
1679 4898 1800 4936 mu-

220 4950 367 5018 lieris
389 4965 477 5021 cui
507 4974 696 5037 pecten
720 4966 1032 5034 inhaeserat,
1064 4968 1328 5025 violenter
1354 4973 1690 5028 extrahendo
1710 4973 1797 5028 dio

219 5058 442 5112 scussit.

288 5147 419 5203 CAP.
444 5148 683 5204 XXXIV.
715 5182 790 5191 —
812 5149 1115 5207 Trunslatio
1160 5153 1305 5207 dicta
1332 5155 1639 5212 tumulatio.
1699 5156 1802 5212 Vo-

222 5249 331 5293 tum
358 5239 610 5296 candelw.
636 5226 809 5309 Quem
835 5242 1111 5302 Britonem
1141 5246 1284 5303 illico
1312 5248 1549 5305 vindicta
1581 5253 1800 5321 superni

219 5330 428 5389 Judicis
451 5348 551 5405 pro
586 5350 687 5390 sua
713 5338 947 5407 superba
973 5342 1278 5397 temeritate
1320 5344 1519 5399 merito
1547 5346 1795 5414 perculit.

222 5420 451 5480 Dextera
500 5426 736 5498 denique
763 5428 905 5498 ejus,
934 5447 1057 5501 quae
1100 5448 1223 5489 cum
1266 5435 1520 5492 violentia
1550 5445 1739 5508 pecten
1768 5454 1798 5491 a

294 5540 405 5614 (29)
436 5541 729 5614 .Posennus
767 5556 995 5602 vocatur
1018 5549 1072 5603 in
1097 5549 1372 5607 Andreani
1399 5554 1522 5609 libri
1552 5555 1804 5611 versione

226 5612 445 5692 metrica
474 5629 571 5692 per
597 5614 931 5692 Tortarium,
957 5620 1051 5689 qui
1078 5621 1240 5692 hujus
1275 5626 1445 5681 sancti
1474 5626 1799 5682 miraculum
1870 5655 1891 5672 ο

223 5688 275 5732 et
310 5680 679 5739 inventionem
706 5687 786 5743 sic
807 5680 993 5744 canit?

222 5748 470 5822 Corpore,
504 5750 803 5821 Constanti,
835 5759 899 5813 de
935 5776 1086 5813 sacro
1108 5761 1355 5819 Poseimi.

290 5820 384 5877 Bis
410 5827 659 5909 moratus,
686 5820 871 5898 ﬂagris
903 5832 1057 5885 tertio
1078 5834 1375 5904 corriperis.

1901 3314 2014 3363 tum
2065 3305 2313 3379 professa
2349 3305 2499 3362 Patri
2530 3307 2845 3376 Benedicto,
2884 3311 3176 3380 spopondit
3218 3328 3281 3369 se
3324 3315 3378 3368 in
3401 3330 3492 3372 ca.-

1897 3398 2022 3455 dem
2069 3400 2418 3457 solemnitate
2473 3403 2755 3459 candelam
2788 3401 3045 3459 omnibus
3094 3404 3254 3459 annis
3281 3407 3487 3478 quibus

1897 3494 2103 3550 viveret
2153 3494 2483 3566 oblaturam,
2514 3511 2569 3557 et
2616 3502 2789 3568 illam,
2824 3509 3158 3571 caeterasquc
3188 3500 3309 3572 ejus
3338 3500 3492 3557 festi-

1897 3586 2095 3644 vitates
2127 3590 2306 3647 debita
2347 3609 2471 3648 eum
2496 3594 2785 3650 devotione
2806 3595 3244 3651 observaturam.

1968 3678 2098 3735 Car.
2155 3682 2372 3739 XXXV.
2409 3715 2482 3724 —-
2529 3685 2884 3740 Membrorum
2932 3687 3188 3758 impotens
3242 3697 3486 3744 sanatur.

1897 3771 1958 3827 lu
1979 3772 2307 3832 Castellione
2331 3775 2955 3852 (Clmtillmmur-Loire)
2980 3779 3158 3836 Patris
3180 3780 3354 3852 ipsius
3380 3798 3491 3838 non
3548 3828 3561 3840 ρ

1897 3866 2090 3939 exigua
2142 3858 2539 3939 possessione,
2568 3870 2662 3928 ubi
2713 3871 2909 3928 beatus
2955 3871 3238 3930 confessor
3282 3873 3481 3931 Peseu~

1898 3974 2004 4013 nus
2034 3958 2147 4033 (29)
2172 3960 2487 4032 requiescit,
2517 3962 2584 4018 de
2623 3978 2734 4034 quo
2758 3971 2814 4019 et
2836 3961 3087 4019 Andreas
3111 3963 3225 4036 (50)
3256 3964 3494 4034 plurima

1899 4050 1954 4105 in
1984 4052 2099 4107 suis
2138 4053 2323 4109 retulit
2347 4053 2530 4122 dictis,
2562 4055 2733 4110 multa
2763 4055 2830 4111 ad
2865 4054 3081 4111 laudem
3119 4055 3206 4112 sui
3230 4056 3492 4125 nominis,

1898 4158 1995 4213 per
2045 4144 2237 4200 merita
2291 4145 2584 4218 utriusque
2636 4145 2816 4204 Patris
2860 4147 3058 4219 saepius
3094 4146 3495 4220 Omnipotentis

1901 4236 2187 4292 clementia
2231 4237 2575 4297 demonstrat
2613 4241 2906 4314 magnalia,
2946 4241 3013 4297 de
3042 4242 3243 4313 quibus
3293 4251 3347 4299 et
3392 4259 3495 4299 nos
3589 4263 3593 4267 '

1899 4327 2100 4383 dicturi
2125 4345 2317 4387 sumus
2354 4333 2557 4403 aliqua.
2584 4332 2892 4391 Homuncio
2922 4334 3164 4406 quidem,
3195 4333 3496 4394 Herbertus

1891 4413 2142 4488 nomine,
2180 4423 2555 4494 aegritudinem
2598 4426 2791 4481 incidit
2821 4427 2959 4483 adeo
2988 4445 3206 4501 gravem
3234 4438 3314 4498 ut,
3339 4446 3495 4488 reso-

1901 4513 2031 4569 lutis
2068 4515 2325 4573 omnibus
2370 4517 2653 4585 membris,
2678 4519 2882 4574 nullius
2910 4535 3101 4576 eorum
3135 4523 3495 4580 ntereturof-

1901 4607 2048 4676 licio,
2080 4617 2276 4678 printer
2307 4610 2547 4682 linguam
2592 4627 2736 4683 quae,
2775 4613 2902 4669 licet
2938 4616 3073 4671 satis
3102 4616 3319 4685 exilem,
3360 4602 3497 4675 reti?

1901 4702 2064 4757 nebat
2085 4718 2301 4758 sonum.
2332 4700 2507 4774 Hujus
2555 4705 2741 4776 inopia
2770 4707 3183 4764 sustentabatur
3211 4710 3498 4767 timorato-

1900 4810 2023 4849 rum
2071 4795 2671 4871 alimonia'virorumh
2709 4799 2803 4871 qui
2857 4801 3022 4856 etiam
3076 4802 3409 4874 tuguriolum
3439 4805 3495 4860 in

1901 4886 2116 4954 porticu
2158 4887 2399 4944 basilica
2426 4888 2531 4945 loci
2561 4891 2735 4961 ipsius
2765 4891 2868 4948 sibi
2913 4902 3372 4965 construxerant;
3403 4897 3495 4952 uti

1903 4985 1958 5032 et
1976 4993 2071 5048 per
2093 4995 2387 5036 numerosa
2412 4996 2684 5037 annorum
2725 4984 2997 5040 curricula
3042 4986 3217 5042 instar
3238 4987 3496 5058 glomeris

1907 5070 2186 5128 involutus
2233 5072 2514 5143 decubuit,
2563 5075 2651 5130 vix
2701 5078 2863 5132 etiam
2920 5077 3157 5148 liquidas
3197 5080 3497 5138 sorbitiun-

1908 5164 2059 5219 culas
2085 5180 2182 5220 ore
2229 5165 2417 5222 valens
2463 5167 2708 5239 ligurire,
2739 5169 3062 5226 necessitate
3090 5186 3309 5242 quoque
3354 5174 3495 5230 rele-

1907 5256 2072 5310 vaudi
2096 5258 2224 5326 alvi,
2249 5275 2280 5313 a
2307 5259 2428 5315 loco
2458 5259 2513 5314 in
2557 5262 2739 5317 lccum
2771 5263 2976 5334 digredi
3014 5278 3358 5336 nequaquam
3398 5283 3498 5338 po-

1906 5358 2047 5405 tens.
2075 5347 2366 5409 Miserante
2400 5353 2567 5425 igitur
2613 5355 3007 5425 omnipotentia
3039 5357 3322 5414 clementis
3373 5358 3496 5415 Sal-

1905 5441 2131 5509 vatoris,
2170 5442 2597 5517 suﬂ‘ragautibus
2628 5463 2758 5502 vero
2806 5446 2985 5505 Patris
3022 5450 3196 5505 nostri
3242 5451 3499 5524 beatique

1917 5555 2063 5637 Visio
2090 5540 2231 5630 quod
2251 5558 2454 5627 docuit,
2483 5562 2785 5637 compulsus
2807 5564 3054 5637 pandere,
3085 5566 3279 5637 pandis
3317 5583 3339 5622 :

1980 5627 2254 5683 Inventum
2278 5647 2430 5685 sacro
2466 5627 2710 5688 conditur
2737 5636 2793 5689 in
2807 5627 3048 5692 'tumttlo.

1979 5699 2091 5769 ('50)
2135 5700 2379 5757 Andreas
2404 5707 2706 5760 monachus
2736 5705 3099 5764 Floriaeensis
3124 5708 3323 5765 librum
3356 5708 3494 5765 scri-

1908 5771 2016 5841 psit
2048 5769 2120 5844 De
2144 5772 2426 5833 miraculis
2454 5776 2628 5830 sancti
2670 5776 2968 5844 Beue.licti,
2996 5796 3063 5835 ex
3103 5779 3263 5836 dictis
3297 5779 3352 5835 in
3381 5776 3492 5836 0b-

1908 5841 2277 5923 servationutu
2301 5844 2623 5914 praeviarum
2658 5863 2808 5911 num.
2840 5848 2929 5905 20.
