3946 6306
441 339 604 395 1223

1387 326 1687 385 BADULFI
1722 324 2051 383 TORTARII
2086 324 2398 381 MONAClll
2438 323 2763 381 FLORIAC.

3642 330 3779 387 132-5

464 452 798 512 confessoris
818 448 1020 506 Christi
1052 434 1581 516 Posenuiprccibus,
1605 443 1869 514 paulatim
1889 456 2062 494 mem-
2089 447 2135 503 Α
2165 447 2449 491 cernentes
2480 437 2811 493 exstinctum
2847 436 3039 506 ﬁlium,
3082 438 3136 493 in
3172 450 3285 510 quo
3312 447 3427 495 tota
3472 454 3607 511 spes
3652 458 3782 513 pen-

465 549 580 602 bris
619 544 936 615 sospitatem
986 542 1246 597 amissam
1299 537 1708 608 recipientibus,
1749 535 1925 591 factus
1978 542 2062 588 est

465 639 781 704 incolumis,
814 643 995 709 grates
1021 633 1264 690 referens
1288 630 1523 685 Domino
1542 628 1711 684 Jesus
1726 628 1947 682 Christo
1975 642 2062 681 sc—

466 734 707 788 eundum
738 746 853 787 sum.
875 728 1119 786 scientlze
1153 725 1457 790 modulum,
1485 732 1539 779 et
1564 722 1684 793 ejus
1720 720 1966 791 utrisque
2000 719 2062 773 li-

466 825 700 880 delibus.
735 821 1045 877 Permansit
1078 828 1260 873 autem
1299 817 1353 872 in
1381 815 1572 871 eodem
1601 814 1722 868 loco
1768 828 1866 883 per
1891 811 2062 865 multa

464 926 732 987 tempora,
765 914 1010 971 ecclesia:
1052 910 1276 969 servitio
1310 908 1672 979 mancipatus,
1721 920 1945 976 aquam,
1978 904 2063 957 ln—

466 1025 613 1077 men,
649 1018 704 1064 et
729 1022 960 1079 qumque
1005 1006 1070 1060 ad
1109 1002 1472 1059 ministerium
1521 998 1711 1054 altaris
1754 1003 1910 1050 erant
1948 994 2064 1049 idn-

466 1119 590 1169 nca,
614 1100 1001 1172 suppeditans;
1029 1112 1191 1168 quem
1221 1110 1322 1150 nos
1345 1093 1509 1149 etiam
1536 1090 1785 1163 pluribus
1807 1087 1969 1143 annis
2009 1087 2063 1142 id

466 1196 707 1251 oﬁiciose
736 1202 1081 1265 peragentem
1112 1188 1509 1261 perspeximus.

536 1286 668 1342 CAP.
707 1283 947 1340 XXXVI.
980 1282 1257 1356 κ-ξιίαριιτ
1281 1289 1448 1335 morte
1473 1278 1710 1349 punitus.
1737 1274 2001 1330 Damnum
2032 1291 2063 1327 a

466 1379 776 1452 parentibus
816 1379 1141 1433 restitutum.
1176 1373 1335 1430 Calix
1386 1388 1578 1427 aureus
1622 1386 1783 1424 manu
1827 1368 2065 1439 defuncti

467 1473 698 1527 oblatus.
751 1470 808 1525 ln
850 1468 1127 1525 territorio
1172 1463 1492 1521 Nivernensi
1536 1461 1810 1535 quoddam
1838 1461 2065 1516 habetur

468 1573 735 1629 castrum,
773 1562 959 1617 [Iuben
982 1567 1379 1630 nuncupatum,
1413 1558 1463 1611 in
1490 1555 1746 1629 praerupti
1778 1553 2066 1624 cujusdam

471 1656 627 1710 collis
672 1646 977 1710 cacumine.
1034 1651 1214 1724 Hujus
1246 1650 1506 1705 domintts
1561 1648 1717 1720 llugo
1758 1647 2064 1715 dicebatur,

472 1756 742 1818 provecta:
773 1745 950 1802 :etatis
978 1746 1081 1800 vir.
1120 1742 1220 1799 Hie
1264 1744 1435 1798 lilium
1478 1750 1761 1811 genuerat,
1798 1739 2067 1795 vocabulo

2162 527 2327 582 debat
2361 527 2603 593 illorum,
2643 528 2906 598 quoniam
2955 529 3102 585 hunc
3155 531 3336 585 5";Ittm
3392 532 3777 602 possidebant,

2162 633 2272 674 non
2294 627 2378 674 est
2400 612 2560 674 facile
2585 619 2767 675 dicere
2787 636 2928 689 quos
2956 621 3227 677 ediderint
3247 624 3512 696 gemitus,
3538 633 3781 695 quantas

2163 708 2407 765 fuderint
2448 710 2742 783 lacrymas,
2779 711 3162 769 inconsolabili
3204 715 3458 787 lugentes
3486 718 3779 783 mmstitia,

2162 820 2325 875 quem
2372 806 2843 876 amplectebantur
2887 806 3180 864 dilectione
3230 810 3416 865 unica.
3468 810 3780 869 Metuentes

2162 913 2293 953 vero
2320 897 2561 954 futuram
2592 898 2995 955 discussionem
3033 901 3172 971 justi
3216 902 3425 972 judicis
3464 902 3562 959 Dei
3597 915 3779 975 (erant

2161 990 2308 1045 enim
2339 991 2625 1062 timorati),
2657 992 2920 1063 quoniam
2952 1008 3079 1064 spes
3105 996 3289 1055 omnis
3309 996 3497 1051 debita
3526 1000 3781 1068 corporis

2164 1085 2379 1142 sublata
2433 1084 2631 1153 fuerat,
2692 1087 2998 1142 tractabant
3044 1089 3283 1159 qualiter
3338 1092 3544 1147 animae
3605 1092 3780 1162 ipsius

2166 1178 2536 1245 consulerent,
2582 1188 2860 1249 quatenus
2907 1180 3305 1252 indulgentiam
3356 1184 3639 1239 inveniret
3686 1186 3779 1256 qui

2165 1276 2408 1321 extrema
2434 1283 2534 1323 sua
2563 1278 2673 1323 tam
2704 1269 2942 1339 pessime
2983 1272 3444 1343 pracipitavcrat.
3475 1275 3783 1349 Assumpto

2168 1359 2334 1431 igitur
2361 1360 2831 1418 Antissiodorcnsi
2873 1363 3139 1433 antistite,
3186 1369 3491 1423 venerabili
3529 1386 3671 1426 sane
3698 1373 3781 1425 vi-

2169 1468 2253 1521 ro,
2306 1470 2432 1509 cum
2489 1455 2680 1527 grandi
2716 1466 2979 1527 apparatu
3020 1460 3438 1530 exsequiarum,
3496 1472 3553 1518 et
3593 1465 3785 1519 exani-

2169 1554 2318 1602 mato
2353 1546 2446 1601 lilii
2482 1547 2569 1603 sui
2614 1563 2844 1619 corpore
2888 1548 3200 1605 Floriacum
3233 1562 3563 1623 properant.
3604 1555 3783 1611 Advo-

2169 1637 2268 1693 lttti
2298 1647 2481 1693 autem
2520 1639 2753 1711 genibus
2787 1638 3035 1711 llugonis
3077 1639 3171 1713 (V.
3207 1658 3372 1713 supra
3402 1662 3529 1714 cup.
3576 1646 3662 1716 5),
3692 1649 3781 1717 qui

2170 1728 2377 1784 tuncin‘
2396 1730 2587 1785 cedent
2610 1729 2732 1786 loco
2759 1730 2973 1787 abbatis
2997 1730 3327 1805 fungebatur
3356 1735 3566 1804 cilicio,
3602 1747 3663 1793 et
3703 1748 3784 1793 to-

471 1839 810 1905 Cauterium,
835 1839 928 1910 qui
954 1838 1216 1909 juvenilis
1265 1836 1363 1894 aevi
1420 1836 1597 1891 elatus
1624 1832 1937 1905 supercilio,
1968 1831 2068 1886 tui-

2176 1822 2287 1878 tius
2322 1824 2781 1895 congregationis,
2838 1816 3135 1896 implo'rant
3185 1828 3403 1885 vincula
3451 1840 3653 1887 reatus
3692 1833 3787 1888 de-

479 1948 586 1987 nus
611 1932 677 1986 de
720 1930 1111 2002 omnipotentis
1140 1928 1234 1985 Dei
1270 1937 1609 2000 pertractans
1649 1925 1943 1993 mandatis,
1986 1938 2076 1979 res

470 2024 827 2079 ecclesiarum
867 2033 921 2078 et
961 2038 1264 2095 pauperum
1308 2021 1517 2092 rapinis
1555 2019 1777 2074 inhians
1813 2017 2073 2088 diripere,

470 2125 525 2171 ct
544 2117 659 2171 suis
689 2120 742 2170 in
775 2115 1197 2171 necessitatibus
1226 2113 1532 2184 expendere
1554 2112 1796 2167 ardebat.
1817 2108 1971 2165 Unde
1993 2124 2076 2166 ar.

471 2209 707 2264 bitratus
733 2209 972 2280 Opimam
1000 2208 1070 2263 'de
1096 2208 1211 2278 jam
1235 2214 1536 2263 memorata
1566 2203 1917 2276 possessione
1943 2217 2078 2273 prae-

472 2302 598 2356 dam
642 2318 701 2356 se
748 2318 909 2373 posse
954 2302 1246 2368 abducere,
1284 2307 1506 2371 propter
1552 2296 1953 2353 multitudinem
1999 2296 2077 2351 di-

478 2410 762 2449 versorum
795 2395 1141 2462 animalium,
1170 2410 1292 2464 qua:
1321 2393 1375 2447 in
1405 2391 1594 2447 eodem
1625 2400 1782 2446 erant
1822 2390 1942 2444 loco
1969 2389 2077 2460 (est

468 2484 615 2538 enim
654 2484 975 2540 alendorum
1018 2483 1339 2539 animalium
1376 2492 1716 2554 Opportunus
1760 2480 1832 2537 ob
1884 2479 2077 2535 fertili-

468 2582 637 2631 tatem
683 2577 1065 2648 pabulorum),
1118 2575 1421 2647 assumptis
1465 2573 1785 2630 cohortibus
1824 2572 2071 2643 equitum

471 2682 566 2722 seu
604 2667 873 2738 peditum,
898 2668 1111 2723 devenit
1149 2667 1298 2734 illuc,
1320 2681 1501 2737 neque
1544 2663 1638 2719 Dei
1670 2663 1877 2719 veritus
1902 2662 2075 2717 offen-

462 2752 613 2826 sam,
666 2775 845 2831 neque
889 2758 1070 2815 Patris
1118 2760 1292 2814 nostri
1331 2759 1608 2813 meritum.
1661 2754 1831 2810 Porro
1876 2754 2075 2809 accolae

468 2851 576 2906 laci
606 2852 780 2922 ipsius
816 2861 869 2907 ct
913 2853 1057 2906 circa
1104 2852 1267 2922 positi
1326 2851 1472 2904 ruris
1514 2847 1913 2923 comperientes
1954 2847 2073 2917 ejus

468 2942 724 2997 insanam
788 2943 1137 3014 cupidinem,
1184 2953 1237 2997 et
1292 2939 2072 3013 pertimescenles'copiosum

468 3034 787 3107 praedonum
833 3053 1159 3103 numerum,
1210 3036 1523 3091 asciverunt
1569 3033 1623 3089 in
1659 3033 1923 3089 auxilium
1966 3031 2071 3089 sibi

466 3129 749 3185 domimnn
778 3131 967 3194 castri.
1016 3132 1163 3203 quod
1195 3130 1400 3186 dicitur
1443 3128 1628 3186 Sancti
1658 3129 1877 3197 Briecii,
1924 3128 2065 3183 llol-
2093 3162 2136 3220 α

468 3220 683 3277 bertam
744 3223 986 3291 nomine,
1035 3232 1320 3278 strenuum
1349 3237 1483 3278 sane
1533 3230 1647 3277 tam
1691 3221 1861 3277 armis
1900 3236 2065 3292 quam

466 3302 721 3370 consiliis
782 3315 983 3369 virum.
1060 3313 1167 3382 Qui
1243 3316 1480 3371 vailatus
1548 3330 1774 3371 suorum
1844 3328 2065 3380 cuneo,

469 3414 723 3475 prompto
751 3406 993 3461 accurrit
1027 3406 1234 3473 animo,
1280 3414 1507 3476 paratus
1545 3422 1669 3461 cum
1698 3404 1798 3471 eis,
1836 3404 1881 3459 si
1920 3403 2066 3474 quod

465 3497 796 3564 immineret,
845 3499 1030 3555 subire
1074 3499 1420 3570 dispendium
1476 3515 1575 3570 pro
1615 3497 1796 3552 Patris
1847 3513 2067 3567 prome-

467 3591 640 3646 rendo
682 3591 965 3664 sullragio,
1011 3600 1065 3646 et
1103 3593 1404 3648 vicinorum
1460 3592 1553 3663 qui
1603 3606 1661 3647 se
1710 3591 2067 3661 expetierant,

465 3684 790 3741 commodis.
830 3684 1122 3740 Canterius
1150 3685 1333 3757 itaque
1356 3700 1646 3757 aggressus
1674 3683 2070 3740 Castellionen-

465 3790 577 3842 ses,
616 3777 898 3849 satagebat
948 3793 1112 3849 opere
1154 3779 1416 3848 perlicere
1443 3777 1588 3848 quod
1643 3784 1824 3833 mente
1873 3790 2071 3832 conec-

464 3877 640 3937 perat,
674 3869 941 3925 ruricolas
974 3870 1229 3926 videlicet
1279 3885 1582 3941 eorumque
1627 3885 1825 3941 pecora
1847 3879 1901 3925 et
1936 3883 2067 3939 spo-

461 3941 537 4013 l.a
568 3974 753 4014 secum
780 3960 1067 4016 abducere.
1100 3959 1393 4018 Rotbertus
1421 3971 1601 4016 autem
1624 3961 1674 4017 ei
1700 3961 1914 4017 obviam
1943 3976 2071 4031 pro-

461 4067 688 4123 gressus
722 4068 846 4108 eum
879 4054 1015 4121 suis,
1038 4054 1353 4126 conjunctis
1401 4069 1622 4126 quoque
1663 4053 1769 4109 sibi
1817 4054 2061 4109 locorum

466 4146 854 4230 contiguorum
894 4148 1129 4215 colonis,
1173 4130 1425 4203 conferre
1454 4163 1578 4203 cum
1623 4163 1690 4201 eo
1719 4162 1828 4203 non
1857 4148 2066 4215 valens,

464 4240 587 4311 ejus
621 4241 866 4298 timendo
916 4242 1125 4313 copias,
1159 4252 1306 4314 terga
1364 4242 1543 4297 vertit.
1591 4240 1884 4299 Cauterius
1937 4256 2068 4314 ergo

464 4349 602 4390 suos
632 4333 821 4405 multis
844 4335 1182 4392 clamoribus
1208 4335 1551 4404 adhortatus,
1588 4351 1841 4408 equoque
1869 4336 1956 4392 cui
1984 4337 2070 4390 in-

470 4424 683 4482 sidebat
712 4427 1024 4485 calcaribus
1069 4429 1319 4506 incitato,
1359 4430 1539 4501 ipsum
1577 4430 1874 4502 perniciter
1919 4430 2068 4485 inse-

2177 1914 2349 1971 funeti
2397 1915 2655 1987 precibus
2705 1931 2899 1972 eorum
2944 1919 3103 1986 solvi,
3151 1932 3363 1976 eertum
3417 1932 3709 1992 tenentes,
3736 1926 3787 1979 in

2176 2018 2469 2080 conspectu
2496 2010 2699 2065 summi
2736 2008 2948 2065 Judieis
2994 2011 3168 2082 ipsius
3196 2013 3499 2069 laxandum
3544 2018 3790 2085 crimen,

2150 2102 2222 2157 'si
2246 2104 2447 2172 quibus
2484 2101 2632 2156 illata
2655 2101 2856 2173 injuria
2899 2102 3096 2172 fuerat,
3143 2106 3198 2160 in
3229 2109 3491 2177 praesenti
3520 2116 3651 2164 toto
3683 2111 3794 2165 alii»

2179 2212 2268 2251 mo
2300 2197 2473 2267 ipsam
2523 2196 2678 2268 prius
2716 2198 3077 2254 remitterent.
3129 2198 3283 2256 Unde
3315 2212 3372 2257 et
3415 2202 3663 2261 calicem
3696 2221 3795 2275 pe-

2177 2290 2383 2346 rissimi
2413 2290 2533 2345 auri
2560 2291 2752 2345 libram
2780 2291 3091 2360 habentem,
3119 2293 3173 2346 in
3200 2294 3423 2349 dextera
3448 2296 3545 2350 ﬁlii
3572 2298 3671 2352 sui
3699 2313 3792 2367 po-

2130 2432 2135 2433 ,
2178 2393 2336 2451 nunt,
2396 2392 2452 2439 et
2501 2384 2654 2439 illum
2709 2398 2811 2456 pro
2846 2385 3165 2440 vadimonio
3215 2386 3789 2459 oﬂ'crunt,quatenus

2175 2478 2571 2549 promptiorem
2593 2478 2808 2533 veniam
2835 2478 3019 2534 delicti
3066 2479 3153 2535 sui
3184 2481 3405 2554 assequi
3447 2494 3784 2549 mereretur.

2176 2571 2221 2625 si
2248 2571 2488 2642 aliquam
2524 2572 3087 2643 recompensationcm
3128 2588 3230 2643 pro
3260 2574 3577 2630 temeritate
3613 2576 3787 2647 ipsius

2174 2665 2565 2731 exsolverent,
2617 2664 2904 2721 credentes
2944 2666 3163 2736 quoties
3220 2666 3275 2721 in
3332 2684 3399 2723 cn
3441 2670 3784 2727 sacriﬁcium

2175 2771 2405 2811 summm
2441 2756 2713 2811 divinitati
2758 2756 3069 2824 ollerrctur,
3120 2772 3472 2830 nequaquam
3527 2760 3785 2832 ejusdem

2175 2847 2430 2902 sacriﬁcii
2466 2847 2645 2918 ipsum
2676 2863 2799 2903 esse
2846 2857 3146 2904 exsortem.
3188 2849 3408 2905 Fratres
3452 2851 3655 2923 itaque
3703 2856 3785 2925 pia

2174 2940 2526 2995 miseratione
2548 2940 2800 3010 permoti,
2841 2941 3167 3012 generaliter
3209 2958 3309 3013 pro
3340 2957 3406 2997 eo
3442 2946 3783 3001 sacriﬁcium

2173 3032 2534 3103 omnipotenti
2574 3032 2807 3088 Domino
2847 3034 3187 3102 obtulerunt,
3229 3035 3436 3091 absolvi
3489 3049 3785 3108 ροεα-ιιω

2175 3127 2348 3198 ipsius
2389 3128 2649 3198 olfensas,
2678 3138 2733 3186 et
2779 3131 2906 3202 ipsi,
2943 3133 3245 3187 secundum
3291 3135 3730 3204 possibilitatem
3755 3155 3783 3193 a

2169 3219 2391 3276 Christo
2420 3221 2671 3278 lidelibus
2700 3223 2818 3277 suis
2859 3239 3196 3291 concessam,
3223 3226 3369 3296 quod
3401 3228 3458 3281 in
3503 3243 3606 3284 eos
3653 3231 3785 3285 deli-

2170 3324 2366 3385 quezat
2417 3316 2791 3381 remittentes;
2855 3315 3194 3387 cxpletisque
3244 3316 3493 3373 funertis
3567 3321 3785 3377 honore

2170 3419 2417 3477 congruo
2440 3404 2657 3472 ciliciis,
2682 3407 2958 3476 genitorcs
2992 3423 3118 3461 cum
3160 3407 3439 3464 nobilibus
3472 3409 3612 3465 viris
3644 3429 3784 3483 quos

2172 3498 2225 3552 in
2271 3512 2374 3553 suo
2422 3498 2733 3554 asciverant
2770 3499 3035 3554 comitatu
3061 3540 3076 3565 ,
3118 3498 3184 3553 ad
3237 3501 3460 3570 propria
3495 3502 3781 3571 dimisere,

2172 3605 2279 3644 non
2304 3588 2634 3645 mediocrem
2662 3588 3094 3645 consolationem
3116 3587 3185 3644 de
3229 3589 3408 3645 salute
3566 3592 3665 3647 sui
3698 3610 3780 3648 re-

2170 3692 2470 3757 portantes.
2988 3676 2993 3687 ’

2240 3776 2371 3833 (ἔμ’.
2414 3775 2677 3833 XXXVII.
2708 3776 3091 3834 -—Pra:doues
3136 3776 3344 3850 Ligeris
3395 3778 3545 3833 unda
3597 3782 3779 3838 mersi.

2172 3866 2475 3940 lnterjectis
2502 3867 2799 3938 aliquantis
2838 3883 3109 3925 annorum
3137 3868 3451 3934 curriculis,
3498 3868 3775 3925 confede-

2172 3964 2274 4019 rati
2304 3963 2371 4019 de
2397 3962 2593 4017 vicina:
2617 3962 2864 4034 partibus
2893 3960 3222 4035 Burgundiae
3256 3962 3524 4019 adversus
3550 3966 3771 4019 eosdem

2170 4057 2659 4125 Castellioncnses,
2710 4056 2934 4128 quidam
2992 4055 3277 4127 praedones
3326 4057 3774 4125 glomeravernnt

2172 4167 2281 4207 non
2313 4149 2587 4206 inﬁrmam
2619 4164 2843 4204 manum
2883 4150 3199 4216 satellitum,
3228 4151 3482 4222 equitum
3531 4161 3588 4206 et
3634 4153 3779 4223 pedi-

2171 4256 2310 4300 tum.
2337 4242 2593 4299 Transito
2619 4252 2801 4298 autem
2847 4258 3009 4299 amne
3032 4241 3300 4315 Ligerico.
3337 4243 3689 4300 diffuderunt
3722 4260 3776 4300 se

2171 4354 2270 4410 per
2292 4352 2421 4393 rura
2444 4335 2512 4391 ad
2540 4336 2719 4407 ipsum
2750 4335 3015 4407 przedium
3044 4336 3397 4406 pertinentia.
3435 4334 3620 4392 Tanta
3652 4354 3777 4393 vero

2171 4438 2289 4486 erat
2326 4429 2433 4484 illis
2457 4418 2724 4485 securitas
2754 4426 3158 4483 conlidentibus
3190 4428 3243 4483 in
3266 4444 3370 4483 sua
3396 4429 3774 4493 multitudine,

464 4520 674 4591 quitur.
711 4520 883 4590 Quem
924 4521 1219 4580 Rotbcrtus
1239 4524 1578 4597 jamjamquc
1607 4524 1713 4580 sibi
1741 4522 2069 4596 appropian-
2099 4520 2145 4577 D
2169 4532 2399 4603 ettanta
2428 4522 2741 4595 arrogantia
2767 4520 2836 4577 de
2858 4521 3055 4577 robore
3079 4529 3133 4576 et
3172 4520 3482 4592 aptitudiae
3529 4538 3653 4578 sua
3693 4523 3780 4593 ju-

464 4623 576 4669 tcm
626 4629 878 4685 cernens,
924 4625 1113 4689 utputa
1167 4618 1340 4674 moris
1386 4626 1471 4674 est
1526 4616 1873 4692 fugientium,
1912 4619 2066 4673 hasta

464 4722 633 4779 super
660 4708 953 4765 humerum
997 4710 1217 4782 rejecta,
1249 4709 1453 4767 ferrum
1487 4711 1658 4768 hasta:
1700 4711 1947 4784 sequenti
1973 4727 2072 4783 ep-

463 4802 671 4873 posuit.
698 4800 768 4857 At
793 4801 882 4857 ille
905 4812 1136 4859 (Gnatus
1159 4803 1336 4860 hostis
1369 4820 1715 4877 nequaquam
1743 4804 2067 4876 prtevidens,

461 4896 595 4949 dui'n
618 4895 895 4964 incautius
924 4895 1191 4966 attingere
1222 4913 1347 4951 eum
1396 4912 1539 4969 equo
1577 4896 1833 4965 ardescit,
1869 4897 1922 4951 in
1962 4896 2069 4952 fcr-

459 4997 587 5042 rum
630 4988 769 5055 ruit;
815 4987 961 5059 quod
1014 4990 1219 5060 gutturi
1271 4990 1418 5046 illius
1473 4990 1814 5057 immersnm,
1861 4991 2070 5063 absque

457 5074 725 5135 dilatione
748 5080 857 5135 vita
894 5080 1145 5151 privavit.
1184 5078 1445 5136 Videntcs
1471 5098 1600 5136 vero
1645 5082 1907 5138 satellites
1948 5082 2068 5153 ejus

458 5171 749 5227 dominum
786 5187 946 5227 suum
971 5172 1368 5238 exanimatum,
1418 5172 1714 5229 ululatibus
1753 5189 1958 5241 acrem,
1990 5174 2070 5229 la-

463 5262 669 5335 crymis
696 5278 862 5335 genas
897 5264 1200 5333 opplentcs,
1244 5262 1491 5317 humeris
1536 5279 1736 5336 corpus
1776 5264 2068 5337 imponen-

463 5366 546 5412 tes
573 5356 723 5411 abire
749 5365 1045 5411 maturant.
1077 5355 1371 5412 Miserante
1425 5356 1554 5435 ipso.
1584 5357 1742 5426 cujus
1790 5357 2070 5414 interierat

463 5447 631 5515 ferro,
661 5448 769 5505 illis
798 5463 1017 5519 quoque
1054 5465 1194 5521 quos
1231 5449 1530 5522 przedalum
1580 5459 1822 5517 venerat,
1873 5465 2071 5505 conce-

463 5539 723 5594 dentibus
772 5538 1002 5595 liberam
1056 5541 1300 5611 fugiendi
1342 5540 1578 5612 copiam,
1611 5541 1911 5611 laudesque
1940 5554 2067 5611 pro--

463 5630 834 5686 clamantibus
859 5632 1217 5702 omnipotenti
1259 5634 1389 5701 Deo,
1439 5643 1619 5706 grates
1662 5633 1813 5689 Patri
1844 5623 2092 5690 Bcnedi~°

464 5730 576 5787 cto,
609 5730 909 5792 sanctoque
937 5723 1243 5779 confessori
1265 5725 1519 5782 Posenno
1540 5727 1608 5782 dc
1633 5735 1743 5781 tam
1766 5726 1928 5782 celeri
1962 5726 2062 5781 bo-

2171 4616 2433 4682 ventutis,
2465 4622 2526 4671 ut
2546 4631 2794 4672 scurram
2819 4630 2877 4671 se
2900 4611 3209 4687 praecedere
3239 4613 3509 4682 facerent,
3534 4613 3638 4686 qui
3661 4633 3782 4671 mu-

2169 4709 2285 4765 sico
2309 4709 2677 4763 instrumento
2704 4722 2793 4762 res
2828 4704 3040 4761 fortiter
3064 4714 3251 4776 gestas
3274 4714 3329 4759 et
3352 4704 3607 4774 priorum
3640 4705 3781 4760 belia

2170 4800 2512 4872 praecineret,
2551 4798 2826 4871 quatenus
2868 4797 2956 4853 bis
2984 4796 3169 4852 acrius
3201 4797 3568 4852 incitarentur
3615 4798 3688 4853 ad
3719 4815 3778 4851 ea

2166 4893 2495 4966 peragenda,
2533 4908 2656 4964 qua:
2697 4892 2939 4964 maligno
2969 4900 3339 4961 conceperant
3380 4892 3594 4946 animo.
3652 4889 3777 4946 Erat

2169 4995 2351 5041 autem
2376 4984 2702 5055 prtepositus
2744 4984 2919 5055 ipsius
2965 4983 3335 5055 possessionis
3378 4984 3724 5040 constitutus
3750 5002 3779 5037 a

2164 5078 2432 5135 fratribus
2459 5093 2527 5134 eo
2551 5086 2798 5150 tempore
2824 5078 3047 5149 quidam
3087 5077 3172 5132 vir
3203 5077 3438 5148 probus,
3462 5078 3779 5136 Aimericus

2169 5171 2459 5239 vocabulo,
2488 5171 2604 5242 qui,
2630 5170 2820 5226 mundi
2863 5170 3067 5225 relictis
3093 5170 3332 5241 pompis,
3366 5181 3664 5242 assumpto
3688 5173 3781 5227 ha-

2170 5265 2289 5321 bitu
2314 5264 2659 5332 monachico,
2689 5264 3048 5334 omnipotenti
3092 5262 3328 5320 Domino
3355 5264 3503 5320 ﬁdeli
3550 5265 3783 5321 famul:-

2170 5358 2332 5413 batur
2358 5357 2643 5428 obsequio,
2675 5356 2824 5412 Patri
2875 5355 3167 5413 Benedicto
3216 5358 3272 5412 in
3306 5359 3412 5413 sibi
3460 5361 3779 5416 commissis

2168 5453 2411 5508 existens
2455 5451 2659 5522 jugiter
2690 5450 2884 5505 ﬁdelis.
2922 5448 3043 5518 Hic,
3071 5460 3367 5522 antequam
3401 5461 3615 5507 vestem
3646 5470 3779 5507 mn-

2164 5550 2356 5607 tassct,
2391 5540 2696 5595 sacerdotis
2750 5539 3079 5610 fungebatur
3120 5539 3335 5608 ofﬁcio;
3372 5541 3463 5597 cui
3511 5543 3687 5597 vicini
3728 5552 3779 5594 et

2160 5635 2253 5706 qni
2287 5650 2412 5690 eum
2462 5641 2726 5688 noverant
2748 5632 3123 5687 testimonium
3176 5632 3494 5689 deferebant
3544 5635 3779 5705 ligitime

2160 5733 2570 5790 cenversatum,
2616 5723 2862 5793 quandiu
2938 5721 2992 5778 in
3041 5722 3337 5779 clericatus
3390 5736 3775 5793 permanserat

466 5802 1453 5875 stissuimultatione.Genitorautcm
1472 5818 2060 5892 genitrixquedefuneti
2156 5826 2322 5871 sorte.
2372 5814 2558 5885 itaque
2619 5814 2917 5884 phalanges
2972 5813 3254 5883 rapacium
3302 5814 3547 5869 effractis
3590 5815 3783 5877 domi-

2958 6086 2985 6115 κ
