3946 6306
126 287 278 346 ιω
1238 257 1597 338 MinACULA
1639 279 1891 336 sarum
1926 277 2312 337 BENEDICTI.
3279 295 3418 350 I226

119 400 232 454 bus
282 393 674 461 ruricolarum,
719 397 1085 449 oneraverunt
1143 391 1466 466 se'spoliis,
1514 404 1735 468 agentes
1762 401 1810 462 Α
1840 396 1933 467 qui
1955 397 2359 452 contumaciam
2409 395 2620 452 illorum
2649 397 2862 470 dejecit,
2895 414 2948 460 et
2980 405 3150 462 robur
3192 412 3424 467 camini-

118 503 246 560 prae
276 503 343 544 se
375 499 566 557 greges
604 497 886 555 pecorum,
911 498 1053 555 quos
1094 483 1151 539 in
1201 485 1476 557 contiguis
1520 495 1734 542 torren-
1835 489 1973 545 nuit.

117 591 247 638 tum
307 579 503 653 pratis,
536 593 635 634 seu
670 578 728 634 in
766 577 947 635 littore
977 578 1186 651 Ligeris
1227 590 1542 652 repererant
1569 579 1734 652 depa-
1903 581 2032 636 CAP.
2068 580 2358 637 XXXVIII.
2389 614 2459 622 —
2485 583 2676 639 Amens
2722 587 2905 658 recipit
2932 600 3174 647 utentem.
3203 592 3336 650 Erat
3369 597 3427 652 in

115 679 374 731 scentes.
425 669 726 726 Plurimam
776 670 1046 742 siquidem
1097 685 1289 728 eorum
1325 672 1732 728 multitudinem
1835 676 2088 745 superius
2127 675 2273 731 dicta
2300 676 2443 732 curti
2485 675 2892 735 Matriniacensi
2919 681 3142 751 quidam
3174 683 3308 741 flore
3332 687 3426 757 ju-

111 765 331 824 rustici
357 763 453 836 qui
478 765 798 835 praedonum
833 765 1185 836 praescierant
1210 765 1526 831 adventum,
1553 766 1608 821 in
1639 765 1735 822 sil-
1833 763 2028 821 venilis
2069 765 2245 821 elatus
2278 766 2478 834 aetatis,
2509 769 2730 824 nomine
2771 769 2986 838 Waldo,
3027 774 3122 844 qui
3151 777 3424 846 pruritum

109 860 202 917 vis
231 868 293 916 et
321 859 380 914 in
409 857 752 929 confragosis
774 857 1097 914 abdiderant
1121 858 1373 916 vallibus.
1400 857 1569 931 igitur
1594 873 1734 930 prie—
1835 871 1950 914 suae
1982 872 2094 913 non
2123 856 2306 915 ferens
2327 859 2532 926 carnis,
2593 861 3045 918 consuetudinem
3085 851 3261 938 stupri
3301 884 3429 924 cum

104 961 294 1011 eunte
320 963 572 1019 cantore,
601 959 789 1022 utpote
831 950 970 1006 nihil
999 949 1312 1008 formidinis
1342 951 1627 1017 habentes,
1665 950 1733 1006 ad
1835 950 2018 1020 aliqua
2041 948 2243 1006 fecerat
2270 952 2612 1008 muliercula.
2640 951 2741 1010 Hic
2762 955 2831 1010 ab
2856 955 3048 1024 amicis
3073 961 3274 1029 saepius
3303 975 3428 1016 cor-

106 1049 278 1104 littus
315 1052 617 1118 pr0perant
639 1044 838 1113 amnis,
861 1044 958 1099 ubi
986 1044 1173 1116 plures
1195 1060 1424 1101 suorum
1449 1045 1519 1102 ad
1549 1053 1736 1101 custo—
1834 1047 2042 1109 reptus,
2081 1039 2172 1096 illa
2200 1041 2401 1112 reiecta
2430 1042 2586 1098 duxit
2617 1059 2863 1100 uxorem.
2901 1046 2972 1100 At
2997 1046 3088 1101 illa
3124 1047 3338 1116 dolens,
3375 1061 3431 1106 et

104 1141 270 1196 diam
299 1139 532 1195 navium
561 1137 986 1205 collocaverant,
1027 1138 1230 1209 quibus
1260 1139 1514 1194 eumdem
1550 1147 1735 1194 trans-
1835 1131 2029 1188 ulcisci
2059 1147 2182 1189 sese
2208 1141 2322 1188 toto
2349 1133 2614 1191 affectans
2636 1136 2841 1203 animo,
2866 1137 3156 1210 investigat
3185 1157 3291 1211 qua
3313 1151 3431 1199 artu

104 1231 528 1303 navigaverant
563 1228 811 1286 ﬂuvium.
851 1228 1025 1285 Porro
1049 1223 1231 1286 coloni
1273 1230 1387 1301 jam
1414 1231 1572 1286 dicta:
1599 1245 1732 1301 pos-
1837 1237 1994 1278 suam
2052 1225 2228 1294 possit
2280 1226 2558 1282 vindicare
2605 1227 2886 1297 injuriam.
2946 1227 3100 1286 Unde
3146 1233 3429 1289 maleficiis

107 1323 398 1380 sessionis
424 1322 480 1378 in
511 1338 687 1379 unum
729 1322 845 1393 jam
882 1321 1280 1391 conﬂuxerant,
1310 1331 1600 1394 sequentes
1639 1337 1735 1379 eos
1835 1330 2122 1387 operosam
2153 1317 2476 1388 impendens
2515 1333 2727 1386 curam,
2771 1320 2909 1376 adeo
2938 1322 3220 1392 praevaluit
3249 1333 3309 1380 ut
3334 1325 3427 1395 ju-

106 1431 140 1470 a
187 1415 398 1488 longe;
450 1430 800 1488 nequaquam
865 1415 1014 1471 enim
1073 1415 1398 1487 appropiare
1439 1416 1730 1472 audebant.
1835 1409 1992 1465 venis
2018 1417 2254 1464 mentem
2282 1409 2565 1477 alienaret,
2593 1419 2648 1466 et
2669 1411 2725 1466 in
2751 1427 2817 1466 eo
2844 1411 3090 1470 funditus
3119 1416 3234 1472 suis
3264 1431 3428 1472 vene-

109 1505 241 1563 Jam
297 1507 486 1590 diem,
535 1517 741 1562 autem
778 1507 1128 1578 pmposiws,
1168 1523 1280 1562 non
1335 1509 1626 1562 minimum
1681 1508 1735 1562 in
1837 1499 1976 1556 ficiis
2000 1500 2108 1555 vim
2129 1501 2770 1574 rationisexstingueret.
2791 1503 2896 1570 Qui
2915 1508 3426 1577 menteperditus,a
3506 1560 3509 1563 .

107 1599 289 1657 corde
313 1599 638 1670 concipiens
666 1599 934 1669 dolorem,
985 1600 1314 1656 anxiabatur
1357 1601 1538 1667 valde,
1581 1597 1737 1672 igno-
1838 1607 1940 1646 suo
1954 1591 2232 1648 domicilio
2245 1594 2759 1663 egressus,propria
2777 1595 3281 1665 ignorantefamilia
3295 1600 3429 1670 quid

112 1699 252 1748 ηηε
278 1691 422 1763 quid
464 1691 813 1762 potissimum
868 1707 1030 1765 agere
1055 1693 1312 1758 deberet;
1361 1675 1536 1763 neque
1588 1693 1733 1747 enim
1839 1699 2002 1754 agere
2028 1683 2346 1750 destinaret,
2384 1700 2516 1739 arcu
2543 1695 2826 1756 assumpto
2864 1702 2990 1742 cum
3022 1689 3232 1763 sagittis
3265 1690 3431 1762 (huis

112 1784 224 1841 sibi
249 1783 343 1840 vel
371 1783 493 1840 suis
515 1790 694 1838 tutum
719 1783 837 1839 fore
861 1783 1180 1840 advertebat
1205 1784 1260 1839 in
1290 1784 1477 1840 hostes
1503 1785 1732 1851 irruere,
1768 1789 1809 1846 lt
1838 1775 1986 1830 enim
2022 1776 2127 1831 arti
2152 1776 2413 1848 vacabat)
2465 1777 2632 1833 Silvas
2661 1779 2816 1848 Ρθιὶἱι
2851 1778 3259 1850 cam-montis,
3290 1781 3427 1838 deli-

119 1890 312 1946 neque
347 1875 601 1946 ipsorum
625 1874 905 1946 navigium
935 1890 1342 1945 praeoccupare,
1384 1891 1508 1930 cum
1554 1876 1609 1929 hi
1641 1877 1735 1946 qui
1835 1877 2054 1924 tescens
2079 1869 2350 1926 incihatus
2371 1871 2582 1941 aliquot
2602 1869 2720 1925 dies
2743 1871 2798 1925 in
2820 1871 2949 1928 illis.
2973 1872 3184 1939 Quibus
3211 1877 3430 1932 tandem

115 1965 189 2022 ad
222 1981 361 2022 eum
388 1975 785 2034 convenerant,
820 1965 985 2037 pauci
1013 1975 1196 2023 essent
1217 1981 1470 2034 numero,
1502 1981 1603 2022 nec
1643 1983 1736 2021 εει..
1837 1959 2044 2038 relictis
2079 1959 2388 2016 Floriacum
2415 1963 2652 2030 devenit,
2683 1964 2738 2018 in
3002 1965 3145 2021 beati
3174 1967 3431 2038 Baptistae

114 2057 194 2114 tis
245 2057 445 2113 animo
489 2065 826 2114 constantes.
869 2054 1160 2113 Enimvero
1206 2059 1470 2130 quoniam
1511 2057 1737 2114 deerant
1835 2051 2093 2120 Joannis;
2125 2053 2501 2125 maioremque
2541 2057 2833 2112 ecclesiam
2861 2066 3073 2128 petens,
3117 2075 3302 2114 coram
3345 2060 3429 2116 al-

117 2149 275 2206 vires
307 2149 626 2216 hominum,
669 2156 725 2205 et
767 2148 968 2207 robore
1017 2148 1419 2205 destituebatur
1468 2149 1734 2218 humano,

120 2243 259 2298 totis
302 2241 564 2299 medullis
597 2241 938 2298 convertitur
984 2239 1054 2296 ad
1098 2240 1344 2296 divinum
1390 2241 1733 2314 suffragium,

124 2342 357 2406 totoque
397 2333 456 2388 in
497 2342 698 2390 terram
735 2339 1046 2404 prostratus
1070 2347 1318 2404 corpore,
1359 2333 1576 2390 ctelitus
1622 2335 1736 2390 suis

123 2423 402 2479 exorabat
436 2419 712 2479 auxiliari.
746 2420 816 2477 Et
834 2438 1030 2478 versus
1075 2423 1144 2478 ad
1171 2423 1378 2491 hostes,
1420 2423 1478 2479 in
1515 2425 1738 2480 nomine

133 2515 359 2572 Domini
393 2515 680 2571 maledixit
727 2514 858 2580 illis,
888 2514 1115 2586 suisque
1155 2513 1432 2584 praecepit,
1459 2529 1584 2570 cum
1626 2515 1738 2571 cla-

129 2624 286 2665 more
314 2609 581 2676 maximo,
618 2615 768 2679 terga
797 2607 1168 2677 malignorum
1211 2621 1242 2661 a
1285 2606 1446 2684 longe
1477 2606 1734 2677 insequi;

134 2702 229 2774 qui
255 2703 375 2774 jam
399 2717 497 2772 per
542 2701 698 2757 collis
739 2700 1012 2757 declivum
1044 2699 1458 2768 descendentes,
1505 2698 1736 2755 festina-

133 2795 267 2850 bant
296 2792 548 2850 ascensis
571 2791 805 2847 navibus
839 2791 907 2847 ad
930 2807 1030 2847 sua
1056 2791 1291 2861 regredi,
1322 2791 1596 2846 neminem
1620 2791 1738 2847 suis

135 2883 376 2941 obviare
430 2881 659 2938 ausibus
700 2881 901 2937 audere
942 2881 1307 2952 suspicantes.
1341 2881 1558 2937 Auditis
1608 2895 1738 2952 ergo

133 2984 260 3045 post
299 2989 404 3030 sua
447 2972 674 3046 vestigia
707 2971 1125 3028 vociferantium
1156 2972 1502 3040 tumultibus,
1534 2981 1591 3029 et
1629 2973 1740 3028 cla-

138 3083 290 3124 more
312 3075 578 3138 tanquam
625 3078 748 3122 sese
794 3050 1028 3120 invicem
1071 3064 1502 3133 exhortantium,
1551 3073 1739 3134 tantus

135 3161 301 3218 corda
327 3161 575 3232 ipsorum
619 3159 797 3216 induit
833 3167 1015 3216 metus
1061 3168 1122 3214 ut
1149 3159 1414 3231 praecipiti
1445 3174 1640 3216 omnes
1677 3176 1737 3218 se

139 3253 418 3310 traderent
451 3250 615 3324 fugae,
658 3259 716 3308 et
755 3252 1004 3308 certatim
1033 3267 1202 3309 cursu
1244 3253 1454 3324 pernici
1485 3255 1737 3324 pervola-

141 3348 260 3402 rent
283 3345 352 3402 ad
382 3344 611 3413 flumen,
649 3345 944 3416 nullusque
963 3353 1110 3401 esset
1131 3346 1227 3416 qui
1253 3361 1350 3402 eos
1371 3361 1403 3401 a
1431 3343 1558 3418 fuga
1582 3347 1737 3402 cohi-

140 3437 267 3493 bere
296 3436 709 3508 aggrederetur,
745 3444 806 3492 ut
849 3437 907 3492 in
950 3437 1044 3492 tali
1079 3439 1300 3510 negotio
1344 3439 1463 3494 ﬁeri
1505 3439 1732 3506 assolet;

141 3530 231 3600 qui
259 3531 408 3586 enim
437 3531 609 3586 duces
633 3529 854 3586 fuerant
877 3531 932 3585 in
959 3531 1184 3597 scelere,
1209 3530 1372 3601 primi
1392 3539 1548 3586 erant
1571 3531 1730 3603 fugae.

142 3622 291 3679 Tunc
316 3623 454 3679 illud
480 3623 622 3679 beati
645 3621 750 3678 Job
771 3623 1002 3691 dictum,
1024 3639 1340 3694 quanquam
1371 3625 1476 3681 sub
1505 3626 1613 3681 alio
1647 3626 1734 3680 in-

143 3715 375 3782 tellectu,
409 3713 627 3770 videres
658 3714 942 3785 impletum
973 3731 986 3766 :
1031 3713 1193 3768 Versa
1231 3715 1392 3770 estin
1434 3715 1636 3770 luctum
1660 3717 1737 3770 ci-

144 3808 292 3864 thara
333 3819 384 3865 et
433 3824 691 3880 organum
736 3809 793 3862 in
830 3824 1004 3863 vocem
1038 3807 1281 3878 ﬂentium
1325 3807 1450 3880 (Job
1494 3825 1576 3876 ιιι,
1620 3808 1732 3880 5i).

142 3899 322 3972 Itaque
365 3901 780 3973 praecipitanter
817 3900 875 3955 in
915 3900 1147 3971 scaphas
1191 3902 1445 3973 ingressi,
1475 3901 1606 3957 dum
1637 3916 1735 3958 eo-

141 4008 257 4049 rum
289 3993 677 4066 unusquisque
717 3992 997 4049 transvehi
1023 3991 1246 4050 flumine
1282 3994 1574 4062 accelerat,
1600 4009 1737 4065 pon-

140 4083 263 4139 dere
297 4084 673 4141 multitudinis
717 4092 1046 4157 aggravatre,
1095 4098 1222 4140 cum
1253 4086 1655 4156 processissent
1680 4086 1736 4140 in

142 4176 328 4245 altum,
358 4178 664 4235 submersa
695 4177 1007 4234 dehiscunt.
1047 4175 1399 4234 Resonabant
1422 4177 1602 4234 littora
1641 4193 1737 4250 ge-

144 4266 274 4324 mitu
297 4285 362 4325 ac
388 4270 637 4325 clamore
670 4269 997 4325 miserorum
1035 4275 1090 4325 et
1130 4268 1482 4324 morientium
1517 4267 1740 4324 ululati-

143 4357 262 4428 bus,
301 4375 546 4418 concava
567 4361 793 4417 vallium
820 4369 876 4417 et
901 4376 1190 4418 nemorum
1215 4360 1489 4418 condensa
1512 4375 1740 4433 respon-

1839 2142 1962 2210 tari,
1993 2143 2142 2214 quod
2165 2144 2458 2215 imaginem
2489 2156 2802 2217 argenteam
2837 2147 3132 2205 Dominieae
3170 2151 3430 2206 recorda-

1837 2235 2006 2292 tionis
2037 2250 2180 2306 pone
2211 2235 2396 2303 habet,
2433 2238 2702 2305 constitit,
2747 2238 3011 2296 fratribus
3054 2241 3289 2298 Domino
3334 2259 3424 2298 so.

1837 2327 2006 2382 lemni
2055 2343 2208 2384 more
2243 2328 2478 2400 hymnos
2521 2331 2930 2386 resonantibus.
2976 2330 3081 2387 Ubi
3114 2333 3244 2391 dum
3293 2335 3434 2391 inter

1838 2420 2166 2476 candelabra
2228 2421 2480 2491 stupidus
2522 2421 2627 2478 hac
2678 2431 2734 2479 et
2782 2423 2908 2479 illac
2954 2424 3162 2480 Iumina
3210 2437 3430 2482 contor-

1837 2527 2015 2583 quens
2039 2521 2093 2568 et
2120 2513 2392 2570 calcaneis
2421 2515 2600 2572 solum
2633 2516 2932 2587 pavimenti
2973 2527 3212 2576 atterens
3251 2522 3430 2592 [orsi-

1839 2611 2026 2672 steret,
2063 2605 2348 2675 suspensis
2386 2605 2669 2674 fratribus,
2706 2608 2800 2678 qui
2829 2624 2956 2664 eum
2983 2598 3269 2679 noverant,
3298 2613 3430 2684 quid

1839 2709 2000 2767 agere
2045 2696 2406 2765 deliberaret;
2454 2700 2675 2756 tandem
2724 2711 3006 2773 comperto
3054 2705 3201 2775 quod
3250 2714 3433 2762 mente

1838 2788 2186 2857 excessisset,
2213 2790 2479 2860 expulsus
2511 2799 2597 2848 est
2625 2807 2656 2846 a
2679 2793 2803 2850 loco
2827 2795 3082 2851 stationis
3111 2815 3125 2853 :
3150 2797 3300 2854 illius
3332 2799 3428 2870 qui

1841 2892 1961 2934 sese
1982 2881 2188 2950 pernici
2233 2898 2426 2953 gressu
2454 2899 2806 2954 promovens,
2839 2895 2969 2944 ante
3008 2905 3161 2945 aram
3194 2889 3289 2946 Dei
3322 2891 3427 2949 Ge-

1841 2969 2074 3028 nitricisl
2093 2973 2346 3041 contulit,
2391 2982 2447 3029 et
2483 2974 2617 3030 inibi
2656 2984 2828 3032 totam
2859 2979 3009 3035 illam
3042 2990 3257 3039 noctem
3290 2982 3433 3040 infa-

1841 3061 2080 3133 tigabilis
2109 3065 2426 3137 pervigilem
2451 3067 2679 3136 ducens,
2711 3071 2924 3128 visione
2955 3073 3182 3142 salubri,
3213 3083 3274 3130 ut
3314 3075 3432 3147 ipse

1765 3131 1810 3194 Ο
1841 3155 2090 3226 pluribus
2125 3159 2475 3227 postmodum
2523 3159 2813 3220 confessus
2866 3173 2970 3232 est,
3027 3165 3081 3222 in
3142 3131 3429 3237 pristinam

1840 3246 2160 3316 sospitatem
2205 3258 2289 3303 est
2321 3251 2626 3308 restitutus.
2662 3251 2891 3310 Videbat
2920 3271 3159 3328 namque
3193 3259 3290 3315 Dei
3324 3259 3429 3316 Ge-

1839 3338 2112 3406 nitricem,
2135 3337 2352 3395 Patrem
2375 3339 2728 3399 Benedictum
2751 3352 3114 3418 sanctumque
3135 3359 3431 3423 martyrem

1838 3429 2089 3486 Maurum
2112 3447 2300 3487 coram
2326 3433 2603 3490 assistere.
2636 3434 2714 3492 De
2736 3437 2938 3507 quibus
2962 3440 3174 3509 primus
3205 3452 3432 3500 sanctus

1837 3533 2046 3594 martyr
2074 3523 2142 3579 ad
2174 3522 2392 3580 Patrem
2423 3524 2779 3584 Benedictum
2809 3529 2990 3587 aiebat
3018 3548 3031 3585 :
3065 3531 3260 3589 Libera
3289 3536 3427 3591 hunc

1839 3615 2101 3686 [amulum
2123 3625 2298 3672 tuum.

1909 3707 2037 3763 CAP.
2067 3708 2308 3765 XXXIX.
2335 3743 2408 3753 —
2444 3711 2713 3770 Miracula
2741 3716 2886 3771 edita
2920 3716 3236 3774 Patriciaci.
3286 3721 3430 3777 Con-

1841 3811 2041 3858 tractus
2070 3813 2355 3874 vegetatus.
2386 3806 2746 3879 Consequens
2779 3810 2995 3867 videtur
3026 3822 3086 3869 ut
3123 3815 3288 3870 etiam
3329 3815 3430 3871 ali-

1839 3908 1948 3964 qua
1979 3909 2048 3951 ex
2083 3897 2170 3953 his
2217 3898 2568 3969 adnotemus,
2615 3918 2738 3973 quae
2775 3906 3124 3977 omnipotens
3165 3908 3430 3966 Dominus

1839 3987 1979 4044 mira
2020 3997 2279 4059 Operatur
2305 4007 2402 4063 per
2423 3993 2678 4050 eumdem
2713 3994 2931 4054 Patrem
2978 4000 3121 4070 apud
3160 3999 3426 4057 Patricia—

1839 4095 1985 4148 cum,
2010 4097 2107 4138 seu
2133 4083 2189 4138 in
2230 4084 2368 4141 locis
2405 4087 2509 4142 sibi
2543 4089 2798 4147 subditis.
2839 4088 3026 4162 Neque
3049 4093 3197 4148 enim
3227 4093 3427 4149 minori

1839 4174 2232 4232 miraculorum
2264 4180 2422 4250 copia
2449 4181 2504 4236 in
2530 4183 2724 4239 eodem
2755 4199 3049 4242 coruscare
3089 4186 3429 4260 dignoscitur

1838 4265 1961 4323 loco
1994 4282 2158 4338 quam
2198 4270 2342 4340 apud
2385 4271 2716 4344 Floriacum,
2763 4278 2857 4333 ubi
2901 4294 3130 4351 corpore
3176 4282 3425 4352 quiescit.

1841 4354 1996 4414 Unde
2022 4358 2162 4414 idem
2193 4360 2348 4417 locus
2399 4362 2455 4417 in
2486 4368 2729 4423 maximo
2762 4384 2794 4424 a
2819 4369 2937 4426 suis
2963 4373 3170 4430 honore
3198 4375 3432 4431 habetur

145 4451 359 4510 debam,
393 4453 625 4511 Videres
668 4454 881 4527 Ligeris
930 4456 1086 4511 alveo
1136 4471 1299 4512 arcus
1321 4471 1448 4512 cum
1502 4456 1734 4528 sagittis,
1766 4481 1817 4541 Ι)
1840 4450 2054 4519 vicinis,
2076 4461 2131 4508 et
2148 4453 2451 4510 multorum
2471 4455 2779 4529 frequentia
2799 4460 3179 4533 frequentatur
3201 4467 3431 4538 populo-

149 4543 330 4604 hastas
366 4549 535 4604 etiam
585 4563 714 4605 cum
763 4547 969 4620 clypeis
1010 4548 1328 4615 subnatare,
1373 4563 1497 4619 quae
1535 4547 1736 4604 ﬂuvius
1841 4561 1987 4612 rum,
2022 4554 2138 4601 tum
2165 4547 2222 4602 in
2257 4549 2698 4610 solemnitatibus
2738 4554 2904 4626 hujus
2927 4553 3106 4612 Patris
3139 4573 3432 4615 accurren-

150 4635 418 4695 celeritate
466 4654 576 4710 qua
626 4639 910 4707 decurrit,
965 4636 1199 4694 inferius
1257 4639 1583 4695 devehebat.
1636 4639 1738 4696 Fe-

153 4737 274 4784 runt
318 4741 502 4788 autem
548 4746 647 4788 eos
693 4731 788 4803 qui
845 4731 903 4786 in
949 4732 1131 4788 amnis
1185 4732 1359 4804 ipsius
1405 4733 1566 4790 caecis
1608 4734 1740 4790 sub-

154 4819 315 4876 mersi
359 4821 669 4894 gurgitibus
723 4820 976 4879 suﬂocati
1028 4822 1329 4893 perierunt,
1379 4839 1490 4879 non
1534 4839 1739 4895 paucos

155 4907 337 4969 fuisse.
379 4913 552 4986 Capta
595 4923 680 4970 est
707 4928 838 4970 vero
887 4929 996 4970 non
1055 4913 1283 4969 minima
1323 4915 1614 4972 multitudo
1646 4931 1741 4972 eo-

159 5017 297 5073 rum,
327 5010 421 5080 qui
451 5023 803 5081 nequaquam
855 5008 923 5064 ad
967 5007 1248 5079 navigium
1297 5008 1606 5081 pertingere
1644 5024 1742 5080 po-

163 5105 384 5170 tuerant,
441 5103 529 5158 vel
579 5101 873 5158 formidine
917 5101 1163 5158 fluminis
1215 5102 1464 5158 exterriti
1508 5103 1564 5158 in
1622 5102 1743 5174 ripa

165 5192 482 5251 restiterant.
535 5194 639 5263 Qui
683 5209 878 5251 omnes
930 5200 1201 5264 praecepto
1249 5193 1464 5249 abbatis
1503 5201 1559 5250 et
1611 5192 1743 5248 reli-

167 5298 388 5352 quorum
416 5291 671 5346 Fratrum
712 5289 963 5355 relaxati,
989 5287 1247 5344 virtutem
1292 5285 1472 5342 Patris
1505 5287 1746 5343 circum-

170 5385 372 5448 quaque
419 5378 785 5452 divulgarunt.
828 5375 932 5432 Per
977 5377 1159 5432 omnia
1214 5376 1532 5434 benedictus
1572 5375 1740 5444 Deus,

213 5600 798 5681 .(_3I)__Lege_S._G_rati
821 5605 885 5681 de
927 5597 1512 5681 Pqt'edovulgo'Paré
1535 5605 1582 5660 le
1620 5605 1741 5681 Mo-

177 5672 294 5741 ῃξαι,
321 5672 572 5735 dimeésis
601 5676 895 5733 Eduensis
937 5676 1002 5729 ad
1052 5672 1374 5734 Brebinc'am
1405 5691 1644 5741 amnem,
1685 5679 1741 5731 in

176 5737 388 5813 Ligerim
409 5751 578 5819 paulo‘
616 5748 758 5803 infra
800 5746 1114 5802 influentem
1163 5748 1319 5814 Quod
1342 5737 1741 5805 monasterium

467 5844 742 5904 Parnm“
789 5838 974 5907 CLX.

1841 4637 1978 4692 tium
2001 4654 2166 4708 quam
2192 4655 2294 4710 pro
2315 4642 2548 4700 diversis
2573 4645 2995 4714 calamitatibus,
3027 4649 3073 4705 si
3101 4651 3322 4721 quando
3349 4650 3431 4705 af-

1843 4727 1972 4784 flicti
2024 4728 2249 4800 fuerint,
2299 4735 2748 4806 supplicantium.
2800 4737 2912 4796 Nos
2961 4755 3091 4796 vero
3132 4741 3222 4796 vix
3257 4757 3430 4812 pauca

1843 4836 2035 4880 eorum
2073 4839 2198 4895 quae
2243 4826 2377 4883 inibi
2422 4829 2695 4900 gloriosus
2747 4830 2909 4888 Pater
2945 4835 3114 4905 gessit
3154 4833 3431 4904 attigimus

1844 4929 2092 4986 operum,
2124 4919 2322 4989 partim
2362 4921 2472 4977 illis
2502 4923 2872 4981 habitatorum
2917 4927 3129 4981 incuria
3170 4925 3433 4981 oblivioni

1844 5010 2080 5078 traditis,
2108 5013 2308 5082 partim
2344 5015 2593 5085 priorum
2620 5019 2946 5091 negligentia
2971 5028 3305 5087 nostrorum,
3339 5022 3433 5091 qui

1846 5116 1970 5156 cum
1999 5103 2191 5173 peritia
2215 5107 2487 5164 scribendi
2505 5109 2811 5179 calluerint,
2831 5126 2895 5166 ea
2921 5111 3161 5167 scribere
3184 5113 3435 5184 neglexe-

1849 5203 1996 5250 runt.
2045 5195 2215 5267 Igitur
2266 5200 2509 5256 rusticus
2543 5203 2787 5272 quidam,
2812 5202 3082 5257 vocabqu
3119 5201 3432 5269 Durandus,

1849 5303 2040 5346 servus
2066 5287 2124 5345 S.
2161 5289 2325 5347 Gradi
2352 5293 2419 5348 de
2447 5291 2658 5350 Paredo
2698 5294 2836 5365 (51),
2881 5295 3311 5352 contractionem
3345 5296 3433 5350 in-

1848 5379 2110 5440 feriorum
2144 5383 2451 5441 incurrerat
2493 5386 2884 5456 membrorum,
2932 5386 3200 5444 femorum
3243 5387 3435 5442 videli-

1851 5610 2176 5684 Isambertus
2217 5629 2400 5669 comes
2457 5615 2838 5672 Cabilonensis
2890 5617 3214 5683 aedificavit,
3274 5615 3429 5684 Ηυςο

1847 5682 1992 5764 filius
2015 5683 2155 5753 ejus,
2171 5685 2996 5764 Antissiedorensisepiscopus,
3021 5682 3286 5764 Cluniaco
3312 5682 3438 5743 sub—

1841 5755 1972 5823 jecit
1991 5769 2138 5810 anno
2160 5755 2615 5826 undemillesimo,
2643 5755 2902 5816 llo—tberto
2927 5775 3050 5831 rege
3072 5759 3433 5830 approbante.

2947 5848 3119 5907 -39
