3946 6306
487 280 624 334 12ξῖ

1447 269 1748 327 RADULFI
1784 267 2114 326 TORTARll
2150 266 2460 325 MONACIII
2499 265 2816 324 FLORIAC.

3630 272 3758 328 τευ

481 405 586 461 cet,
623 394 878 447 tibiarum
924 397 977 443 et
1003 387 1222 458 pedum.
1259 383 1384 451 Qui,
1414 382 1678 452 quoniam
1710 381 1854 437 unde
1888 380 2066 437 vietus
2095 387 2143 448 Α
2170 381 2292 436 dem
2324 379 2689 436 Patriciacum
2717 380 2975 436 advectus
3009 387 3111 436 est.
3155 379 3234 437 lbi
3271 396 3498 455 quoque
3535 385 3685 442 velut
3712 391 3759 443 in

481 489 567 543 sui
598 485 838 556 inopiam
871 481 1149 551 suppleret
1176 476 1473 532 debilitatis
1503 491 1611 531 non
1645 475 1868 530 haberet
1896 490 2068 530 mem-

480 580 616 644 bris,
646 575 847 631 fecerat
873 573 976 628 sibi
1007 569 1121 624 lieri
1167 566 1526 638 gestatorium
1549 565 1826 631 locellum,
1869 564 1926 618 in
1959 580 2068 635 quo

480 672 797 740 deportatus
835 679 932 734 per
977 661 1216 716 ﬁdelium
1252 658 1496 714 virorum
1539 657 1750 725 domos,
1797 656 2070 726 quotidia—

480 778 610 818 nam
648 759 843 828 stipem
876 770 974 826 pro
1013 768 1204 809 eorum
1253 751 1597 806 absolutione
1643 748 1952 805 facinorum
2000 749 2070 804 ab

480 855 616 925 ipsis
639 852 882 922 recipere
907 858 1228 903 mereretur.
1254 843 1464 899 Vicinis
1489 851 1671 898 autem
1695 842 1841 898 illius
1869 851 1924 897 et
1946 857 2072 898 con-
2107 887 2111 891 .

480 943 796 1016 sanguineis
827 941 1046 996 assidua
1071 938 1328 1009 egestatis
1355 936 1504 991 illius
1546 934 1943 990 sustentatione
1971 949 2068 988 us-

476 1049 806 1107 quequaque
843 1031 1104 1101 fatigatis,
1137 1029 1369 1098 contigit
1397 1034 1669 1097 quatenus
1707 1025 1822 1080 suis
1868 1023 2070 1081 relictis

479 1128 841 1184 Patriciacum
887 1124 941 1178 in
975 1138 1077 1178 suo
1119 1123 1503 1192 deportaretur
1547 1118 1795 1190 grabato,
1839 1116 1932 1171 ubi
1972 1130 2072 1185 per

479 1219 705 1291 aliquod
740 1217 1004 1288 temporis
1045 1213 1306 1285 spatium,
1354 1211 1716 1267 mendicando
1746 1226 1778 1264 a
1823 1209 1928 1264 sibi
1964 1207 2070 1262 im-

479 1311 844 1384 pendentibus
887 1321 1114 1379 agapem
1150 1291 1478 1376 promeruit:
1510 1303 1568 1358 ln
1614 1302 1846 1358 solemni
1887 1309 2069 1356 autem

479 1405 568 1460 die
590 1400 963 1458 translationis
1005 1398 1291 1454 memorati
1328 1396 1530 1463 Patris,
1555 1395 1895 1466 quaeﬁmense
1925 1393 2070 1449 Julio

438 1557 448 1566 ,
481 1497 683 1553 ibidem
708 1493 977 1550 celebrius
998 1491 1279 1557 recolitur,
1309 1488 1724 1544 advenientibus
1751 1503 1862 1543 non
1892 1487 2068 1542 solum

480 1590 820 1662 plebeiorum
866 1586 1084 1651 turmis,
1121 1584 1216 1640 sed
1249 1583 1415 1638 etiam
1456 1581 1782 1637 clericorum
1818 1587 1873 1634 et
1914 1579 2072 1634 nobi—

480 1682 616 1736 lium
637 1679 883 1736 honestis
926 1676 1202 1748 personis,
1234 1673 1499 1728 fratribus
1528 1680 1829 1727 noeturnas
1856 1671 2069 1742 agenti-

478 1775 584 1830 bus
629 1760 864 1845 vigilias,
913 1769 1126 1841 rogavit
1175 1783 1234 1822 se
1285 1765 1485 1822 deferri
1532 1765 1601 1819 ad
1640 1763 2066 1829 monasterium,
2100 1751 2144 1810 Β

479 1867 724 1937 ejusdem
752 1864 1018 1919 interesse
1038 1860 1267 1931 cupiens
1282 1858 1484 1930 vigiliis
1509 1876 1521 1912 :
1551 1856 1701 1928 quod
1729 1865 1783 1911 et
1809 1855 2063 1910 obtinuit.

478 1958 652 2014 Porro
694 1956 826 2012 dum
855 1963 1116 2026 quartum
1161 1951 1377 2008 canitur
1412 1949 1848 2020 responsorium,
1899 1948 2070 2018 inspi-

477 2060 655 2118 rante,
695 2058 757 2104 ut
786 2063 934 2114 reor,
982 2047 1167 2102 divina
1196 2045 1504 2110 clementia,
1534 2058 1656 2113 qua:
1696 2042 1798 2097 sibi
1831 2057 1924 2112 per
1955 2042 2070 2112 glo-

478 2143 614 2198 riosi
644 2140 822 2197 Patris
858 2128 1054 2193 merita
1097 2134 1345 2192 misereri
1380 2135 1716 2199 decreverat,
1761 2133 2072 2204 postulabat

479 2235 680 2298 obnixe
709 2242 772 2295 ut
804 2229 1201 2296 transvehendo
1247 2226 1572 2291 subderetur
1615 2242 1792 2305 capve
1861 2225 1918 2274 in
1960 2245 2068 2304 qua

479 2335 906 2390 continebantur
963 2331 1229 2402 reliquiae.
1282 2329 1619 2400 Arripientes
1673 2342 1802 2398 ergo
1849 2327 1957 2381 duo
2001 2325 2070 2380 de

478 2429 680 2501 populo
708 2429 992 2501 grabatum
1036 2429 1178 2498 ejus,
1221 2428 1276 2482 in
1312 2440 1423 2497 quo
1455 2423 1655 2497 gestari
1686 2421 1912 2489 solebat,
1939 2419 2070 2476 sub-

479 2524 754 2580 duxerunt
772 2536 899 2578 eum
920 2536 1018 2592 per
1040 2520 1222 2576 locum
1253 2519 1320 2574 de
1348 2533 1458 2589 quo
1498 2517 1746 2588 petierat.
1780 2512 2069 2568 Translato

481 2617 665 2687 itaque
695 2628 782 2682 eo,
831 2629 960 2670 mox
1007 2613 1190 2670 nervis
1239 2627 1359 2668 sese
1383 2609 1824 2673 extendentibus,
1874 2605 2069 2661 laxatis

481 2707 640 2763 nodis
690 2707 892 2778 quibus
934 2707 1260 2762 tenebantur
1301 2703 1533 2770 astricti,
1575 2699 1824 2757 omnium
1865 2698 2069 2768 recepit

480 2801 824 2856 solutionem
857 2799 1252 2863 membrorum,
1296 2796 1577 2866 linquente
1607 2793 1793 2848 dolore
1835 2791 2069 2861 pristino

480 2908 641 2947 crura
690 2891 856 2957 illius,
894 2905 1055 2948 suras
1105 2897 1160 2944 et
1194 2888 1404 2958 reliqua
1446 2901 1569 2956 qua:
1609 2884 1705 2940 diu
1755 2883 2068 2938 obtinuerat

479 2983 748 3037 membra.
805 2979 1033 3036 Solutus
1083 2977 1320 3047 denique
1364 2975 1516 3030 omni
1567 2972 1851 3044 angustia,
1905 2973 2069 3042 coepit

479 3074 726 3130 omnium
760 3070 1029 3128 Salvatori
1061 3069 1172 3125 Deo
1215 3068 1418 3124 multas
1443 3066 1600 3137 juxta
1638 3063 1923 3120 modulum
1952 3079 2066 3119 suae

478 3166 722 3223 scientia:
751 3165 1064 3236 persolvere
1111 3170 1313 3234 grates,
1343 3159 1670 3228 Patremque
1712 3155 2065 3212 Benedictum

475 3259 692 3330 magnis
737 3258 997 3314 extollere
1026 3254 1302 3319 laudibus,
1335 3269 1432 3323 per
1459 3267 1620 3322 quem
1659 3249 1890 3306 salutem
1918 3250 2066 3319 τι)νο-

476 3358 772 3406 meruerat.
797 3348 974 3416 Quod
1013 3355 1302 3404 cernentes
1342 3343 1559 3410 fratres,
1601 3351 1714 3396 tam
1766 3340 1870 3411 ipsi
1897 3356 2094 3410 quam,

480 3451 627 3498 totus
662 3442 752 3496 ille
794 3441 891 3512 qui
933 3441 1000 3497 ad
1026 3439 1228 3496 festum
1257 3443 1574 3493 occurrerat
1601 3434 1856 3505 populus,
1888 3432 1956 3487 ad
1986 3434 2092 3492 εἰν.

478 3535 608 3591 mile
639 3550 780 3606 opus
817 3549 876 3590 se
905 3540 1236 3604 praeparant,
1285 3530 1340 3584 in
1377 3527 1632 3587 laudibus
1663 3525 2065 3598 Omnipotcntis

477 3628 571 3682 diu
595 3627 894 3694 immorati,
940 3625 1034 3697 qui
1078 3641 1177 3696 per
1205 3623 1401 3679 merita
1431 3621 1547 3694 jam
1577 3619 1708 3676 dicti
1736 3618 1918 3676 Patris
1947 3621 2064 3677 suis

478 3719 754 3775 beneﬁcia
777 3720 1006 3791 largitur
1031 3718 1274 3774 famulis.

546 3811 676 3867 Car.
708 3811 823 3867 XL.
848 3842 903 3852 —-
940 3809 1145 3866 Simile.
1177 3809 1499 3864 Fornicator
1528 3809 1767 3880 punitus.
1788 3806 2090 3874 .Questura.

475 3920 570 3974 pro
592 3905 788 3975 egenis.
821 3903 972 3967 Alter
999 3903 1185 3970 etiam,
1231 3901 1452 3957 Belinus
1479 3901 1721 3969 nomine,
1760 3901 1828 3956 de
1859 3898 2064 3954 familia

475 3997 722 4068 ejusdem
753 3995 955 4064 Patris,
1002 4004 1059 4052 et
1107 3996 1224 4066 ipse
1267 4009 1412 4050 unus
1454 3993 1522 4048 de
1564 3992 1710 4047 ruris
1738 3991 2061 4058 cultoribus,

475 4091 644 4146 nimia
690 4090 1062 4146 membrorum
1112 4087 1402 4142 vexatione
1445 4084 1726 4155 fatigatus,
1768 4083 1823 4138 in
1862 4084 2089 4140 lectunt

475 4182 695 4240 decidit.
722 4182 783 4237 lu
807 4196 918 4252 quo
943 4179 1259 4251 prolixioris
1279 4177 1548 4232 recubans
1573 4176 1753 4248 spatio
1773 4177 2061 4247 temporis,
2082 4207 2088 4238 ;

474 4273 647 4330 nimia
695 4272 749 4327 vi
799 4270 1139 4343 aegritudinis
1190 4269 1415 4326 arctatis
1472 4269 1660 4336 venis,
1711 4278 2064 4340 meatumque

474 4380 638 4421 suum
668 4364 950 4443 sanguine
969 4363 1248 4434 perdente,
1279 4363 1542 4418 exsiccati
1584 4370 1714 4418 sunt
1738 4362 1892 4418 nervi
1917 4362 2058 4433 ejus,

2172 473 2315 540 aliis,
2343 474 2396 529 in
2422 474 2624 545 quibus
2650 474 2932 545 deguerat,
2961 473 3122 542 locis,
3151 476 3535 546 quotidianam
3559 480 3763 534 mendi-

2172 581 2304 621 cans
2344 565 2627 636 aliquanto
2662 575 2908 637 tempore
2949 577 3284 624 consecutus
3327 579 3415 625 est
3466 586 3762 629 annonam.

2170 656 2414 713 Audiens
2467 665 2650 713 autem
2700 656 2918 713 Patrem
2964 657 3342 727 Benedictum,
3393 676 3558 717 suum
3606 662 3766 719 etiam

2172 751 2464 804 carnaliter
2495 749 2804 818 dominum,
2856 750 3026 806 multa
3063 753 3279 809 caeteris
3307 762 3574 824 praestare
3621 760 3766 811 sani-

2173 849 2349 905 tatum
2372 841 2658 908 beneﬁcia,
2688 841 2855 912 coepit
2870 843 2926 896 in
2954 844 3070 900 suis
3101 845 3423 915 hujusmodi
3453 846 3765 904 conflictum

2172 934 2375 990 habere
2398 934 2855 1006 cogitationibus:
2880 935 2940 991 Si
2965 937 3155 1009 alienis
3179 955 3326 993 meus
3354 949 3467 994 tam
3492 944 3769 1012 magniﬁce

2173 1031 2503 1102 suffragatur
2528 1032 2774 1087 dominus
2798 1043 2856 1088 ut
2879 1051 2986 1102 eos,
3013 1039 3256 1108 quamvis
3289 1041 3701 1108 remotissimos,
3727 1044 3768 1094 :i
3857 1047 3862 1053 ’

2172 1121 2346 1191 ipsum
2378 1131 2546 1176 mente
2568 1123 2794 1193 supplici
2820 1125 3151 1182 advenientes
3177 1133 3532 1199 exposcerint,
3563 1132 3634 1185 ab
3659 1149 3768 1186 om-

2173 1212 2376 1282 nigenis
2403 1223 2564 1285 ,curet
2610 1216 3036 1286 inﬁrmitatibus,
3076 1230 3276 1290 quanto
3310 1224 3484 1293 magis
3524 1225 3660 1278 meis
3692 1241 3771 1278 so-

2172 1304 2420 1374 spitatem
2460 1307 2821 1377 redintegrare
2855 1308 3002 1363 debet
3031 1310 3302 1380 membris,
3334 1312 3487 1368 illius
3530 1316 3771 1368 seri-itali

2172 1397 2438 1465 obnoxiis;
2483 1401 2574 1470 qui
2623 1417 2744 1454 cum
2788 1401 2904 1470 ejus
2943 1404 3046 1456 sim
3091 1420 3309 1474 corpore
3351 1422 3556 1473 senius,
3608 1421 3770 1462 mente

2172 1491 2333 1543 etiam
2355 1507 2472 1544 sum
2506 1491 2593 1546 illi
2615 1493 3031 1550 devotissimus?
3060 1493 3185 1552 Hazc
3205 1506 3259 1552 et
3288 1497 3376 1554 his
3397 1499 3609 1555 similia
3636 1503 3770 1572 apud

2173 1597 2232 1647 se
2262 1590 2588 1651 retraetans,
2614 1595 2806 1640 exorat
2827 1585 3029 1642 deferri
3051 1603 3111 1643 se
3132 1589 3201 1645 ad
3226 1593 3661 1659 monasterium,
3687 1595 3773 1650 ul-i

2174 1690 2282 1728 non
2328 1677 2518 1732 multis
2559 1678 2795 1735 evolutis
2841 1679 3055 1749 diebus,
3097 1683 3402 1740 secundum
3433 1685 3606 1741 ﬁdem
3649 1703 3773 1759 pro-

2173 1766 2370 1836 priam,
2409 1767 2640 1824 salutem
2682 1770 2889 1840 recepit
2918 1771 3349 1844 integerrimam,
3386 1779 3659 1835 omnibus
3697 1796 3776 1834 ne-

2173 1856 2448 1925 cuperatis
2477 1857 2759 1912 membris.
2803 1856 2959 1914 Unde
3000 1860 3299 1930 plurimum
3328 1865 3602 1936 gaudens,
3652 1883 3771 1938 per-

2173 1948 2456 2003 severabat
2492 1949 2546 2003 in
2573 1949 2766 2004 eodem
2793 1951 2935 2019 loco,
2965 1953 3220 2012 noctibus
3249 1957 3546 2027 quiescens
3581 1959 3641 2014 in
3669 1970 3773 2016 sta—

2172 2039 2323 2108 bulo,
2350 2041 2498 2112 quod
2521 2053 2772 2114 superest
2794 2044 2983 2109 domui
3008 2045 3287 2118 hoSpitum
3313 2049 3424 2106 illic
3451 2063 3771 2123 praeparate

2173 2133 2450 2189 adventui.
2491 2132 2774 2207 Reputans
2808 2153 2938 2194 vero
2978 2139 3145 2196 licere
3183 2140 3299 2212 jam
3349 2142 3458 2198 sibi
3505 2145 3774 2217 quidquid

2171 2241 2335 2304 agere
2361 2227 2540 2303 vellet,
2567 2253 2676 2293 una
2705 2231 2973 2308 noctium,
2997 2232 3175 2298 victus
3204 2249 3290 2297 sul
3315 2239 3775 2316 concupiscentia

2174 2327 2376 2396 cordis,
2407 2337 2652 2385 tentante
2682 2347 2740 2387 se
2773 2332 2969 2402 spiritu
2999 2348 3258 2404 nequam,
3284 2335 3485 2391 incidit
3512 2337 3571 2392 in
3609 2338 3780 2394 forni—

2173 2419 2469 2477 cationem.
2497 2419 2672 2489 Quam
2707 2439 2822 2480 rem
2855 2425 3049 2482 beatus
3073 2424 3236 2482 Pater
3263 2443 3374 2483 non
3403 2429 3612 2499 leviter
3641 2430 3778 2497 tulit,

2173 2511 2258 2566 vel
2272 2512 2400 2582 quia
2422 2523 2642 2585 recepta
2665 2514 2901 2572 sanitate
2923 2518 3264 2574 castimonia:
3282 2519 3538 2592 vigorem
3558 2539 3780 2579 servare

2173 2605 2380 2674 debuit,
2410 2608 2494 2663 vel
2525 2609 2653 2679 quia
2698 2612 2753 2664 in
2783 2595 2918 2668 locis
2945 2613 3151 2668 sanctis
3178 2621 3393 2668 tantum
3419 2613 3653 2672 facinus
3689 2617 3783 2672 ad-

2174 2699 2391 2755 mittere
2439 2691 2881 2758 non'dubitavit.
2928 2702 3004 2758 Ea
3053 2705 3255 2760 etenim
3295 2707 3528 2774 domus,
3578 2708 3638 2763 in
3680 2725 3780 2779 qua

2173 2800 2580 2862 perpetraverat
2631 2803 2906 2864 stuprum,
2936 2805 3062 2852 ante
3101 2798 3331 2869 januam
3378 2801 3628 2856 habetur
3672 2818 3784 2856 mo.

2173 2883 2419 2941 nasterii.
2468 2883 2638 2954 Igitur
2667 2888 2930 2955 quoniam
2975 2889 3122 2960 turpi
3153 2900 3468 2960 prostratus
3502 2893 3784 2963 voluptaze

2174 2975 2370 3031 anima:
2411 2986 2694 3046 spreverat
2733 2981 2986 3056 salutem,
3020 2990 3188 3052 quam
3221 2997 3622 3056 promeruerat
3660 3003 3782 3040 mox

2173 3069 2410 3135 perdidit
2431 3070 2679 3140 corporis
2705 3072 3017 3128 sanitatem.
3056 3072 3162 3130 Sed
3185 3075 3373 3131 denuo
3399 3076 3540 3132 dum
3574 3079 3784 3134 dolori-

2172 3156 2272 3211 bus
2310 3172 2373 3212 os
2413 3173 2580 3213 suum
2631 3159 2942 3228 afﬂictatur,
2992 3162 3156 3218 corde
3209 3173 3610 3235 compunctus,
3669 3175 3786 3223 orat

2167 3246 2384 3306 Patrem
2403 3251 2595 3321 ,‘pium,
2645 3260 2704 3306 ut
2748 3253 2853 3309 sibi
2898 3262 3167 3324 parceret.
3210 3255 3344 3312 Pius
3388 3264 3585 3314 autem
3625 3259 3786 3315 Pater

2167 3343 2286 3414 ejus
2312 3331 2684 3401 terum’narum
2715 3347 2996 3415 misertus,
3028 3350 3226 3404 iterum
3255 3332 3533 3422 integram
3561 3353 3681 3408 sibi
3703 3370 3784 3408 re-

2167 3434 2424 3492 formavit
2472 3438 2813 3508 sospitatem.
2859 3438 2981 3510 lpse
3022 3449 3213 3498 autem,
3253 3442 3589 3513 aliquandiu
3633 3457 3780 3500 metu

2166 3528 2385 3598 quidem
2408 3530 2639 3600 periculi
2674 3531 2975 3602 superioris
3007 3549 3127 3589 sese
3163 3534 3462 3602 continuit,
3495 3537 3601 3592 sed
3641 3554 3782 3608 que-

2165 3620 2312 3677 niam
2344 3621 2561 3678 fervens
2590 3621 2816 3678 libidine
2857 3624 3131 3695 pruritum
3174 3641 3288 3680 sua:
3329 3627 3522 3682 carnis
3563 3644 3782 3699 nequa-

2166 3730 2329 3785 quam
2354 3715 2581 3771 domare
2601 3716 2835 3784 curavit,
2860 3732 3060 3773 rursus
3083 3719 3329 3774 illicitam
3357 3721 3608 3778 incurrit
3636 3738 3780 3779 enm-

2166 3807 2501 3876 mistionem,
2529 3809 2624 3864 uni
2650 3809 2893 3880 turpium
2917 3811 3242 3868 commistus
3270 3813 3605 3882 mulierum,
3646 3815 3777 3870 obii-

2167 3908 2255 3956 tus
2284 3900 2501 3970 penitus
2525 3902 2726 3972 prioris
2759 3901 3119 3958 discriminis.
3152 3901 3502 3977 Quapropter
3537 3909 3774 3977 probro-

2167 4007 2288 4047 sum
2327 3991 2448 4062 ejus
2489 3993 2796 4059 admissum
2832 3995 2989 4050 velox
3032 4004 3328 4051 consecuta
3375 4008 3462 4052 est
3502 3999 3770 4065 vindicta,

2164 4084 2424 4141 redeunte
2455 4101 2619 4156 quam
2639 4086 2753 4157 jam
2793 4087 2879 4143 bis
2922 4097 3194 4156 evaserat,
3223 4089 3496 4145 damnosa
3539 4094 3768 4164 mgrita-

2163 4178 2309 4234 dine.
2334 4177 2480 4234 Idem
2515 4195 2642 4236 vero
2666 4181 2733 4235 ad
2767 4183 2873 4238 sibi
2893 4183 3010 4254 jam
3041 4185 3127 4241 bis
3151 4195 3436 4256 expertam
3473 4203 3769 4242 recurrens

2163 4271 2447 4329 medicinae
2490 4272 2784 4341 ofﬁcinam,
2815 4276 3010 4332 orabat
3044 4295 3169 4334 cum
3200 4280 3409 4351 gemitu
3441 4282 3630 4336 multo
3670 4281 3766 4336 sibi

2164 4365 2442 4422 subveniri
2470 4365 2671 4421 denuo.
2706 4366 2813 4422 Sed
2860 4366 3020 4423 Pater
3050 4369 3378 4428 Benedictus
3420 4373 3626 4429 vokns
3655 4375 3768 4444 ejus

473 4460 770 4514 humerum
809 4457 1126 4530 irrigatione
1171 4456 1398 4512 amissa.
1453 4455 1592 4523 Qui,
1640 4455 1902 4527 quoniam
1942 4455 2060 4511 suis
2092 4480 2136 4535 ι)
2164 4456 2462 4528 reprimere
2491 4456 2864 4526 stoliditatem,
2897 4459 3212 4516 nullatenus
3243 4462 3491 4534 integrae,
3523 4473 3590 4517 ut
3615 4480 3768 4534 sui»

472 4551 687 4622 operari
725 4550 980 4607 manibus
1008 4564 1356 4621 nequaquam
1389 4557 1601 4620 poterat
1647 4547 1792 4604 unde
1825 4547 1930 4604 sibi
1978 4547 2058 4601 vi-

471 4652 619 4700 etum
647 4645 973 4714 aequireret,
1007 4644 1171 4714 erepit
1197 4658 1307 4698 non
1329 4643 1605 4698 modicam
1635 4656 1822 4698 rerum
1863 4657 2056 4697 neces-

471 4734 742 4789 sariarum
788 4734 902 4804 pati
944 4734 1252 4805 penuriam.
1307 4732 1675 4800 Quamobrem
1721 4732 1897 4802 aptari
1952 4733 2057 4788 sibi

469 4827 600 4883 fecit
638 4827 923 4900 grabatum
953 4827 1022 4882 ad
1053 4826 1467 4882 similitudinem
1508 4826 1655 4882 illius
1683 4825 2054 4892 instrumenti,

469 4932 582 4989 quo
611 4926 852 4976 stercora
903 4932 1162 4988 pecorum
1203 4917 1270 4974 de
1314 4917 1544 4972 stabulis
1574 4916 1898 4984 efferuntur,
1924 4918 2057 4973 dum

467 5009 825 5078 mundantur,
855 5018 1130 5080 quatenus
1152 5010 1206 5063 in
1239 5025 1304 5066 eo
1324 5025 1420 5080 per
1449 5010 1603 5065 vicos
1625 5017 1680 5064 et
1711 5025 1839 5064 rura
1870 5025 1901 5064 a
1940 5010 2056 5066 suis

466 5104 724 5160 devectus
764 5103 1111 5174 propinquis,
1157 5101 1474 5157 alimoniam
1515 5119 1547 5158 a
1573 5102 1706 5157 viris
1757 5102 2058 5171 susciperet

463 5195 936 5254 misericordibus.
978 5194 1116 5250 Dum
1153 5209 1284 5265 ergo
1323 5209 1502 5261 suam,
1533 5194 1788 5265 quamvis
1833 5195 2070 5260 misere,

465 5291 826 5350 sustentando
856 5291 1046 5358 vitam,
1085 5290 1303 5346 diversa
1325 5287 1728 5360 frequentasset
1763 5289 1904 5357 loca,
1933 5296 2055 5343 tan—

464 5467 644 5525 Beatae
668 5467 853 5550 alariae
882 5476 935 5524 et
959 5477 1148 5550 sancto
1172 5467 1368 5550 Joanni
1391 5468 1649 5550 Baptistae
1677 5470 1934 5550 primitus
1966 5486 2054 5550 sa-

463 5556 622 5613 crum
665 5539 842 5613 fuisse
865 5539 1523 5613 ccenobiunrlegiturin
1565 5541 1764 5613 litteris
1807 5541 2053 5613 llugonis

463 5611 706 5680 episc0pi
741 5609 1036 5664 IEduensis
1075 5610 1215 5677 apud
1257 5609 1559 5680 Perardum
1602 5612 1657 5664 in
1683 5609 2052 5665 Monumentis

465 5678 848 5760 Burguhdicis,
878 5680 1150 5760 κλει-167,
1192 5680 1282 5760 ubi
1317 5678 1488 5760 Vallis
1525 5697 1688 5760 (turea
1714 5683 2048 5760 nominatur.

461 5751 535 5809 At
567 5749 622 5803 in
667 5749 785 5808 eius
826 5750 932 5806 loci
963 5749 1271 5808 Cbartario.
1313 5752 1470 5818 cujus
1508 5753 1720 5822 copiam
1760 5753 1896 5828 milii
1925 5752 2078 5832 fecit.

2161 4550 2300 4616 rius,
2326 4549 2506 4619 ipsum
2550 4549 2792 4605 restituit
2835 4551 3226 4623 incolumitati,
3255 4556 3352 4611 sed
3381 4571 3452 4611 ex
3494 4566 3664 4626 parte
3690 4575 3770 4613 sa-

2161 4651 2310 4709 nato,
2334 4641 2531 4714 partim
2555 4641 2791 4698 debilem
2821 4659 2946 4701 esse
2969 4648 3241 4716 permisit,
3267 4657 3325 4703 ut
3353 4649 3440 4704 vel
3470 4651 3551 4705 sic
3579 4654 3769 4707 carnis

2161 4733 2390 4790 amictus
2415 4735 2660 4805 verbere,
2697 4735 3016 4808 vigilantius
3044 4739 3353 4795 custodiam
3380 4757 3498 4797 sua:
3526 4743 3764 4798 adhibe-

2159 4834 2243 4881 ret
2289 4827 2506 4884 animaa.
2531 4829 2842 4887 Permansit
2883 4831 3070 4901 itaque
3094 4832 3163 4887 de
3185 4835 3384 4889 eteter‘o
3405 4833 3461 4888 in
3494 4850 3560 4889 ea
3594 4853 3761 4906 quam

2159 4919 2432 4985 posterius
2451 4922 2757 4990 promeruit
2778 4923 3062 4993 sospitate,
3088 4922 3302 4978 bacillis
3323 4924 3545 4980 duobus
3572 4927 3759 4981 asinus

2159 5009 2338 5082 valida
2386 5011 2704 5071 suffulciens
2732 5016 3000 5083 membra,
3039 5024 3094 5071 et
3131 5017 3261 5086 quia
3297 5033 3507 5087 egenus
3533 5030 3682 5080 erat,
3709 5035 3754 5073 et

2159 5104 2472 5158 necessaria
2518 5105 2623 5161 sibi
2668 5123 2967 5177 procurare
3011 5123 3122 5163 non
3165 5108 3400 5175 valebat,
3452 5121 3754 5180 posuerunt

2159 5209 2284 5248 eum
2311 5193 2509 5252 fratres
2535 5213 2706 5252 unum
2738 5198 2980 5266 illorum,
3009 5213 3120 5270 quo
3145 5200 3528 5270 quotidianam
3558 5204 3750 5275 stipem

2159 5285 2361 5341 ibidem
2393 5287 2724 5359 suscipiunt,
2757 5305 2856 5359 pro
2885 5289 3060 5346 salute
3078 5289 3474 5346 benevolorum
3504 5290 3752 5362 ejusdem

2164 5465 2223 5520 ν.
2249 5465 2332 5539 Cl.
2366 5466 2640 5539 Antonius
2672 5466 3036 5539 Herovallius,
3066 5465 3123 5522 S.
3151 5467 3380 5523 Gratum
3405 5483 3580 5522 unum
3610 5484 3642 5526 c
3668 5485 3750 5539 pa-

2158 5537 2334 5609 tronis
2360 5536 2533 5593 fuisse
2555 5547 2788 5594 constat.
2815 5537 2972 5594 Nunc
3002 5541 3304 5609 decanatus
3323 5539 3594 5594 Cluniaco
3623 5536 3747 5609 uiri—

2156 5617 2264 5680 tus.
2293 5607 2483 5680 Paredi
2505 5610 2564 5664 ﬁt
2588 5610 2794 5680 mentio
2824 5610 2880 5664 in
2912 5609 2938 5662 \
2956 5610 3028 5665 ita
3055 5610 3230 5664 sancti
3261 5608 3509 5680 Hugonis
3529 5607 3744 5664 abbatis

2157 5679 2567 5745 Cluniacensis,
2601 5681 2654 5735 in
2700 5679 2938 5735 Historia
2979 5679 3368 5749 episcoporum
3403 5680 3745 5736 Autissiodu-

2157 5765 2329 5816 rens.,
2357 5762 2481 5820 cap.
2515 5752 2604 5818 49,
2636 5759 2688 5806 et
2719 5751 2860 5821 apud
2888 5751 3148 5806 Glabrum
3191 5751 3284 5805 lib.
3317 5767 3397 5818 nr,
3419 5766 3541 5820 cap.
3578 5751 3636 5806 Ξ.
