  <div class='ocr_page' id='page_1' title='image "/cluster/home/n/w/nwhite01/storage/ocr_20150623/160/hvd.32044015473846/617.png"; bbox 0 0 3946 6306; ppageno 0'>
   <div class='ocr_carea' id='block_1_1' title="bbox 482 205 620 324">
    <p class='ocr_par' dir='ltr' id='par_1_1' title="bbox 482 205 620 324">
     <span class='ocr_line' id='line_1_1' title="bbox 482 205 620 324; baseline 0 -30"><span class='ocrx_word' id='word_1_1' title='bbox 482 205 620 324; x_wconf 62' lang='lat' dir='ltr'><strong>test</strong></span> 
     </span>
    </p>
   </div>
   <div class='ocr_carea' id='block_1_2' title="bbox 1442 203 2820 280">
    <p class='ocr_par' dir='ltr' id='par_1_2' title="bbox 1442 203 2820 280">
     <span class='ocr_line' id='line_1_2' title="bbox 1442 203 2820 280; baseline -0.018 1"><span class='ocrx_word' id='word_1_2' title='bbox 1442 221 1744 280; x_wconf 73' lang='lat' dir='ltr'><strong>RADULFI</strong></span> <span class='ocrx_word' id='word_1_3' title='bbox 1781 212 2116 277; x_wconf 75' lang='lat' dir='ltr'><strong>TORTARH</strong></span> <span class='ocrx_word' id='word_1_4' title='bbox 2156 209 2467 270; x_wconf 77' lang='lat' dir='ltr'><strong>MONACHI</strong></span> <span class='ocrx_word' id='word_1_5' title='bbox 2502 203 2820 262; x_wconf 80' lang='lat' dir='ltr'><strong>FLORIAC.</strong></span> 
     </span>
    </p>
   </div>
   <div class='ocr_carea' id='block_1_3' title="bbox 3572 203 3675 257">
    <p class='ocr_par' dir='ltr' id='par_1_3' title="bbox 3572 203 3675 257">
     <span class='ocr_line' id='line_1_3' title="bbox 3572 203 3675 257; baseline 0 -1"><span class='ocrx_word' id='word_1_6' title='bbox 3572 203 3675 257; x_wconf 63' lang='grc' dir='ltr'><strong>ηδε</strong></span> 
     </span>
    </p>
   </div>
   <div class='ocr_carea' id='block_1_4' title="bbox 483 311 3676 421">
    <p class='ocr_par' dir='ltr' id='par_1_4' title="bbox 483 311 3676 421">
     <span class='ocr_line' id='line_1_4' title="bbox 483 311 3676 421; baseline -0.012 -11"><span class='ocrx_word' id='word_1_7' title='bbox 483 320 590 410; x_wconf 82' lang='lat' dir='ltr'><strong>sibi</strong></span> <span class='ocrx_word' id='word_1_8' title='bbox 622 349 791 421; x_wconf 79' lang='lat' dir='ltr'><strong>exigit</strong></span> <span class='ocrx_word' id='word_1_9' title='bbox 811 349 1098 403; x_wconf 82' lang='lat' dir='ltr'><strong>honorem.</strong></span> <span class='ocrx_word' id='word_1_10' title='bbox 1128 340 1438 399; x_wconf 84' lang='lat' dir='ltr'><strong>llonoriﬁce</strong></span> <span class='ocrx_word' id='word_1_11' title='bbox 1462 355 1556 410; x_wconf 89' lang='lat' dir='ltr'><strong>per</strong></span> <span class='ocrx_word' id='word_1_12' title='bbox 1586 348 1698 394; x_wconf 92' lang='lat' dir='ltr'><strong>tres</strong></span> <span class='ocrx_word' id='word_1_13' title='bbox 1728 334 1842 392; x_wconf 86' lang='lat' dir='ltr'><strong>fére</strong></span> <span class='ocrx_word' id='word_1_14' title='bbox 1863 333 2070 391; x_wconf 85' lang='lat' dir='ltr'><strong>hebd‘o-</strong></span> <span class='ocrx_word' id='word_1_15' title='bbox 2098 335 2147 394; x_wconf 77' lang='grc' dir='ltr'>Α</span> <span class='ocrx_word' id='word_1_16' title='bbox 2173 334 2474 399; x_wconf 83' lang='lat' dir='ltr'><strong>occupatus</strong></span> <span class='ocrx_word' id='word_1_17' title='bbox 2496 365 2510 391; x_wconf 90' lang='lat'><strong>,</strong></span> <span class='ocrx_word' id='word_1_18' title='bbox 2546 323 2702 421; x_wconf 64' lang='lat' dir='ltr'><strong>aliter</strong></span> <span class='ocrx_word' id='word_1_19' title='bbox 2719 318 2972 421; x_wconf 39' lang='lat' dir='ltr'><strong>age-bat.-</strong></span> <span class='ocrx_word' id='word_1_20' title='bbox 3005 311 3260 419; x_wconf 73' lang='lat' dir='ltr'><strong>Lychnus</strong></span> <span class='ocrx_word' id='word_1_21' title='bbox 3290 329 3411 421; x_wconf 65' lang='lat' dir='ltr'><strong>ergo</strong></span> <span class='ocrx_word' id='word_1_22' title='bbox 3446 315 3520 421; x_wconf 67' lang='lat' dir='ltr'><strong>ille</strong></span> <span class='ocrx_word' id='word_1_23' title='bbox 3542 333 3676 420; x_wconf 65' lang='lat' dir='ltr'><strong>quem</strong></span> 
     </span>
    </p>
   </div>
   <div class='ocr_carea' id='block_1_5' title="bbox 491 426 2068 512">
    <p class='ocr_par' dir='ltr' id='par_1_5' title="bbox 491 426 2068 512">
     <span class='ocr_line' id='line_1_5' title="bbox 491 426 2068 512; baseline -0.015 -11"><span class='ocrx_word' id='word_1_24' title='bbox 491 445 682 500; x_wconf 90' lang='lat' dir='ltr'><strong>madas</strong></span> <span class='ocrx_word' id='word_1_25' title='bbox 711 441 912 512; x_wconf 83' lang='lat' dir='ltr'><strong>quibus</strong></span> <span class='ocrx_word' id='word_1_26' title='bbox 941 437 1085 509; x_wconf 91' lang='lat' dir='ltr'><strong>apud</strong></span> <span class='ocrx_word' id='word_1_27' title='bbox 1113 451 1209 491; x_wconf 92' lang='lat' dir='ltr'><strong>eos</strong></span> <span class='ocrx_word' id='word_1_28' title='bbox 1241 433 1482 499; x_wconf 92' lang='lat' dir='ltr'><strong>mansit,</strong></span> <span class='ocrx_word' id='word_1_29' title='bbox 1516 447 1642 487; x_wconf 93' lang='lat' dir='ltr'><strong>cum</strong></span> <span class='ocrx_word' id='word_1_30' title='bbox 1683 430 1800 485; x_wconf 90' lang='lat' dir='ltr'><strong>suis</strong></span> <span class='ocrx_word' id='word_1_31' title='bbox 1842 436 1927 483; x_wconf 87' lang='lat' dir='ltr'><strong>est</strong></span> <span class='ocrx_word' id='word_1_32' title='bbox 1969 426 2068 478; x_wconf 81' lang='lat' dir='ltr'><strong>lia-</strong></span> 
     </span>
    </p>
   </div>
   <div class='ocr_carea' id='block_1_6' title="bbox 487 520 2071 605">
    <p class='ocr_par' dir='ltr' id='par_1_6' title="bbox 487 520 2071 605">
     <span class='ocr_line' id='line_1_6' title="bbox 487 520 2071 605; baseline -0.014 -11"><span class='ocrx_word' id='word_1_33' title='bbox 487 539 657 594; x_wconf 89' lang='lat' dir='ltr'><strong>bitus.</strong></span> <span class='ocrx_word' id='word_1_34' title='bbox 690 533 970 605; x_wconf 90' lang='lat' dir='ltr'><strong>Siquidem</strong></span> <span class='ocrx_word' id='word_1_35' title='bbox 1001 539 1116 586; x_wconf 92' lang='lat' dir='ltr'><strong>toto</strong></span> <span class='ocrx_word' id='word_1_36' title='bbox 1147 529 1239 583; x_wconf 90' lang='lat' dir='ltr'><strong>illo</strong></span> <span class='ocrx_word' id='word_1_37' title='bbox 1263 542 1374 598; x_wconf 90' lang='lat' dir='ltr'><strong>quo</strong></span> <span class='ocrx_word' id='word_1_38' title='bbox 1419 540 1543 581; x_wconf 91' lang='lat' dir='ltr'><strong>cum</strong></span> <span class='ocrx_word' id='word_1_39' title='bbox 1589 524 1669 579; x_wconf 90' lang='lat' dir='ltr'><strong>eis</strong></span> <span class='ocrx_word' id='word_1_40' title='bbox 1711 520 1898 594; x_wconf 88' lang='lat' dir='ltr'><strong>deguit</strong></span> <span class='ocrx_word' id='word_1_41' title='bbox 1934 527 2071 573; x_wconf 85' lang='lat' dir='ltr'><strong>tem—</strong></span> 
     </span>
    </p>
   </div>
   <div class='ocr_carea' id='block_1_7' title="bbox 485 612 2069 700">
    <p class='ocr_par' dir='ltr' id='par_1_7' title="bbox 485 612 2069 700">
     <span class='ocr_line' id='line_1_7' title="bbox 485 612 2069 700; baseline -0.013 -15"><span class='ocrx_word' id='word_1_42' title='bbox 485 644 621 700; x_wconf 90' lang='lat' dir='ltr'><strong>pore</strong></span> <span class='ocrx_word' id='word_1_43' title='bbox 647 671 661 695; x_wconf 92' lang='lat'><strong>,</strong></span> <span class='ocrx_word' id='word_1_44' title='bbox 712 624 961 682; x_wconf 89' lang='lat' dir='ltr'><strong>oratione</strong></span> <span class='ocrx_word' id='word_1_45' title='bbox 1004 637 1103 693; x_wconf 92' lang='lat' dir='ltr'><strong>pro</strong></span> <span class='ocrx_word' id='word_1_46' title='bbox 1152 636 1219 676; x_wconf 90' lang='lat' dir='ltr'><strong>eo</strong></span> <span class='ocrx_word' id='word_1_47' title='bbox 1239 619 1468 692; x_wconf 52' lang='lat' dir='ltr'><strong>.directa</strong></span> <span class='ocrx_word' id='word_1_48' title='bbox 1508 617 1574 673; x_wconf 91' lang='lat' dir='ltr'><strong>ad</strong></span> <span class='ocrx_word' id='word_1_49' title='bbox 1621 630 1784 670; x_wconf 86' lang='lat' dir='ltr'><strong>aures</strong></span> <span class='ocrx_word' id='word_1_50' title='bbox 1814 612 2069 682; x_wconf 91' lang='lat' dir='ltr'><strong>omnipo-</strong></span> 
     </span>
    </p>
   </div>
   <div class='ocr_carea' id='block_1_8' title="bbox 488 705 2069 783">
    <p class='ocr_par' dir='ltr' id='par_1_8' title="bbox 488 705 2069 783">
     <span class='ocr_line' id='line_1_8' title="bbox 488 705 2069 783; baseline -0.013 -8"><span class='ocrx_word' id='word_1_51' title='bbox 488 720 652 775; x_wconf 79' lang='lat' dir='ltr'><strong>tentis</strong></span> <span class='ocrx_word' id='word_1_52' title='bbox 697 716 958 781; x_wconf 84' lang='lat' dir='ltr'><strong>Domini,</strong></span> <span class='ocrx_word' id='word_1_53' title='bbox 1011 712 1296 783; x_wconf 90' lang='lat' dir='ltr'><strong>sacrisque</strong></span> <span class='ocrx_word' id='word_1_54' title='bbox 1336 707 1661 781; x_wconf 76' lang='lat' dir='ltr'><strong>pignoribus</strong></span> <span class='ocrx_word' id='word_1_55' title='bbox 1714 705 1842 761; x_wconf 91' lang='lat' dir='ltr'><strong>lotis</strong></span> <span class='ocrx_word' id='word_1_56' title='bbox 1874 718 2028 758; x_wconf 90' lang='lat' dir='ltr'><strong>mero</strong></span> <span class='ocrx_word' id='word_1_57' title='bbox 2054 744 2069 768; x_wconf 93' lang='lat'><strong>,</strong></span> 
     </span>
    </p>
   </div>
   <div class='ocr_carea' id='block_1_9' title="bbox 486 804 2073 882">
    <p class='ocr_par' dir='ltr' id='par_1_9' title="bbox 486 804 2073 882">
     <span class='ocr_line' id='line_1_9' title="bbox 486 804 2073 882; baseline -0.009 -15"><span class='ocrx_word' id='word_1_58' title='bbox 486 813 702 882; x_wconf 83' lang='lat' dir='ltr'><strong>sibique</strong></span> <span class='ocrx_word' id='word_1_59' title='bbox 731 811 785 865; x_wconf 91' lang='lat' dir='ltr'><strong>in</strong></span> <span class='ocrx_word' id='word_1_60' title='bbox 815 820 943 880; x_wconf 88' lang='lat' dir='ltr'><strong>potu</strong></span> <span class='ocrx_word' id='word_1_61' title='bbox 975 807 1103 863; x_wconf 89' lang='lat' dir='ltr'><strong>dato</strong></span> <span class='ocrx_word' id='word_1_62' title='bbox 1134 849 1150 874; x_wconf 95' lang='lat'><strong>,</strong></span> <span class='ocrx_word' id='word_1_63' title='bbox 1185 804 1420 861; x_wconf 91' lang='lat' dir='ltr'><strong>obtinuit</strong></span> <span class='ocrx_word' id='word_1_64' title='bbox 1461 804 1690 859; x_wconf 86' lang='lat' dir='ltr'><strong>salutem</strong></span> <span class='ocrx_word' id='word_1_65' title='bbox 1716 813 1884 871; x_wconf 91' lang='lat' dir='ltr'><strong>quam</strong></span> <span class='ocrx_word' id='word_1_66' title='bbox 1909 812 2073 868; x_wconf 86' lang='lat' dir='ltr'><strong>expe-</strong></span> 
     </span>
    </p>
   </div>
   <div class='ocr_carea' id='block_1_10' title="bbox 487 885 2073 968">
    <p class='ocr_par' dir='ltr' id='par_1_10' title="bbox 487 885 2073 968">
     <span class='ocr_line' id='line_1_10' title="bbox 487 885 2073 968; baseline -0.009 -14"><span class='ocrx_word' id='word_1_67' title='bbox 487 903 665 956; x_wconf 86' lang='lat' dir='ltr'><strong>tierat.</strong></span> <span class='ocrx_word' id='word_1_68' title='bbox 696 899 814 966; x_wconf 92' lang='lat' dir='ltr'><strong>Qua</strong></span> <span class='ocrx_word' id='word_1_69' title='bbox 860 899 927 954; x_wconf 91' lang='lat' dir='ltr'><strong>de</strong></span> <span class='ocrx_word' id='word_1_70' title='bbox 964 913 1024 952; x_wconf 94' lang='lat' dir='ltr'><strong>re</strong></span> <span class='ocrx_word' id='word_1_71' title='bbox 1048 895 1252 968; x_wconf 82' lang='lat' dir='ltr'><strong>gratias</strong></span> <span class='ocrx_word' id='word_1_72' title='bbox 1309 909 1475 966; x_wconf 87' lang='lat' dir='ltr'><strong>agens</strong></span> <span class='ocrx_word' id='word_1_73' title='bbox 1506 891 1753 948; x_wconf 91' lang='lat' dir='ltr'><strong>omnium</strong></span> <span class='ocrx_word' id='word_1_74' title='bbox 1791 885 2073 944; x_wconf 84' lang='lat' dir='ltr'><strong>Conditori</strong></span> 
     </span>
    </p>
   </div>
   <div class='ocr_carea' id='block_1_11' title="bbox 490 979 2074 1062">
    <p class='ocr_par' dir='ltr' id='par_1_11' title="bbox 490 979 2074 1062">
     <span class='ocr_line' id='line_1_11' title="bbox 490 979 2074 1062; baseline -0.008 -15"><span class='ocrx_word' id='word_1_75' title='bbox 490 993 747 1062; x_wconf 85' lang='lat' dir='ltr'><strong>Patrique</strong></span> <span class='ocrx_word' id='word_1_76' title='bbox 770 989 1063 1045; x_wconf 85' lang='lat' dir='ltr'><strong>Benedicto</strong></span> <span class='ocrx_word' id='word_1_77' title='bbox 1087 1030 1102 1055; x_wconf 94' lang='lat'><strong>,</strong></span> <span class='ocrx_word' id='word_1_78' title='bbox 1132 1003 1227 1058; x_wconf 93' lang='lat' dir='ltr'><strong>per</strong></span> <span class='ocrx_word' id='word_1_79' title='bbox 1255 1001 1418 1057; x_wconf 87' lang='lat' dir='ltr'><strong>quem</strong></span> <span class='ocrx_word' id='word_1_80' title='bbox 1440 991 1719 1040; x_wconf 88' lang='lat' dir='ltr'><strong>meruerat</strong></span> <span class='ocrx_word' id='word_1_81' title='bbox 1749 979 1954 1045; x_wconf 91' lang='lat' dir='ltr'><strong>sanari,</strong></span> <span class='ocrx_word' id='word_1_82' title='bbox 1986 994 2074 1034; x_wconf 86' lang='lat' dir='ltr'><strong>re-</strong></span> 
     </span>
    </p>
   </div>
   <div class='ocr_carea' id='block_1_12' title="bbox 491 1068 2075 1156">
    <p class='ocr_par' dir='ltr' id='par_1_12' title="bbox 491 1068 2075 1156">
     <span class='ocr_line' id='line_1_12' title="bbox 491 1068 2075 1156; baseline -0.008 -21"><span class='ocrx_word' id='word_1_83' title='bbox 491 1099 684 1138; x_wconf 77' lang='lat' dir='ltr'><strong>versus</strong></span> <span class='ocrx_word' id='word_1_84' title='bbox 716 1091 802 1137; x_wconf 90' lang='lat' dir='ltr'><strong>cst</strong></span> <span class='ocrx_word' id='word_1_85' title='bbox 829 1095 1003 1136; x_wconf 83' lang='lat' dir='ltr'><strong>ovans</strong></span> <span class='ocrx_word' id='word_1_86' title='bbox 1032 1080 1100 1156; x_wconf 77' lang='lat' dir='ltr'><strong>ad</strong></span> <span class='ocrx_word' id='word_1_87' title='bbox 1124 1093 1221 1134; x_wconf 90' lang='lat' dir='ltr'><strong>sua</strong></span> <span class='ocrx_word' id='word_1_88' title='bbox 1249 1119 1264 1144; x_wconf 93' lang='lat'><strong>,</strong></span> <span class='ocrx_word' id='word_1_89' title='bbox 1293 1073 1803 1148; x_wconf 90' lang='lat' dir='ltr'><strong>congratulantibus</strong></span> <span class='ocrx_word' id='word_1_90' title='bbox 1833 1070 1936 1126; x_wconf 87' lang='lat' dir='ltr'><strong>sibi</strong></span> <span class='ocrx_word' id='word_1_91' title='bbox 1961 1068 2075 1125; x_wconf 87' lang='lat' dir='ltr'><strong>suis</strong></span> 
     </span>
    </p>
   </div>
   <div class='ocr_carea' id='block_1_13' title="bbox 489 1172 1069 1230">
    <p class='ocr_par' dir='ltr' id='par_1_13' title="bbox 489 1172 1069 1230">
     <span class='ocr_line' id='line_1_13' title="bbox 489 1172 1069 1230; baseline -0.003 -2"><span class='ocrx_word' id='word_1_92' title='bbox 489 1177 747 1230; x_wconf 88' lang='lat' dir='ltr'><strong>omnibus</strong></span> <span class='ocrx_word' id='word_1_93' title='bbox 768 1172 1069 1228; x_wconf 86' lang='lat' dir='ltr'><strong>benevolis.</strong></span> 
     </span>
    </p>
   </div>
   <div class='ocr_carea' id='block_1_14' title="bbox 559 1253 2072 1321">
    <p class='ocr_par' dir='ltr' id='par_1_14' title="bbox 559 1253 2072 1321">
     <span class='ocr_line' id='line_1_14' title="bbox 559 1253 2072 1321; baseline -0.011 0"><span class='ocrx_word' id='word_1_94' title='bbox 559 1267 688 1321; x_wconf 65' lang='lat' dir='ltr'><strong>Car.</strong></span> <span class='ocrx_word' id='word_1_95' title='bbox 716 1262 1374 1320; x_wconf 78' lang='lat' dir='ltr'><strong>XLIV.—Translationis</strong></span> <span class='ocrx_word' id='word_1_96' title='bbox 1402 1259 1700 1315; x_wconf 76' lang='lat' dir='ltr'><strong>celebritas.</strong></span> <span class='ocrx_word' id='word_1_97' title='bbox 1720 1256 1869 1312; x_wconf 86' lang='lat' dir='ltr'><strong>Ccrei</strong></span> <span class='ocrx_word' id='word_1_98' title='bbox 1887 1253 2072 1309; x_wconf 86' lang='lat' dir='ltr'><strong>oblati.</strong></span> 
     </span>
    </p>
   </div>
   <div class='ocr_carea' id='block_1_15' title="bbox 494 1343 2075 1424">
    <p class='ocr_par' dir='ltr' id='par_1_15' title="bbox 494 1343 2075 1424">
     <span class='ocr_line' id='line_1_15' title="bbox 494 1343 2075 1424; baseline -0.008 -14"><span class='ocrx_word' id='word_1_99' title='bbox 494 1357 817 1411; x_wconf 86' lang='lat' dir='ltr'><strong>Ornamenta</strong></span> <span class='ocrx_word' id='word_1_100' title='bbox 850 1355 1083 1424; x_wconf 84' lang='lat' dir='ltr'><strong>ﬂammis</strong></span> <span class='ocrx_word' id='word_1_101' title='bbox 1109 1353 1332 1406; x_wconf 87' lang='lat' dir='ltr'><strong>intacta.</strong></span> <span class='ocrx_word' id='word_1_102' title='bbox 1360 1347 1674 1404; x_wconf 86' lang='lat' dir='ltr'><strong>Translatio</strong></span> <span class='ocrx_word' id='word_1_103' title='bbox 1709 1345 1890 1401; x_wconf 87' lang='lat' dir='ltr'><strong>Patris</strong></span> <span class='ocrx_word' id='word_1_104' title='bbox 1923 1343 2075 1414; x_wconf 84' lang='lat' dir='ltr'><strong>ejus-</strong></span> 
     </span>
    </p>
   </div>
   <div class='ocr_carea' id='block_1_16' title="bbox 490 1443 2074 1518">
    <p class='ocr_par' dir='ltr' id='par_1_16' title="bbox 490 1443 2074 1518">
     <span class='ocr_line' id='line_1_16' title="bbox 490 1443 2074 1518; baseline -0.007 -18"><span class='ocrx_word' id='word_1_105' title='bbox 490 1449 612 1503; x_wconf 50' lang='lat' dir='ltr'><strong>‘lem</strong></span> <span class='ocrx_word' id='word_1_106' title='bbox 666 1445 950 1518; x_wconf 84' lang='lat' dir='ltr'><strong>agebatur,</strong></span> <span class='ocrx_word' id='word_1_107' title='bbox 996 1459 1119 1514; x_wconf 71' lang='lat' dir='ltr'><strong>quze</strong></span> <span class='ocrx_word' id='word_1_108' title='bbox 1147 1443 1354 1498; x_wconf 74' lang='lat' dir='ltr'><strong>aestatis</strong></span> <span class='ocrx_word' id='word_1_109' title='bbox 1398 1449 1675 1511; x_wconf 80' lang='lat' dir='ltr'><strong>tempore,</strong></span> <span class='ocrx_word' id='word_1_110' title='bbox 1718 1452 1816 1508; x_wconf 92' lang='lat' dir='ltr'><strong>per</strong></span> <span class='ocrx_word' id='word_1_111' title='bbox 1857 1450 2074 1492; x_wconf 85' lang='lat' dir='ltr'><strong>omnem</strong></span> 
     </span>
    </p>
   </div>
   <div class='ocr_carea' id='block_1_17' title="bbox 496 1526 2077 1608">
    <p class='ocr_par' dir='ltr' id='par_1_17' title="bbox 496 1526 2077 1608">
     <span class='ocr_line' id='line_1_17' title="bbox 496 1526 2077 1608; baseline -0.008 -16"><span class='ocrx_word' id='word_1_112' title='bbox 496 1533 725 1593; x_wconf 75' lang='lat' dir='ltr'><strong>Galliam</strong></span> <span class='ocrx_word' id='word_1_113' title='bbox 758 1537 988 1608; x_wconf 83' lang='lat' dir='ltr'><strong>singulis</strong></span> <span class='ocrx_word' id='word_1_114' title='bbox 1018 1535 1325 1591; x_wconf 83' lang='lat' dir='ltr'><strong>celebratur</strong></span> <span class='ocrx_word' id='word_1_115' title='bbox 1352 1533 1530 1587; x_wconf 90' lang='lat' dir='ltr'><strong>annis.</strong></span> <span class='ocrx_word' id='word_1_116' title='bbox 1561 1530 1658 1586; x_wconf 86' lang='lat' dir='ltr'><strong>Est</strong></span> <span class='ocrx_word' id='word_1_117' title='bbox 1694 1537 1876 1583; x_wconf 89' lang='lat' dir='ltr'><strong>autem</strong></span> <span class='ocrx_word' id='word_1_118' title='bbox 1905 1526 2077 1581; x_wconf 90' lang='lat' dir='ltr'><strong>moris</strong></span> 
     </span>
    </p>
   </div>
   <div class='ocr_carea' id='block_1_18' title="bbox 490 1618 2077 1699">
    <p class='ocr_par' dir='ltr' id='par_1_18' title="bbox 490 1618 2077 1699">
     <span class='ocr_line' id='line_1_18' title="bbox 490 1618 2077 1699; baseline -0.006 -17"><span class='ocrx_word' id='word_1_119' title='bbox 490 1645 703 1696; x_wconf 72' lang='lat' dir='ltr'><strong>eorum,</strong></span> <span class='ocrx_word' id='word_1_120' title='bbox 735 1628 829 1699; x_wconf 87' lang='lat' dir='ltr'><strong>qui</strong></span> <span class='ocrx_word' id='word_1_121' title='bbox 856 1627 922 1682; x_wconf 90' lang='lat' dir='ltr'><strong>de</strong></span> <span class='ocrx_word' id='word_1_122' title='bbox 952 1625 1155 1680; x_wconf 82' lang='lat' dir='ltr'><strong>familia</strong></span> <span class='ocrx_word' id='word_1_123' title='bbox 1178 1624 1356 1679; x_wconf 86' lang='lat' dir='ltr'><strong>Patris</strong></span> <span class='ocrx_word' id='word_1_124' title='bbox 1384 1621 1698 1693; x_wconf 83' lang='lat' dir='ltr'><strong>progeniem</strong></span> <span class='ocrx_word' id='word_1_125' title='bbox 1735 1634 1856 1676; x_wconf 88' lang='lat' dir='ltr'><strong>sese</strong></span> <span class='ocrx_word' id='word_1_126' title='bbox 1877 1618 2077 1673; x_wconf 90' lang='lat' dir='ltr'><strong>ducere</strong></span> 
     </span>
    </p>
   </div>
   <div class='ocr_carea' id='block_1_19' title="bbox 2169 405 3677 494">
    <p class='ocr_par' dir='ltr' id='par_1_19' title="bbox 2169 405 3677 494">
     <span class='ocr_line' id='line_1_19' title="bbox 2169 405 3677 494; baseline -0.009 -17"><span class='ocrx_word' id='word_1_127' title='bbox 2169 423 2328 494; x_wconf 79' lang='lat' dir='ltr'><strong>juxta</strong></span> <span class='ocrx_word' id='word_1_128' title='bbox 2361 433 2515 474; x_wconf 89' lang='lat' dir='ltr'><strong>aram</strong></span> <span class='ocrx_word' id='word_1_129' title='bbox 2562 416 2661 470; x_wconf 87' lang='lat' dir='ltr'><strong>Dei</strong></span> <span class='ocrx_word' id='word_1_130' title='bbox 2711 411 3008 469; x_wconf 88' lang='lat' dir='ltr'><strong>Genitricis</strong></span> <span class='ocrx_word' id='word_1_131' title='bbox 3033 408 3271 479; x_wconf 88' lang='lat' dir='ltr'><strong>positum</strong></span> <span class='ocrx_word' id='word_1_132' title='bbox 3314 405 3422 461; x_wconf 75' lang='lat' dir='ltr'><strong>fore</strong></span> <span class='ocrx_word' id='word_1_133' title='bbox 3461 409 3677 473; x_wconf 77' lang='lat' dir='ltr'><strong>diximus.</strong></span> 
     </span>
    </p>
   </div>
   <div class='ocr_carea' id='block_1_20' title="bbox 2172 499 3680 584">
    <p class='ocr_par' dir='ltr' id='par_1_20' title="bbox 2172 499 3680 584">
     <span class='ocr_line' id='line_1_20' title="bbox 2172 499 3680 584; baseline -0.011 -14"><span class='ocrx_word' id='word_1_134' title='bbox 2172 529 2335 584; x_wconf 88' lang='lat' dir='ltr'><strong>super</strong></span> <span class='ocrx_word' id='word_1_135' title='bbox 2359 510 2609 566; x_wconf 87' lang='lat' dir='ltr'><strong>eamdem</strong></span> <span class='ocrx_word' id='word_1_136' title='bbox 2647 504 2890 561; x_wconf 87' lang='lat' dir='ltr'><strong>concidit</strong></span> <span class='ocrx_word' id='word_1_137' title='bbox 2922 517 3098 565; x_wconf 90' lang='lat' dir='ltr'><strong>aram,</strong></span> <span class='ocrx_word' id='word_1_138' title='bbox 3136 499 3341 555; x_wconf 55' lang='lat' dir='ltr'><strong>astatis</strong></span> <span class='ocrx_word' id='word_1_139' title='bbox 3364 508 3570 568; x_wconf 84' lang='lat' dir='ltr'><strong>tempore</strong></span> <span class='ocrx_word' id='word_1_140' title='bbox 3589 515 3680 554; x_wconf 77' lang='lat' dir='ltr'><strong>cera</strong></span> 
     </span>
    </p>
   </div>
   <div class='ocr_carea' id='block_1_21' title="bbox 2172 590 3680 668">
    <p class='ocr_par' dir='ltr' id='par_1_21' title="bbox 2172 590 3680 668">
     <span class='ocr_line' id='line_1_21' title="bbox 2172 590 3680 668; baseline -0.014 -6"><span class='ocrx_word' id='word_1_141' title='bbox 2172 605 2412 662; x_wconf 88' lang='lat' dir='ltr'><strong>emollita</strong></span> <span class='ocrx_word' id='word_1_142' title='bbox 2438 620 2452 668; x_wconf 87' lang='lat'><strong>;</strong></span> <span class='ocrx_word' id='word_1_143' title='bbox 2479 615 2574 656; x_wconf 89' lang='lat' dir='ltr'><strong>ara</strong></span> <span class='ocrx_word' id='word_1_144' title='bbox 2605 608 2785 654; x_wconf 90' lang='lat' dir='ltr'><strong>autem</strong></span> <span class='ocrx_word' id='word_1_145' title='bbox 2817 596 2956 666; x_wconf 91' lang='lat' dir='ltr'><strong>ipsa,</strong></span> <span class='ocrx_word' id='word_1_146' title='bbox 2987 593 3059 647; x_wconf 86' lang='lat' dir='ltr'><strong>ob</strong></span> <span class='ocrx_word' id='word_1_147' title='bbox 3085 593 3227 647; x_wconf 89' lang='lat' dir='ltr'><strong>diem</strong></span> <span class='ocrx_word' id='word_1_148' title='bbox 3249 590 3522 645; x_wconf 87' lang='lat' dir='ltr'><strong>solemnem</strong></span> <span class='ocrx_word' id='word_1_149' title='bbox 3534 591 3680 644; x_wconf 79' lang='lat' dir='ltr'><strong>cultio-</strong></span> 
     </span>
    </p>
   </div>
   <div class='ocr_carea' id='block_1_22' title="bbox 2172 683 3683 755">
    <p class='ocr_par' dir='ltr' id='par_1_22' title="bbox 2172 683 3683 755">
     <span class='ocr_line' id='line_1_22' title="bbox 2172 683 3683 755; baseline -0.013 -3"><span class='ocrx_word' id='word_1_150' title='bbox 2172 697 2326 751; x_wconf 90' lang='lat' dir='ltr'><strong>ribus</strong></span> <span class='ocrx_word' id='word_1_151' title='bbox 2373 693 2510 748; x_wconf 80' lang='lat' dir='ltr'><strong>velis</strong></span> <span class='ocrx_word' id='word_1_152' title='bbox 2555 691 2733 747; x_wconf 88' lang='lat' dir='ltr'><strong>velata</strong></span> <span class='ocrx_word' id='word_1_153' title='bbox 2761 696 2900 743; x_wconf 90' lang='lat' dir='ltr'><strong>erat.</strong></span> <span class='ocrx_word' id='word_1_154' title='bbox 2961 685 3149 755; x_wconf 85' lang='lat' dir='ltr'><strong>Itaque</strong></span> <span class='ocrx_word' id='word_1_155' title='bbox 3197 683 3290 738; x_wconf 91' lang='lat' dir='ltr'><strong>illo</strong></span> <span class='ocrx_word' id='word_1_156' title='bbox 3323 691 3432 736; x_wconf 90' lang='lat' dir='ltr'><strong>toto</strong></span> <span class='ocrx_word' id='word_1_157' title='bbox 3469 697 3683 735; x_wconf 80' lang='lat' dir='ltr'><strong>morarum</strong></span> 
     </span>
    </p>
   </div>
   <div class='ocr_carea' id='block_1_23' title="bbox 2175 773 3682 858">
    <p class='ocr_par' dir='ltr' id='par_1_23' title="bbox 2175 773 3682 858">
     <span class='ocr_line' id='line_1_23' title="bbox 2175 773 3682 858; baseline -0.01 -15"><span class='ocrx_word' id='word_1_158' title='bbox 2175 787 2353 858; x_wconf 90' lang='lat' dir='ltr'><strong>spatio</strong></span> <span class='ocrx_word' id='word_1_159' title='bbox 2380 827 2396 851; x_wconf 91' lang='lat'><strong>,</strong></span> <span class='ocrx_word' id='word_1_160' title='bbox 2447 798 2558 854; x_wconf 84' lang='lat' dir='ltr'><strong>quo</strong></span> <span class='ocrx_word' id='word_1_161' title='bbox 2603 780 2804 837; x_wconf 82' lang='lat' dir='ltr'><strong>fratres</strong></span> <span class='ocrx_word' id='word_1_162' title='bbox 2857 778 2924 834; x_wconf 91' lang='lat' dir='ltr'><strong>ad</strong></span> <span class='ocrx_word' id='word_1_163' title='bbox 2979 774 3354 848; x_wconf 84' lang='lat' dir='ltr'><strong>prandendum</strong></span> <span class='ocrx_word' id='word_1_164' title='bbox 3388 773 3682 835; x_wconf 80' lang='lat' dir='ltr'><strong>resederunt,</strong></span> 
     </span>
    </p>
   </div>
   <div class='ocr_carea' id='block_1_24' title="bbox 2176 866 3686 953">
    <p class='ocr_par' dir='ltr' id='par_1_24' title="bbox 2176 866 3686 953">
     <span class='ocr_line' id='line_1_24' title="bbox 2176 866 3686 953; baseline -0.012 -18"><span class='ocrx_word' id='word_1_165' title='bbox 2176 880 2409 953; x_wconf 83' lang='lat' dir='ltr'><strong>lychnus</strong></span> <span class='ocrx_word' id='word_1_166' title='bbox 2433 877 2522 932; x_wconf 85' lang='lat' dir='ltr'><strong>ille</strong></span> <span class='ocrx_word' id='word_1_167' title='bbox 2541 872 2969 932; x_wconf 87' lang='lat' dir='ltr'><strong>coruscantibus</strong></span> <span class='ocrx_word' id='word_1_168' title='bbox 2992 867 3230 924; x_wconf 85' lang='lat' dir='ltr'><strong>flammis</strong></span> <span class='ocrx_word' id='word_1_169' title='bbox 3251 881 3409 936; x_wconf 82' lang='lat' dir='ltr'><strong>super</strong></span> <span class='ocrx_word' id='word_1_170' title='bbox 3423 880 3552 918; x_wconf 87' lang='lat' dir='ltr'><strong>aram</strong></span> <span class='ocrx_word' id='word_1_171' title='bbox 3572 866 3686 926; x_wconf 82' lang='lat' dir='ltr'><strong>arsit.</strong></span> 
     </span>
    </p>
   </div>
   <div class='ocr_carea' id='block_1_25' title="bbox 2177 955 3689 1041">
    <p class='ocr_par' dir='ltr' id='par_1_25' title="bbox 2177 955 3689 1041">
     <span class='ocr_line' id='line_1_25' title="bbox 2177 955 3689 1041; baseline -0.011 -20"><span class='ocrx_word' id='word_1_172' title='bbox 2177 967 2623 1041; x_wconf 86' lang='lat' dir='ltr'><strong>permanentibus</strong></span> <span class='ocrx_word' id='word_1_173' title='bbox 2649 963 2835 1020; x_wconf 70' lang='lat' dir='ltr'><strong>illaesis</strong></span> <span class='ocrx_word' id='word_1_174' title='bbox 2865 961 3067 1031; x_wconf 89' lang='lat' dir='ltr'><strong>quibus</strong></span> <span class='ocrx_word' id='word_1_175' title='bbox 3121 958 3377 1026; x_wconf 88' lang='lat' dir='ltr'><strong>adoperta</strong></span> <span class='ocrx_word' id='word_1_176' title='bbox 3408 955 3558 1009; x_wconf 85' lang='lat' dir='ltr'><strong>fuerat</strong></span> <span class='ocrx_word' id='word_1_177' title='bbox 3593 970 3689 1024; x_wconf 66' lang='lat' dir='ltr'><strong>ope-</strong></span> 
     </span>
    </p>
   </div>
   <div class='ocr_carea' id='block_1_26' title="bbox 2177 1045 3686 1133">
    <p class='ocr_par' dir='ltr' id='par_1_26' title="bbox 2177 1045 3686 1133">
     <span class='ocr_line' id='line_1_26' title="bbox 2177 1045 3686 1133; baseline -0.013 -17"><span class='ocrx_word' id='word_1_178' title='bbox 2177 1061 2429 1133; x_wconf 84' lang='lat' dir='ltr'><strong>rimentis</strong></span> <span class='ocrx_word' id='word_1_179' title='bbox 2454 1100 2469 1125; x_wconf 94' lang='lat'><strong>,</strong></span> <span class='ocrx_word' id='word_1_180' title='bbox 2506 1055 2758 1126; x_wconf 77' lang='lat' dir='ltr'><strong>vestigiis</strong></span> <span class='ocrx_word' id='word_1_181' title='bbox 2801 1053 3071 1108; x_wconf 74' lang='lat' dir='ltr'><strong>duntaxat</strong></span> <span class='ocrx_word' id='word_1_182' title='bbox 3106 1047 3484 1119; x_wconf 82' lang='lat' dir='ltr'><strong>apparentibus</strong></span> <span class='ocrx_word' id='word_1_183' title='bbox 3521 1045 3686 1099; x_wconf 84' lang='lat' dir='ltr'><strong>cineris.</strong></span> 
     </span>
    </p>
   </div>
   <div class='ocr_carea' id='block_1_27' title="bbox 2177 1137 3688 1227">
    <p class='ocr_par' dir='ltr' id='par_1_27' title="bbox 2177 1137 3688 1227">
     <span class='ocr_line' id='line_1_27' title="bbox 2177 1137 3688 1227; baseline -0.013 -19"><span class='ocrx_word' id='word_1_184' title='bbox 2177 1154 2347 1227; x_wconf 83' lang='lat' dir='ltr'><strong>Igitur</strong></span> <span class='ocrx_word' id='word_1_185' title='bbox 2381 1152 2567 1223; x_wconf 82' lang='lat' dir='ltr'><strong>pransi</strong></span> <span class='ocrx_word' id='word_1_186' title='bbox 2602 1148 2797 1203; x_wconf 78' lang='lat' dir='ltr'><strong>fratres</strong></span> <span class='ocrx_word' id='word_1_187' title='bbox 2841 1145 3130 1200; x_wconf 90' lang='lat' dir='ltr'><strong>ecclesiam</strong></span> <span class='ocrx_word' id='word_1_188' title='bbox 3178 1148 3367 1211; x_wconf 91' lang='lat' dir='ltr'><strong>petunt</strong></span> <span class='ocrx_word' id='word_1_189' title='bbox 3391 1138 3514 1207; x_wconf 79' lang='lat'><strong>(35),</strong></span> <span class='ocrx_word' id='word_1_190' title='bbox 3538 1137 3688 1207; x_wconf 77' lang='lat' dir='ltr'><strong>gratia-</strong></span> 
     </span>
    </p>
   </div>
   <div class='ocr_carea' id='block_1_28' title="bbox 2178 1226 3693 1310">
    <p class='ocr_par' dir='ltr' id='par_1_28' title="bbox 2178 1226 3693 1310">
     <span class='ocr_line' id='line_1_28' title="bbox 2178 1226 3693 1310; baseline -0.015 -8"><span class='ocrx_word' id='word_1_191' title='bbox 2178 1226 2301 1302; x_wconf 90' lang='lat' dir='ltr'><strong>rum</strong></span> <span class='ocrx_word' id='word_1_192' title='bbox 2325 1245 2571 1302; x_wconf 89' lang='lat' dir='ltr'><strong>actiones</strong></span> <span class='ocrx_word' id='word_1_193' title='bbox 2591 1238 2954 1310; x_wconf 88' lang='lat' dir='ltr'><strong>omnipotenti</strong></span> <span class='ocrx_word' id='word_1_194' title='bbox 2984 1235 3216 1289; x_wconf 87' lang='lat' dir='ltr'><strong>Domino</strong></span> <span class='ocrx_word' id='word_1_195' title='bbox 3239 1226 3693 1303; x_wconf 77' lang='lat' dir='ltr'><strong>persolventes.Ccr-</strong></span> 
     </span>
    </p>
   </div>
   <div class='ocr_carea' id='block_1_29' title="bbox 2179 1318 3694 1403">
    <p class='ocr_par' dir='ltr' id='par_1_29' title="bbox 2179 1318 3694 1403">
     <span class='ocr_line' id='line_1_29' title="bbox 2179 1318 3694 1403; baseline -0.015 -11"><span class='ocrx_word' id='word_1_196' title='bbox 2179 1345 2370 1392; x_wconf 90' lang='lat' dir='ltr'><strong>nentes</strong></span> <span class='ocrx_word' id='word_1_197' title='bbox 2398 1348 2527 1388; x_wconf 90' lang='lat' dir='ltr'><strong>vero</strong></span> <span class='ocrx_word' id='word_1_198' title='bbox 2555 1331 2814 1403; x_wconf 82' lang='lat' dir='ltr'><strong>lychnum</strong></span> <span class='ocrx_word' id='word_1_199' title='bbox 2846 1327 2902 1380; x_wconf 91' lang='lat' dir='ltr'><strong>in</strong></span> <span class='ocrx_word' id='word_1_200' title='bbox 2930 1324 3110 1390; x_wconf 84' lang='lat' dir='ltr'><strong>altari,</strong></span> <span class='ocrx_word' id='word_1_201' title='bbox 3144 1329 3452 1383; x_wconf 88' lang='lat' dir='ltr'><strong>accurrunt,</strong></span> <span class='ocrx_word' id='word_1_202' title='bbox 3473 1318 3694 1388; x_wconf 83' lang='lat' dir='ltr'><strong>opinantes</strong></span> 
     </span>
    </p>
   </div>
   <div class='ocr_carea' id='block_1_30' title="bbox 2179 1409 3698 1489">
    <p class='ocr_par' dir='ltr' id='par_1_30' title="bbox 2179 1409 3698 1489">
     <span class='ocr_line' id='line_1_30' title="bbox 2179 1409 3698 1489; baseline -0.013 -10"><span class='ocrx_word' id='word_1_203' title='bbox 2179 1426 2362 1481; x_wconf 90' lang='lat' dir='ltr'><strong>omnia</strong></span> <span class='ocrx_word' id='word_1_204' title='bbox 2392 1425 2558 1479; x_wconf 86' lang='lat' dir='ltr'><strong>lintea</strong></span> <span class='ocrx_word' id='word_1_205' title='bbox 2592 1420 2741 1476; x_wconf 84' lang='lat' dir='ltr'><strong>illius</strong></span> <span class='ocrx_word' id='word_1_206' title='bbox 2786 1423 2912 1489; x_wconf 88' lang='lat' dir='ltr'><strong>igne</strong></span> <span class='ocrx_word' id='word_1_207' title='bbox 2959 1423 3310 1483; x_wconf 86' lang='lat' dir='ltr'><strong>consumpta.</strong></span> <span class='ocrx_word' id='word_1_208' title='bbox 3359 1409 3698 1480; x_wconf 73' lang='lat' dir='ltr'><strong>Comperientes</strong></span> 
     </span>
    </p>
   </div>
   <div class='ocr_carea' id='block_1_31' title="bbox 2180 1497 3699 1584">
    <p class='ocr_par' dir='ltr' id='par_1_31' title="bbox 2180 1497 3699 1584">
     <span class='ocr_line' id='line_1_31' title="bbox 2180 1497 3699 1584; baseline -0.013 -15"><span class='ocrx_word' id='word_1_209' title='bbox 2180 1525 2362 1570; x_wconf 90' lang='lat' dir='ltr'><strong>autem</strong></span> <span class='ocrx_word' id='word_1_210' title='bbox 2401 1512 2516 1569; x_wconf 86' lang='lat' dir='ltr'><strong>fore</strong></span> <span class='ocrx_word' id='word_1_211' title='bbox 2542 1509 2713 1584; x_wconf 71' lang='lat' dir='ltr'><strong>[esse]</strong></span> <span class='ocrx_word' id='word_1_212' title='bbox 2736 1525 2800 1564; x_wconf 87' lang='lat' dir='ltr'><strong>ea</strong></span> <span class='ocrx_word' id='word_1_213' title='bbox 2833 1507 3002 1560; x_wconf 64' lang='lat' dir='ltr'><strong>illaesa</strong></span> <span class='ocrx_word' id='word_1_214' title='bbox 3023 1547 3038 1571; x_wconf 93' lang='lat'><strong>,</strong></span> <span class='ocrx_word' id='word_1_215' title='bbox 3069 1503 3277 1575; x_wconf 76' lang='lat' dir='ltr'><strong>gratias</strong></span> <span class='ocrx_word' id='word_1_216' title='bbox 3309 1499 3535 1555; x_wconf 85' lang='lat' dir='ltr'><strong>referunt</strong></span> <span class='ocrx_word' id='word_1_217' title='bbox 3568 1497 3699 1551; x_wconf 73' lang='lat' dir='ltr'><strong>omni-</strong></span> 
     </span>
    </p>
   </div>
   <div class='ocr_carea' id='block_1_32' title="bbox 2182 1588 3700 1676">
    <p class='ocr_par' dir='ltr' id='par_1_32' title="bbox 2182 1588 3700 1676">
     <span class='ocr_line' id='line_1_32' title="bbox 2182 1588 3700 1676; baseline -0.014 -17"><span class='ocrx_word' id='word_1_218' title='bbox 2182 1606 2388 1676; x_wconf 87' lang='lat' dir='ltr'><strong>potenti</strong></span> <span class='ocrx_word' id='word_1_219' title='bbox 2415 1603 2650 1659; x_wconf 90' lang='lat' dir='ltr'><strong>Domino</strong></span> <span class='ocrx_word' id='word_1_220' title='bbox 2676 1644 2690 1667; x_wconf 96' lang='lat'><strong>,</strong></span> <span class='ocrx_word' id='word_1_221' title='bbox 2717 1601 2812 1671; x_wconf 89' lang='lat' dir='ltr'><strong>qui</strong></span> <span class='ocrx_word' id='word_1_222' title='bbox 2842 1606 2994 1652; x_wconf 88' lang='lat' dir='ltr'><strong>tanta</strong></span> <span class='ocrx_word' id='word_1_223' title='bbox 3024 1595 3106 1651; x_wconf 85' lang='lat' dir='ltr'><strong>eis</strong></span> <span class='ocrx_word' id='word_1_224' title='bbox 3135 1591 3399 1648; x_wconf 78' lang='lat' dir='ltr'><strong>beneﬁcia</strong></span> <span class='ocrx_word' id='word_1_225' title='bbox 3441 1588 3700 1658; x_wconf 81' lang='lat' dir='ltr'><strong>dignabatur</strong></span> 
     </span>
    </p>
   </div>
   <div class='ocr_carea' id='block_1_33' title="bbox 490 1684 2077 1791">
    <p class='ocr_par' dir='ltr' id='par_1_33' title="bbox 490 1710 2077 1791">
     <span class='ocr_line' id='line_1_33' title="bbox 490 1710 2077 1791; baseline -0.008 -17"><span class='ocrx_word' id='word_1_226' title='bbox 490 1722 854 1791; x_wconf 85' lang='lat' dir='ltr'><strong>gratulantur,</strong></span> <span class='ocrx_word' id='word_1_227' title='bbox 876 1732 1260 1789; x_wconf 88' lang='lat' dir='ltr'><strong>quemcunque</strong></span> <span class='ocrx_word' id='word_1_228' title='bbox 1289 1717 1469 1771; x_wconf 90' lang='lat' dir='ltr'><strong>locum</strong></span> <span class='ocrx_word' id='word_1_229' title='bbox 1489 1713 1795 1769; x_wconf 90' lang='lat' dir='ltr'><strong>Patriciaco</strong></span> <span class='ocrx_word' id='word_1_230' title='bbox 1838 1710 2077 1766; x_wconf 88' lang='lat' dir='ltr'><strong>vicinum</strong></span> 
     </span>
    </p>
   </div>
   <div class='ocr_carea' id='block_1_34' title="bbox 2182 1684 3283 1791">
    <p class='ocr_par' dir='ltr' id='par_1_34' title="bbox 2189 1684 3283 1764">
     <span class='ocr_line' id='line_1_34' title="bbox 2189 1684 3283 1764; baseline -0.011 -15"><span class='ocrx_word' id='word_1_231' title='bbox 2189 1696 2478 1751; x_wconf 82' lang='lat' dir='ltr'><strong>ostendere</strong></span> <span class='ocrx_word' id='word_1_232' title='bbox 2506 1709 2601 1764; x_wconf 89' lang='lat' dir='ltr'><strong>per</strong></span> <span class='ocrx_word' id='word_1_233' title='bbox 2630 1691 2810 1746; x_wconf 86' lang='lat' dir='ltr'><strong>Patris</strong></span> <span class='ocrx_word' id='word_1_234' title='bbox 2838 1702 3030 1744; x_wconf 92' lang='lat' dir='ltr'><strong>eorum</strong></span> <span class='ocrx_word' id='word_1_235' title='bbox 3067 1684 3283 1740; x_wconf 81' lang='lat' dir='ltr'><strong>merita.</strong></span> 
     </span>
    </p>
   </div>
   <div class='ocr_carea' id='block_1_35' title="bbox 495 1803 2080 1878">
    <p class='ocr_par' dir='ltr' id='par_1_35' title="bbox 495 1803 2080 1878">
     <span class='ocr_line' id='line_1_35' title="bbox 495 1803 2080 1878; baseline -0.006 -13"><span class='ocrx_word' id='word_1_236' title='bbox 495 1811 776 1878; x_wconf 88' lang='lat' dir='ltr'><strong>incolant,</strong></span> <span class='ocrx_word' id='word_1_237' title='bbox 815 1811 884 1866; x_wconf 89' lang='lat' dir='ltr'><strong>ad</strong></span> <span class='ocrx_word' id='word_1_238' title='bbox 937 1811 1079 1864; x_wconf 89' lang='lat' dir='ltr'><strong>idem</strong></span> <span class='ocrx_word' id='word_1_239' title='bbox 1131 1807 1331 1864; x_wconf 88' lang='lat' dir='ltr'><strong>festum</strong></span> <span class='ocrx_word' id='word_1_240' title='bbox 1371 1820 1658 1863; x_wconf 85' lang='lat' dir='ltr'><strong>occurrere</strong></span> <span class='ocrx_word' id='word_1_241' title='bbox 1686 1846 1702 1872; x_wconf 96' lang='lat'><strong>,</strong></span> <span class='ocrx_word' id='word_1_242' title='bbox 1750 1810 1806 1859; x_wconf 89' lang='lat' dir='ltr'><strong>et</strong></span> <span class='ocrx_word' id='word_1_243' title='bbox 1850 1803 2080 1875; x_wconf 86' lang='lat' dir='ltr'><strong>lychnos</strong></span> 
     </span>
    </p>
   </div>
   <div class='ocr_carea' id='block_1_36' title="bbox 495 1893 2078 1974">
    <p class='ocr_par' dir='ltr' id='par_1_36' title="bbox 495 1893 2078 1974">
     <span class='ocr_line' id='line_1_36' title="bbox 495 1893 2078 1974; baseline -0.006 -16"><span class='ocrx_word' id='word_1_244' title='bbox 495 1918 635 1974; x_wconf 89' lang='lat' dir='ltr'><strong>quos</strong></span> <span class='ocrx_word' id='word_1_245' title='bbox 665 1918 852 1958; x_wconf 87' lang='lat' dir='ltr'><strong>coram</strong></span> <span class='ocrx_word' id='word_1_246' title='bbox 879 1902 1037 1957; x_wconf 88' lang='lat' dir='ltr'><strong>altari</strong></span> <span class='ocrx_word' id='word_1_247' title='bbox 1066 1901 1151 1957; x_wconf 91' lang='lat' dir='ltr'><strong>sui</strong></span> <span class='ocrx_word' id='word_1_248' title='bbox 1177 1899 1477 1956; x_wconf 88' lang='lat' dir='ltr'><strong>accendant</strong></span> <span class='ocrx_word' id='word_1_249' title='bbox 1504 1897 1710 1952; x_wconf 85' lang='lat' dir='ltr'><strong>domini</strong></span> <span class='ocrx_word' id='word_1_250' title='bbox 1735 1937 1752 1962; x_wconf 92' lang='lat'><strong>,</strong></span> <span class='ocrx_word' id='word_1_251' title='bbox 1797 1895 1868 1950; x_wconf 92' lang='lat' dir='ltr'><strong>ob</strong></span> <span class='ocrx_word' id='word_1_252' title='bbox 1909 1893 2078 1949; x_wconf 80' lang='lat' dir='ltr'><strong>devo-</strong></span> 
     </span>
    </p>
   </div>
   <div class='ocr_carea' id='block_1_37' title="bbox 492 1989 2076 2063">
    <p class='ocr_par' dir='ltr' id='par_1_37' title="bbox 492 1989 2076 2063">
     <span class='ocr_line' id='line_1_37' title="bbox 492 1989 2076 2063; baseline -0.004 -15"><span class='ocrx_word' id='word_1_253' title='bbox 492 1994 694 2049; x_wconf 90' lang='lat' dir='ltr'><strong>tionem</strong></span> <span class='ocrx_word' id='word_1_254' title='bbox 726 1993 938 2049; x_wconf 87' lang='lat' dir='ltr'><strong>afferre.</strong></span> <span class='ocrx_word' id='word_1_255' title='bbox 966 1992 1110 2048; x_wconf 86' lang='lat' dir='ltr'><strong>Inter</strong></span> <span class='ocrx_word' id='word_1_256' title='bbox 1131 1992 1372 2063; x_wconf 91' lang='lat' dir='ltr'><strong>reliquos</strong></span> <span class='ocrx_word' id='word_1_257' title='bbox 1399 1990 1586 2062; x_wconf 87' lang='lat' dir='ltr'><strong>igitur,</strong></span> <span class='ocrx_word' id='word_1_258' title='bbox 1611 1989 1835 2061; x_wconf 87' lang='lat' dir='ltr'><strong>quidam</strong></span> <span class='ocrx_word' id='word_1_259' title='bbox 1863 2003 2076 2053; x_wconf 88' lang='lat' dir='ltr'><strong>eorum,</strong></span> 
     </span>
    </p>
   </div>
   <div class='ocr_carea' id='block_1_38' title="bbox 495 2079 2079 2153">
    <p class='ocr_par' dir='ltr' id='par_1_38' title="bbox 495 2079 2079 2153">
     <span class='ocr_line' id='line_1_38' title="bbox 495 2079 2079 2153; baseline -0.005 -12"><span class='ocrx_word' id='word_1_260' title='bbox 495 2079 787 2142; x_wconf 75' lang='lat' dir='ltr'><strong>Rotbcrtus</strong></span> <span class='ocrx_word' id='word_1_261' title='bbox 837 2086 1100 2153; x_wconf 84' lang='lat' dir='ltr'><strong>nomine,</strong></span> <span class='ocrx_word' id='word_1_262' title='bbox 1154 2084 1336 2140; x_wconf 90' lang='lat' dir='ltr'><strong>incola</strong></span> <span class='ocrx_word' id='word_1_263' title='bbox 1384 2083 1551 2140; x_wconf 86' lang='lat' dir='ltr'><strong>castri</strong></span> <span class='ocrx_word' id='word_1_264' title='bbox 1605 2081 1751 2153; x_wconf 84' lang='lat' dir='ltr'><strong>quod</strong></span> <span class='ocrx_word' id='word_1_265' title='bbox 1811 2079 2079 2136; x_wconf 90' lang='lat' dir='ltr'><strong>Luciacus</strong></span> 
     </span>
    </p>
   </div>
   <div class='ocr_carea' id='block_1_39' title="bbox 493 2172 2079 2247">
    <p class='ocr_par' dir='ltr' id='par_1_39' title="bbox 493 2172 2079 2247">
     <span class='ocr_line' id='line_1_39' title="bbox 493 2172 2079 2247; baseline -0.006 -12"><span class='ocrx_word' id='word_1_266' title='bbox 493 2190 736 2247; x_wconf 76' lang='lat' dir='ltr'><strong>vocatur,</strong></span> <span class='ocrx_word' id='word_1_267' title='bbox 768 2179 954 2234; x_wconf 89' lang='lat' dir='ltr'><strong>venire</strong></span> <span class='ocrx_word' id='word_1_268' title='bbox 993 2177 1261 2233; x_wconf 77' lang='lat' dir='ltr'><strong>festinans</strong></span> <span class='ocrx_word' id='word_1_269' title='bbox 1283 2218 1300 2244; x_wconf 93' lang='lat'><strong>,</strong></span> <span class='ocrx_word' id='word_1_270' title='bbox 1347 2175 1494 2230; x_wconf 90' lang='lat' dir='ltr'><strong>haud</strong></span> <span class='ocrx_word' id='word_1_271' title='bbox 1545 2172 1864 2245; x_wconf 66' lang='lat' dir='ltr'><strong>spernendae</strong></span> <span class='ocrx_word' id='word_1_272' title='bbox 1900 2188 2079 2244; x_wconf 74' lang='lat' dir='ltr'><strong>quan-</strong></span> 
     </span>
    </p>
   </div>
   <div class='ocr_carea' id='block_1_40' title="bbox 498 2265 2080 2344">
    <p class='ocr_par' dir='ltr' id='par_1_40' title="bbox 498 2265 2080 2344">
     <span class='ocr_line' id='line_1_40' title="bbox 498 2265 2080 2344; baseline -0.004 -18"><span class='ocrx_word' id='word_1_273' title='bbox 498 2273 675 2328; x_wconf 85' lang='lat' dir='ltr'><strong>titatis</strong></span> <span class='ocrx_word' id='word_1_274' title='bbox 700 2272 980 2344; x_wconf 84' lang='lat' dir='ltr'><strong>lychnum,</strong></span> <span class='ocrx_word' id='word_1_275' title='bbox 1029 2269 1116 2325; x_wconf 87' lang='lat' dir='ltr'><strong>sui</strong></span> <span class='ocrx_word' id='word_1_276' title='bbox 1163 2268 1419 2324; x_wconf 66' lang='lat' dir='ltr'><strong>allectum</strong></span> <span class='ocrx_word' id='word_1_277' title='bbox 1453 2267 1623 2322; x_wconf 89' lang='lat' dir='ltr'><strong>animi</strong></span> <span class='ocrx_word' id='word_1_278' title='bbox 1651 2281 1780 2338; x_wconf 88' lang='lat' dir='ltr'><strong>erga</strong></span> <span class='ocrx_word' id='word_1_279' title='bbox 1825 2265 2080 2321; x_wconf 90' lang='lat' dir='ltr'><strong>eumdem</strong></span> 
     </span>
    </p>
   </div>
   <div class='ocr_carea' id='block_1_41' title="bbox 493 2358 2083 2430">
    <p class='ocr_par' dir='ltr' id='par_1_41' title="bbox 493 2358 2083 2430">
     <span class='ocr_line' id='line_1_41' title="bbox 493 2358 2083 2430; baseline -0.006 -12"><span class='ocrx_word' id='word_1_280' title='bbox 493 2365 708 2421; x_wconf 85' lang='lat' dir='ltr'><strong>Patrem</strong></span> <span class='ocrx_word' id='word_1_281' title='bbox 743 2364 1064 2430; x_wconf 87' lang='lat' dir='ltr'><strong>declarans,</strong></span> <span class='ocrx_word' id='word_1_282' title='bbox 1095 2361 1311 2417; x_wconf 88' lang='lat' dir='ltr'><strong>obtulit.</strong></span> <span class='ocrx_word' id='word_1_283' title='bbox 1336 2359 1512 2427; x_wconf 86' lang='lat' dir='ltr'><strong>Quem</strong></span> <span class='ocrx_word' id='word_1_284' title='bbox 1536 2359 1592 2414; x_wconf 82' lang='lat' dir='ltr'><strong>in</strong></span> <span class='ocrx_word' id='word_1_285' title='bbox 1613 2359 1798 2430; x_wconf 84' lang='lat' dir='ltr'><strong>vigilia</strong></span> <span class='ocrx_word' id='word_1_286' title='bbox 1825 2358 2083 2414; x_wconf 88' lang='lat' dir='ltr'><strong>solemni-</strong></span> 
     </span>
    </p>
   </div>
   <div class='ocr_carea' id='block_1_42' title="bbox 493 2450 2074 2525">
    <p class='ocr_par' dir='ltr' id='par_1_42' title="bbox 493 2450 2074 2525">
     <span class='ocr_line' id='line_1_42' title="bbox 493 2450 2074 2525; baseline -0.005 -13"><span class='ocrx_word' id='word_1_287' title='bbox 493 2459 625 2513; x_wconf 87' lang='lat' dir='ltr'><strong>tatis</strong></span> <span class='ocrx_word' id='word_1_288' title='bbox 650 2456 947 2512; x_wconf 84' lang='lat' dir='ltr'><strong>aecendere</strong></span> <span class='ocrx_word' id='word_1_289' title='bbox 975 2453 1184 2511; x_wconf 85' lang='lat' dir='ltr'><strong>faciens</strong></span> <span class='ocrx_word' id='word_1_290' title='bbox 1207 2496 1223 2521; x_wconf 91' lang='lat'><strong>,</strong></span> <span class='ocrx_word' id='word_1_291' title='bbox 1258 2452 1473 2525; x_wconf 87' lang='lat' dir='ltr'><strong>rogavit</strong></span> <span class='ocrx_word' id='word_1_292' title='bbox 1499 2451 1731 2507; x_wconf 62' lang='lat' dir='ltr'><strong>aedituos</strong></span> <span class='ocrx_word' id='word_1_293' title='bbox 1764 2466 1933 2507; x_wconf 70' lang='lat' dir='ltr'><strong>sacra:</strong></span> <span class='ocrx_word' id='word_1_294' title='bbox 1976 2450 2074 2504; x_wconf 87' lang='lat' dir='ltr'><strong>ba-</strong></span> 
     </span>
    </p>
   </div>
   <div class='ocr_carea' id='block_1_43' title="bbox 494 2544 2081 2619">
    <p class='ocr_par' dir='ltr' id='par_1_43' title="bbox 494 2544 2081 2619">
     <span class='ocr_line' id='line_1_43' title="bbox 494 2544 2081 2619; baseline -0.006 -15"><span class='ocrx_word' id='word_1_295' title='bbox 494 2550 696 2616; x_wconf 64' lang='lat' dir='ltr'><strong>silicae,</strong></span> <span class='ocrx_word' id='word_1_296' title='bbox 765 2556 1037 2619; x_wconf 86' lang='lat' dir='ltr'><strong>quatenus</strong></span> <span class='ocrx_word' id='word_1_297' title='bbox 1085 2562 1186 2618; x_wconf 91' lang='lat' dir='ltr'><strong>per</strong></span> <span class='ocrx_word' id='word_1_298' title='bbox 1231 2556 1408 2602; x_wconf 89' lang='lat' dir='ltr'><strong>totum</strong></span> <span class='ocrx_word' id='word_1_299' title='bbox 1454 2544 1580 2600; x_wconf 89' lang='lat' dir='ltr'><strong>festi</strong></span> <span class='ocrx_word' id='word_1_300' title='bbox 1614 2544 1761 2598; x_wconf 90' lang='lat' dir='ltr'><strong>diem</strong></span> <span class='ocrx_word' id='word_1_301' title='bbox 1795 2559 1933 2600; x_wconf 90' lang='lat' dir='ltr'><strong>suus</strong></span> <span class='ocrx_word' id='word_1_302' title='bbox 1971 2557 2081 2597; x_wconf 92' lang='lat' dir='ltr'><strong>non</strong></span> 
     </span>
    </p>
   </div>
   <div class='ocr_carea' id='block_1_44' title="bbox 498 2630 2080 2711">
    <p class='ocr_par' dir='ltr' id='par_1_44' title="bbox 498 2630 2080 2711">
     <span class='ocr_line' id='line_1_44' title="bbox 498 2630 2080 2711; baseline -0.006 -17"><span class='ocrx_word' id='word_1_303' title='bbox 498 2639 943 2711; x_wconf 82' lang='lat' dir='ltr'><strong>exstingueretur</strong></span> <span class='ocrx_word' id='word_1_304' title='bbox 970 2636 1206 2708; x_wconf 83' lang='lat' dir='ltr'><strong>lychnus</strong></span> <span class='ocrx_word' id='word_1_305' title='bbox 1233 2677 1250 2703; x_wconf 91' lang='lat'><strong>,</strong></span> <span class='ocrx_word' id='word_1_306' title='bbox 1281 2635 1402 2702; x_wconf 89' lang='lat' dir='ltr'><strong>sed,</strong></span> <span class='ocrx_word' id='word_1_307' title='bbox 1442 2632 1874 2707; x_wconf 87' lang='lat' dir='ltr'><strong>coruscantibus</strong></span> <span class='ocrx_word' id='word_1_308' title='bbox 1921 2630 2080 2686; x_wconf 77' lang='lat' dir='ltr'><strong>flam-</strong></span> 
     </span>
    </p>
   </div>
   <div class='ocr_carea' id='block_1_45' title="bbox 495 2720 2087 2800">
    <p class='ocr_par' dir='ltr' id='par_1_45' title="bbox 495 2720 2087 2800">
     <span class='ocr_line' id='line_1_45' title="bbox 495 2720 2087 2800; baseline -0.006 -14"><span class='ocrx_word' id='word_1_309' title='bbox 495 2731 602 2786; x_wconf 86' lang='lat' dir='ltr'><strong>mis</strong></span> <span class='ocrx_word' id='word_1_310' title='bbox 627 2772 642 2798; x_wconf 95' lang='lat'><strong>,</strong></span> <span class='ocrx_word' id='word_1_311' title='bbox 681 2729 737 2783; x_wconf 84' lang='lat' dir='ltr'><strong>in</strong></span> <span class='ocrx_word' id='word_1_312' title='bbox 760 2743 997 2800; x_wconf 89' lang='lat' dir='ltr'><strong>sequens</strong></span> <span class='ocrx_word' id='word_1_313' title='bbox 1016 2727 1337 2798; x_wconf 86' lang='lat' dir='ltr'><strong>perduraret</strong></span> <span class='ocrx_word' id='word_1_314' title='bbox 1364 2739 1546 2779; x_wconf 89' lang='lat' dir='ltr'><strong>mane.</strong></span> <span class='ocrx_word' id='word_1_315' title='bbox 1569 2722 1728 2790; x_wconf 89' lang='lat' dir='ltr'><strong>Quod</strong></span> <span class='ocrx_word' id='word_1_316' title='bbox 1757 2723 1966 2792; x_wconf 89' lang='lat' dir='ltr'><strong>absque</strong></span> <span class='ocrx_word' id='word_1_317' title='bbox 1986 2720 2087 2777; x_wconf 91' lang='lat' dir='ltr'><strong>dif-</strong></span> 
     </span>
    </p>
   </div>
   <div class='ocr_carea' id='block_1_46' title="bbox 494 2813 2085 2892">
    <p class='ocr_par' dir='ltr' id='par_1_46' title="bbox 494 2813 2085 2892">
     <span class='ocr_line' id='line_1_46' title="bbox 494 2813 2085 2892; baseline -0.006 -15"><span class='ocrx_word' id='word_1_318' title='bbox 494 2823 733 2878; x_wconf 82' lang='lat' dir='ltr'><strong>ficultate</strong></span> <span class='ocrx_word' id='word_1_319' title='bbox 762 2821 906 2892; x_wconf 91' lang='lat' dir='ltr'><strong>apud</strong></span> <span class='ocrx_word' id='word_1_320' title='bbox 934 2834 1031 2876; x_wconf 90' lang='lat' dir='ltr'><strong>eos</strong></span> <span class='ocrx_word' id='word_1_321' title='bbox 1060 2817 1318 2876; x_wconf 89' lang='lat' dir='ltr'><strong>obtinuit.</strong></span> <span class='ocrx_word' id='word_1_322' title='bbox 1345 2815 1490 2888; x_wconf 84' lang='lat' dir='ltr'><strong>Ergo</strong></span> <span class='ocrx_word' id='word_1_323' title='bbox 1511 2829 1778 2871; x_wconf 78' lang='lat' dir='ltr'><strong>accensus</strong></span> <span class='ocrx_word' id='word_1_324' title='bbox 1807 2829 1931 2869; x_wconf 90' lang='lat' dir='ltr'><strong>eum</strong></span> <span class='ocrx_word' id='word_1_325' title='bbox 1963 2813 2085 2868; x_wconf 89' lang='lat' dir='ltr'><strong>aliis</strong></span> 
     </span>
    </p>
   </div>
   <div class='ocr_carea' id='block_1_47' title="bbox 494 2907 2079 2986">
    <p class='ocr_par' dir='ltr' id='par_1_47' title="bbox 494 2907 2079 2986">
     <span class='ocr_line' id='line_1_47' title="bbox 494 2907 2079 2986; baseline -0.006 -17"><span class='ocrx_word' id='word_1_326' title='bbox 494 2912 919 2986; x_wconf 89' lang='lat' dir='ltr'><strong>quampluribus</strong></span> <span class='ocrx_word' id='word_1_327' title='bbox 947 2927 980 2967; x_wconf 88' lang='lat' dir='ltr'><strong>a</strong></span> <span class='ocrx_word' id='word_1_328' title='bbox 1009 2910 1212 2967; x_wconf 85' lang='lat' dir='ltr'><strong>diversi</strong></span> <span class='ocrx_word' id='word_1_329' title='bbox 1243 2925 1406 2966; x_wconf 82' lang='lat' dir='ltr'><strong>sexus</strong></span> <span class='ocrx_word' id='word_1_330' title='bbox 1429 2907 1679 2978; x_wconf 88' lang='lat' dir='ltr'><strong>personis</strong></span> <span class='ocrx_word' id='word_1_331' title='bbox 1719 2907 1906 2962; x_wconf 89' lang='lat' dir='ltr'><strong>itidem</strong></span> <span class='ocrx_word' id='word_1_332' title='bbox 1933 2907 2079 2962; x_wconf 87' lang='lat' dir='ltr'><strong>obla-</strong></span> 
     </span>
    </p>
   </div>
   <div class='ocr_carea' id='block_1_48' title="bbox 493 2997 2082 3074">
    <p class='ocr_par' dir='ltr' id='par_1_48' title="bbox 493 2997 2082 3074">
     <span class='ocr_line' id='line_1_48' title="bbox 493 2997 2082 3074; baseline -0.004 -15"><span class='ocrx_word' id='word_1_333' title='bbox 493 3006 565 3059; x_wconf 89' lang='lat' dir='ltr'><strong>tis</strong></span> <span class='ocrx_word' id='word_1_334' title='bbox 614 3003 750 3059; x_wconf 82' lang='lat' dir='ltr'><strong>arsit</strong></span> <span class='ocrx_word' id='word_1_335' title='bbox 783 3018 879 3074; x_wconf 89' lang='lat' dir='ltr'><strong>per</strong></span> <span class='ocrx_word' id='word_1_336' title='bbox 926 3010 1098 3058; x_wconf 88' lang='lat' dir='ltr'><strong>totam</strong></span> <span class='ocrx_word' id='word_1_337' title='bbox 1134 3001 1284 3056; x_wconf 88' lang='lat' dir='ltr'><strong>illam</strong></span> <span class='ocrx_word' id='word_1_338' title='bbox 1320 3013 1534 3056; x_wconf 86' lang='lat' dir='ltr'><strong>sacram</strong></span> <span class='ocrx_word' id='word_1_339' title='bbox 1584 3007 1800 3054; x_wconf 87' lang='lat' dir='ltr'><strong>noctem</strong></span> <span class='ocrx_word' id='word_1_340' title='bbox 1826 2997 2082 3069; x_wconf 88' lang='lat' dir='ltr'><strong>diemque</strong></span> 
     </span>
    </p>
   </div>
   <div class='ocr_carea' id='block_1_49' title="bbox 2253 1778 3702 1854">
    <p class='ocr_par' dir='ltr' id='par_1_49' title="bbox 2253 1778 3702 1854">
     <span class='ocr_line' id='line_1_49' title="bbox 2253 1778 3702 1854; baseline -0.015 -6"><span class='ocrx_word' id='word_1_341' title='bbox 2253 1794 2384 1848; x_wconf 72' lang='lat' dir='ltr'><strong>CAP.</strong></span> <span class='ocrx_word' id='word_1_342' title='bbox 2415 1790 2578 1848; x_wconf 77' lang='lat' dir='ltr'><strong>XLV.</strong></span> <span class='ocrx_word' id='word_1_343' title='bbox 2606 1818 2674 1829; x_wconf 81' lang='lat'><strong>—-</strong></span> <span class='ocrx_word' id='word_1_344' title='bbox 2708 1788 2826 1843; x_wconf 88' lang='lat' dir='ltr'><strong>Fur</strong></span> <span class='ocrx_word' id='word_1_345' title='bbox 2858 1794 2914 1840; x_wconf 83' lang='lat' dir='ltr'><strong>in</strong></span> <span class='ocrx_word' id='word_1_346' title='bbox 2958 1783 3246 1854; x_wconf 82' lang='lat' dir='ltr'><strong>suspendio</strong></span> <span class='ocrx_word' id='word_1_347' title='bbox 3277 1778 3541 1834; x_wconf 78' lang='lat' dir='ltr'><strong>incolumis</strong></span> <span class='ocrx_word' id='word_1_348' title='bbox 3574 1791 3702 1829; x_wconf 53' lang='lat' dir='ltr'><strong>sermo</strong></span> 
     </span>
    </p>
   </div>
   <div class='ocr_carea' id='block_1_50' title="bbox 2187 1868 3703 1952">
    <p class='ocr_par' dir='ltr' id='par_1_50' title="bbox 2187 1868 3703 1952">
     <span class='ocr_line' id='line_1_50' title="bbox 2187 1868 3703 1952; baseline -0.015 -11"><span class='ocrx_word' id='word_1_349' title='bbox 2187 1885 2566 1952; x_wconf 75' lang='lat' dir='ltr'><strong>tus.Qu.&#39;edam</strong></span> <span class='ocrx_word' id='word_1_350' title='bbox 2582 1897 2724 1937; x_wconf 88' lang='lat' dir='ltr'><strong>anus</strong></span> <span class='ocrx_word' id='word_1_351' title='bbox 2749 1880 2817 1936; x_wconf 91' lang='lat' dir='ltr'><strong>de</strong></span> <span class='ocrx_word' id='word_1_352' title='bbox 2845 1894 3012 1949; x_wconf 89' lang='lat' dir='ltr'><strong>supra</strong></span> <span class='ocrx_word' id='word_1_353' title='bbox 3040 1872 3332 1931; x_wconf 87' lang='lat' dir='ltr'><strong>memorati</strong></span> <span class='ocrx_word' id='word_1_354' title='bbox 3351 1869 3517 1925; x_wconf 87' lang='lat' dir='ltr'><strong>Patris</strong></span> <span class='ocrx_word' id='word_1_355' title='bbox 3532 1868 3703 1928; x_wconf 81' lang='lat' dir='ltr'><strong>familia,</strong></span> 
     </span>
    </p>
   </div>
   <div class='ocr_carea' id='block_1_51' title="bbox 2187 1959 3706 2041">
    <p class='ocr_par' dir='ltr' id='par_1_51' title="bbox 2187 1959 3706 2041">
     <span class='ocr_line' id='line_1_51' title="bbox 2187 1959 3706 2041; baseline -0.015 -8"><span class='ocrx_word' id='word_1_356' title='bbox 2187 1975 2524 2034; x_wconf 89' lang='lat' dir='ltr'><strong>necessariis</strong></span> <span class='ocrx_word' id='word_1_357' title='bbox 2556 1974 2815 2030; x_wconf 91' lang='lat' dir='ltr'><strong>omnibus</strong></span> <span class='ocrx_word' id='word_1_358' title='bbox 2839 1969 3020 2041; x_wconf 87' lang='lat' dir='ltr'><strong>indiga</strong></span> <span class='ocrx_word' id='word_1_359' title='bbox 3047 2011 3062 2035; x_wconf 93' lang='lat'><strong>,</strong></span> <span class='ocrx_word' id='word_1_360' title='bbox 3114 1967 3295 2022; x_wconf 88' lang='lat' dir='ltr'><strong>solum</strong></span> <span class='ocrx_word' id='word_1_361' title='bbox 3345 1978 3454 2019; x_wconf 77' lang='lat' dir='ltr'><strong>sua:</strong></span> <span class='ocrx_word' id='word_1_362' title='bbox 3488 1959 3706 2016; x_wconf 81' lang='lat' dir='ltr'><strong>viduitatis</strong></span> 
     </span>
    </p>
   </div>
   <div class='ocr_carea' id='block_1_52' title="bbox 2185 2053 3704 2128">
    <p class='ocr_par' dir='ltr' id='par_1_52' title="bbox 2185 2053 3704 2128">
     <span class='ocr_line' id='line_1_52' title="bbox 2185 2053 3704 2128; baseline -0.016 -2"><span class='ocrx_word' id='word_1_363' title='bbox 2185 2081 2240 2128; x_wconf 87' lang='lat' dir='ltr'><strong>et</strong></span> <span class='ocrx_word' id='word_1_364' title='bbox 2289 2068 2594 2126; x_wconf 85' lang='lat' dir='ltr'><strong>senectutis</strong></span> <span class='ocrx_word' id='word_1_365' title='bbox 2643 2064 2900 2121; x_wconf 82' lang='lat' dir='ltr'><strong>baculum</strong></span> <span class='ocrx_word' id='word_1_366' title='bbox 2933 2061 3169 2117; x_wconf 89' lang='lat' dir='ltr'><strong>habebat</strong></span> <span class='ocrx_word' id='word_1_367' title='bbox 3213 2057 3407 2112; x_wconf 86' lang='lat' dir='ltr'><strong>tilium.</strong></span> <span class='ocrx_word' id='word_1_368' title='bbox 3453 2053 3542 2110; x_wconf 80' lang='lat' dir='ltr'><strong>Hic</strong></span> <span class='ocrx_word' id='word_1_369' title='bbox 3572 2060 3704 2107; x_wconf 73' lang='lat' dir='ltr'><strong>autem</strong></span> 
     </span>
    </p>
   </div>
   <div class='ocr_carea' id='block_1_53' title="bbox 2186 2152 3705 2224">
    <p class='ocr_par' dir='ltr' id='par_1_53' title="bbox 2186 2152 3705 2224">
     <span class='ocr_line' id='line_1_53' title="bbox 2186 2152 3705 2224; baseline -0.014 -7"><span class='ocrx_word' id='word_1_370' title='bbox 2186 2179 2295 2218; x_wconf 88' lang='lat' dir='ltr'><strong>non</strong></span> <span class='ocrx_word' id='word_1_371' title='bbox 2320 2161 2532 2217; x_wconf 90' lang='lat' dir='ltr'><strong>habens</strong></span> <span class='ocrx_word' id='word_1_372' title='bbox 2561 2159 2704 2213; x_wconf 90' lang='lat' dir='ltr'><strong>unde</strong></span> <span class='ocrx_word' id='word_1_373' title='bbox 2732 2155 2926 2211; x_wconf 82' lang='lat' dir='ltr'><strong>matris</strong></span> <span class='ocrx_word' id='word_1_374' title='bbox 2959 2152 3203 2224; x_wconf 88' lang='lat' dir='ltr'><strong>inopiam</strong></span> <span class='ocrx_word' id='word_1_375' title='bbox 3254 2156 3592 2208; x_wconf 81' lang='lat' dir='ltr'><strong>sustentaret,</strong></span> <span class='ocrx_word' id='word_1_376' title='bbox 3616 2158 3705 2198; x_wconf 83' lang='lat' dir='ltr'><strong>cum</strong></span> 
     </span>
    </p>
   </div>
   <div class='ocr_carea' id='block_1_54' title="bbox 2186 2235 3706 2315">
    <p class='ocr_par' dir='ltr' id='par_1_54' title="bbox 2186 2235 3706 2315">
     <span class='ocr_line' id='line_1_54' title="bbox 2186 2235 3706 2315; baseline -0.014 -4"><span class='ocrx_word' id='word_1_377' title='bbox 2186 2257 2371 2315; x_wconf 82' lang='lat' dir='ltr'><strong>labore</strong></span> <span class='ocrx_word' id='word_1_378' title='bbox 2393 2267 2621 2309; x_wconf 90' lang='lat' dir='ltr'><strong>suarum</strong></span> <span class='ocrx_word' id='word_1_379' title='bbox 2647 2263 2910 2307; x_wconf 89' lang='lat' dir='ltr'><strong>manuum</strong></span> <span class='ocrx_word' id='word_1_380' title='bbox 2937 2247 3115 2303; x_wconf 91' lang='lat' dir='ltr'><strong>victus</strong></span> <span class='ocrx_word' id='word_1_381' title='bbox 3135 2255 3192 2300; x_wconf 92' lang='lat' dir='ltr'><strong>et</strong></span> <span class='ocrx_word' id='word_1_382' title='bbox 3217 2241 3449 2298; x_wconf 88' lang='lat' dir='ltr'><strong>vestitus</strong></span> <span class='ocrx_word' id='word_1_383' title='bbox 3467 2235 3706 2295; x_wconf 81' lang='lat' dir='ltr'><strong>necessaria</strong></span> 
     </span>
    </p>
   </div>
   <div class='ocr_carea' id='block_1_55' title="bbox 2187 2328 3708 2418">
    <p class='ocr_par' dir='ltr' id='par_1_55' title="bbox 2187 2328 3708 2418">
     <span class='ocr_line' id='line_1_55' title="bbox 2187 2328 3708 2418; baseline -0.016 -13"><span class='ocrx_word' id='word_1_384' title='bbox 2187 2350 2235 2405; x_wconf 88' lang='lat' dir='ltr'><strong>ei</strong></span> <span class='ocrx_word' id='word_1_385' title='bbox 2266 2348 2483 2418; x_wconf 90' lang='lat' dir='ltr'><strong>sibique</strong></span> <span class='ocrx_word' id='word_1_386' title='bbox 2529 2358 2879 2415; x_wconf 86' lang='lat' dir='ltr'><strong>nequaquam</strong></span> <span class='ocrx_word' id='word_1_387' title='bbox 2924 2339 3279 2411; x_wconf 87' lang='lat' dir='ltr'><strong>suppeditare</strong></span> <span class='ocrx_word' id='word_1_388' title='bbox 3325 2333 3552 2397; x_wconf 83' lang='lat' dir='ltr'><strong>valeret,</strong></span> <span class='ocrx_word' id='word_1_389' title='bbox 3593 2328 3708 2383; x_wconf 84' lang='lat' dir='ltr'><strong>furtis</strong></span> 
     </span>
    </p>
   </div>
   <div class='ocr_carea' id='block_1_56' title="bbox 2189 2421 3708 2510">
    <p class='ocr_par' dir='ltr' id='par_1_56' title="bbox 2189 2421 3708 2510">
     <span class='ocr_line' id='line_1_56' title="bbox 2189 2421 3708 2510; baseline -0.016 -14"><span class='ocrx_word' id='word_1_390' title='bbox 2189 2443 2294 2498; x_wconf 87' lang='lat' dir='ltr'><strong>hoc</strong></span> <span class='ocrx_word' id='word_1_391' title='bbox 2324 2439 2578 2510; x_wconf 85' lang='lat' dir='ltr'><strong>supplere</strong></span> <span class='ocrx_word' id='word_1_392' title='bbox 2606 2437 2866 2494; x_wconf 89' lang='lat' dir='ltr'><strong>decrevit.</strong></span> <span class='ocrx_word' id='word_1_393' title='bbox 2897 2433 3164 2488; x_wconf 86' lang='lat' dir='ltr'><strong>lnsistens</strong></span> <span class='ocrx_word' id='word_1_394' title='bbox 3198 2429 3370 2501; x_wconf 88' lang='lat' dir='ltr'><strong>igitur</strong></span> <span class='ocrx_word' id='word_1_395' title='bbox 3399 2423 3617 2488; x_wconf 85' lang='lat' dir='ltr'><strong>nefario,</strong></span> <span class='ocrx_word' id='word_1_396' title='bbox 3638 2421 3708 2474; x_wconf 77' lang='grc' dir='ltr'>ιιιί-</span> 
     </span>
    </p>
   </div>
   <div class='ocr_carea' id='block_1_57' title="bbox 2185 2513 3705 2604">
    <p class='ocr_par' dir='ltr' id='par_1_57' title="bbox 2185 2513 3705 2604">
     <span class='ocr_line' id='line_1_57' title="bbox 2185 2513 3705 2604; baseline -0.014 -17"><span class='ocrx_word' id='word_1_397' title='bbox 2185 2534 2334 2589; x_wconf 87' lang='lat' dir='ltr'><strong>nima</strong></span> <span class='ocrx_word' id='word_1_398' title='bbox 2363 2545 2594 2604; x_wconf 66' lang='lat' dir='ltr'><strong>qumque</strong></span> <span class='ocrx_word' id='word_1_399' title='bbox 2617 2529 2772 2600; x_wconf 91' lang='lat' dir='ltr'><strong>prius</strong></span> <span class='ocrx_word' id='word_1_400' title='bbox 2794 2525 3107 2596; x_wconf 84' lang='lat' dir='ltr'><strong>subripiens</strong></span> <span class='ocrx_word' id='word_1_401' title='bbox 3132 2565 3148 2590; x_wconf 93' lang='lat'><strong>,</strong></span> <span class='ocrx_word' id='word_1_402' title='bbox 3176 2519 3441 2593; x_wconf 84' lang='lat' dir='ltr'><strong>paulatim</strong></span> <span class='ocrx_word' id='word_1_403' title='bbox 3473 2517 3532 2572; x_wconf 90' lang='lat' dir='ltr'><strong>ad</strong></span> <span class='ocrx_word' id='word_1_404' title='bbox 3555 2513 3705 2583; x_wconf 80' lang='lat' dir='ltr'><strong>majora</strong></span> 
     </span>
    </p>
   </div>
   <div class='ocr_carea' id='block_1_58' title="bbox 2185 2603 3708 2695">
    <p class='ocr_par' dir='ltr' id='par_1_58' title="bbox 2185 2603 3708 2695">
     <span class='ocr_line' id='line_1_58' title="bbox 2185 2603 3708 2695; baseline -0.015 -14"><span class='ocrx_word' id='word_1_405' title='bbox 2185 2603 2435 2683; x_wconf 79' lang='lat' dir='ltr'><strong>audenda</strong></span> <span class='ocrx_word' id='word_1_406' title='bbox 2460 2623 2729 2695; x_wconf 86' lang='lat' dir='ltr'><strong>prorupit.</strong></span> <span class='ocrx_word' id='word_1_407' title='bbox 2759 2620 2956 2676; x_wconf 91' lang='lat' dir='ltr'><strong>Omnia</strong></span> <span class='ocrx_word' id='word_1_408' title='bbox 2985 2613 3115 2673; x_wconf 84' lang='lat' dir='ltr'><strong>vero</strong></span> <span class='ocrx_word' id='word_1_409' title='bbox 3148 2630 3277 2687; x_wconf 72' lang='lat' dir='ltr'><strong>qua:</strong></span> <span class='ocrx_word' id='word_1_410' title='bbox 3306 2611 3588 2675; x_wconf 88' lang='lat' dir='ltr'><strong>furabatur,</strong></span> <span class='ocrx_word' id='word_1_411' title='bbox 3628 2619 3708 2660; x_wconf 81' lang='lat' dir='ltr'><strong>ma-</strong></span> 
     </span>
    </p>
   </div>
   <div class='ocr_carea' id='block_1_59' title="bbox 2187 2704 3708 2783">
    <p class='ocr_par' dir='ltr' id='par_1_59' title="bbox 2187 2704 3708 2783">
     <span class='ocr_line' id='line_1_59' title="bbox 2187 2704 3708 2783; baseline -0.016 -11"><span class='ocrx_word' id='word_1_412' title='bbox 2187 2719 2256 2772; x_wconf 91' lang='lat' dir='ltr'><strong>tri</strong></span> <span class='ocrx_word' id='word_1_413' title='bbox 2283 2716 2538 2773; x_wconf 78' lang='lat' dir='ltr'><strong>deferens</strong></span> <span class='ocrx_word' id='word_1_414' title='bbox 2563 2758 2578 2783; x_wconf 91' lang='lat'><strong>,</strong></span> <span class='ocrx_word' id='word_1_415' title='bbox 2608 2729 2731 2770; x_wconf 90' lang='lat' dir='ltr'><strong>eam</strong></span> <span class='ocrx_word' id='word_1_416' title='bbox 2760 2711 2961 2768; x_wconf 77' lang='lat' dir='ltr'><strong>exinde</strong></span> <span class='ocrx_word' id='word_1_417' title='bbox 2988 2709 3170 2765; x_wconf 88' lang='lat' dir='ltr'><strong>alebat</strong></span> <span class='ocrx_word' id='word_1_418' title='bbox 3195 2749 3212 2774; x_wconf 92' lang='lat'><strong>,</strong></span> <span class='ocrx_word' id='word_1_419' title='bbox 3242 2704 3539 2766; x_wconf 88' lang='lat' dir='ltr'><strong>vestiebat,</strong></span> <span class='ocrx_word' id='word_1_420' title='bbox 3563 2711 3607 2754; x_wconf 86' lang='lat' dir='ltr'><strong>et</strong></span> <span class='ocrx_word' id='word_1_421' title='bbox 3627 2712 3708 2750; x_wconf 85' lang='lat' dir='ltr'><strong>om-</strong></span> 
     </span>
    </p>
   </div>
   <div class='ocr_carea' id='block_1_60' title="bbox 2187 2797 3706 2875">
    <p class='ocr_par' dir='ltr' id='par_1_60' title="bbox 2187 2797 3706 2875">
     <span class='ocr_line' id='line_1_60' title="bbox 2187 2797 3706 2875; baseline -0.012 -12"><span class='ocrx_word' id='word_1_422' title='bbox 2187 2825 2311 2865; x_wconf 91' lang='lat' dir='ltr'><strong>nem</strong></span> <span class='ocrx_word' id='word_1_423' title='bbox 2344 2809 2494 2863; x_wconf 86' lang='lat' dir='ltr'><strong>iilius</strong></span> <span class='ocrx_word' id='word_1_424' title='bbox 2522 2805 2870 2863; x_wconf 77' lang='lat' dir='ltr'><strong>sustentabat</strong></span> <span class='ocrx_word' id='word_1_425' title='bbox 2905 2811 3223 2875; x_wconf 85' lang='lat' dir='ltr'><strong>egestatem.</strong></span> <span class='ocrx_word' id='word_1_426' title='bbox 3277 2797 3414 2853; x_wconf 88' lang='lat' dir='ltr'><strong>Dum</strong></span> <span class='ocrx_word' id='word_1_427' title='bbox 3468 2801 3622 2850; x_wconf 85' lang='lat' dir='ltr'><strong>autem</strong></span> <span class='ocrx_word' id='word_1_428' title='bbox 3645 2802 3706 2859; x_wconf 66' lang='lat' dir='ltr'><strong>per</strong></span> 
     </span>
    </p>
   </div>
   <div class='ocr_carea' id='block_1_61' title="bbox 2186 2882 3708 2978">
    <p class='ocr_par' dir='ltr' id='par_1_61' title="bbox 2186 2882 3708 2978">
     <span class='ocr_line' id='line_1_61' title="bbox 2186 2882 3708 2978; baseline -0.011 -22"><span class='ocrx_word' id='word_1_429' title='bbox 2186 2901 2526 2971; x_wconf 87' lang='lat' dir='ltr'><strong>aliquantum</strong></span> <span class='ocrx_word' id='word_1_430' title='bbox 2576 2897 2842 2978; x_wconf 56' lang='lat' dir='ltr'><strong>temporis</strong></span> <span class='ocrx_word' id='word_1_431' title='bbox 2873 2939 2888 2962; x_wconf 95' lang='lat'><strong>,</strong></span> <span class='ocrx_word' id='word_1_432' title='bbox 2943 2893 3201 2964; x_wconf 89' lang='lat' dir='ltr'><strong>copulato</strong></span> <span class='ocrx_word' id='word_1_433' title='bbox 3263 2889 3370 2946; x_wconf 89' lang='lat' dir='ltr'><strong>sibi</strong></span> <span class='ocrx_word' id='word_1_434' title='bbox 3426 2882 3708 2950; x_wconf 75' lang='lat' dir='ltr'><strong>socio,.hoc</strong></span> 
     </span>
    </p>
   </div>
   <div class='ocr_carea' id='block_1_62' title="bbox 2185 2980 3709 3052">
    <p class='ocr_par' dir='ltr' id='par_1_62' title="bbox 2185 2980 3709 3052">
     <span class='ocr_line' id='line_1_62' title="bbox 2185 2980 3709 3052; baseline -0.012 -4"><span class='ocrx_word' id='word_1_435' title='bbox 2185 2992 2510 3048; x_wconf 80' lang='lat' dir='ltr'><strong>exsecrabili</strong></span> <span class='ocrx_word' id='word_1_436' title='bbox 2539 2991 2672 3046; x_wconf 91' lang='lat' dir='ltr'><strong>vitio</strong></span> <span class='ocrx_word' id='word_1_437' title='bbox 2703 2989 2919 3044; x_wconf 88' lang='lat' dir='ltr'><strong>illectus</strong></span> <span class='ocrx_word' id='word_1_438' title='bbox 2951 2986 3112 3052; x_wconf 92' lang='lat' dir='ltr'><strong>foret,</strong></span> <span class='ocrx_word' id='word_1_439' title='bbox 3141 2984 3319 3039; x_wconf 89' lang='lat' dir='ltr'><strong>multa</strong></span> <span class='ocrx_word' id='word_1_440' title='bbox 3343 2981 3455 3038; x_wconf 93' lang='lat' dir='ltr'><strong>suis</strong></span> <span class='ocrx_word' id='word_1_441' title='bbox 3476 2980 3709 3047; x_wconf 77' lang='lat' dir='ltr'><strong>importaus</strong></span> 
     </span>
    </p>
   </div>
   <div class='ocr_carea' id='block_1_63' title="bbox 492 3057 3707 3164">
    <p class='ocr_par' dir='ltr' id='par_1_63' title="bbox 492 3057 3707 3164">
     <span class='ocr_line' id='line_1_63' title="bbox 492 3057 3707 3164; baseline -0.004 -14"><span class='ocrx_word' id='word_1_442' title='bbox 492 3095 695 3151; x_wconf 86' lang='lat' dir='ltr'><strong>festum</strong></span> <span class='ocrx_word' id='word_1_443' title='bbox 719 3137 736 3164; x_wconf 94' lang='lat'><strong>,</strong></span> <span class='ocrx_word' id='word_1_444' title='bbox 760 3095 936 3151; x_wconf 88' lang='lat' dir='ltr'><strong>donec</strong></span> <span class='ocrx_word' id='word_1_445' title='bbox 967 3093 1229 3150; x_wconf 88' lang='lat' dir='ltr'><strong>solemnis</strong></span> <span class='ocrx_word' id='word_1_446' title='bbox 1270 3091 1453 3149; x_wconf 44' lang='lat' dir='ltr'><strong>missae.</strong></span> <span class='ocrx_word' id='word_1_447' title='bbox 1483 3099 1960 3149; x_wconf 88' lang='lat' dir='ltr'><strong>consummaretur</strong></span> <span class='ocrx_word' id='word_1_448' title='bbox 1988 3107 2080 3146; x_wconf 90' lang='lat' dir='ltr'><strong>ce-</strong></span> <span class='ocrx_word' id='word_1_449' title='bbox 2111 3057 2154 3115; x_wconf 63' lang='grc' dir='ltr'><strong>θ</strong></span> <span class='ocrx_word' id='word_1_450' title='bbox 2186 3081 2389 3136; x_wconf 76' lang='lat' dir='ltr'><strong>damna</strong></span> <span class='ocrx_word' id='word_1_451' title='bbox 2452 3081 2652 3137; x_wconf 72' lang='lat' dir='ltr'><strong>viCiniS</strong></span> <span class='ocrx_word' id='word_1_452' title='bbox 2680 3122 2694 3146; x_wconf 71' lang='grc' dir='ltr'><strong>ν</strong></span> <span class='ocrx_word' id='word_1_453' title='bbox 2762 3077 3164 3148; x_wconf 62' lang='lat' dir='ltr'><strong>comperimst</strong></span> <span class='ocrx_word' id='word_1_454' title='bbox 3229 3073 3313 3127; x_wconf 71' lang='lat' dir='ltr'><strong>illi</strong></span> <span class='ocrx_word' id='word_1_455' title='bbox 3376 3070 3707 3126; x_wconf 65' lang='grc' dir='ltr'><strong>θάοιθεεεωθω</strong></span> 
     </span>
    </p>
   </div>
   <div class='ocr_carea' id='block_1_64' title="bbox 495 3181 2082 3255">
    <p class='ocr_par' dir='ltr' id='par_1_64' title="bbox 495 3181 2082 3255">
     <span class='ocr_line' id='line_1_64' title="bbox 495 3181 2082 3255; baseline -0.003 -14"><span class='ocrx_word' id='word_1_456' title='bbox 495 3186 747 3242; x_wconf 86' lang='lat' dir='ltr'><strong>lebratio.</strong></span> <span class='ocrx_word' id='word_1_457' title='bbox 806 3183 926 3252; x_wconf 89' lang='lat' dir='ltr'><strong>Qua</strong></span> <span class='ocrx_word' id='word_1_458' title='bbox 975 3184 1222 3255; x_wconf 85' lang='lat' dir='ltr'><strong>expleta,</strong></span> <span class='ocrx_word' id='word_1_459' title='bbox 1278 3181 1477 3238; x_wconf 87' lang='lat' dir='ltr'><strong>fratres</strong></span> <span class='ocrx_word' id='word_1_460' title='bbox 1526 3182 1672 3239; x_wconf 86' lang='lat' dir='ltr'><strong>fessa</strong></span> <span class='ocrx_word' id='word_1_461' title='bbox 1719 3183 1981 3255; x_wconf 86' lang='lat' dir='ltr'><strong>vigilandi</strong></span> <span class='ocrx_word' id='word_1_462' title='bbox 2029 3193 2082 3238; x_wconf 90' lang='lat' dir='ltr'><strong>et</strong></span> 
     </span>
    </p>
   </div>
   <div class='ocr_carea' id='block_1_65' title="bbox 494 3273 2079 3346">
    <p class='ocr_par' dir='ltr' id='par_1_65' title="bbox 494 3273 2079 3346">
     <span class='ocr_line' id='line_1_65' title="bbox 494 3273 2079 3346; baseline -0.001 -17"><span class='ocrx_word' id='word_1_463' title='bbox 494 3276 757 3346; x_wconf 86' lang='lat' dir='ltr'><strong>psallendi</strong></span> <span class='ocrx_word' id='word_1_464' title='bbox 786 3275 976 3332; x_wconf 87' lang='lat' dir='ltr'><strong>labore</strong></span> <span class='ocrx_word' id='word_1_465' title='bbox 1001 3289 1232 3345; x_wconf 92' lang='lat' dir='ltr'><strong>corpora</strong></span> <span class='ocrx_word' id='word_1_466' title='bbox 1259 3273 1422 3330; x_wconf 89' lang='lat' dir='ltr'><strong>solito</strong></span> <span class='ocrx_word' id='word_1_467' title='bbox 1451 3273 1728 3344; x_wconf 91' lang='lat' dir='ltr'><strong>copiosius</strong></span> <span class='ocrx_word' id='word_1_468' title='bbox 1748 3274 2044 3329; x_wconf 90' lang='lat' dir='ltr'><strong>relevaturi</strong></span> <span class='ocrx_word' id='word_1_469' title='bbox 2065 3317 2079 3338; x_wconf 93' lang='lat'><strong>,</strong></span> 
     </span>
    </p>
   </div>
   <div class='ocr_carea' id='block_1_66' title="bbox 490 3365 2082 3437">
    <p class='ocr_par' dir='ltr' id='par_1_66' title="bbox 490 3365 2082 3437">
     <span class='ocr_line' id='line_1_66' title="bbox 490 3365 2082 3437; baseline 0.001 -17"><span class='ocrx_word' id='word_1_470' title='bbox 490 3367 713 3423; x_wconf 81' lang='lat' dir='ltr'><strong>domum</strong></span> <span class='ocrx_word' id='word_1_471' title='bbox 729 3367 1044 3424; x_wconf 87' lang='lat' dir='ltr'><strong>refectionis</strong></span> <span class='ocrx_word' id='word_1_472' title='bbox 1064 3365 1546 3422; x_wconf 84' lang='lat' dir='ltr'><strong>intrarunt.Porro</strong></span> <span class='ocrx_word' id='word_1_473' title='bbox 1566 3367 1957 3437; x_wconf 85' lang='lat' dir='ltr'><strong>apocrisiarius</strong></span> <span class='ocrx_word' id='word_1_474' title='bbox 1969 3367 2082 3437; x_wconf 68' lang='grc'><strong>(5-4)</strong></span> 
     </span>
    </p>
   </div>
   <div class='ocr_carea' id='block_1_67' title="bbox 494 3458 2081 3529">
    <p class='ocr_par' dir='ltr' id='par_1_67' title="bbox 494 3458 2081 3529">
     <span class='ocr_line' id='line_1_67' title="bbox 494 3458 2081 3529; baseline 0.001 -17"><span class='ocrx_word' id='word_1_475' title='bbox 494 3459 665 3529; x_wconf 85' lang='lat' dir='ltr'><strong>ipsius</strong></span> <span class='ocrx_word' id='word_1_476' title='bbox 697 3459 839 3514; x_wconf 90' lang='lat' dir='ltr'><strong>sacri</strong></span> <span class='ocrx_word' id='word_1_477' title='bbox 864 3460 968 3515; x_wconf 92' lang='lat' dir='ltr'><strong>loci</strong></span> <span class='ocrx_word' id='word_1_478' title='bbox 994 3501 1010 3526; x_wconf 92' lang='lat'><strong>,</strong></span> <span class='ocrx_word' id='word_1_479' title='bbox 1038 3474 1170 3516; x_wconf 91' lang='lat' dir='ltr'><strong>sane</strong></span> <span class='ocrx_word' id='word_1_480' title='bbox 1199 3459 1285 3513; x_wconf 88' lang='lat' dir='ltr'><strong>vir</strong></span> <span class='ocrx_word' id='word_1_481' title='bbox 1305 3459 1594 3515; x_wconf 89' lang='lat' dir='ltr'><strong>modestus</strong></span> <span class='ocrx_word' id='word_1_482' title='bbox 1622 3501 1637 3525; x_wconf 91' lang='lat'><strong>,</strong></span> <span class='ocrx_word' id='word_1_483' title='bbox 1671 3458 1870 3516; x_wconf 88' lang='lat' dir='ltr'><strong>lterius</strong></span> <span class='ocrx_word' id='word_1_484' title='bbox 1896 3461 2081 3516; x_wconf 91' lang='lat' dir='ltr'><strong>nomi-</strong></span> 
     </span>
    </p>
   </div>
   <div class='ocr_carea' id='block_1_68' title="bbox 497 3551 2082 3622">
    <p class='ocr_par' dir='ltr' id='par_1_68' title="bbox 497 3551 2082 3622">
     <span class='ocr_line' id='line_1_68' title="bbox 497 3551 2082 3622; baseline 0.002 -18"><span class='ocrx_word' id='word_1_485' title='bbox 497 3567 564 3606; x_wconf 90' lang='lat' dir='ltr'><strong>ne</strong></span> <span class='ocrx_word' id='word_1_486' title='bbox 588 3594 602 3618; x_wconf 91' lang='lat'><strong>,</strong></span> <span class='ocrx_word' id='word_1_487' title='bbox 632 3553 774 3607; x_wconf 88' lang='lat' dir='ltr'><strong>laico</strong></span> <span class='ocrx_word' id='word_1_488' title='bbox 805 3552 1025 3606; x_wconf 90' lang='lat' dir='ltr'><strong>cuidam</strong></span> <span class='ocrx_word' id='word_1_489' title='bbox 1045 3595 1060 3618; x_wconf 91' lang='lat'><strong>,</strong></span> <span class='ocrx_word' id='word_1_490' title='bbox 1089 3552 1183 3622; x_wconf 93' lang='lat' dir='ltr'><strong>qui</strong></span> <span class='ocrx_word' id='word_1_491' title='bbox 1216 3552 1320 3608; x_wconf 93' lang='lat' dir='ltr'><strong>sub</strong></span> <span class='ocrx_word' id='word_1_492' title='bbox 1346 3567 1413 3607; x_wconf 89' lang='lat' dir='ltr'><strong>eo</strong></span> <span class='ocrx_word' id='word_1_493' title='bbox 1444 3552 1620 3622; x_wconf 89' lang='lat' dir='ltr'><strong>ipsius</strong></span> <span class='ocrx_word' id='word_1_494' title='bbox 1647 3551 1890 3608; x_wconf 72' lang='lat' dir='ltr'><strong>basilicze</strong></span> <span class='ocrx_word' id='word_1_495' title='bbox 1912 3567 2082 3607; x_wconf 85' lang='lat' dir='ltr'><strong>excu-</strong></span> 
     </span>
    </p>
   </div>
   <div class='ocr_carea' id='block_1_69' title="bbox 414 3641 2081 3716">
    <p class='ocr_par' dir='ltr' id='par_1_69' title="bbox 414 3641 2081 3716">
     <span class='ocr_line' id='line_1_69' title="bbox 414 3641 2081 3716; baseline 0.001 -20"><span class='ocrx_word' id='word_1_496' title='bbox 414 3688 419 3696; x_wconf 94' lang='lat'><strong>.</strong></span> <span class='ocrx_word' id='word_1_497' title='bbox 493 3643 615 3698; x_wconf 85' lang='lat' dir='ltr'><strong>bias</strong></span> <span class='ocrx_word' id='word_1_498' title='bbox 649 3643 946 3700; x_wconf 87' lang='lat' dir='ltr'><strong>observare</strong></span> <span class='ocrx_word' id='word_1_499' title='bbox 988 3644 1231 3711; x_wconf 83' lang='lat' dir='ltr'><strong>solebat,</strong></span> <span class='ocrx_word' id='word_1_500' title='bbox 1265 3641 1572 3716; x_wconf 89' lang='lat' dir='ltr'><strong>Dagoberto</strong></span> <span class='ocrx_word' id='word_1_501' title='bbox 1608 3642 1831 3698; x_wconf 87' lang='lat' dir='ltr'><strong>nomine</strong></span> <span class='ocrx_word' id='word_1_502' title='bbox 1853 3684 1868 3711; x_wconf 93' lang='lat'><strong>,</strong></span> <span class='ocrx_word' id='word_1_503' title='bbox 1912 3642 2031 3698; x_wconf 80' lang='lat' dir='ltr'><strong>infit</strong></span> <span class='ocrx_word' id='word_1_504' title='bbox 2068 3664 2081 3698; x_wconf 93' lang='lat'>:</span> 
     </span>
    </p>
   </div>
   <div class='ocr_carea' id='block_1_70' title="bbox 496 3734 2083 3806">
    <p class='ocr_par' dir='ltr' id='par_1_70' title="bbox 496 3734 2083 3806">
     <span class='ocr_line' id='line_1_70' title="bbox 496 3734 2083 3806; baseline 0 -18"><span class='ocrx_word' id='word_1_505' title='bbox 496 3734 575 3788; x_wconf 77' lang='lat' dir='ltr'><strong>Mi</strong></span> <span class='ocrx_word' id='word_1_506' title='bbox 599 3735 792 3804; x_wconf 83' lang='lat' dir='ltr'><strong>frater,</strong></span> <span class='ocrx_word' id='word_1_507' title='bbox 815 3736 1067 3806; x_wconf 86' lang='lat' dir='ltr'><strong>quoniam</strong></span> <span class='ocrx_word' id='word_1_508' title='bbox 1090 3753 1211 3790; x_wconf 86' lang='lat' dir='ltr'><strong>cum</strong></span> <span class='ocrx_word' id='word_1_509' title='bbox 1240 3736 1449 3792; x_wconf 71' lang='lat' dir='ltr'><strong>ueteris</strong></span> <span class='ocrx_word' id='word_1_510' title='bbox 1475 3734 1755 3805; x_wconf 76' lang='lat' dir='ltr'><strong>pransuris</strong></span> <span class='ocrx_word' id='word_1_511' title='bbox 1777 3742 1942 3806; x_wconf 42' lang='lat' dir='ltr'><strong>et‘ego</strong></span> <span class='ocrx_word' id='word_1_512' title='bbox 1967 3735 2083 3788; x_wconf 86' lang='lat' dir='ltr'><strong>dis-</strong></span> 
     </span>
    </p>
   </div>
   <div class='ocr_carea' id='block_1_71' title="bbox 492 3823 2085 3896">
    <p class='ocr_par' dir='ltr' id='par_1_71' title="bbox 492 3823 2085 3896">
     <span class='ocr_line' id='line_1_71' title="bbox 492 3823 2085 3896; baseline 0.001 -20"><span class='ocrx_word' id='word_1_513' title='bbox 492 3824 645 3892; x_wconf 80' lang='lat' dir='ltr'><strong>posui</strong></span> <span class='ocrx_word' id='word_1_514' title='bbox 688 3824 982 3895; x_wconf 87' lang='lat' dir='ltr'><strong>prandere,</strong></span> <span class='ocrx_word' id='word_1_515' title='bbox 1015 3832 1072 3878; x_wconf 89' lang='lat' dir='ltr'><strong>tu</strong></span> <span class='ocrx_word' id='word_1_516' title='bbox 1114 3835 1287 3880; x_wconf 87' lang='lat' dir='ltr'><strong>custos</strong></span> <span class='ocrx_word' id='word_1_517' title='bbox 1314 3823 1537 3896; x_wconf 79' lang='lat' dir='ltr'><strong>pervigil</strong></span> <span class='ocrx_word' id='word_1_518' title='bbox 1556 3865 1572 3891; x_wconf 90' lang='lat'><strong>,</strong></span> <span class='ocrx_word' id='word_1_519' title='bbox 1600 3839 1723 3877; x_wconf 84' lang='lat' dir='ltr'><strong>cave</strong></span> <span class='ocrx_word' id='word_1_520' title='bbox 1758 3839 1821 3877; x_wconf 89' lang='lat' dir='ltr'><strong>ne</strong></span> <span class='ocrx_word' id='word_1_521' title='bbox 1845 3823 2085 3895; x_wconf 85' lang='lat' dir='ltr'><strong>aliquam</strong></span> 
     </span>
    </p>
   </div>
   <div class='ocr_carea' id='block_1_72' title="bbox 493 3915 2085 3989">
    <p class='ocr_par' dir='ltr' id='par_1_72' title="bbox 493 3915 2085 3989">
     <span class='ocr_line' id='line_1_72' title="bbox 493 3915 2085 3989; baseline -0.001 -20"><span class='ocrx_word' id='word_1_522' title='bbox 493 3917 548 3970; x_wconf 87' lang='lat' dir='ltr'><strong>in</strong></span> <span class='ocrx_word' id='word_1_523' title='bbox 582 3917 680 3970; x_wconf 81' lang='lat' dir='ltr'><strong>hoc</strong></span> <span class='ocrx_word' id='word_1_524' title='bbox 705 3918 880 3988; x_wconf 88' lang='lat' dir='ltr'><strong>spatio</strong></span> <span class='ocrx_word' id='word_1_525' title='bbox 908 3918 1246 3972; x_wconf 87' lang='lat' dir='ltr'><strong>incurramus</strong></span> <span class='ocrx_word' id='word_1_526' title='bbox 1280 3916 1687 3989; x_wconf 78' lang='lat' dir='ltr'><strong>negligentiam,</strong></span> <span class='ocrx_word' id='word_1_527' title='bbox 1734 3915 1992 3985; x_wconf 81' lang='lat' dir='ltr'><strong>investiga</strong></span> <span class='ocrx_word' id='word_1_528' title='bbox 2022 3931 2085 3968; x_wconf 89' lang='lat' dir='ltr'><strong>ne</strong></span> 
     </span>
    </p>
   </div>
   <div class='ocr_carea' id='block_1_73' title="bbox 491 4007 2082 4082">
    <p class='ocr_par' dir='ltr' id='par_1_73' title="bbox 491 4007 2082 4082">
     <span class='ocr_line' id='line_1_73' title="bbox 491 4007 2082 4082; baseline -0.003 -17"><span class='ocrx_word' id='word_1_529' title='bbox 491 4010 676 4081; x_wconf 86' lang='lat' dir='ltr'><strong>aliqua</strong></span> <span class='ocrx_word' id='word_1_530' title='bbox 699 4010 951 4082; x_wconf 66' lang='lat' dir='ltr'><strong>malignae</strong></span> <span class='ocrx_word' id='word_1_531' title='bbox 977 4011 1265 4066; x_wconf 82' lang='lat' dir='ltr'><strong>voluntatis</strong></span> <span class='ocrx_word' id='word_1_532' title='bbox 1294 4026 1519 4081; x_wconf 78' lang='lat' dir='ltr'><strong>persona</strong></span> <span class='ocrx_word' id='word_1_533' title='bbox 1538 4011 1674 4064; x_wconf 87' lang='lat' dir='ltr'><strong>hanc</strong></span> <span class='ocrx_word' id='word_1_534' title='bbox 1707 4007 1987 4063; x_wconf 86' lang='lat' dir='ltr'><strong>basilicam</strong></span> <span class='ocrx_word' id='word_1_535' title='bbox 2013 4008 2082 4061; x_wconf 89' lang='lat' dir='ltr'><strong>sit</strong></span> 
     </span>
    </p>
   </div>
   <div class='ocr_carea' id='block_1_74' title="bbox 490 4101 2081 4176">
    <p class='ocr_par' dir='ltr' id='par_1_74' title="bbox 490 4101 2081 4176">
     <span class='ocr_line' id='line_1_74' title="bbox 490 4101 2081 4176; baseline -0.003 -19"><span class='ocrx_word' id='word_1_536' title='bbox 490 4106 750 4176; x_wconf 86' lang='lat' dir='ltr'><strong>ingressa,</strong></span> <span class='ocrx_word' id='word_1_537' title='bbox 773 4104 989 4174; x_wconf 87' lang='lat' dir='ltr'><strong>cupiens</strong></span> <span class='ocrx_word' id='word_1_538' title='bbox 1026 4104 1245 4174; x_wconf 86' lang='lat' dir='ltr'><strong>aliquod</strong></span> <span class='ocrx_word' id='word_1_539' title='bbox 1277 4103 1425 4158; x_wconf 86' lang='lat' dir='ltr'><strong>nobis</strong></span> <span class='ocrx_word' id='word_1_540' title='bbox 1454 4102 1651 4171; x_wconf 81' lang='lat' dir='ltr'><strong>inferre</strong></span> <span class='ocrx_word' id='word_1_541' title='bbox 1687 4101 2081 4168; x_wconf 83' lang='lat' dir='ltr'><strong>detrimentum,</strong></span> 
     </span>
    </p>
   </div>
   <div class='ocr_carea' id='block_1_75' title="bbox 491 4191 2084 4266">
    <p class='ocr_par' dir='ltr' id='par_1_75' title="bbox 491 4191 2084 4266">
     <span class='ocr_line' id='line_1_75' title="bbox 491 4191 2084 4266; baseline -0.001 -18"><span class='ocrx_word' id='word_1_542' title='bbox 491 4196 756 4250; x_wconf 84' lang='lat' dir='ltr'><strong>custodito</strong></span> <span class='ocrx_word' id='word_1_543' title='bbox 781 4211 844 4249; x_wconf 88' lang='lat' dir='ltr'><strong>ne</strong></span> <span class='ocrx_word' id='word_1_544' title='bbox 867 4195 1067 4266; x_wconf 81' lang='lat' dir='ltr'><strong>aliquis</strong></span> <span class='ocrx_word' id='word_1_545' title='bbox 1091 4210 1158 4248; x_wconf 75' lang='lat' dir='ltr'><strong>ex</strong></span> <span class='ocrx_word' id='word_1_546' title='bbox 1184 4192 1578 4264; x_wconf 84' lang='lat' dir='ltr'><strong>fulgorantibus</strong></span> <span class='ocrx_word' id='word_1_547' title='bbox 1607 4191 1812 4263; x_wconf 84' lang='lat' dir='ltr'><strong>lychnis</strong></span> <span class='ocrx_word' id='word_1_548' title='bbox 1837 4193 1892 4247; x_wconf 85' lang='lat' dir='ltr'><strong>in</strong></span> <span class='ocrx_word' id='word_1_549' title='bbox 1916 4192 2084 4248; x_wconf 88' lang='lat' dir='ltr'><strong>altari</strong></span> 
     </span>
    </p>
   </div>
   <div class='ocr_carea' id='block_1_76' title="bbox 492 4285 2082 4356">
    <p class='ocr_par' dir='ltr' id='par_1_76' title="bbox 492 4285 2082 4356">
     <span class='ocr_line' id='line_1_76' title="bbox 492 4285 2082 4356; baseline -0.001 -15"><span class='ocrx_word' id='word_1_550' title='bbox 492 4287 739 4342; x_wconf 82' lang='lat' dir='ltr'><strong>decidens</strong></span> <span class='ocrx_word' id='word_1_551' title='bbox 773 4287 974 4340; x_wconf 87' lang='lat' dir='ltr'><strong>damna</strong></span> <span class='ocrx_word' id='word_1_552' title='bbox 1013 4285 1210 4356; x_wconf 78' lang='lat' dir='ltr'><strong>inferat</strong></span> <span class='ocrx_word' id='word_1_553' title='bbox 1259 4285 1338 4340; x_wconf 86' lang='lat' dir='ltr'><strong>vel</strong></span> <span class='ocrx_word' id='word_1_554' title='bbox 1371 4285 1580 4340; x_wconf 84' lang='lat' dir='ltr'><strong>modica</strong></span> <span class='ocrx_word' id='word_1_555' title='bbox 1605 4327 1620 4352; x_wconf 93' lang='lat'><strong>,</strong></span> <span class='ocrx_word' id='word_1_556' title='bbox 1652 4295 1703 4340; x_wconf 92' lang='lat' dir='ltr'><strong>et</strong></span> <span class='ocrx_word' id='word_1_557' title='bbox 1735 4293 1798 4339; x_wconf 89' lang='lat' dir='ltr'><strong>ut</strong></span> <span class='ocrx_word' id='word_1_558' title='bbox 1832 4287 2082 4341; x_wconf 86' lang='lat' dir='ltr'><strong>certiores</strong></span> 
     </span>
    </p>
   </div>
   <div class='ocr_carea' id='block_1_77' title="bbox 2187 3167 3706 3244">
    <p class='ocr_par' dir='ltr' id='par_1_77' title="bbox 2187 3167 3706 3244">
     <span class='ocr_line' id='line_1_77' title="bbox 2187 3167 3706 3244; baseline -0.013 -17"><span class='ocrx_word' id='word_1_559' title='bbox 2187 3175 2365 3244; x_wconf 81' lang='lat' dir='ltr'><strong>ipsum</strong></span> <span class='ocrx_word' id='word_1_560' title='bbox 2391 3216 2407 3242; x_wconf 91' lang='lat'><strong>,</strong></span> <span class='ocrx_word' id='word_1_561' title='bbox 2431 3175 2609 3229; x_wconf 86' lang='lat' dir='ltr'><strong>viduae</strong></span> <span class='ocrx_word' id='word_1_562' title='bbox 2636 3172 2783 3228; x_wconf 88' lang='lat' dir='ltr'><strong>illius</strong></span> <span class='ocrx_word' id='word_1_563' title='bbox 2814 3186 2929 3227; x_wconf 64' lang='lat' dir='ltr'><strong>sua:</strong></span> <span class='ocrx_word' id='word_1_564' title='bbox 2957 3169 3153 3225; x_wconf 66' lang='lat' dir='ltr'><strong>vicinae</strong></span> <span class='ocrx_word' id='word_1_565' title='bbox 3185 3167 3365 3222; x_wconf 86' lang='lat' dir='ltr'><strong>filium</strong></span> <span class='ocrx_word' id='word_1_566' title='bbox 3391 3207 3406 3231; x_wconf 91' lang='lat'><strong>,</strong></span> <span class='ocrx_word' id='word_1_567' title='bbox 3427 3173 3621 3220; x_wconf 86' lang='lat' dir='ltr'><strong>suarum</strong></span> <span class='ocrx_word' id='word_1_568' title='bbox 3647 3169 3706 3208; x_wconf 85' lang='lat' dir='ltr'><strong>re-</strong></span> 
     </span>
    </p>
   </div>
   <div class='ocr_carea' id='block_1_78' title="bbox 2189 3248 3710 3328">
    <p class='ocr_par' dir='ltr' id='par_1_78' title="bbox 2189 3248 3710 3328">
     <span class='ocr_line' id='line_1_78' title="bbox 2189 3248 3710 3328; baseline -0.012 -8"><span class='ocrx_word' id='word_1_569' title='bbox 2189 3283 2309 3322; x_wconf 89' lang='lat' dir='ltr'><strong>rum</strong></span> <span class='ocrx_word' id='word_1_570' title='bbox 2337 3276 2544 3322; x_wconf 89' lang='lat' dir='ltr'><strong>tantam</strong></span> <span class='ocrx_word' id='word_1_571' title='bbox 2573 3266 2678 3322; x_wconf 89' lang='lat' dir='ltr'><strong>sibi</strong></span> <span class='ocrx_word' id='word_1_572' title='bbox 2711 3264 2890 3320; x_wconf 89' lang='lat' dir='ltr'><strong>facere</strong></span> <span class='ocrx_word' id='word_1_573' title='bbox 2921 3261 3396 3326; x_wconf 89' lang='lat' dir='ltr'><strong>imminutionem,</strong></span> <span class='ocrx_word' id='word_1_574' title='bbox 3432 3255 3633 3328; x_wconf 86' lang='lat' dir='ltr'><strong>quadam</strong></span> <span class='ocrx_word' id='word_1_575' title='bbox 3649 3248 3710 3302; x_wconf 79' lang='lat' dir='ltr'><strong>die</strong></span> 
     </span>
    </p>
   </div>
   <div class='ocr_carea' id='block_1_79' title="bbox 2192 3343 3708 3425">
    <p class='ocr_par' dir='ltr' id='par_1_79' title="bbox 2192 3343 3708 3425">
     <span class='ocr_line' id='line_1_79' title="bbox 2192 3343 3708 3425; baseline -0.015 -9"><span class='ocrx_word' id='word_1_576' title='bbox 2192 3362 2323 3416; x_wconf 90' lang='lat' dir='ltr'><strong>dum</strong></span> <span class='ocrx_word' id='word_1_577' title='bbox 2347 3361 2510 3416; x_wconf 89' lang='lat' dir='ltr'><strong>solito</strong></span> <span class='ocrx_word' id='word_1_578' title='bbox 2535 3375 2689 3415; x_wconf 90' lang='lat' dir='ltr'><strong>more</strong></span> <span class='ocrx_word' id='word_1_579' title='bbox 2719 3359 3019 3425; x_wconf 86' lang='lat' dir='ltr'><strong>furaretur,</strong></span> <span class='ocrx_word' id='word_1_580' title='bbox 3053 3356 3418 3425; x_wconf 88' lang='lat' dir='ltr'><strong>interceptum</strong></span> <span class='ocrx_word' id='word_1_581' title='bbox 3447 3364 3558 3405; x_wconf 90' lang='lat' dir='ltr'><strong>cum</strong></span> <span class='ocrx_word' id='word_1_582' title='bbox 3585 3343 3708 3400; x_wconf 79' lang='lat' dir='ltr'><strong>sodali</strong></span> 
     </span>
    </p>
   </div>
   <div class='ocr_carea' id='block_1_80' title="bbox 2186 3445 3710 3524">
    <p class='ocr_par' dir='ltr' id='par_1_80' title="bbox 2186 3445 3710 3524">
     <span class='ocr_line' id='line_1_80' title="bbox 2186 3445 3710 3524; baseline -0.008 -16"><span class='ocrx_word' id='word_1_583' title='bbox 2186 3463 2588 3524; x_wconf 67' lang='lat' dir='ltr'><strong>prmsentarunt</strong></span> <span class='ocrx_word' id='word_1_584' title='bbox 2619 3452 2924 3524; x_wconf 79' lang='lat' dir='ltr'><strong>judiciaria:</strong></span> <span class='ocrx_word' id='word_1_585' title='bbox 2949 3449 3248 3521; x_wconf 85' lang='lat' dir='ltr'><strong>potestati,</strong></span> <span class='ocrx_word' id='word_1_586' title='bbox 3292 3445 3590 3518; x_wconf 85' lang='lat' dir='ltr'><strong>objicientes</strong></span> <span class='ocrx_word' id='word_1_587' title='bbox 3625 3451 3710 3507; x_wconf 60' lang='lat' dir='ltr'><strong>qut</strong></span> 
     </span>
    </p>
   </div>
   <div class='ocr_carea' id='block_1_81' title="bbox 2186 3537 3709 3613">
    <p class='ocr_par' dir='ltr' id='par_1_81' title="bbox 2186 3537 3709 3613">
     <span class='ocr_line' id='line_1_81' title="bbox 2186 3537 3709 3613; baseline -0.007 -11"><span class='ocrx_word' id='word_1_588' title='bbox 2186 3547 2582 3602; x_wconf 81' lang='lat' dir='ltr'><strong>commiserant</strong></span> <span class='ocrx_word' id='word_1_589' title='bbox 2616 3545 2884 3602; x_wconf 87' lang='lat' dir='ltr'><strong>facinora.</strong></span> <span class='ocrx_word' id='word_1_590' title='bbox 2913 3542 3164 3598; x_wconf 79' lang='lat' dir='ltr'><strong>Convicti</strong></span> <span class='ocrx_word' id='word_1_591' title='bbox 3208 3556 3346 3613; x_wconf 84' lang='lat' dir='ltr'><strong>ergo</strong></span> <span class='ocrx_word' id='word_1_592' title='bbox 3376 3537 3709 3594; x_wconf 73' lang='lat' dir='ltr'><strong>adolescentes.</strong></span> 
     </span>
    </p>
   </div>
   <div class='ocr_carea' id='block_1_82' title="bbox 2185 3625 3711 3708">
    <p class='ocr_par' dir='ltr' id='par_1_82' title="bbox 2185 3625 3711 3708">
     <span class='ocr_line' id='line_1_82' title="bbox 2185 3625 3711 3708; baseline -0.012 -15"><span class='ocrx_word' id='word_1_593' title='bbox 2185 3637 2484 3708; x_wconf 86' lang='lat' dir='ltr'><strong>adjudicati</strong></span> <span class='ocrx_word' id='word_1_594' title='bbox 2507 3644 2638 3692; x_wconf 82' lang='lat' dir='ltr'><strong>sun:</strong></span> <span class='ocrx_word' id='word_1_595' title='bbox 2664 3634 2964 3706; x_wconf 88' lang='lat' dir='ltr'><strong>suspendio</strong></span> <span class='ocrx_word' id='word_1_596' title='bbox 2999 3633 3180 3704; x_wconf 90' lang='lat' dir='ltr'><strong>perire</strong></span> <span class='ocrx_word' id='word_1_597' title='bbox 3211 3631 3435 3687; x_wconf 88' lang='lat' dir='ltr'><strong>debere.</strong></span> <span class='ocrx_word' id='word_1_598' title='bbox 3484 3625 3711 3680; x_wconf 70' lang='lat' dir='ltr'><strong>Enimrm</strong></span> 
     </span>
    </p>
   </div>
   <div class='ocr_carea' id='block_1_83' title="bbox 2187 3713 3711 3800">
    <p class='ocr_par' dir='ltr' id='par_1_83' title="bbox 2187 3713 3711 3800">
     <span class='ocr_line' id='line_1_83' title="bbox 2187 3713 3711 3800; baseline -0.014 -14"><span class='ocrx_word' id='word_1_599' title='bbox 2187 3746 2328 3786; x_wconf 88' lang='lat' dir='ltr'><strong>anus</strong></span> <span class='ocrx_word' id='word_1_600' title='bbox 2357 3731 2452 3786; x_wconf 80' lang='lat' dir='ltr'><strong>illa</strong></span> <span class='ocrx_word' id='word_1_601' title='bbox 2476 3771 2491 3798; x_wconf 94' lang='lat'><strong>,</strong></span> <span class='ocrx_word' id='word_1_602' title='bbox 2536 3744 2705 3800; x_wconf 88' lang='lat' dir='ltr'><strong>quam</strong></span> <span class='ocrx_word' id='word_1_603' title='bbox 2731 3737 2962 3784; x_wconf 88' lang='lat' dir='ltr'><strong>matrem</strong></span> <span class='ocrx_word' id='word_1_604' title='bbox 2999 3724 3368 3782; x_wconf 87' lang='lat' dir='ltr'><strong>adolescentis</strong></span> <span class='ocrx_word' id='word_1_605' title='bbox 3413 3719 3563 3777; x_wconf 86' lang='lat' dir='ltr'><strong>unius</strong></span> <span class='ocrx_word' id='word_1_606' title='bbox 3589 3713 3711 3770; x_wconf 79' lang='lat' dir='ltr'><strong>fuisse</strong></span> 
     </span>
    </p>
   </div>
   <div class='ocr_carea' id='block_1_84' title="bbox 2185 3808 3709 3894">
    <p class='ocr_par' dir='ltr' id='par_1_84' title="bbox 2185 3808 3709 3894">
     <span class='ocr_line' id='line_1_84' title="bbox 2185 3808 3709 3894; baseline -0.014 -17"><span class='ocrx_word' id='word_1_607' title='bbox 2185 3822 2424 3878; x_wconf 76' lang='lat' dir='ltr'><strong>diximus</strong></span> <span class='ocrx_word' id='word_1_608' title='bbox 2450 3862 2465 3888; x_wconf 93' lang='lat'><strong>,</strong></span> <span class='ocrx_word' id='word_1_609' title='bbox 2494 3820 2725 3876; x_wconf 88' lang='lat' dir='ltr'><strong>audiens</strong></span> <span class='ocrx_word' id='word_1_610' title='bbox 2753 3819 2925 3894; x_wconf 86' lang='lat' dir='ltr'><strong>filium</strong></span> <span class='ocrx_word' id='word_1_611' title='bbox 2955 3831 3116 3872; x_wconf 87' lang='lat' dir='ltr'><strong>suum</strong></span> <span class='ocrx_word' id='word_1_612' title='bbox 3140 3816 3271 3871; x_wconf 92' lang='lat' dir='ltr'><strong>duci</strong></span> <span class='ocrx_word' id='word_1_613' title='bbox 3294 3814 3362 3870; x_wconf 90' lang='lat' dir='ltr'><strong>ad</strong></span> <span class='ocrx_word' id='word_1_614' title='bbox 3386 3808 3709 3882; x_wconf 87' lang='lat' dir='ltr'><strong>suspendium,</strong></span> 
     </span>
    </p>
   </div>
   <div class='ocr_carea' id='block_1_85' title="bbox 2186 3901 3709 3971">
    <p class='ocr_par' dir='ltr' id='par_1_85' title="bbox 2186 3901 3709 3971">
     <span class='ocr_line' id='line_1_85' title="bbox 2186 3901 3709 3971; baseline -0.009 -5"><span class='ocrx_word' id='word_1_615' title='bbox 2186 3913 2381 3969; x_wconf 89' lang='lat' dir='ltr'><strong>anhelo</strong></span> <span class='ocrx_word' id='word_1_616' title='bbox 2423 3927 2589 3967; x_wconf 91' lang='lat' dir='ltr'><strong>cursu</strong></span> <span class='ocrx_word' id='word_1_617' title='bbox 2627 3908 2852 3965; x_wconf 86' lang='lat' dir='ltr'><strong>festinat</strong></span> <span class='ocrx_word' id='word_1_618' title='bbox 2885 3908 2954 3964; x_wconf 88' lang='lat' dir='ltr'><strong>ad</strong></span> <span class='ocrx_word' id='word_1_619' title='bbox 2981 3905 3404 3970; x_wconf 86' lang='lat' dir='ltr'><strong>monasterium,</strong></span> <span class='ocrx_word' id='word_1_620' title='bbox 3429 3911 3482 3958; x_wconf 90' lang='lat' dir='ltr'><strong>et</strong></span> <span class='ocrx_word' id='word_1_621' title='bbox 3504 3901 3709 3971; x_wconf 74' lang='lat' dir='ltr'><strong>ingressa.</strong></span> 
     </span>
    </p>
   </div>
   <div class='ocr_carea' id='block_1_86' title="bbox 2187 3988 3711 4071">
    <p class='ocr_par' dir='ltr' id='par_1_86' title="bbox 2187 3988 3711 4071">
     <span class='ocr_line' id='line_1_86' title="bbox 2187 3988 3711 4071; baseline -0.014 -12"><span class='ocrx_word' id='word_1_622' title='bbox 2187 4005 2273 4061; x_wconf 80' lang='lat' dir='ltr'><strong>his</strong></span> <span class='ocrx_word' id='word_1_623' title='bbox 2295 4005 2525 4060; x_wconf 88' lang='lat' dir='ltr'><strong>vocibus</strong></span> <span class='ocrx_word' id='word_1_624' title='bbox 2556 4002 2774 4058; x_wconf 88' lang='lat' dir='ltr'><strong>Patrem</strong></span> <span class='ocrx_word' id='word_1_625' title='bbox 2798 4000 3091 4071; x_wconf 88' lang='lat' dir='ltr'><strong>compellat</strong></span> <span class='ocrx_word' id='word_1_626' title='bbox 3113 3998 3467 4053; x_wconf 84' lang='lat' dir='ltr'><strong>Benedictum</strong></span> <span class='ocrx_word' id='word_1_627' title='bbox 3494 4013 3507 4048; x_wconf 91' lang='lat'><strong>:</strong></span> <span class='ocrx_word' id='word_1_628' title='bbox 3544 3988 3711 4045; x_wconf 67' lang='lat' dir='ltr'><strong>Domine</strong></span> 
     </span>
    </p>
   </div>
   <div class='ocr_carea' id='block_1_87' title="bbox 2188 4082 3710 4167">
    <p class='ocr_par' dir='ltr' id='par_1_87' title="bbox 2188 4082 3710 4167">
     <span class='ocr_line' id='line_1_87' title="bbox 2188 4082 3710 4167; baseline -0.013 -17"><span class='ocrx_word' id='word_1_629' title='bbox 2188 4099 2297 4163; x_wconf 89' lang='lat' dir='ltr'><strong>mi,</strong></span> <span class='ocrx_word' id='word_1_630' title='bbox 2335 4096 2551 4167; x_wconf 83' lang='lat' dir='ltr'><strong>inquit,</strong></span> <span class='ocrx_word' id='word_1_631' title='bbox 2594 4095 2909 4157; x_wconf 77' lang='lat' dir='ltr'><strong>Benedicta,</strong></span> <span class='ocrx_word' id='word_1_632' title='bbox 2944 4093 3073 4163; x_wconf 86' lang='lat' dir='ltr'><strong>quid</strong></span> <span class='ocrx_word' id='word_1_633' title='bbox 3117 4091 3282 4163; x_wconf 76' lang='lat' dir='ltr'><strong>faciet</strong></span> <span class='ocrx_word' id='word_1_634' title='bbox 3323 4091 3432 4146; x_wconf 80' lang='lat' dir='ltr'><strong>lucc</strong></span> <span class='ocrx_word' id='word_1_635' title='bbox 3457 4097 3540 4141; x_wconf 85' lang='lat' dir='ltr'><strong>tua</strong></span> <span class='ocrx_word' id='word_1_636' title='bbox 3568 4082 3710 4136; x_wconf 70' lang='lat' dir='ltr'><strong>mium</strong></span> 
     </span>
    </p>
   </div>
   <div class='ocr_carea' id='block_1_88' title="bbox 2185 4172 3710 4259">
    <p class='ocr_par' dir='ltr' id='par_1_88' title="bbox 2185 4172 3710 4259">
     <span class='ocr_line' id='line_1_88' title="bbox 2185 4172 3710 4259; baseline -0.009 -17"><span class='ocrx_word' id='word_1_637' title='bbox 2185 4188 2416 4256; x_wconf 84' lang='lat' dir='ltr'><strong>ancilla,</strong></span> <span class='ocrx_word' id='word_1_638' title='bbox 2447 4204 2566 4259; x_wconf 81' lang='lat' dir='ltr'><strong>qua:</strong></span> <span class='ocrx_word' id='word_1_639' title='bbox 2596 4186 2804 4242; x_wconf 79' lang='lat' dir='ltr'><strong>nullum</strong></span> <span class='ocrx_word' id='word_1_640' title='bbox 2840 4186 2993 4241; x_wconf 83' lang='lat' dir='ltr'><strong>aliud</strong></span> <span class='ocrx_word' id='word_1_641' title='bbox 3018 4226 3034 4254; x_wconf 91' lang='lat'><strong>,</strong></span> <span class='ocrx_word' id='word_1_642' title='bbox 3061 4195 3120 4238; x_wconf 86' lang='lat' dir='ltr'><strong>ut</strong></span> <span class='ocrx_word' id='word_1_643' title='bbox 3150 4194 3206 4237; x_wconf 84' lang='lat' dir='ltr'><strong>tu</strong></span> <span class='ocrx_word' id='word_1_644' title='bbox 3235 4183 3429 4238; x_wconf 86' lang='lat' dir='ltr'><strong>melius</strong></span> <span class='ocrx_word' id='word_1_645' title='bbox 3456 4176 3611 4242; x_wconf 81' lang='lat' dir='ltr'><strong>nosti,</strong></span> <span class='ocrx_word' id='word_1_646' title='bbox 3641 4172 3710 4224; x_wconf 76' lang='lat' dir='ltr'><strong>lm-</strong></span> 
     </span>
    </p>
   </div>
   <div class='ocr_carea' id='block_1_89' title="bbox 2185 4260 3710 4351">
    <p class='ocr_par' dir='ltr' id='par_1_89' title="bbox 2185 4260 3710 4351">
     <span class='ocr_line' id='line_1_89' title="bbox 2185 4260 3710 4351; baseline -0.008 -18"><span class='ocrx_word' id='word_1_647' title='bbox 2185 4279 2738 4351; x_wconf 68' lang='lat' dir='ltr'><strong>bebam-suﬂ&#39;ragium</strong></span> <span class='ocrx_word' id='word_1_648' title='bbox 2780 4288 2976 4348; x_wconf 70' lang='lat' dir='ltr'><strong>praeter</strong></span> <span class='ocrx_word' id='word_1_649' title='bbox 3023 4277 3160 4330; x_wconf 86' lang='lat' dir='ltr'><strong>hunc</strong></span> <span class='ocrx_word' id='word_1_650' title='bbox 3203 4291 3380 4329; x_wconf 83' lang='lat' dir='ltr'><strong>meum</strong></span> <span class='ocrx_word' id='word_1_651' title='bbox 3427 4279 3622 4329; x_wconf 73' lang='lat' dir='ltr'><strong>natum,</strong></span> <span class='ocrx_word' id='word_1_652' title='bbox 3647 4260 3710 4331; x_wconf 64' lang='lat' dir='ltr'><strong>qui</strong></span> 
     </span>
    </p>
   </div>
   <div class='ocr_carea' id='block_1_90' title="bbox 491 4363 3709 4463">
    <p class='ocr_par' dir='ltr' id='par_1_90' title="bbox 491 4363 3709 4463">
     <span class='ocr_line' id='line_1_90' title="bbox 491 4363 3709 4463; baseline -0.005 -30"><span class='ocrx_word' id='word_1_653' title='bbox 491 4381 660 4434; x_wconf 83' lang='lat' dir='ltr'><strong>simus</strong></span> <span class='ocrx_word' id='word_1_654' title='bbox 681 4419 697 4446; x_wconf 93' lang='lat'><strong>,</strong></span> <span class='ocrx_word' id='word_1_655' title='bbox 727 4378 1219 4448; x_wconf 87' lang='lat' dir='ltr'><strong>circumspiciamus</strong></span> <span class='ocrx_word' id='word_1_656' title='bbox 1259 4377 1468 4433; x_wconf 82' lang='lat' dir='ltr'><strong>eosdem</strong></span> <span class='ocrx_word' id='word_1_657' title='bbox 1493 4419 1509 4445; x_wconf 92' lang='lat'><strong>,</strong></span> <span class='ocrx_word' id='word_1_658' title='bbox 1546 4376 1780 4449; x_wconf 87' lang='lat' dir='ltr'><strong>qualiter</strong></span> <span class='ocrx_word' id='word_1_659' title='bbox 1825 4377 2080 4431; x_wconf 83' lang='lat' dir='ltr'><strong>candela-</strong></span> <span class='ocrx_word' id='word_1_660' title='bbox 2113 4408 2158 4463; x_wconf 65' lang='grc' dir='ltr'>Β</span> <span class='ocrx_word' id='word_1_661' title='bbox 2186 4373 2340 4428; x_wconf 85' lang='lat' dir='ltr'><strong>modo</strong></span> <span class='ocrx_word' id='word_1_662' title='bbox 2367 4373 2585 4426; x_wconf 86' lang='lat' dir='ltr'><strong>ducitur</strong></span> <span class='ocrx_word' id='word_1_663' title='bbox 2610 4372 2679 4426; x_wconf 87' lang='lat' dir='ltr'><strong>ad</strong></span> <span class='ocrx_word' id='word_1_664' title='bbox 2703 4371 3065 4442; x_wconf 80' lang='lat' dir='ltr'><strong>supplicium?</strong></span> <span class='ocrx_word' id='word_1_665' title='bbox 3085 4368 3163 4423; x_wconf 87' lang='lat' dir='ltr'><strong>Tu</strong></span> <span class='ocrx_word' id='word_1_666' title='bbox 3191 4369 3300 4422; x_wconf 89' lang='lat' dir='ltr'><strong>scis</strong></span> <span class='ocrx_word' id='word_1_667' title='bbox 3322 4410 3337 4436; x_wconf 87' lang='lat'><strong>,</strong></span> <span class='ocrx_word' id='word_1_668' title='bbox 3364 4363 3585 4463; x_wconf 62' lang='lat' dir='ltr'><strong>domine,</strong></span> <span class='ocrx_word' id='word_1_669' title='bbox 3614 4371 3709 4463; x_wconf 49' lang='lat' dir='ltr'><strong>II.”-</strong></span> 
     </span>
    </p>
   </div>
   <div class='ocr_carea' id='block_1_91' title="bbox 490 4468 2069 4543">
    <p class='ocr_par' dir='ltr' id='par_1_91' title="bbox 490 4468 2069 4543">
     <span class='ocr_line' id='line_1_91' title="bbox 490 4468 2069 4543; baseline -0.001 -17"><span class='ocrx_word' id='word_1_670' title='bbox 490 4474 599 4526; x_wconf 85' lang='lat' dir='ltr'><strong>bris</strong></span> <span class='ocrx_word' id='word_1_671' title='bbox 625 4472 766 4542; x_wconf 71' lang='lat' dir='ltr'><strong>aﬂ&#39;ixi</strong></span> <span class='ocrx_word' id='word_1_672' title='bbox 791 4481 914 4527; x_wconf 87' lang='lat' dir='ltr'><strong>sunt</strong></span> <span class='ocrx_word' id='word_1_673' title='bbox 938 4513 954 4541; x_wconf 87' lang='lat'><strong>,</strong></span> <span class='ocrx_word' id='word_1_674' title='bbox 984 4471 1220 4543; x_wconf 78' lang='lat' dir='ltr'><strong>lychnus.</strong></span> <span class='ocrx_word' id='word_1_675' title='bbox 1252 4468 1349 4528; x_wconf 78' lang='lat' dir='ltr'><strong>His</strong></span> <span class='ocrx_word' id='word_1_676' title='bbox 1381 4471 1650 4543; x_wconf 89' lang='lat' dir='ltr'><strong>peroratis</strong></span> <span class='ocrx_word' id='word_1_677' title='bbox 1676 4513 1692 4538; x_wconf 89' lang='lat'><strong>,</strong></span> <span class='ocrx_word' id='word_1_678' title='bbox 1721 4486 1846 4542; x_wconf 71' lang='lat' dir='ltr'><strong>qua:</strong></span> <span class='ocrx_word' id='word_1_679' title='bbox 1872 4485 2069 4542; x_wconf 90' lang='lat' dir='ltr'><strong>propo-</strong></span> 
     </span>
    </p>
   </div>
   <div class='ocr_carea' id='block_1_92' title="bbox 490 4563 2077 4637">
    <p class='ocr_par' dir='ltr' id='par_1_92' title="bbox 490 4563 2077 4637">
     <span class='ocr_line' id='line_1_92' title="bbox 490 4563 2077 4637; baseline -0.001 -17"><span class='ocrx_word' id='word_1_680' title='bbox 490 4573 716 4620; x_wconf 87' lang='lat' dir='ltr'><strong>suerant</strong></span> <span class='ocrx_word' id='word_1_681' title='bbox 741 4606 755 4631; x_wconf 95' lang='lat'><strong>,</strong></span> <span class='ocrx_word' id='word_1_682' title='bbox 787 4574 1086 4636; x_wconf 90' lang='lat' dir='ltr'><strong>peragunt;</strong></span> <span class='ocrx_word' id='word_1_683' title='bbox 1125 4565 1384 4637; x_wconf 89' lang='lat' dir='ltr'><strong>lychnum</strong></span> <span class='ocrx_word' id='word_1_684' title='bbox 1407 4571 1590 4621; x_wconf 87' lang='lat' dir='ltr'><strong>autem</strong></span> <span class='ocrx_word' id='word_1_685' title='bbox 1625 4563 1779 4619; x_wconf 91' lang='lat' dir='ltr'><strong>illum</strong></span> <span class='ocrx_word' id='word_1_686' title='bbox 1807 4605 1822 4631; x_wconf 92' lang='lat'><strong>,</strong></span> <span class='ocrx_word' id='word_1_687' title='bbox 1853 4563 1921 4618; x_wconf 91' lang='lat' dir='ltr'><strong>de</strong></span> <span class='ocrx_word' id='word_1_688' title='bbox 1966 4577 2077 4633; x_wconf 91' lang='lat' dir='ltr'><strong>quo</strong></span> 
     </span>
    </p>
   </div>
   <div class='ocr_carea' id='block_1_93' title="bbox 413 4654 2073 4728">
    <p class='ocr_par' dir='ltr' id='par_1_93' title="bbox 413 4654 2073 4728">
     <span class='ocr_line' id='line_1_93' title="bbox 413 4654 2073 4728; baseline -0.002 -16"><span class='ocrx_word' id='word_1_689' title='bbox 413 4661 423 4698; x_wconf 91' lang='lat'><strong>‘-</strong></span> <span class='ocrx_word' id='word_1_690' title='bbox 495 4656 661 4727; x_wconf 70' lang='lat' dir='ltr'><strong>cmpit</strong></span> <span class='ocrx_word' id='word_1_691' title='bbox 686 4671 846 4728; x_wconf 87' lang='lat' dir='ltr'><strong>agere</strong></span> <span class='ocrx_word' id='word_1_692' title='bbox 873 4671 1054 4713; x_wconf 91' lang='lat' dir='ltr'><strong>sermo</strong></span> <span class='ocrx_word' id='word_1_693' title='bbox 1080 4699 1096 4724; x_wconf 96' lang='lat'><strong>,</strong></span> <span class='ocrx_word' id='word_1_694' title='bbox 1119 4667 1339 4728; x_wconf 89' lang='lat' dir='ltr'><strong>propter</strong></span> <span class='ocrx_word' id='word_1_695' title='bbox 1370 4673 1523 4712; x_wconf 88' lang='lat' dir='ltr'><strong>aram</strong></span> <span class='ocrx_word' id='word_1_696' title='bbox 1562 4656 1815 4728; x_wconf 65' lang='lat' dir='ltr'><strong>gloriosae</strong></span> <span class='ocrx_word' id='word_1_697' title='bbox 1843 4654 1938 4711; x_wconf 88' lang='lat' dir='ltr'><strong>Dei</strong></span> <span class='ocrx_word' id='word_1_698' title='bbox 1965 4654 2073 4709; x_wconf 88' lang='lat' dir='ltr'><strong>Ge-</strong></span> 
     </span>
    </p>
   </div>
   <div class='ocr_carea' id='block_1_94' title="bbox 412 4747 2073 4820">
    <p class='ocr_par' dir='ltr' id='par_1_94' title="bbox 412 4747 2073 4820">
     <span class='ocr_line' id='line_1_94' title="bbox 412 4747 2073 4820; baseline -0.001 -17"><span class='ocrx_word' id='word_1_699' title='bbox 412 4747 426 4810; x_wconf 71' lang='grc' dir='ltr'><strong><em>ξ</em></strong></span> <span class='ocrx_word' id='word_1_700' title='bbox 489 4749 704 4806; x_wconf 87' lang='lat' dir='ltr'><strong>nitricis</strong></span> <span class='ocrx_word' id='word_1_701' title='bbox 728 4791 744 4817; x_wconf 91' lang='lat'><strong>,</strong></span> <span class='ocrx_word' id='word_1_702' title='bbox 769 4759 894 4820; x_wconf 75' lang='lat' dir='ltr'><strong>qua:</strong></span> <span class='ocrx_word' id='word_1_703' title='bbox 915 4749 972 4804; x_wconf 91' lang='lat' dir='ltr'><strong>in</strong></span> <span class='ocrx_word' id='word_1_704' title='bbox 993 4749 1184 4804; x_wconf 85' lang='lat' dir='ltr'><strong>eadem</strong></span> <span class='ocrx_word' id='word_1_705' title='bbox 1221 4749 1453 4806; x_wconf 87' lang='lat' dir='ltr'><strong>ecclesia</strong></span> <span class='ocrx_word' id='word_1_706' title='bbox 1488 4749 1728 4820; x_wconf 88' lang='lat' dir='ltr'><strong>primum</strong></span> <span class='ocrx_word' id='word_1_707' title='bbox 1761 4748 1968 4804; x_wconf 89' lang='lat' dir='ltr'><strong>obtinet</strong></span> <span class='ocrx_word' id='word_1_708' title='bbox 1994 4747 2073 4802; x_wconf 92' lang='lat' dir='ltr'><strong>lo-</strong></span> 
     </span>
    </p>
   </div>
   <div class='ocr_carea' id='block_1_95' title="bbox 492 4840 2070 4911">
    <p class='ocr_par' dir='ltr' id='par_1_95' title="bbox 492 4840 2070 4911">
     <span class='ocr_line' id='line_1_95' title="bbox 492 4840 2070 4911; baseline -0.001 -15"><span class='ocrx_word' id='word_1_709' title='bbox 492 4856 620 4897; x_wconf 91' lang='lat' dir='ltr'><strong>cum</strong></span> <span class='ocrx_word' id='word_1_710' title='bbox 643 4882 661 4910; x_wconf 90' lang='lat'><strong>,</strong></span> <span class='ocrx_word' id='word_1_711' title='bbox 693 4849 984 4909; x_wconf 87' lang='lat' dir='ltr'><strong>statuunt,</strong></span> <span class='ocrx_word' id='word_1_712' title='bbox 1013 4843 1266 4900; x_wconf 83' lang='lat' dir='ltr'><strong>mucroni</strong></span> <span class='ocrx_word' id='word_1_713' title='bbox 1300 4841 1506 4898; x_wconf 90' lang='lat' dir='ltr'><strong>arctius</strong></span> <span class='ocrx_word' id='word_1_714' title='bbox 1535 4840 1910 4911; x_wconf 86' lang='lat' dir='ltr'><strong>imprimentes</strong></span> <span class='ocrx_word' id='word_1_715' title='bbox 1935 4853 2070 4894; x_wconf 90' lang='lat' dir='ltr'><strong>can-</strong></span> 
     </span>
    </p>
   </div>
   <div class='ocr_carea' id='block_1_96' title="bbox 497 4929 2073 5004">
    <p class='ocr_par' dir='ltr' id='par_1_96' title="bbox 497 4929 2073 5004">
     <span class='ocr_line' id='line_1_96' title="bbox 497 4929 2073 5004; baseline 0 -19"><span class='ocrx_word' id='word_1_716' title='bbox 497 4931 708 4988; x_wconf 88' lang='lat' dir='ltr'><strong>delabri</strong></span> <span class='ocrx_word' id='word_1_717' title='bbox 732 4973 748 5000; x_wconf 91' lang='lat'><strong>,</strong></span> <span class='ocrx_word' id='word_1_718' title='bbox 774 4932 842 4989; x_wconf 90' lang='lat' dir='ltr'><strong>de</strong></span> <span class='ocrx_word' id='word_1_719' title='bbox 870 4933 991 5004; x_wconf 84' lang='lat' dir='ltr'><strong>ejus</strong></span> <span class='ocrx_word' id='word_1_720' title='bbox 1013 4932 1209 4988; x_wconf 87' lang='lat' dir='ltr'><strong>contisi</strong></span> <span class='ocrx_word' id='word_1_721' title='bbox 1237 4931 1624 4989; x_wconf 87' lang='lat' dir='ltr'><strong>crassitudine.</strong></span> <span class='ocrx_word' id='word_1_722' title='bbox 1647 4929 1859 4999; x_wconf 83' lang='lat' dir='ltr'><strong>Quibus</strong></span> <span class='ocrx_word' id='word_1_723' title='bbox 1886 4940 2073 5002; x_wconf 90' lang='lat' dir='ltr'><strong>patra-</strong></span> 
     </span>
    </p>
   </div>
   <div class='ocr_carea' id='block_1_97' title="bbox 396 5021 2073 5110">
    <p class='ocr_par' dir='ltr' id='par_1_97' title="bbox 396 5021 2073 5110">
     <span class='ocr_line' id='line_1_97' title="bbox 396 5021 2073 5110; baseline 0.001 -33"><span class='ocrx_word' id='word_1_724' title='bbox 396 5095 402 5110; x_wconf 42' lang='lat'>’</span> <span class='ocrx_word' id='word_1_725' title='bbox 489 5024 560 5079; x_wconf 88' lang='lat' dir='ltr'><strong>tis</strong></span> <span class='ocrx_word' id='word_1_726' title='bbox 585 5065 600 5090; x_wconf 93' lang='lat'><strong>,</strong></span> <span class='ocrx_word' id='word_1_727' title='bbox 655 5021 826 5079; x_wconf 85' lang='lat' dir='ltr'><strong>frater</strong></span> <span class='ocrx_word' id='word_1_728' title='bbox 863 5024 1211 5095; x_wconf 89' lang='lat' dir='ltr'><strong>supradictus</strong></span> <span class='ocrx_word' id='word_1_729' title='bbox 1246 5024 1315 5079; x_wconf 89' lang='lat' dir='ltr'><strong>ad</strong></span> <span class='ocrx_word' id='word_1_730' title='bbox 1355 5025 1646 5096; x_wconf 89' lang='lat' dir='ltr'><strong>prandium</strong></span> <span class='ocrx_word' id='word_1_731' title='bbox 1693 5025 1901 5081; x_wconf 81' lang='lat' dir='ltr'><strong>accedit</strong></span> <span class='ocrx_word' id='word_1_732' title='bbox 1948 5039 2073 5081; x_wconf 90' lang='lat' dir='ltr'><strong>cum</strong></span> 
     </span>
    </p>
   </div>
   <div class='ocr_carea' id='block_1_98' title="bbox 408 5117 2078 5186">
    <p class='ocr_par' dir='ltr' id='par_1_98' title="bbox 408 5117 2078 5186">
     <span class='ocr_line' id='line_1_98' title="bbox 408 5117 2078 5186; baseline 0 -14"><span class='ocrx_word' id='word_1_733' title='bbox 408 5129 416 5148; x_wconf 73' lang='grc' dir='ltr'><em>τ</em></span> <span class='ocrx_word' id='word_1_734' title='bbox 495 5121 713 5174; x_wconf 67' lang='lat' dir='ltr'><strong>caeteris</strong></span> <span class='ocrx_word' id='word_1_735' title='bbox 740 5117 1067 5176; x_wconf 89' lang='lat' dir='ltr'><strong>refecturus.</strong></span> <span class='ocrx_word' id='word_1_736' title='bbox 1093 5119 1199 5186; x_wconf 90' lang='lat' dir='ltr'><strong>Qui</strong></span> <span class='ocrx_word' id='word_1_737' title='bbox 1229 5133 1362 5175; x_wconf 89' lang='lat' dir='ltr'><strong>vero</strong></span> <span class='ocrx_word' id='word_1_738' title='bbox 1383 5119 1450 5174; x_wconf 89' lang='lat' dir='ltr'><strong>ad</strong></span> <span class='ocrx_word' id='word_1_739' title='bbox 1497 5119 1804 5176; x_wconf 84' lang='lat' dir='ltr'><strong>custodiam</strong></span> <span class='ocrx_word' id='word_1_740' title='bbox 1851 5118 2078 5174; x_wconf 87' lang='lat' dir='ltr'><strong>relictus</strong></span> 
     </span>
    </p>
   </div>
   <div class='ocr_carea' id='block_1_99' title="bbox 490 5208 2078 5283">
    <p class='ocr_par' dir='ltr' id='par_1_99' title="bbox 490 5208 2078 5283">
     <span class='ocr_line' id='line_1_99' title="bbox 490 5208 2078 5283; baseline 0 -19"><span class='ocrx_word' id='word_1_741' title='bbox 490 5217 578 5265; x_wconf 86' lang='lat' dir='ltr'><strong>est</strong></span> <span class='ocrx_word' id='word_1_742' title='bbox 607 5208 779 5267; x_wconf 88' lang='lat' dir='ltr'><strong>laicus</strong></span> <span class='ocrx_word' id='word_1_743' title='bbox 804 5252 820 5278; x_wconf 91' lang='lat'><strong>,</strong></span> <span class='ocrx_word' id='word_1_744' title='bbox 851 5211 908 5266; x_wconf 89' lang='lat' dir='ltr'><strong>in</strong></span> <span class='ocrx_word' id='word_1_745' title='bbox 936 5212 1231 5283; x_wconf 87' lang='lat' dir='ltr'><strong>assignatis</strong></span> <span class='ocrx_word' id='word_1_746' title='bbox 1262 5210 1368 5268; x_wconf 88' lang='lat' dir='ltr'><strong>sibi</strong></span> <span class='ocrx_word' id='word_1_747' title='bbox 1393 5211 1579 5266; x_wconf 88' lang='lat' dir='ltr'><strong>minus</strong></span> <span class='ocrx_word' id='word_1_748' title='bbox 1599 5226 1769 5282; x_wconf 90' lang='lat' dir='ltr'><strong>quam</strong></span> <span class='ocrx_word' id='word_1_749' title='bbox 1813 5211 2078 5267; x_wconf 87' lang='lat' dir='ltr'><strong>debuerat</strong></span> 
     </span>
    </p>
   </div>
   <div class='ocr_carea' id='block_1_100' title="bbox 521 5386 2075 5468">
    <p class='ocr_par' dir='ltr' id='par_1_100' title="bbox 521 5386 2075 5468">
     <span class='ocr_line' id='line_1_100' title="bbox 521 5386 2075 5468; baseline 0.001 -26"><span class='ocrx_word' id='word_1_750' title='bbox 708 5388 1114 5460; x_wconf 89' lang='lat' dir='ltr'><strong>Apocrisiarius</strong></span> <span class='ocrx_word' id='word_1_751' title='bbox 1137 5390 1192 5468; x_wconf 89' lang='lat' dir='ltr'><strong>i_n</strong></span> <span class='ocrx_word' id='word_1_752' title='bbox 1211 5389 1710 5468; x_wconf 75' lang='lat' dir='ltr'><strong>monasteriis_erat</strong></span> <span class='ocrx_word' id='word_1_753' title='bbox 1723 5388 1955 5468; x_wconf 75' lang='lat' dir='ltr'><strong>aedituus</strong></span> <span class='ocrx_word' id='word_1_754' title='bbox 1976 5388 2075 5468; x_wconf 78' lang='lat' dir='ltr'><strong>ba-</strong></span> 
     </span>
    </p>
   </div>
   <div class='ocr_carea' id='block_1_101' title="bbox 490 5457 2069 5530">
    <p class='ocr_par' dir='ltr' id='par_1_101' title="bbox 490 5457 2069 5530">
     <span class='ocr_line' id='line_1_101' title="bbox 490 5457 2069 5530; baseline 0.001 -19"><span class='ocrx_word' id='word_1_755' title='bbox 490 5457 698 5530; x_wconf 70' lang='lat' dir='ltr'><strong>silicae,</strong></span> <span class='ocrx_word' id='word_1_756' title='bbox 749 5457 809 5514; x_wconf 84' lang='lat' dir='ltr'><strong>ut</strong></span> <span class='ocrx_word' id='word_1_757' title='bbox 855 5469 1005 5530; x_wconf 87' lang='lat' dir='ltr'><strong>patet</strong></span> <span class='ocrx_word' id='word_1_758' title='bbox 1047 5475 1114 5530; x_wconf 79' lang='lat' dir='ltr'><strong>ex</strong></span> <span class='ocrx_word' id='word_1_759' title='bbox 1149 5461 1256 5517; x_wconf 79' lang='lat' dir='ltr'><strong>hoc</strong></span> <span class='ocrx_word' id='word_1_760' title='bbox 1304 5461 1464 5526; x_wconf 91' lang='lat' dir='ltr'><strong>loco,</strong></span> <span class='ocrx_word' id='word_1_761' title='bbox 1508 5458 1631 5514; x_wconf 91' lang='lat' dir='ltr'><strong>aliis</strong></span> <span class='ocrx_word' id='word_1_762' title='bbox 1682 5457 1980 5530; x_wconf 84' lang='lat' dir='ltr'><strong>Archarius</strong></span> <span class='ocrx_word' id='word_1_763' title='bbox 2013 5459 2069 5513; x_wconf 92' lang='lat' dir='ltr'><strong>in</strong></span> 
     </span>
    </p>
   </div>
   <div class='ocr_carea' id='block_1_102' title="bbox 489 5527 2064 5654">
    <p class='ocr_par' dir='ltr' id='par_1_102' title="bbox 489 5527 2064 5654">
     <span class='ocr_line' id='line_1_102' title="bbox 489 5527 2064 5654; baseline 0 -71"><span class='ocrx_word' id='word_1_764' title='bbox 489 5527 630 5654; x_wconf 44' lang='lat' dir='ltr'><strong>iniibgo</strong></span> <span class='ocrx_word' id='word_1_765' title='bbox 657 5529 732 5586; x_wconf 84' lang='lat' dir='ltr'><strong>De</strong></span> <span class='ocrx_word' id='word_1_766' title='bbox 768 5527 1050 5588; x_wconf 78' lang='lat' dir='ltr'><strong>miraculis</strong></span> <span class='ocrx_word' id='word_1_767' title='bbox 1075 5529 1132 5586; x_wconf 84' lang='lat' dir='ltr'><strong>S.</strong></span> <span class='ocrx_word' id='word_1_768' title='bbox 1161 5530 1338 5588; x_wconf 84' lang='lat' dir='ltr'><strong>Mauri</strong></span> <span class='ocrx_word' id='word_1_769' title='bbox 1372 5531 1606 5597; x_wconf 89' lang='lat' dir='ltr'><strong>abbatis,</strong></span> <span class='ocrx_word' id='word_1_770' title='bbox 1640 5543 1792 5584; x_wconf 91' lang='lat' dir='ltr'><strong>num.</strong></span> <span class='ocrx_word' id='word_1_771' title='bbox 1819 5529 1891 5582; x_wconf 69' lang='lat'><strong>2‘2</strong></span> <span class='ocrx_word' id='word_1_772' title='bbox 1916 5571 1931 5596; x_wconf 88' lang='lat'><strong>,</strong></span> <span class='ocrx_word' id='word_1_773' title='bbox 1970 5546 2064 5585; x_wconf 88' lang='lat' dir='ltr'><strong>su-</strong></span> 
     </span>
    </p>
   </div>
   <div class='ocr_carea' id='block_1_103' title="bbox 489 5613 2063 5745">
    <p class='ocr_par' dir='ltr' id='par_1_103' title="bbox 489 5613 2063 5745">
     <span class='ocr_line' id='line_1_103' title="bbox 489 5613 2063 5745; baseline -0.001 -20"><span class='ocrx_word' id='word_1_774' title='bbox 489 5613 674 5740; x_wconf 37' lang='grc' dir='ltr'><strong>ρι,ῗέΞῆ</strong></span> <span class='ocrx_word' id='word_1_775' title='bbox 716 5670 792 5728; x_wconf 74' lang='lat' dir='ltr'><strong>Ex</strong></span> <span class='ocrx_word' id='word_1_776' title='bbox 826 5673 930 5730; x_wconf 86' lang='lat' dir='ltr'><strong>hoc</strong></span> <span class='ocrx_word' id='word_1_777' title='bbox 959 5673 1080 5731; x_wconf 88' lang='lat' dir='ltr'><strong>loco</strong></span> <span class='ocrx_word' id='word_1_778' title='bbox 1109 5683 1163 5732; x_wconf 84' lang='lat' dir='ltr'><strong>et</strong></span> <span class='ocrx_word' id='word_1_779' title='bbox 1191 5674 1379 5731; x_wconf 89' lang='lat' dir='ltr'><strong>multis</strong></span> <span class='ocrx_word' id='word_1_780' title='bbox 1404 5673 1526 5730; x_wconf 88' lang='lat' dir='ltr'><strong>aliis</strong></span> <span class='ocrx_word' id='word_1_781' title='bbox 1553 5680 1700 5745; x_wconf 88' lang='lat' dir='ltr'><strong>patet</strong></span> <span class='ocrx_word' id='word_1_782' title='bbox 1724 5671 1894 5727; x_wconf 89' lang='lat' dir='ltr'><strong>moris</strong></span> <span class='ocrx_word' id='word_1_783' title='bbox 1925 5669 2063 5726; x_wconf 87' lang='lat' dir='ltr'><strong>fuis-</strong></span> 
     </span>
    </p>
   </div>
   <div class='ocr_carea' id='block_1_104' title="bbox 2186 4449 3708 4532">
    <p class='ocr_par' dir='ltr' id='par_1_104' title="bbox 2186 4449 3708 4532">
     <span class='ocr_line' id='line_1_104' title="bbox 2186 4449 3708 4532; baseline -0.014 -15"><span class='ocrx_word' id='word_1_784' title='bbox 2186 4466 2332 4519; x_wconf 81' lang='lat' dir='ltr'><strong>niam</strong></span> <span class='ocrx_word' id='word_1_785' title='bbox 2377 4464 2689 4519; x_wconf 82' lang='lat' dir='ltr'><strong>necessitate</strong></span> <span class='ocrx_word' id='word_1_786' title='bbox 2739 4471 2986 4530; x_wconf 83' lang='lat' dir='ltr'><strong>coactus,</strong></span> <span class='ocrx_word' id='word_1_787' title='bbox 3035 4462 3182 4532; x_wconf 80' lang='lat' dir='ltr'><strong>furta</strong></span> <span class='ocrx_word' id='word_1_788' title='bbox 3230 4459 3347 4515; x_wconf 75' lang='lat' dir='ltr'><strong>lucc</strong></span> <span class='ocrx_word' id='word_1_789' title='bbox 3394 4449 3708 4512; x_wconf 79' lang='lat' dir='ltr'><strong>committebat.</strong></span> 
     </span>
    </p>
   </div>
   <div class='ocr_carea' id='block_1_105' title="bbox 2186 4549 3709 4626">
    <p class='ocr_par' dir='ltr' id='par_1_105' title="bbox 2186 4549 3709 4626">
     <span class='ocr_line' id='line_1_105' title="bbox 2186 4549 3709 4626; baseline -0.011 -14"><span class='ocrx_word' id='word_1_790' title='bbox 2186 4555 2394 4626; x_wconf 84' lang='lat' dir='ltr'><strong>Redde,</strong></span> <span class='ocrx_word' id='word_1_791' title='bbox 2425 4557 2500 4610; x_wconf 90' lang='lat' dir='ltr'><strong>mi</strong></span> <span class='ocrx_word' id='word_1_792' title='bbox 2539 4557 2778 4623; x_wconf 87' lang='lat' dir='ltr'><strong>domine,</strong></span> <span class='ocrx_word' id='word_1_793' title='bbox 2819 4555 2951 4610; x_wconf 84' lang='lat' dir='ltr'><strong>mihi</strong></span> <span class='ocrx_word' id='word_1_794' title='bbox 2997 4555 3172 4624; x_wconf 82' lang='lat' dir='ltr'><strong>ﬁlium</strong></span> <span class='ocrx_word' id='word_1_795' title='bbox 3205 4568 3403 4620; x_wconf 81' lang='lat' dir='ltr'><strong>meum,</strong></span> <span class='ocrx_word' id='word_1_796' title='bbox 3440 4549 3528 4603; x_wconf 80' lang='lat' dir='ltr'><strong>tibi</strong></span> <span class='ocrx_word' id='word_1_797' title='bbox 3553 4553 3709 4599; x_wconf 71' lang='lat' dir='ltr'><strong>serram</strong></span> 
     </span>
    </p>
   </div>
   <div class='ocr_carea' id='block_1_106' title="bbox 2185 4633 3711 4720">
    <p class='ocr_par' dir='ltr' id='par_1_106' title="bbox 2185 4633 3711 4720">
     <span class='ocr_line' id='line_1_106' title="bbox 2185 4633 3711 4720; baseline -0.012 -17"><span class='ocrx_word' id='word_1_798' title='bbox 2185 4658 2363 4717; x_wconf 85' lang='lat' dir='ltr'><strong>tuum,</strong></span> <span class='ocrx_word' id='word_1_799' title='bbox 2383 4649 2505 4720; x_wconf 86' lang='lat' dir='ltr'><strong>jam</strong></span> <span class='ocrx_word' id='word_1_800' title='bbox 2551 4649 2616 4703; x_wconf 86' lang='lat' dir='ltr'><strong>de</strong></span> <span class='ocrx_word' id='word_1_801' title='bbox 2668 4648 2870 4720; x_wconf 88' lang='lat' dir='ltr'><strong>reliquo</strong></span> <span class='ocrx_word' id='word_1_802' title='bbox 2900 4656 3228 4717; x_wconf 85' lang='lat' dir='ltr'><strong>correptum,</strong></span> <span class='ocrx_word' id='word_1_803' title='bbox 3255 4645 3348 4716; x_wconf 84' lang='lat' dir='ltr'><strong>qui</strong></span> <span class='ocrx_word' id='word_1_804' title='bbox 3388 4656 3522 4696; x_wconf 85' lang='lat' dir='ltr'><strong>meas</strong></span> <span class='ocrx_word' id='word_1_805' title='bbox 3557 4633 3711 4690; x_wconf 63' lang='lat' dir='ltr'><strong>soletur</strong></span> 
     </span>
    </p>
   </div>
   <div class='ocr_carea' id='block_1_107' title="bbox 2183 4721 3706 4810">
    <p class='ocr_par' dir='ltr' id='par_1_107' title="bbox 2183 4721 3706 4810">
     <span class='ocr_line' id='line_1_107' title="bbox 2183 4721 3706 4810; baseline -0.016 -14"><span class='ocrx_word' id='word_1_806' title='bbox 2183 4757 2449 4805; x_wconf 66' lang='lat' dir='ltr'><strong>(erumnas</strong></span> <span class='ocrx_word' id='word_1_807' title='bbox 2473 4784 2488 4808; x_wconf 89' lang='lat'><strong>,</strong></span> <span class='ocrx_word' id='word_1_808' title='bbox 2519 4756 2583 4796; x_wconf 86' lang='lat' dir='ltr'><strong>ne</strong></span> <span class='ocrx_word' id='word_1_809' title='bbox 2610 4741 2772 4810; x_wconf 79' lang='lat' dir='ltr'><strong>famis</strong></span> <span class='ocrx_word' id='word_1_810' title='bbox 2801 4739 2980 4794; x_wconf 81' lang='lat' dir='ltr'><strong>inedia</strong></span> <span class='ocrx_word' id='word_1_811' title='bbox 3003 4739 3268 4808; x_wconf 86' lang='lat' dir='ltr'><strong>dispereat</strong></span> <span class='ocrx_word' id='word_1_812' title='bbox 3291 4736 3402 4790; x_wconf 74' lang='lat' dir='ltr'><strong>hwc</strong></span> <span class='ocrx_word' id='word_1_813' title='bbox 3429 4742 3512 4786; x_wconf 87' lang='lat' dir='ltr'><strong>tua</strong></span> <span class='ocrx_word' id='word_1_814' title='bbox 3534 4721 3706 4782; x_wconf 80' lang='lat' dir='ltr'><strong>ancilla.</strong></span> 
     </span>
    </p>
   </div>
   <div class='ocr_carea' id='block_1_108' title="bbox 2189 4812 3706 4900">
    <p class='ocr_par' dir='ltr' id='par_1_108' title="bbox 2189 4812 3706 4900">
     <span class='ocr_line' id='line_1_108' title="bbox 2189 4812 3706 4900; baseline -0.013 -12"><span class='ocrx_word' id='word_1_815' title='bbox 2189 4833 2414 4888; x_wconf 85' lang='lat' dir='ltr'><strong>Ostende</strong></span> <span class='ocrx_word' id='word_1_816' title='bbox 2457 4842 2604 4887; x_wconf 90' lang='lat' dir='ltr'><strong>tuam</strong></span> <span class='ocrx_word' id='word_1_817' title='bbox 2633 4831 2850 4886; x_wconf 84' lang='lat' dir='ltr'><strong>solitam</strong></span> <span class='ocrx_word' id='word_1_818' title='bbox 2889 4832 3139 4900; x_wconf 83' lang='lat' dir='ltr'><strong>pietatem</strong></span> <span class='ocrx_word' id='word_1_819' title='bbox 3187 4829 3243 4881; x_wconf 87' lang='lat' dir='ltr'><strong>in</strong></span> <span class='ocrx_word' id='word_1_820' title='bbox 3293 4843 3374 4881; x_wconf 85' lang='lat' dir='ltr'><strong>me</strong></span> <span class='ocrx_word' id='word_1_821' title='bbox 3407 4812 3706 4894; x_wconf 70' lang='lat' dir='ltr'><strong>paupercula.</strong></span> 
     </span>
    </p>
   </div>
   <div class='ocr_carea' id='block_1_109' title="bbox 2180 4903 3707 4996">
    <p class='ocr_par' dir='ltr' id='par_1_109' title="bbox 2180 4903 3707 4996">
     <span class='ocr_line' id='line_1_109' title="bbox 2180 4903 3707 4996; baseline -0.009 -18"><span class='ocrx_word' id='word_1_822' title='bbox 2180 4934 2366 4996; x_wconf 81' lang='lat' dir='ltr'><strong>tangat</strong></span> <span class='ocrx_word' id='word_1_823' title='bbox 2397 4941 2511 4979; x_wconf 89' lang='lat' dir='ltr'><strong>mea</strong></span> <span class='ocrx_word' id='word_1_824' title='bbox 2537 4924 2870 4996; x_wconf 86' lang='lat' dir='ltr'><strong>querimonia</strong></span> <span class='ocrx_word' id='word_1_825' title='bbox 2898 4933 2991 4977; x_wconf 89' lang='lat' dir='ltr'><strong>tua</strong></span> <span class='ocrx_word' id='word_1_826' title='bbox 3024 4923 3114 4992; x_wconf 88' lang='lat' dir='ltr'><strong>pia</strong></span> <span class='ocrx_word' id='word_1_827' title='bbox 3143 4922 3366 4974; x_wconf 79' lang='lat' dir='ltr'><strong>viscera.</strong></span> <span class='ocrx_word' id='word_1_828' title='bbox 3411 4915 3502 4970; x_wconf 80' lang='lat' dir='ltr'><strong>His</strong></span> <span class='ocrx_word' id='word_1_829' title='bbox 3536 4919 3584 4966; x_wconf 84' lang='lat' dir='ltr'><strong>et</strong></span> <span class='ocrx_word' id='word_1_830' title='bbox 3617 4903 3707 4960; x_wconf 59' lang='lat' dir='ltr'><strong>alii?</strong></span> 
     </span>
    </p>
   </div>
   <div class='ocr_carea' id='block_1_110' title="bbox 2177 5008 3707 5089">
    <p class='ocr_par' dir='ltr' id='par_1_110' title="bbox 2177 5008 3707 5089">
     <span class='ocr_line' id='line_1_110' title="bbox 2177 5008 3707 5089; baseline -0.007 -17"><span class='ocrx_word' id='word_1_831' title='bbox 2177 5017 2492 5088; x_wconf 87' lang='lat' dir='ltr'><strong>querulosis</strong></span> <span class='ocrx_word' id='word_1_832' title='bbox 2515 5017 2808 5089; x_wconf 87' lang='lat' dir='ltr'><strong>gemitibus</strong></span> <span class='ocrx_word' id='word_1_833' title='bbox 2830 5014 3048 5086; x_wconf 85' lang='lat' dir='ltr'><strong>perfusa</strong></span> <span class='ocrx_word' id='word_1_834' title='bbox 3081 5029 3247 5085; x_wconf 87' lang='lat' dir='ltr'><strong>genas</strong></span> <span class='ocrx_word' id='word_1_835' title='bbox 3277 5008 3540 5083; x_wconf 75' lang='lat' dir='ltr'><strong>lacrymis,</strong></span> <span class='ocrx_word' id='word_1_836' title='bbox 3561 5010 3707 5089; x_wconf 57' lang='grc' dir='ltr'><strong>νωθὲς</strong></span> 
     </span>
    </p>
   </div>
   <div class='ocr_carea' id='block_1_111' title="bbox 2177 5088 3704 5169">
    <p class='ocr_par' dir='ltr' id='par_1_111' title="bbox 2177 5088 3704 5169">
     <span class='ocr_line' id='line_1_111' title="bbox 2177 5088 3704 5169; baseline -0.012 -6"><span class='ocrx_word' id='word_1_837' title='bbox 2177 5108 2455 5166; x_wconf 89' lang='lat' dir='ltr'><strong>fundebat.</strong></span> <span class='ocrx_word' id='word_1_838' title='bbox 2501 5088 2700 5165; x_wconf 84' lang='lat' dir='ltr'><strong>Flexus</strong></span> <span class='ocrx_word' id='word_1_839' title='bbox 2742 5109 2810 5164; x_wconf 92' lang='lat' dir='ltr'><strong>ad</strong></span> <span class='ocrx_word' id='word_1_840' title='bbox 2840 5104 3273 5165; x_wconf 87' lang='lat' dir='ltr'><strong>misericordiam</strong></span> <span class='ocrx_word' id='word_1_841' title='bbox 3305 5102 3462 5157; x_wconf 88' lang='lat' dir='ltr'><strong>Pater</strong></span> <span class='ocrx_word' id='word_1_842' title='bbox 3491 5098 3596 5169; x_wconf 90' lang='lat' dir='ltr'><strong>pius</strong></span> <span class='ocrx_word' id='word_1_843' title='bbox 3625 5088 3704 5144; x_wconf 83' lang='lat' dir='ltr'><strong>mi-</strong></span> 
     </span>
    </p>
   </div>
   <div class='ocr_carea' id='block_1_112' title="bbox 2179 5183 3701 5274">
    <p class='ocr_par' dir='ltr' id='par_1_112' title="bbox 2179 5183 3701 5274">
     <span class='ocr_line' id='line_1_112' title="bbox 2179 5183 3701 5274; baseline -0.01 -17"><span class='ocrx_word' id='word_1_844' title='bbox 2179 5201 2400 5258; x_wconf 89' lang='lat' dir='ltr'><strong>serabili</strong></span> <span class='ocrx_word' id='word_1_845' title='bbox 2436 5203 2603 5274; x_wconf 87' lang='lat' dir='ltr'><strong>hujus</strong></span> <span class='ocrx_word' id='word_1_846' title='bbox 2624 5201 2856 5267; x_wconf 60' lang='lat' dir='ltr'><strong>anicula}</strong></span> <span class='ocrx_word' id='word_1_847' title='bbox 2901 5208 3097 5271; x_wconf 84' lang='lat' dir='ltr'><strong>questu</strong></span> <span class='ocrx_word' id='word_1_848' title='bbox 3125 5241 3142 5267; x_wconf 93' lang='lat'><strong>,</strong></span> <span class='ocrx_word' id='word_1_849' title='bbox 3176 5195 3423 5254; x_wconf 81' lang='lat' dir='ltr'><strong>exhibuit</strong></span> <span class='ocrx_word' id='word_1_850' title='bbox 3450 5183 3701 5262; x_wconf 76' lang='lat' dir='ltr'><strong>prodigium</strong></span> 
     </span>
    </p>
   </div>
   <div class='ocr_carea' id='block_1_113' title="bbox 2177 5357 3702 5450">
    <p class='ocr_par' dir='ltr' id='par_1_113' title="bbox 2177 5357 3702 5450">
     <span class='ocr_line' id='line_1_113' title="bbox 2177 5357 3702 5450; baseline -0.012 -13"><span class='ocrx_word' id='word_1_851' title='bbox 2177 5396 2237 5436; x_wconf 86' lang='lat' dir='ltr'><strong>se</strong></span> <span class='ocrx_word' id='word_1_852' title='bbox 2262 5379 2406 5450; x_wconf 88' lang='lat' dir='ltr'><strong>apud</strong></span> <span class='ocrx_word' id='word_1_853' title='bbox 2444 5378 2683 5450; x_wconf 90' lang='lat' dir='ltr'><strong>majores</strong></span> <span class='ocrx_word' id='word_1_854' title='bbox 2711 5387 2933 5450; x_wconf 85' lang='lat' dir='ltr'><strong>nostros</strong></span> <span class='ocrx_word' id='word_1_855' title='bbox 2978 5385 3039 5431; x_wconf 92' lang='lat' dir='ltr'><strong>ut</strong></span> <span class='ocrx_word' id='word_1_856' title='bbox 3082 5375 3288 5450; x_wconf 78' lang='lat' dir='ltr'><strong>gratias</strong></span> <span class='ocrx_word' id='word_1_857' title='bbox 3315 5370 3491 5450; x_wconf 65' lang='lat' dir='ltr'><strong>acturi</strong></span> <span class='ocrx_word' id='word_1_858' title='bbox 3508 5357 3702 5450; x_wconf 53' lang='lat' dir='ltr'><strong>postf-</strong></span> 
     </span>
    </p>
   </div>
   <div class='ocr_carea' id='block_1_114' title="bbox 2175 5435 3697 5515">
    <p class='ocr_par' dir='ltr' id='par_1_114' title="bbox 2175 5435 3697 5515">
     <span class='ocr_line' id='line_1_114' title="bbox 2175 5435 3697 5515; baseline -0.01 -9"><span class='ocrx_word' id='word_1_859' title='bbox 2175 5435 2312 5506; x_wconf 58' lang='lat' dir='ltr'><strong>bum&#39;</strong></span> <span class='ocrx_word' id='word_1_860' title='bbox 2336 5435 2624 5506; x_wconf 68' lang='lat' dir='ltr'><strong>ecclesiam</strong></span> <span class='ocrx_word' id='word_1_861' title='bbox 2656 5449 2913 5513; x_wconf 90' lang='lat' dir='ltr'><strong>adirent,</strong></span> <span class='ocrx_word' id='word_1_862' title='bbox 2953 5463 3060 5502; x_wconf 89' lang='lat' dir='ltr'><strong>non</strong></span> <span class='ocrx_word' id='word_1_863' title='bbox 3083 5435 3404 5515; x_wconf 60' lang='lat' dir='ltr'><strong>capitulum.</strong></span> <span class='ocrx_word' id='word_1_864' title='bbox 3452 5435 3601 5515; x_wconf 44' lang='lat' dir='ltr'><strong>Quod</strong></span> <span class='ocrx_word' id='word_1_865' title='bbox 3623 5445 3697 5515; x_wconf 51' lang='grc' dir='ltr'><strong>βῆς</strong></span> 
     </span>
    </p>
   </div>
   <div class='ocr_carea' id='block_1_115' title="bbox 2172 5503 3698 5647">
    <p class='ocr_par' dir='ltr' id='par_1_115' title="bbox 2172 5503 3698 5647">
     <span class='ocr_line' id='line_1_115' title="bbox 2173 5503 3698 5646; baseline -0.006 -69"><span class='ocrx_word' id='word_1_866' title='bbox 2173 5503 2361 5646; x_wconf 42' lang='grc' dir='ltr'><strong>ἣξει(</strong></span> <span class='ocrx_word' id='word_1_867' title='bbox 2376 5503 2634 5592; x_wconf 80' lang='lat' dir='ltr'><strong>capitulis</strong></span> <span class='ocrx_word' id='word_1_868' title='bbox 2671 5519 2728 5575; x_wconf 90' lang='lat' dir='ltr'><strong>S.</strong></span> <span class='ocrx_word' id='word_1_869' title='bbox 2762 5503 2913 5575; x_wconf 38' lang='lat' dir='ltr'><strong>Galli,</strong></span> <span class='ocrx_word' id='word_1_870' title='bbox 2933 5503 3323 5573; x_wconf 59' lang='lat' dir='ltr'><strong>monach&#39;orum</strong></span> <span class='ocrx_word' id='word_1_871' title='bbox 3347 5557 3362 5582; x_wconf 90' lang='lat'><strong>,</strong></span> <span class='ocrx_word' id='word_1_872' title='bbox 3400 5503 3512 5580; x_wconf 57' lang='lat' dir='ltr'><strong>cat}.</strong></span> <span class='ocrx_word' id='word_1_873' title='bbox 3543 5503 3633 5568; x_wconf 64' lang='grc'><strong>29,</strong></span> <span class='ocrx_word' id='word_1_874' title='bbox 3659 5505 3698 5551; x_wconf 64' lang='grc' dir='ltr'>εί</span> 
     </span>
     <span class='ocr_line' id='line_1_116' title="bbox 2172 5610 2312 5647; baseline 0 0"><span class='ocrx_word' id='word_1_875' title='bbox 2172 5610 2200 5647; x_wconf 92' lang='lat' dir='ltr'><strong>a</strong></span> <span class='ocrx_word' id='word_1_876' title='bbox 2226 5611 2312 5647; x_wconf 77' lang='lat' dir='ltr'><strong>ns.</strong></span> 
     </span>
    </p>
   </div>
  </div>
