3946 6306
244 397 390 457 i255

1344 393 1702 451 MIRACULA
1743 395 1992 454 SANCTI
2028 396 2412 457 BENEDICTL

3368 402 3521 465 12ὅᾶ

248 508 454 570 nostris
479 505 1157 581 temporibusinauditum.
1190 506 1431 578 Denique
1460 508 1658 564 ductus
1683 519 1822 563 uter—
1852 517 1894 573 Α
1924 511 2070 580 quod
2096 519 2338 584 creperat
2367 510 2490 579 iter,
2525 508 2760 566 ulterius
2786 509 3016 568 adoriri.
3059 511 3331 570 Reversus
3361 530 3512 587 ergo,

245 598 640 671 qnejuvenum
667 596 736 654 ad
769 597 951 657 locum
985 597 1303 668 hujusmodi
1348 598 1617 669 supplicio
1660 597 1827 653 desti-

246 698 440 745 natum
465 730 482 756 ,
510 686 680 743 furcis
707 687 935 758 appensi
963 695 1110 744 sunt.
1152 684 1305 743 Unus
1350 686 1516 760 igitur
1565 688 1782 743 illorum
1808 728 1824 754 ,

242 779 452 836 sodalis
481 778 732 835 videlicet
775 778 873 834 ﬁlii
914 778 1119 845 viduae,
1178 779 1452 849 extemplo
1494 778 1662 833 vitam
1700 777 1826 831 ﬁni-

240 872 343 927 vit.
390 870 508 941 Ipse
533 879 716 926 autem
744 912 759 939 ,
794 872 864 926 ab
908 879 1101 927 exortu
1150 871 1282 927 solis
1323 886 1497 942 usque
1525 871 1582 925 in
1612 871 1825 925 tertiam

238 963 440 1018 horam
470 977 776 1033 suspensus
799 1004 814 1030 ,
846 962 1103 1033 precibus
1129 962 1323 1018 matris
1351 961 1472 1032 ejus
1508 960 1826 1017 obsistenti-

235 1054 352 1111 bus
383 1068 733 1124 nequaquam
762 1053 904 1115 mori
932 1054 1131 1125 potuit.
1156 1052 1411 1110 Pastores
1453 1052 1652 1124 quippe
1680 1065 1829 1117 more

231 1161 345 1203 suo
377 1145 749 1204 accelerantes
770 1147 968 1213 videre
998 1161 1297 1217 suspensos
1319 1186 1333 1213 ,
1382 1145 1514 1200 dum
1549 1143 1617 1200 ad
1647 1144 1827 1198 locum

232 1237 565 1307 venissent,
591 1247 825 1303 cernunt
854 1239 1087 1297 alterum
1118 1239 1285 1294 vitam
1315 1235 1524 1292 tiniisse
1546 1276 1562 1303 ,
1595 1233 1827 1289 alterum

228 1327 444 1384 vivere.
485 1326 945 1401 Obstupescentes
989 1328 1175 1400 itaque
1218 1326 1276 1382 in
1322 1333 1474 1381 tanto
1520 1320 1786 1378 miraculo
1810 1360 1826 1391 ,

226 1416 408 1475 celeri
433 1432 601 1475 cursu
622 1418 868 1475 indicare
894 1426 1007 1474 tam
1034 1416 1301 1472 militibus
1322 1429 1488 1487 quam
1511 1412 1828 1486 promiscuo

226 1513 438 1585 vulgo,
489 1530 612 1586 quae
660 1514 951 1585 viderant,
1004 1513 1287 1570 festinant.
1334 1511 1440 1578 Qui
1480 1524 1826 1581 nequaquam

210 1606 423 1680 .verhis
445 1622 638 1663 eorum
666 1606 875 1664 creduli
902 1648 918 1675 ,
941 1606 1186 1678 dirigunt
1218 1604 1312 1675 qui
1342 1604 1447 1660 sibi
1472 1601 1825 1668 renuntient,

222 1708 428 1755 utrum
459 1715 675 1769 verum,
707 1715 778 1756 an
810 1699 1011 1756 falsum
1037 1699 1107 1755 sit
1139 1698 1287 1770 quod
1312 1696 1623 1752 audiebant.
1656 1694 1726 1749 At
1750 1693 1826 1749 illi

221 1791 329 1862 qui
355 1792 519 1849 missi
552 1791 800 1861 fuerant,
829 1792 897 1848 ad
927 1792 1108 1848 locum
1138 1789 1423 1862 suspendii
1450 1796 1823 1861 properantes,

1929 604 2000 658 ob
2025 603 2371 661 formidinem
2399 603 2622 659 nimiam
2650 618 2813 674 quam
2837 604 2940 660 sibi
2966 605 3239 663 daemones
3264 606 3512 664 incusse-

1929 704 2092 762 rant,
2133 697 2415 753 'memoria
2444 696 2699 754 excessit.
2730 697 2777 751 Α
2822 697 2939 754 suis
2970 714 3099 754 vero
3127 698 3181 755 in
3210 701 3520 757 crastinum

1929 788 1999 843 ad
2054 789 2449 845 monasterium
2509 789 2796 856 adductus,
2845 799 2902 845 et
2944 791 3141 846 ibidem
3174 791 3510 863 aliquantum
3610 856 3614 861 ,

1929 889 2260 949 remoratus,
2292 896 2394 952 pro
2426 896 2495 936 eo
2526 881 2887 951 omnipotenti
2912 881 3147 939 Domino
3170 882 3310 940 fusis
3338 887 3516 954 preci~

1913 973 2054 1042 .bus,
2086 975 2309 1046 integrae
2340 975 2540 1031 mentis
2560 975 2772 1046 recepit
2798 975 3152 1033 sobrietatem
3181 977 3393 1033 meritis
3430 978 3512 1047 ips

1928 1065 2046 1121 sius
2074 1082 2236 1137 quem
2270 1067 2619 1122 invocaverat
2642 1065 2840 1124 Patris.

2000 1156 2130 1213 Car.
2167 1157 2376 1214 XLVII.
2404 1188 2475 1199 --
2498 1157 2690 1215 Servus
2715 1160 3035 1227 vindicatus.
3066 1159 3242 1232 llugo,
3265 1160 3515 1218 Bidulfus

1930 1250 2255 1321 cognomine
2277 1292 2294 1318 ,
2345 1266 2492 1308 unus
2531 1251 2770 1308 militum
2798 1251 3161 1310 Patriciacum
3198 1254 3513 1311 inhabitan-

1929 1340 2087 1407 tium,
2120 1355 2247 1411 cum
2273 1341 2329 1396 in
2356 1342 2481 1398 aliis
2526 1344 2948 1415 quamplurihus
2968 1346 3146 1402 eidem
3180 1347 3303 1403 loco
3323 1347 3514 1402 adver-

1930 1442 2166 1503 saretur,
2217 1433 2506 1504 cujusdam
2554 1434 2847 1492 seditionis
2894 1437 2952 1492 in
2999 1438 3189 1493 eadem
3218 1439 3345 1494 villa
3372 1438 3513 1494 inter

1928 1522 2141 1593 equites
2187 1531 2391 1579 exortae
2435 1524 2748 1594 occasione,
2806 1542 2915 1582 una
2964 1527 3179 1584 dierum
3208 1545 3514 1601 aggressus

1929 1613 2221 1684 quemdam
2253 1614 2543 1684 rusticum,
2568 1614 2870 1672 Guarinum
2900 1618 3121 1675 nomine
3142 1660 3157 1687 ,
3215 1634 3246 1675 a
3295 1621 3418 1675 loco
3447 1620 3515 1675 de

1928 1705 2156 1763 Cumbis
2189 1706 2658 1779 cognominatum,
2687 1715 2744 1763 et
2784 1708 2964 1779 ipsum
2994 1708 3063 1765 de
3088 1708 3298 1765 familia
3335 1709 3514 1767 Patris

1928 1798 2271 1870 progenitum
2301 1840 2317 1867 ,
2350 1799 2498 1855 nulla
2521 1798 2686 1870 justae
2734 1800 2970 1871 querelae
3020 1801 3286 1857 existente
3323 1818 3511 1867 causa,

222 1885 306 1942 ita
354 1901 487 1942 esse
529 1886 611 1943 ιιῑί
661 1894 907 1957 Ρθεῑυτεε
969 1886 1220 1956 dixerant
1267 1891 1659 1958 cognoscentes
1682 1923 1697 1948 9
1739 1880 1820 1935 eis
1856 1870 1894 1926 ³
1927 1900 2040 1947 tam
2072 1892 2364 1949 crudeliter
2380 1892 2686 1949 verberavit
2710 1870 2770 1948 ut
2795 1893 2846 1949 ei
2868 1892 3155 1949 brachium
3169 1893 3508 1949 contriverit.

219 1977 325 2048 qui
350 1992 416 2033 se
445 1977 709 2034 miserant
730 1976 991 2041 referunt.
1033 1975 1304 2032 Admirati
1329 1989 1556 2041 omnes,
1600 1971 1824 2027 mittunt

217 2068 323 2139 qui
350 2068 758 2125 adolescentem
798 2068 1052 2136 solvant,
1079 2075 1135 2124 et
1182 2067 1286 2123 sibi
1317 2071 1673 2137 praesentem;
1705 2077 1821 2117 rem

219 2162 294 2217 ab
341 2176 414 2216 eo
458 2175 678 2218 omnem
726 2162 942 2231 plenius
980 2160 1255 2217 rescituri.
1295 2157 1648 2228 Cognoscunt
1691 2169 1822 2226 ergo

218 2252 414 2309 vidua:
443 2253 593 2310 illius
618 2253 877 2326 lacrymis
912 2263 966 2310 et
992 2254 1250 2326 precibus
1278 2294 1294 2321 ,
1325 2266 1493 2323 quam
1532 2249 1820 2311 ecclesiam

219 2347 462 2403 concito
490 2362 655 2423 cursu
686 2346 910 2417 petiisse
936 2345 1213 2418 perfusam
1238 2345 1499 2418 lacrymis
1529 2343 1779 2403 viderant
1803 2384 1818 2411 ,

214 2440 664 2509 omnipotentem
705 2437 995 2494 Dominum
1019 2439 1187 2494 vitam
1219 2437 1330 2494 filio
1353 2437 1472 2508 ejus
1502 2451 1597 2507 per
1628 2434 1821 2491 merita

216 2529 413 2586 Patris
437 2528 717 2585 Benedicti
739 2571 756 2598 ,
783 2545 947 2601 quem
974 2530 1224 2587 devotius
1251 2537 1574 2586 cxoraverat
1597 2570 1611 2597 ,
1645 2542 1822 2583 reser-

211 2637 394 2682 vasse
419 2664 436 2691 ,
480 2638 646 2693 super
698 2623 804 2679 hoc
846 2622 992 2679 facto
1034 2623 1448 2696 magniﬁcantes
1488 2622 1663 2693 ipsius
1711 2621 1823 2677 cle-

216 2715 497 2771 mentiam
539 2712 960 2785 Omnipotentis.
996 2714 1242 2787 Denique
1273 2716 1649 2787 interrogatus
1680 2713 1816 2770 ado-

213 2810 443 2865 lescens
465 2848 483 2875 ,
511 2806 794 2878 professus
825 2817 910 2864 est
937 2825 996 2865 se
1026 2810 1234 2865 nullam
1262 2810 1541 2864 laesionem
1579 2808 1820 2864 sensisse

214 2918 322 2972 per
363 2909 542 2967 totum
590 2917 704 2958 suae
748 2901 1130 2974 suspensionis
1156 2902 1412 2974 spatium.
1442 2899 1595 2956 Unde
1621 2900 1818 2972 conjici

211 2996 389 3051 datur
413 2995 591 3066 magis
605 3010 726 3050 eam
750 2994 1223 3070 perindigentiam
1252 3010 1417 3066 quam
1431 3010 1531 3065 per
1553 2994 1816 3049 malitiam

209 3085 578 3143 commisisse
607 3083 834 3141 furtum.

283 3180 428 3281 (iam
455 3177 644 3281 ilLVl.
675 3179 1150 3281 —-Dwmoniacus
1197 3180 1474 3281 liberatus.
1518 3179 1815 3281 Cauterius
1842 3219 1889 3281 C

208 3273 284 3332 de
300 3270 585 3344 Capriaco
617 3273 855 3344 quadam
897 3282 1058 3329 nocte
1087 3289 1212 3345 qua:
1236 3272 1535 3329 Sabbatum
1566 3274 1810 3345 prmibat,

208 3364 282 3421 ad
330 3370 620 3432 castrum,
678 3365 826 3436 quod
858 3363 1015 3420 Mons
1055 3363 1242 3422 Sancti
1297 3360 1811 3422 Vincentiinuncu-

206 3466 405 3530 patur,
440 3442 729 3526 festinans,
767 3459 1063 3530 exoptabat
1106 3458 1293 3516 adfore
1343 3460 1629 3517 hominum
1677 3478 1811 3518 con-

206 3549 522 3617 venticulo,
553 3550 700 3620 quod
723 3559 823 3621 pro
846 3552 1120 3608 mercibus
1144 3552 1504 3625 congerendis
1523 3553 1640 3609 tieri
1660 3568 1813 3610 asso-

204 3643 304 3699 let.
327 3640 494 3698 Unde
513 3647 626 3696 tam
647 3641 764 3712 ipse
784 3642 1150 3699 conventiculi
1169 3644 1324 3701 locus
1345 3659 1512 3715 quam
1533 3644 1813 3717 negotium

204 3734 284 3789 ibi
345 3732 605 3788 habitum
652 3742 957 3793 mercatum
994 3734 1160 3806 vulgo
1212 3735 1434 3791 dicitur.
1481 3734 1568 3791 Fit
1596 3750 1728 3791 vero
1755 3737 1811 3792 in

201 3827 406 3883 eodem
436 3827 563 3883 loco
580 3828 634 3881 in
657 3828 902 3883 sabbato.
930 3827 1280 3899 ltaque,dum
1305 3830 1357 3884 in
1382 3830 1502 3885 loco
1523 3828 1812 3885 Planchia-

201 3923 498 3980 Guillelmi
570 3923 718 3979 dicto
769 3925 1167 3996 praeterlegeret
1232 3924 1513 3981 ﬂuviolum
1588 3924 1808 3980 Wldra-

199 4032 328 4071 cam
357 4014 506 4088 (36),
540 4015 635 4084 qui
663 4014 999 4072 Patriciacos
1042 4015 1339 4086 praeterluit
1366 4032 1526 4087 agros
1550 4031 1693 4086 equo
1720 4032 1808 4070 re--

197 4110 420 4176 sideris,
454 4110 783 4182 nullumque
811 4111 1021 4168 habens
1040 4111 1316 4179 comitem,
1342 4111 1544 4182 ingenti
1571 4110 1807 4180 primum

198 4213 235 4261 ιτ
250 4202 575 4259 emefactus
596 4212 767 4272 metu,
791 4205 1062 4274 persensit
1077 4204 1269 4261 adesse
1282 4204 1579 4269 daemones,
1602 4210 1658 4259 et
1672 4201 1809 4257 obli-

195 4306 299 4351 tus
313 4295 426 4352 sibi
474 4293 697 4367 signum
721 4296 1002 4367 imponere
1039 4296 1243 4365 crucis,
1270 4294 1713 4352 circumvallatur
1740 4295 1809 4349 ab

192 4389 305 4455 eis,
360 4388 526 4443 nullo
558 4388 803 4445 munitus
829 4389 1093 4446 subsidio.
1139 4387 1273 4456 Qui,
1310 4388 1462 4443 illum
1492 4403 1618 4445 eum
1666 4402 1809 4458 equo

193 4482 289 4538 cui
318 4480 609 4537 insidebat
644 4481 968 4551 arripientes
997 4490 1053 4537 et
1074 4497 1172 4552 per
1202 4496 1328 4537 aera
1359 4481 1701 4547 vectitantes,
1739 4479 1807 4536 ad

1924 1983 2186 2042 Rusticus
2210 2000 2343 2041 vero
2390 1985 2534 2042 idem
2585 1985 2862 2042 neminem
2911 2001 3139 2045 suarum
3186 1986 3510 2057 injuriarurn

1924 2078 2202 2149 reperiens
2231 2078 2488 2146 ultorem,
2514 2078 2646 2135 dum
2675 2093 2786 2135 non
2814 2078 3061 2145 haberet,
3091 2094 3253 2149 quem
3292 2078 3514 2148 potissi-

1923 2186 2075 2227 mum
2131 2186 2245 2228 sua:
2299 2171 2536 2242 querelae
2566 2171 2890 2227 advocatum
2934 2169 3138 2227 faceret
3187 2170 3408 2241 (quippe
3430 2171 3513 2225 vir

1924 2264 2193 2336 superbus
2223 2274 2370 2333 erat,
2401 2266 2497 2338 qui
2526 2281 2653 2322 eum
2684 2265 2978 2333 ceciderat,
3009 2276 3065 2324 et
3090 2267 3226 2322 nulli
3260 2282 3512 2323 reveren-

1924 2358 2056 2414 tiam
2088 2357 2423 2431 deferebat),
2470 2359 2668 2415 anxius
2702 2357 2880 2426 valde,
2911 2357 2980 2414 ad
3001 2359 3086 2414 sui
3115 2359 3323 2416 domini
3353 2359 3513 2414 auxi-

1922 2451 2056 2506 lium
2089 2451 2334 2525 confugit
2360 2451 2658 2508 Benedicti.
2691 2450 2976 2524 Ingressus
3006 2452 3191 2523 itaque
3218 2452 3511 2508 ecclesiam

1921 2542 2165 2614 ejusdem
2189 2544 2362 2614 patris
2391 2543 2734 2615 appropiavit
2769 2543 2961 2612 altari,
3000 2552 3057 2600 et
3085 2559 3250 2616 super
3277 2559 3344 2600 eo
3371 2560 3510 2599 con-

1923 2635 2112 2692 tritum
2144 2637 2430 2708 imponens
2461 2636 2747 2707 brachium
2774 2677 2791 2705 ,
2849 2638 2968 2693 haec
2990 2637 3155 2693 verba
3181 2652 3306 2694 cum
3334 2637 3513 2693 multo

1921 2730 2125 2801 gemitu
2154 2738 2335 2786 mente
2361 2728 2606 2800 profudit
2625 2729 2858 2785 contrita
2895 2747 2907 2783 :
2944 2727 3159 2797 Sancte,
3193 2728 3391 2800 inquit,
3413 2729 3510 2785 Be-

1921 2822 2145 2890 nedicte,
2170 2822 2245 2876 mi
2275 2820 2506 2890 domine,
2542 2830 2690 2875 tuum
2716 2838 2797 2875 me
2831 2821 3084 2891 proﬁteor
3113 2837 3344 2888 servum,
3375 2830 3425 2877 et
3459 2829 3510 2876 te

1920 2929 2093 2967 meum
2107 2912 2231 2982 jure
2258 2912 2553 2966 dominum.
2578 2911 2762 2967 Cernis
2784 2910 2881 2966 hoc
2894 2912 3184 2979 contritum
3209 2912 3505 2977 brachium;

1921 3013 2071 3057 tuum
2094 3011 2235 3070 erat,
2277 3012 2330 3058 et
2361 3011 2557 3073 prwter
2590 3011 2639 3056 te
2665 3019 2815 3058 nemo
2850 3005 2993 3059 alius
3016 3005 3070 3057 in
3092 3020 3152 3057 eo
3179 3004 3506 3059 dominatio-

1919 3110 2035 3148 nem
2060 3108 2299 3150 exercere
2319 3092 2593 3147 debuerat.
2652 3090 2712 3147 Si
2759 3100 2816 3147 tu
2844 3093 2983 3147 illud
3009 3093 3374 3165 ronfregisses,
3405 3107 3507 3146 aa-

1920 3201 2096 3240 versus
2153 3192 2203 3239 te
2248 3183 2452 3239 nullam
2496 3182 2741 3240 haberem
2763 3185 3128 3257 quatstionem,
3155 3186 3406 3256 quoniam
3427 3193 3505 3239 est

1919 3278 1996 3332 tui
2014 3276 2182 3348 juris.
2216 3273 2342 3343 Sed,
2374 3276 2447 3330 mi
2469 3275 2700 3344 domine,
2737 3291 2901 3347 quare
2940 3275 3229 3349 permisisti
3257 3284 3315 3330 ut
3348 3273 3505 3345 [Iugo

1916 3370 2192 3442 Bidulfus,
2212 3371 2299 3449 cui
2314 3371 2371 3425 in
2399 3368 2547 3424 nullo
2571 3367 2859 3425 obnoxium
2885 3378 2986 3438 est,
3014 3368 3150 3424 illud
3171 3377 3455 3424 contereret
3481 3369 3516 3421 ?.

1918 3464 2141 3539 Noverit
2171 3481 2251 3521 me
2269 3464 2336 3519 ab
2365 3463 2465 3519 hac
2486 3463 2573 3519 die
2598 3464 2726 3531 tuis,
2757 3462 2835 3519 uel
2857 3462 2954 3518 tibi
2979 3462 3128 3519 nullo
3150 3462 3304 3518 modo
3327 3461 3504 3531 fantu-

1913 3559 2042 3627 lari,
2067 3559 2173 3614 nisi
2205 3558 2270 3613 de
2317 3557 2488 3628 ipsius
2515 3555 2734 3611 brachio
2769 3563 2822 3611 et
2857 3572 3075 3627 corpore
3089 3555 3297 3626 justam
3334 3553 3500 3608 ultio-

1914 3669 2031 3708 nem
2077 3652 2327 3723 exegeris.
2370 3649 2467 3707 llis
2494 3657 2549 3705 et
2572 3649 2890 3720 hujusmodi
2916 3650 3147 3709 vocibus
3174 3647 3373 3705 fratres
3397 3647 3518 3718 qul'

1913 3744 2140 3800 aderant
2162 3751 2217 3797 et
2240 3743 2358 3799 haec
2386 3740 2711 3806 audiebant,
2762 3740 2831 3796 ad
2876 3741 3146 3812 lacrymas
3194 3738 3497 3810 provocati,

1912 3833 2113 3904 pariter
2146 3832 2368 3900 flebant,
2405 3841 2460 3888 et
2486 3832 2608 3903 ejus
2640 3832 2815 3904 juncti
2844 3831 3160 3903 gemitibus,
3178 3830 3370 3887 eadem
3402 3846 3500 3885 ex-

1913 3925 2229 3996 poscebant.
2305 3923 2517 3993 Quibus
2573 3924 2845 3996 peroratis
2872 3965 2888 3992 ,
2966 3923 3207 3987 rusticus
3263 3922 3499 3979 ecclesia

1911 4035 2164 4090 egressus
2198 4018 2482 4090 aagerrime
2513 4019 2581 4075 ad
2605 4033 2767 4074 suum
2813 4016 3077 4073 remeavit
3100 4015 3493 4071 habitaculum.

1909 4112 2083 4170 Porro
2104 4112 2266 4169 Pater
2287 4121 2511 4169 sanctus
2528 4113 2840 4168 nullatenus
2858 4110 3328 4182 querimoniarum
3350 4109 3499 4166 illius

1909 4205 2130 4271 oblitus,
2159 4205 2213 4260 in
2240 4206 2541 4278 malignum
2568 4204 2940 4276 justissimam
2963 4202 3215 4260 exercuit
3235 4202 3497 4259 ultionem

1910 4296 2108 4352 virum.
2134 4295 2428 4352 Brachium
2455 4297 2603 4353 enim
2630 4298 2807 4369 ipsius
2826 4296 3076 4368 ejusdem
3098 4296 3307 4363 lateris,
3336 4294 3496 4366 cujus

1910 4397 1964 4444 et
1998 4388 2193 4444 rustici
2208 4387 2509 4444 .brachium
2552 4388 2779 4445 verbere
2812 4389 3107 4444 demolitus
3129 4386 3338 4454 fuerat,
3370 4402 3496 4443 cum

1913 4487 2027 4536 toto
2068 4479 2300 4535 humero
2336 4487 2488 4534 tanta
2527 4479 2581 4533 vi
2630 4478 2970 4551 aegritudinis
2999 4493 3290 4548 pervasum
3326 4487 3413 4534 cst
3437 4487 3500 4533 ut

192 4582 562 4647 postremum
590 4572 643 4627 in
667 4574 936 4646 gurgitem
958 4573 1242 4629 tentabant
1267 4573 1599 4644 demergere.
1632 4571 1810 4627 Atille
1844 4580 1886 4634 ι)
1912 4571 2139 4627 omnino
2186 4570 2377 4626 inutile
2404 4569 2630 4638 factum,
2663 4570 2732 4626 ad
2780 4570 2993 4625 nullum
3020 4570 3237 4641 penitus
3258 4569 3499 4626 necessi-

193 4666 316 4724 Deo
343 4666 459 4724 sibi
492 4665 733 4735 propitio
761 4666 829 4721 ad
858 4668 1181 4723 memoriam
1212 4668 1426 4723 reduxit
1457 4666 1680 4738 gloriosi
1710 4680 1809 4720 no-

192 4775 329 4815 men
355 4756 648 4814 Benedicti
670 4755 871 4826 Patris,
902 4766 957 4814 et
986 4774 1111 4815 cum
1138 4758 1255 4830 jam
1283 4752 1452 4829 prope
1486 4767 1651 4825 esset,
1687 4767 1750 4813 ut
1777 4774 1806 4811 a

190 4850 563 4908 daemonibus
610 4848 667 4905 in
712 4851 892 4909 amnis
933 4851 1080 4907 illius
1130 4851 1399 4922 profunda
1449 4860 1807 4923 mergeretur,

191 4950 397 4999 sancte
424 4940 745 5008 Benedicte,
803 4949 990 4999 sancte
1050 4940 1383 5009 Benedicte,
1450 4958 1574 4997 cum
1604 4942 1806 5013 'grandi

191 5038 452 5092 clamore
484 5033 652 5104 coepit
675 5035 924 5091 crebrius
946 5035 1164 5090 iterare.
1213 5033 1471 5090 Exterriti
1501 5033 1667 5106 igitur
1692 5034 1805 5090 da:-

192 5143 401 5186 mones
440 5128 516 5183 ad
559 5128 799 5184 nominis
829 5127 994 5198 hujus
1022 5126 1447 5195 invocationem,
1474 5128 1660 5183 statim
1681 5142 1805 5184 eum

194 5219 533 5290 linquentes
560 5257 574 5280 ,
600 5231 752 5271 more
806 5216 908 5273 sibi
938 5222 1202 5272 consueto
1246 5224 1604 5271 evanuerunt.
1638 5213 1810 5270 Porro

194 5310 292 5368 ille
311 5310 533 5366 virtute
557 5307 722 5378 hujus
749 5308 987 5365 nominis
1011 5323 1131 5365 sese
1158 5322 1401 5363 cernens
1419 5317 1691 5378 ereptum,
1723 5323 1807 5362 re-

100 5416 105 5419 '
192 5401 477 5477 trOgrado
503 5399 641 5457 calle
669 5398 1031 5457 Patriciaenm
1056 5400 1237 5468 rediit,
1260 5399 1410 5455 nullo
1431 5399 1594 5456 modo
1616 5415 1806 5466 ausus,

272 5579 409 5653 ('56),
438 5576 702 5653 Wldraca
746 5593 841 5653 seu
878 5576 1135 5653 Wldraga
1165 5584 1394 5653 vocatur
1429 5576 1484 5653 in
1504 5575 1802 5653 Qbartario

197 5646 644 5722 Patrio-incensi,
678 5649 839 5722 vulgo
882 5646 1159 5722 l’Oudrac,
1211 5650 1305 5722 qui
1355 5648 1408 5722 in
1456 5646 1801 5722 Ligeritnin-

195 5725 325 5802 fluit
365 5733 544 5789 supra
584 5718 1003 5802 Purbenenqut
1029 5718 1573 5802 vocantmrj‘cium'in
1606 5718 1804 5773 linilrus

197 5787 553 5852 jEduorum.
584 5787 869 5845 Patriciaci
897 5787 1060 5853 situm
1090 5787 1283 5845 definit
1310 5787 1586 5844 Eccardus
1615 5804 1800 5844 comes

190 5884 253 5923 ut
281 5866 491 5920 charta
532 5860 564 5916 6
611 5861 697 5917 his
725 5861 939 5918 verbis:
983 5860 1085 5915 llic
1117 5877 1240 5922 emo
1271 5861 1414 5914 lucris
1448 5862 1503 5914 in
1532 5855 1797 5931 Augusto-

1910 4662 2039 4717 tatis
2066 4676 2229 4717 usum
2259 4660 2599 4716 inveniretur
2638 4659 2917 4716 idoneum.
2964 4657 3085 4727 Quo
3121 4660 3311 4716 dolore
3332 4658 3498 4714 miser

1910 4753 2221 4810 diutissime
2246 4760 2497 4820 vexatus,
2525 4766 2557 4806 a
2586 4750 2739 4806 nullo
2777 4767 3006 4822 prorsus
3035 4752 3369 4808 medicorum
3401 4766 3497 4806 cu-

1908 4850 2021 4906 rari
2046 4848 2247 4917 valuit;
2274 4847 2367 4905 sed
2391 4854 2743 4919 augmentata
2773 4847 3048 4917 angustia,
3076 4846 3265 4902 eodem
3303 4844 3498 4899 morbo

1911 4942 2098 4997 omnia
2152 4940 2327 5014 ipsius
2356 4939 2603 4995 membra
2650 4946 3021 5010 percurrente,
3056 4937 3339 5008 fatigatum
3362 4935 3498 4991 diris

1910 5033 2193 5090 doloribus
2244 5031 2529 5104 ,spiritum
2598 5030 2927 5100 miserabilis
2980 5028 3361 5086 miserabiliter
3412 5026 3496 5082 ef-

1911 5126 2075 5183 fudit.
2406 5190 2411 5193 χ
2677 5192 2680 5196 ι

1938 5272 1941 5275 ,
1986 5217 2118 5273 CAP.
2158 5213 2393 5277 XLVIII.
2428 5246 2497 5254 —
2529 5214 2807 5271 Contracti
2836 5215 2939 5268 duo
2969 5216 3147 5269 erecti.
3182 5212 3300 5270 Duo
3329 5215 3495 5273 etiam

1913 5312 2038 5375 viri,
2069 5324 2305 5380 quorum
2337 5319 2566 5378 uterque
2618 5325 2683 5362 ex
2741 5307 2954 5378 agresti-
2990 5306 3274 5362 liominum
3299 5322 3495 5379 genere

1911 5403 2145 5459 ducebat
2170 5400 2370 5468 natale,
2393 5400 2634 5456 damnati
2657 5399 2937 5465 membris,
2962 5414 3171 5456 annosa
3200 5413 3492 5456 nervorum

1909 5581 2132 5653 dunensi
2160 5582 2545 5653 ριιςιίζροξὲηω2
2574 5575 3233 5653 hisabforienteﬂuentis,
3258 5570 3513 5653 Parrula

1907 5643 2252 5706 ridelicet'et'
2274 5643 2580 5705 Barbuncia
2614 5646 2903 5712 dividitur,
2952 5643 3142 5700 deinde
3193 5661 3225 5697 a
3275 5643 3493 5697 meridie

1906 5723 2089 5777 eadem
2116 5717 2774 5776 Burbunciadescmdente
2799 5718 2854 5771 in
2881 5716 3058 5773 Isrum
3081 5715 3299 5788 ﬂuvium
3331 5724 3513 5785 usque-

1907 5796 1974 5846 ad
2001 5791 2184 5848 Sancti
2219 5791 2444 5846 Joannis
2474 5789 2769 5857 ecclesiam,
2797 5798 2901 5845 etc.
