3994 6442
441 448 583 505 1265

1399 448 1699 510 RADULFI
1739 450 2069 511 TORTARll
2107 446 2416 508 MONACHI
2452 446 2768 505 FLORIAC.

436 562 815 619 contractione
863 578 960 620 eos
1005 565 1283 635 perdente,
1311 565 1621 625 diutissime
1654 568 1707 625 in
1740 570 1886 635 suis,
1918 568 2023 624 hoc
2051 570 2099 626 A
2123 567 2249 633 dus,
2287 566 2613 637 cognomine
2657 565 2849 630 Albus,
2900 564 2985 619 vir
3004 568 3221 635 potens,
3268 576 3379 618 non
3424 561 3605 619 solum
3648 561 3707 618 in

437 661 665 724 cogente
708 654 937 724 morbo,
989 656 1196 712 resides
1238 656 1461 728 jacuere
1505 661 1763 733 grabatis.
1809 658 2018 718 Horum

437 759 583 801 unus
613 744 792 801 incola
828 747 991 815 villae;
1027 764 1150 821 qua:
1180 760 1405 807 sanctus
1442 751 1672 810 Bon‘ltus
1704 754 1773 810 de
1799 753 2021 810 Vetula-

433 835 593 890 vinea
617 836 820 893 dicitur
844 857 859 905 ;
909 840 1047 894 alter
1070 855 1200 897 vero
1230 856 1298 897 ex
1327 842 1457 898 villa
1485 841 1761 916 Palingias
1782 845 2016 900 vocitata

433 928 714 985 exstitisse
733 930 1093 1001 'perhihetur.
1129 932 1235 1000 Qui
1264 934 1570 1005 primordio
1599 951 1713 992 sua:
1748 936 2018 992 invaletu-

432 1019 600 1086 dinis,
629 1023 864 1093 amplius
896 1024 1047 1095 justo
1092 1026 1330 1083 anilibus
1377 1028 1582 1085 creduli
1641 1028 1862 1098 fabulis,
1907 1045 2018 1086 non

433 1113 627 1181 paucis
655 1114 869 1183 diebus,
895 1115 1047 1174 falsis
1072 1119 1521 1176 muliercularum
1543 1121 1877 1178 carminibus
1899 1136 2020 1178 sese

432 1203 611 1276 decipi
637 1208 997 1280 pertulerunt,
1016 1211 1255 1267 animati
1281 1211 1437 1270 falsis
1466 1214 1685 1285 spebus.
1708 1213 1815 1271 Sed
1840 1222 1895 1271 et
1915 1230 2015 1287 po-

433 1295 710 1364 pularium
751 1300 1093 1358 medicorum
1136 1303 1390 1361 insanam
1441 1307 1652 1379 experti
1694 1321 1883 1378 opem,
1922 1307 2018 1379 qui

433 1389 765 1458 artemisiae,
800 1407 1077 1461 vervenaa,
1132 1395 1417 1464 betarum,
1475 1412 1573 1453 seu
1629 1398 1862 1454 aliarum
1896 1414 2019 1469 quae

431 1479 637 1547 passim
677 1482 839 1539 tellus
861 1484 1021 1543 edere
1043 1489 1328 1543 consuevit
1355 1488 1535 1545 succis
1572 1490 1888 1557 herbarum,
1919 1505 2016 1545 seu

431 1568 776 1628 diversorum
805 1576 1125 1637 animalium
1156 1580 1426 1651 adipibus,
1457 1582 1550 1636 vili
1580 1582 1872 1652 plebecula:
1901 1583 2019 1639 illu-

431 1659 561 1717 dere
589 1665 767 1720 solent
790 1707 805 1733 ,
864 1668 1204 1728 nil.vomnino
1246 1671 1615 1743 profecerunt.
1644 1673 1801 1731 Unde
1833 1676 2018 1732 animo

430 1752 668 1823 dimissi,
724 1758 963 1844 ulterius,
1006 1762 1274 1819 medelam
1312 1780 1373 1836 se
1419 1764 1651 1837 adipisci
1690 1768 2018 1826 destiterunt

428 1861 670 1916 sperare,
702 1865 869 1919 quam
922 1869 1254 1926 magnopere
1306 1871 1428 1912 sese
1456 1859 1749 1929 expetiisse
1783 1860 2018 1916 arbitra-

430 1937 649 1995 bantur.
710 1940 769 1997 ln
813 1958 931 2014 qua
972 1945 1356 2017 desperatione
1412 1950 1506 2005 diu
1569 1961 2011 2023 perseverantes,

429 2031 564 2086 nihil
587 2033 654 2088 de
678 2049 777 2091 sua
809 2037 985 2094 salute
1012 2039 1343 2111 cogitabant.
1378 2040 1651 2100 lmmensa
1675 2061 1807 2100 vero
1832 2046 2014 2100 omni-

430 2126 936 2195 potentis:;Domini
969 2132 1280 2201 clementia,
1324 2150 1447 2206 quae
1500 2135 1721 2192 illorum
1768 2136 2015 2193 misereri

431 2216 784 2289 decreverat,
811 2223 1077 2280 ~‘immisit
1107 2226 1258 2281 cordi
1290 2242 1504 2296 eorum,
1545 2239 1815 2301 quatenus
1833 2229 2013 2287 Patri-

426 2312 639 2367 ciacum
692 2315 967 2386 deportari
1018 2334 1078 2374 se
1123 2318 1388 2388 facerent,
1417 2319 1746 2393 Patremque
1785 2322 2015 2380 Benedi-

426 2414 597 2473 ctum,
626 2415 687 2463 ut
716 2424 817 2478 pro
844 2425 1033 2465 eorum
1065 2412 1241 2467 salute
1290 2411 1625 2470 intercedere
1674 2415 2011 2487 dignaretur,

428 2510 740 2558 exorarent.
774 2502 1045 2561 Fecerunt
1074 2515 1257 2561 autem
1294 2508 1393 2574 sic,
1430 2524 1540 2564 non
1570 2509 1788 2579 quidem
1822 2510 2014 2565 eodem

424 2602 693 2664 tempore,
744 2597 837 2653 sed
891 2598 1125 2655 diversis
1158 2602 1517 2671 temporibus.
1555 2600 1725 2673 igitur
1745 2602 1877 2658 dum
1914 2603 2015 2658 ali-

424 2696 562 2756 quot
591 2688 785 2745 diebus
837 2691 892 2745 in
938 2693 1277 2749 monasterio
1321 2694 1567 2765 ejusdem
1612 2695 1719 2751 loci
1759 2695 2014 2766 precibus

421 2777 742 2839 insistentes
775 2792 1221 2854 pernoctassent,
1254 2787 1575 2856 SOSpitatem
1607 2786 2011 2860 integerrimam

424 2882 773 2942 receperunt.
808 2873 1157 2931 Laetabundis
1186 2877 1374 2947 itaque
1417 2877 1636 2946 animis,
1661 2886 1841 2948 grates
1863 2877 2013 2935 Patri

423 2971 618 3017 sancto
646 2962 970 3031 tribuentes,
1017 2973 1365 3022 revertuntur
1399 2967 1466 3021 ad
1492 2968 1732 3038 propria,
1756 2969 2013 3025 omnibus

423 3054 774 3124 propalantes
847 3056 1238 3126 omnipotentis
1293 3056 1510 3113 Domini
1568 3058 1622 3113 in
1679 3075 1739 3115 se
1793 3068 2012 3116 ostensa

424 3146 719 3217 magnalia.

2122 661 2390 716 ruricolas
2461 660 2650 728 praedii
2737 658 2923 724 illius,
2983 670 3175 711 verum
3227 655 3393 711 etiam
3453 654 3510 709 in
3566 669 3708 711 con-

2122 756 2338 824 tiguos,
2406 754 2567 810 avitae
2623 748 3016 806 dominationis
3082 746 3375 803 exercebat
3429 745 3544 816 jus.
3594 744 3710 800 Cu-

2117 847 2209 917 jus
2265 860 2406 901 uxor
2460 846 2592 902 dum
2651 841 2942 899 occasione
3006 836 3181 910 turpis
3235 846 3481 910 quaestus
3522 836 3712 893 vicina

2119 945 2443 1009 peragraret
2476 951 2631 1003 rura,
2656 933 2878 990 devenit
2902 932 2970 987 ad
2992 945 3161 1001 supra
3183 938 3550 985 memoratum
3576 943 3711 984 cum

2120 1028 2356 1099 superbo
2377 1027 2636 1084 comitatu
2659 1026 2863 1092 locum,
2895 1022 2977 1079 uti
2999 1020 3315 1093 huiusmodi
3337 1020 3592 1076 incedere
3617 1034 3714 1074 as-

2120 1119 2299 1175 solent
2355 1126 2641 1175 matronaa.
2689 1115 2823 1171 Erat
2869 1122 3054 1170 autem
3100 1112 3419 1168 autumnale
3465 1120 3708 1181 tempus,

2119 1208 2340 1281 quando
2364 1211 2570 1281 pressis
2608 1207 2871 1265 torculari
2909 1206 3077 1273 vinis,
3126 1203 3317 1260 vinum
3359 1202 3525 1259 condi
3568 1204 3711 1260 solet

2119 1303 2174 1359 in
2205 1303 2525 1375 praeparatis
2550 1301 2941 1374 promptuariis
2965 1300 3033 1356 ad
3059 1297 3392 1355 servandum
3439 1298 3495 1353 in
3520 1307 3708 1369 poste-

2117 1393 2464 1465 rum;cujus
2487 1410 2599 1450 non
2647 1394 2865 1450 modica
2925 1391 3207 1463 quantitas
3264 1397 3397 1446 tunc
3446 1391 3713 1462 temporis

2119 1484 2321 1542 ibidem
2351 1485 2903 1543 habebatur.Mandat
2923 1498 3054 1556 ergo
3081 1482 3271 1540 eadem
3298 1491 3551 1539 matrona
3582 1499 3712 1540 mo-

2119 1578 2297 1634 nacho
2312 1586 2374 1633 ut
2395 1578 2499 1633 sibi
2515 1586 2569 1634 et
2589 1578 2706 1634 suis
2728 1575 3090 1633 acceleratum
3106 1574 3364 1630 exhibeat
3388 1574 3710 1644 prandium.

2119 1668 2224 1737 Qui
2256 1671 2486 1727 audiens
2513 1686 2638 1742 qua:
2681 1670 3033 1741 jubebantur,
3061 1665 3232 1723 nimia
3261 1666 3433 1721 animi
3457 1666 3727 1739 indignae

2118 1764 2267 1821 tione
2312 1774 2643 1831 commotus,
2696 1772 2757 1819 ut
2800 1771 2920 1819 erat
2949 1761 3257 1837 animosus,
3278 1760 3572 1831 respondit
3610 1776 3717 1816 ne-

2118 1870 2394 1926 quaquam
2421 1870 2480 1911 se
2499 1855 2766 1911 directum
2785 1895 2801 1922 ,
2848 1860 3121 1924 quatenus
3154 1850 3529 1907 substantiam
3554 1850 3718 1906 ruris

2119 1948 2293 2018 ipsius
2321 1947 2378 2003 in
2404 1947 2671 2004 conviviis
2692 1947 2986 2002 mulierum
3002 1945 3353 2017 expenderet,
3376 1943 3473 2000 sed
3492 1950 3556 1998 ut
3574 1942 3717 1998 ﬁde-

2118 2042 2241 2098 liter
2283 2041 2572 2097 collectam
2617 2042 2699 2097 eis
2753 2040 2933 2111 quise
2984 2039 3254 2096 miserant
3284 2038 3567 2109 dirigeret,
3606 2050 3718 2092 nec

2117 2135 2573 2192 consuetudinem
2613 2134 2897 2206 imponere
2928 2133 3056 2191 loco
3086 2133 3225 2189 velle
3265 2147 3435 2203 quam
3470 2145 3587 2186 non
3625 2129 3723 2184 in—

2116 2229 2374 2285 venisset.
2390 2227 2510 2296 Qua
2538 2226 2897 2299 responsione
2920 2226 3196 2283 contemni
3224 2240 3347 2281 sese
3374 2224 3574 2279 mulier
3608 2237 3714 2278 au-

2117 2330 2361 2388 tumans,
2393 2319 2691 2377 furibunda
2721 2320 2972 2377 recessit.
3011 2318 3249 2390 Imperat
3275 2332 3411 2388 ergo
3434 2315 3719 2387 Ansegiso

2116 2413 2369 2482 Brutnio,
2398 2414 2494 2485 qui
2519 2427 2712 2470 eorum
2753 2413 3000 2469 locorum
3028 2412 3098 2467 ab
3119 2412 3240 2481 ipsa
3270 2411 3715 2467 dominationem

2116 2514 2437 2576 acceperat,
2470 2506 2763 2577 'qnatenus
2793 2505 3062 2577 quidquid
3088 2504 3202 2560 vini
3238 2504 3343 2559 sub
3363 2504 3493 2573 jure
3513 2517 3718 2558 mona-

2116 2600 2349 2654 chorum
2386 2599 2716 2670 reperisset,
2762 2599 3024 2669 plaustris
3070 2597 3358 2667 imponens
3382 2595 3712 2661 deveheret,

2116 2698 2171 2745 et
2221 2705 2324 2746 suo
2372 2691 2596 2747 cellario
2641 2690 2984 2747 reconderet.
3012 2687 3114 2745 Hic
3137 2688 3425 2760 praeceptis
3469 2688 3715 2748 domina

2115 2781 2374 2837 velociter
2394 2781 2698 2839 obaudiens
2746 2781 3014 2837 vehiculis
3034 2780 3223 2847 vinum
3247 2778 3502 2850 imponit,
3526 2787 3581 2834 et
3593 2777 3717 2833 suis

2116 2871 2317 2930 inferre
2344 2882 2601 2945 properat
2625 2874 2925 2946 apothecis.
2952 2875 3023 2929 At
3062 2887 3409 2944 nequaquam
3469 2872 3565 2927 diu
3611 2886 3715 2941 ga-

2113 2967 2266 3023 visus
2291 2974 2395 3024 est.
2419 2965 2662 3039 Denique
2683 2967 2827 3024 illius
2847 2966 2968 3039 ejus
2989 2966 3281 3024 admodum
3293 2981 3519 3035 parvus,
3542 2980 3713 3036 quem

2113 3059 2276 3117 unice
2325 3059 2603 3132 diligebat,
2643 3076 2774 3118 mox
2823 3070 2882 3117 ut
2928 3061 3175 3132 plaustra
3212 3057 3361 3114 fores
3396 3059 3711 3131 attigerunt

2112 3151 2330 3220 domus,
2373 3160 2487 3207 tam
2527 3152 2727 3210 validis
2773 3151 3021 3209 febribus
3046 3152 3229 3223 urgeri
3270 3152 3437 3222 coepit
3473 3162 3536 3208 ut
3566 3168 3712 3223 pene

490 3236 620 3293 Car.
642 3238 907 3295 XLIX.-——
929 3240 1047 3296 Fur
1061 3245 1277 3314 punitus
1301 3246 1358 3299 in
1375 3246 1509 3315 ﬁlio.
1530 3246 1791 3302 Pwnitens
1806 3247 1908 3317 ﬁlii
1931 3263 2015 3302 sa-
2039 3267 2082 3325 C
2114 3242 2355 3299 animam
2403 3243 2703 3300 exhalaret.
2734 3245 2805 3301 At
2830 3244 2916 3300 vir
2938 3244 3028 3301 ille
3062 3258 3409 3314 nequaquam
3432 3244 3710 3299 haesitans

421 3328 644 3382 nitatem
667 3332 884 3385 obtinet.
917 3331 1177 3398 Quaedam
1206 3335 1488 3405 possessio
1527 3335 1672 3391 dicta
1711 3335 2010 3393 Sulmeria-

418 3420 643 3492 cus(37)
674 3420 1163 3482 Patriciacensium
1192 3428 1441 3498 subjaeet
1467 3428 1681 3496 ditioni,
1715 3446 1838 3501 quae
1873 3430 2011 3502 ipsis

420 3513 949 3571 noncontemnenda
965 3516 1284 3573 victualium
1317 3520 1612 3589 quotannis
1637 3524 1820 3576 rerum
1850 3520 2013 3576 infert

419 3603 683 3659 subsidia.
703 3604 806 3660 Cui
823 3608 1135 3678 nuperrime
1145 3609 1799 3682 praefecerantquemdam
1813 3628 1879 3667 ex
1895 3612 2012 3668 suis

418 3691 640 3762 fratres,
681 3696 854 3767 gratia
891 3698 1141 3755 tuitionis
1179 3699 1286 3755 loci
1330 3708 1383 3756 et
1410 3701 1775 3758 arcendorum
1798 3702 2011 3773 prado-

420 3802 576 3856 num,
606 3797 662 3845 et
684 3791 1117 3862 colligendorum
1143 3794 1428 3848 annuatim
1450 3794 1626 3850 solita:
1653 3805 2011 3865 repracsenta-

418 3879 587 3936 tionis
615 3879 915 3939 fructuum.
940 3882 1416 3942 Huicvocabulum
1439 3886 1781 3955 ineratOdo;
1804 3905 1914 3959 quo
1931 3905 2013 3945 re-

419 3969 646 4039 ferente,
660 3988 723 4029 ea
746 3991 869 4045 quae
895 3977 1365 4050 scribo,'eognovi.
1397 3979 1631 4046 Quidam
1656 3980 2011 4037 Archembal—

496 4103 613 4187 (3.7)“
662 4106 950 4187 Villa__h:ec
998 4113 1266 4187 sitancrat
1312 4112 1366 4187 in
1401 4128 1555 4187 pago
1589 4112 2005 4187 Matisconensi,

418 4172 669 4233 Fleriaco
690 4182 950 4236 attributa
999 4198 1029 4236 a
1073 4182 1364 4237 Winiterio
1401 4172 1628 4239 Eccardi
1658 4186 1875 4241 comitis
1906 4172 2006 4242 ne;

419 4254 566 4315 pote,
603 4264 671 4302 ex
707 4252 919 4307 chartis
938 4252 1011 4307 20
1040 4261 1095 4307 et
1115 4253 1187 4306 22
1222 4254 1430 4309 codicis
1455 4253 1896 4313 Patriciacensis.

444 4385 455 4397 .
494 4317 608 4399 (5.8)
633 4317 751 4374 Non
781 4323 1025 4399 pervenit
1050 4332 1243 4399 auctor
1263 4326 1328 4378 ad
1345 4341 1565 4399 annum
1591 4326 1749 4399 “07,
1782 4343 1894 4398 quo
1922 4344 2009 4383 re-

420 4384 718 4456 liquiarum
772 4384 946 4447 sancti
982 4391 1159 4448 Patris
1181 4393 1459 4451 Benedicti
1501 4384 1877 4452 translatio'in
1908 4414 2010 4452 no-

422 4471 545 4512 vam
574 4460 786 4517 thecam
810 4462 949 4519 facta
980 4474 1064 4520 est
1090 4481 1168 4519 xu
1208 4464 1326 4520 Kal.
1367 4465 1604 4537 Aprilis,
1642 4469 2009 4538 praesentibus

435 4601 2212 4635 Μ

2117 3337 2224 3392 hoc
2273 3334 2635 3401 infortunium
2683 3336 2788 3393 sibi
2838 3336 3107 3403 accidere,
3155 3350 3222 3391 eo
3263 3334 3413 3405 quod
3453 3333 3711 3390 nefandis

2063 3481 2067 3486 .
2115 3428 2531 3500 dominaejussis
2546 3430 2997 3501 obtemperasset,
3012 3429 3202 3484 vinum
3222 3426 3479 3495 reddidit,
3503 3437 3558 3484 et
3574 3428 3710 3499 quia

2117 3524 2281 3579 stulte
2306 3524 2509 3596 egisset
2532 3538 2956 3596 recognoscens,
2982 3537 3084 3593 pro
3115 3537 3217 3577 suo
3256 3521 3458 3576 delicto
3488 3519 3712 3575 satisfe-

2117 3619 2211 3686 cit,
2241 3617 2570 3689 Patremque
2592 3617 2943 3674 Benedictum
2970 3631 3070 3687 pro
3112 3616 3269 3686 pueri
3298 3615 3478 3671 salute
3502 3615 3706 3670 oravit.

2117 3710 2290 3779 Quem
2309 3711 2433 3783 pius
2452 3710 2616 3767 Pater
2634 3711 3009 3783 paenitentiam
3024 3710 3198 3780 ipsius
3221 3717 3515 3779 acceptans
3537 3724 3710 3764 exau-

2115 3803 2293 3871 divit,
2359 3814 2415 3861 et
2456 3818 2690 3875 puerum
2736 3804 2792 3859 in
2832 3804 3125 3875 pristinam
3179 3802 3484 3875 sanitatem
3542 3801 3713 3858 resti-

2117 3897 2222 3951 tuit
2259 3895 2393 3967 (58).

2119 4112 2397 4190 Ludovico
2424 4113 2808 4190 rege,_Joa_nne
2844 4115 3224 4190 Aurelianensi
3250 4158 3265 4181 ,
3300 4125 3354 4170 et
3395 4112 3707 4190 Humbaldo

2118 4186 2585 4243 Antissiodorensi
2627 4187 3276 4257 episcopis;Christiano
3317 4200 3539 4256 quoque
3588 4186 3709 4255 ejus

2121 4257 2225 4328 loci
2252 4258 2526 4328 monacho
2551 4299 2565 4324 ,
2619 4258 2714 4328 qui
2760 4274 2876 4313 rem
2918 4258 3114 4313 litteris
3140 4257 3461 4323 mandavit,
3522 4257 3709 4327 aitque

2126 4326 2324 4383 factam
2351 4326 2475 4384 esse
2501 4335 2616 4383 tum
2636 4326 2960 4384 electionem
2990 4328 3222 4385 Bosonis
3247 4328 3463 4383 abbatis
3504 4342 3571 4382 eo
3610 4326 3709 4381 no—

2126 4399 2274 4471 mine
2320 4399 2546 4471 secundi
2598 4399 2653 4452 in
2699 4399 2881 4455 locum
2936 4398 3206 4469 Simonis,
3238 4399 3334 4471 qui
3362 4398 3708 4469 paucisantc

2120 4470 2312 4525 diebus
2334 4470 2561 4525 obierat.

3582 4605 3698 4641 i=3

2213 4608 3577 4640 Μ

1729 4811 2155 4920 ΑΡΡΕΝ
2172 4815 2388 4917 DIX

1190 5003 1232 5055 Α
1270 4999 1641 5056 Bollandianis
1668 5001 1840 5073 fusior
1864 5001 2053 5057 addita
2076 5016 2141 5055 ea:
2164 5017 2261 5054 ms.
2289 5001 2467 5055 codice
2492 5000 2899 5057 Patricmcenst.

485 5185 846 5264 1.;Tempore
870 5182 1122 5240 Gauzlini
1147 5182 1533 5255 gloriosissimi
1558 5180 1742 5239 Patris
1763 5198 1829 5239 ac
1848 5182 2001 5239 Bitu—
2025 5184 2076 5246 D
2105 5181 2210 5236 bus
2233 5177 2445 5250 perfrui
2465 5178 2625 5248 cujus
2652 5170 3076 5233 erantdoctriaa
3100 5186 3156 5233 et
3183 5178 3505 5248 magisterio
3533 5180 3703 5238 infor-

411 5279 714 5337 riccnsium
749 5276 1177 5346 archipraesulis,
1211 5275 1369 5331 multi
1407 5274 1671 5331 nobilium
1703 5274 2000 5330 mundialis
2104 5270 2259 5327 mati.
2314 5269 2541 5326 Videres
2601 5269 2995 5326 confluentium
3059 5270 3278 5341 agmina
3338 5271 3703 5343 undecunque

411 5373 539 5429 vita:
563 5369 726 5443 nugis
756 5368 1060 5440 abuegatis,
1092 5368 1150 5423 in
1176 5368 1428 5439 palaestra
1472 5367 1639 5438 hujus
1674 5366 1781 5421 loci
1829 5364 1923 5421 Dei
1949 5374 2004 5421 et

411 5462 632 5521 Domini
655 5463 829 5517 nostri
852 5475 910 5516 se
938 5459 1135 5516 dedere
1155 5458 1350 5515 ditioni
1380 5458 1482 5515 sub
1501 5455 1783 5529 proposito
1802 5464 2005 5513 sancta:

416 5555 718 5627 religionis.
762 5551 876 5611 Nec
923 5553 1109 5609 minus
1152 5553 1316 5608 etiam
1346 5552 1416 5607 ab
1459 5551 1679 5607 extimis
1727 5548 2007 5622 Hispaniae

328 5654 343 5666 "
410 5647 745 5714 secessibus,
777 5645 869 5702 alii
893 5659 923 5702 a
950 5660 1122 5719 puero
1152 5645 1206 5700 in
1237 5644 1421 5699 divina
1451 5642 1832 5701 observatione
1861 5659 2000 5699 enu-

408 5741 547 5804 triti,
596 5740 688 5795 alii
739 5739 893 5807 apice
931 5738 1225 5810 pastoralis
1279 5753 1426 5794 curze
1474 5737 1776 5803 sublimati,
1823 5737 2001 5808 patria

406 5832 682 5916 rebusque
709 5831 995 5913 abdicatis,
1028 5830 1373 5903 praesentiam
1404 5830 1606 5898 petiere
1656 5829 1822 5901 hujus
1848 5830 2002 5899 prin-

409 5927 547 5997 cipis
578 5925 698 5997 Dei,
730 5926 915 5996 magni
949 5923 1347 5992 existimantes,
1372 5922 1417 5977 si
1461 5922 1647 5980 liceret
1692 5922 2001 5994 conspecti-

2107 5380 2463 5432 concurrere,
2490 5372 2545 5420 et
2589 5372 2852 5435 tanquam
2891 5381 3003 5420 uno
3035 5379 3132 5420 ore
3181 5366 3527 5435 proclamare
3576 5368 3701 5424 illud

2111 5459 2295 5514 nobile
2320 5455 2638 5512 vaticinium
2682 5455 2837 5511 Isaiae
2863 5474 2876 5510 :
2906 5454 2948 5509 Α
2977 5457 3171 5525 finibus
3202 5466 3359 5511 teme
3402 5460 3701 5514 «adicimus

2111 5551 2316 5617 laudes,
2346 5548 2575 5621 gloriam
2596 5548 2736 5619 justi
2762 5547 2921 5619 (Isai.
2948 5565 3096 5615 xxrv,
3128 5550 3235 5621 16).
3266 5549 3332 5604 Ει
3354 5550 3696 5608 Psalmistzcz

2108 5642 2321 5698 Etenim
2342 5643 2754 5697 benedictionem
2779 5641 2928 5696 dabit
2972 5641 3246 5712 legislator
3271 5642 3446 5713 (Psal.
3472 5662 3696 5712 Lxxxtn,

2110 5735 2185 5807 8).
2214 5734 2387 5806 Cujus
2411 5734 2810 5791 benedictionis
2859 5744 2920 5790 ut
2962 5734 3312 5805 participium
3364 5748 3695 5794 mererentur

2109 5828 2330 5900 quidam
2359 5828 2470 5907 duo
2496 5826 2765 5899 germani,
2808 5836 3027 5883 nectare
3062 5827 3194 5883 tacti
3243 5842 3496 5898 supernae
3528 5829 3696 5898 inspi-

2112 5922 2342 5982 rationis
2370 5938 2398 5977 a
2427 5914 2729 5978 Barcinona
2778 5921 2913 5978 urbe
2955 5918 3206 5992 profecti,
3242 5920 3553 5976 communis
3574 5934 3697 5989 proo

3568 444 3707 504 $236
