1997 3165
240 138 306 168 1939

724 132 874 161 RABULFI
893 133 1058 163 TORTARll
1075 132 1229 162 MONACIII
1247 132 1408 161 FLORIAC.

1789 137 1844 168 im

662 191 753 219 Florus
769 193 799 219 de
815 193 898 219 remis
920 193 1028 218 metrico
1043 191 1179 226 decerpere
1194 192 1289 226 pratis,

708 227 807 254 Pollice
822 228 933 259 (ιρι-νυνὶ,
953 232 1041 253 noster
1057 227 1141 253 antica
1158 227 1216 253 tibi.

671 262 720 289 Hie
736 268 856 296 portmtu
873 263 931 294 tibi,
948 261 1089 294 miracula,
1105 262 1208 288 somnia
1223 262 1327 296 scripsi,

707 297 807 333 Scripsi
824 299 855 324 tle
871 298 946 324 rebus
963 298 1004 323 hic
1024 296 1247 324 memorabilibus.

660 333 747 366 Recte,
763 342 890 368 perverse,
907 338 1006 359 versute
1021 333 1092 357 dictu
1111 332 1149 358 rei
1163 336 1224 358 (Icta

699 369 772 401 Dixi,
790 378 847 403 qua:
863 369 933 402 [acto
950 368 1105 402 contigerint
1122 368 1206 394 vario.

664 403 746 438 Urgos
761 405 794 430 ad
806 405 915 438 furnum.
934 403 1003 434 Clio,
1016 411 1073 438 qua'
1084 403 1169 437 prima
1181 406 1295 437 poetam,

702 440 781 465 Adsis
794 440 932 474 principiis
944 447 976 465 ea:
991 438 1117 464 Helicone
1131 438 1205 465 meis.

230 491 239 497 ί
272 487 463 522 Sequebantur
474 488 595 522 epistola:
609 485 735 513 undecim
749 485 783 512 ad
798 484 899 518 varios,
915 492 1031 519 quorum
1048 484 1135 519 prima
1147 483 1181 510 ad
1197 482 1379 511 Guarnerinm
1392 482 1546 512 Burdonem
1562 483 1603 511 sic
1617 483 1710 519 incipit
1724 493 1732 511 ς

661 532 757 566 Accipe
774 532 945 566 descriptam,
963 530 1093 557 Guarneri
1105 530 1207 561 Burdo,
1222 529 1346 566 salutem,

699 565 801 602 Dirigit
814 575 830 593 a
844 565 915 593 torta
927 574 1007 601 quant
1021 566 1069 593 tibi
1084 574 1177 592 nomen
1192 565 1300 592 habena.

240 613 365 643 Secunda
379 619 421 643 est
434 615 466 644 ad
483 614 652 642 Bernardum
669 614 722 641 hoc
736 613 851 640 exordio
866 623 872 639 :

664 659 719 688 Pro
737 660 850 692 meritis,
866 659 1011 692 Bernarde,
1027 659 1079 685 tuis
1093 658 1141 685 tibi
1158 658 1235 685 verba
1247 657 1344 685 salutis

698 695 822 723 Pancula
834 695 988 729 Rodulplms
1005 694 1117 721 adnotat
1130 694 1185 728 ipse
1200 698 1270 721 tuus.

242 741 330 770 Tertio
345 742 405 770 loco
418 742 580 777 legebantur
600 747 660 770 acta
684 742 745 769 vitae
764 746 791 769 et
806 740 938 777 martvris
961 740 1097 777 SaMauri
1111 740 1246 777 Africani,
1261 748 1387 777 quorum,
1398 740 1522 768 ultimam
1533 744 1642 777 partem,
1654 740 1688 777 de
1702 741 1857 770 translatione

240 777 361 813 corporis
375 778 409 805 ad
421 775 578 813 coenobium
593 777 769 805 Floriacense
786 776 871 804 edidit
880 775 989 804 Boscus
1007 784 1022 803 a
1039 776 1137 812 pagina
1149 776 1201 803 5-59
1219 784 1282 803 cum
1303 776 1353 803 hac
1366 776 1487 804 clausula
1499 775 1602 804 annum
1617 775 1696 809 ΗΠ,
1709 784 1762 810 quo
1775 778 1857 812 scripta

241 812 297 841 hzec
313 813 378 847 sint,
397 812 566 848 significante
581 822 588 839 :

664 858 757 885 .lluure
771 865 855 891 sacer,
868 858 970 885 meritis
983 857 1082 885 exaudi
1098 862 1157 884 rota
1170 858 1313 892 precantis,

666 894 742 926 Quod
758 894 830 921 dedit
847 894 957 929 exiguus
975 893 1114 920 Tortarius
1131 894 1221 928 accipe
1239 901 1345 925 munus,

665 929 741 956 Mille
756 929 798 956 sui
810 937 910 961 versus,
926 937 975 956 sua
989 929 1096 956 demant
1111 929 1225 956 crimina
1236 928 1309 956 mille
1324 938 1331 955 ί

662 964 763 999 Septies
776 968 801 991 et
816 964 877 991 deni
890 972 949 991 cum
964 968 1067 990 centum
1084 969 1179 992 cetera
1196 969 1309 999 tergunt.

272 1011 429 1048 Addebatur
441 1012 561 1048 hymnus
574 1012 686 1048 saphico
697 1013 819 1040 carmine
832 1012 866 1039 de
883 1011 979 1048 eodem
995 1016 1091 1048 sancto
1108 1011 1203 1048 Mauro
1213 1020 1295 1046 quem
1310 1012 1337 1039 in
1352 1011 1445 1048 codice
1459 1011 1628 1048 Floriaeensl
1644 1019 1697 1047 pro
1707 999 1861 1048 membrana;

240 1054 299 1083 [um
316 1047 448 1083 tenuitate
462 1046 496 1075 ἐι
519 1046 654 1076 vetustate
677 1055 706 1075 se
729 1056 783 1075 non
803 1047 1036 1083 potuissorlegere
1057 1046 1157 1075 fatetur
1181 1046 1285 1074 Boscns

241 1081 414 1117 Rodulphum
430 1082 631 1111 Floriacensem
646 1093 653 1110 :
670 1090 685 1110 a
700 1090 756 1117 quo
770 1081 912 1118 perperam
926 1081 1063 1118 diversum
1080 1083 1230 1110 arbitratus
1243 1087 1285 1110 est

1307 1055 1369 1109 palg.
1393 1047 1462 1088 355,_
1476 1047 1522 1074 ubi
1545 1051 1686 1088 auctorem
1706 1047 1793 1087 hymni
1810 1046 1862 1074 facit

1307 1091 1316 1109 λ
1357 1086 1427 1109 orta.
1441 1090 1497 1109 stve
1512 1082 1651 1109 Tortano.
1665 1082 1717 1109 sub
1734 1090 1806 1109 (‘lllllS
1821 1090 1861 1109 no-

1302 1091 1316 1109 a
1333 1082 1427 1114 Torta,
1441 1082 1497 1109 sive
1512 1082 1651 1115 Tortario,
1665 1082 1717 1109 sub
1734 1082 1806 1115 cujus
1821 1090 1861 1109 no-

241 1118 312 1159 mine
323 1117 410 1159 edidit
416 1118 474 1159 jam
483 1118 583 1146 dictam
599 1118 728 1159 S._Mau_ri
740 1117 956 1159 translationem.
969 1117 1070 1158 Ultimo
1084 1118 1201 1159 denique
1214 1118 1460 1159 loco_habebantur
1473 1118 1673 1159 actaLtranslat
1677 1118 1704 1145 io
1714 1122 1742 1145 et
1751 1117 1862 1145 miracula

241 1151 270 1180 ὃ,
286 1151 434 1187 Benedicti,
453 1162 571 1189 quorum
585 1154 671 1182 moles
684 1154 769 1181 nimia
791 1153 912 1189 impedit,
927 1161 981 1188 quo
995 1153 1086 1187 minus
1097 1153 1142 1180 hic
1156 1151 1264 1180 demus.
1280 1152 1383 1181 Horum
1395 1153 1525 1189 prologus
1537 1153 1576 1181 ita
1590 1153 1688 1189 incipit
1701 1162 1708 1180 :

667 1202 774 1236 Accipe,
789 1201 826 1227 mi
843 1199 937 1234 Fulco,
956 1200 1004 1227 tibi
1014 1208 1073 1236 quae
1091 1200 1246 1236 tetrasticha
1262 1200 1359 1234 mitto;

702 1236 876 1271 Legislatoris
894 1235 995 1271 perlege
1014 1240 1087 1271 gesta
1107 1235 1209 1262 Patris.

671 1270 800 1298 Ηιεόιὶὺὶ
813 1271 933 1306 jucunda
947 1271 1042 1305 scripsi
1056 1270 1211 1306 Rodulphus
1225 1271 1320 1298 amica.

704 1306 738 1334 Ut
752 1312 796 1334 tua
809 1307 844 1333 sit
856 1307 953 1334 nostris
968 1307 1065 1334 utentia
1077 1306 1151 1341 facta
1166 1306 1254 1333 libris.

276 1351 314 1379 Ex
326 1352 378 1379 hoc
389 1358 514 1393 poemate
525 1344 735 1381 damuslibrum
750 1353 1087 1393 quartum_iniraeu_lorum
1099 1360 1171 1393 XLVI_,
1184 1359 1245 1393 quae
1256 1355 1335 1393 antea
1347 1352 1484 1393 Andreas“
1485 1352 1637 1393 monachus
1636 1351 1745 1393 _§oluto_
1756 1357 1866 1393 seqnone

241 1386 445 1423 composuerat;
462 1393 489 1415 et
501 1389 632 1416 hactenus
648 1386 785 1423 nusquam
800 1388 963 1423 reperimus.
977 1387 1143 1415 Mentionem
1159 1386 1242 1423 huius
1257 1387 1373 1416 Andreae
1385 1387 1451 1415 facit
1465 1386 1781 1423 Rodliphus'l‘ortarius
1791 1386 1833 1413 lib.
1843 1394 1865 1418 ν,

241 1430 301 1457 cap.
318 1422 363 1456 55,
379 1423 423 1451 his
444 1424 536 1451 verbis
561 1433 567 1450 :

593 1433 602 1450 ι
617 1424 646 1451 ln
663 1421 934 1451 castellionis’Patris
949 1423 1036 1457 ipsius
1056 1430 1112 1450 non
1127 1421 1225 1458 exigua
1245 1423 1383 1458 portione,
1397 1423 1443 1450 ubi
1460 1421 1712 1451 beatus—confessor
1727 1421 1866 1458 Passennus

241 1457 285 1519 gle
299 1465 353 1492 quo
368 1462 395 1485 et
408 1458 530 1487 Andreas
543 1459 661 1494 plurima
685 1459 711 1486 in
727 1459 785 1486 suis
801 1458 892 1485 retulit
909 1456 1001 1492 dictis)
1022 1456 1388 1493 multa.....‘0mnipotentis
1399 1459 1532 1494 clemquia
1555 1459 1728 1487 demonstrat
1739 1456 1865 1485 miracula.

264 1493 371 1519 uccedit
385 1493 483 1519 deinde
495 1495 608 1519 animus
621 1494 690 1519 liber
703 1494 910 1519 miraculorum.
927 1493 962 1519 ab
972 1494 1068 1519 eodem
1082 1493 1228 1519 Rodulnho
1242 1494 1425 1519 conserimus.
1445 1505 1456 1519 ι

264 1493 371 1520 uccedit
385 1493 483 1536 deinde
495 1495 608 1529 quintus
621 1494 690 1522 liber
703 1494 910 1527 miraculorum,
927 1493 962 1521 ab
972 1494 1068 1521 eodem
1082 1493 1228 1529 Rodulpho
1242 1494 1425 1529 conscriptus.
1445 1505 1456 1520 ι

248 1561 1864 1576 _——_—_——_—_————————_—_—-——~

680 1652 748 1697 Ml
761 1651 988 1697 RACULA
1024 1652 1071 1696 S.
1111 1652 1265 1696 BENE
1277 1651 1436 1697 DICTI

242 1750 308 1783 Qua:
325 1749 373 1776 tibi
385 1748 418 1776 de
432 1748 515 1784 gestis
528 1747 673 1783 scripsisse
686 1747 819 1781 stupenda
832 1746 954 1782 paternis

278 1795 384 1823 Dicitur
396 1794 530 1826 Andreas,
546 1793 637 1821 ﬁstula
652 1797 746 1821 nostra
759 1797 846 1820 notat.

242 1840 277 1867 At
295 1839 423 1867 Lemovix
435 1839 553 1874 populus
567 1837 748 1867 feriente.Deo
762 1842 901 1873 pateretur

278 1885 369 1921 Ignem
382 1885 448 1912 dum
460 1892 580 1918 sacrum,
594 1884 641 1912 dat
653 1883 705 1911 sibi
718 1884 875 1916 consilium,

242 1932 332 1959 Patris
341 1931 474 1966 reliquias
488 1930 549 1958 urbi
564 1934 670 1965 gestare
681 1929 829 1962 verendas;

277 1977 355 2011 Quod
368 1982 513 2012 postquam
524 1976 597 2009 fecit,
609 1976 694 2011 pestis
707 1975 800 2011 iniqua
814 1976 892 2010 perit.

242 2023 316 2052 Vidit
327 2024 392 2051 dum
405 2023 533 2051 feretrum
553 2022 619 2050 ferri
632 2022 793 2050 muliercula
809 2029 929 2054 sacrum,

278 2070 345 2104 Quae
355 2074 495 2098 contracta
510 2070 594 2104 pedes
612 2069 652 2096 ire
669 2069 801 2103 nequibat
815 2068 876 2100 iter,

243 2117 322 2144 Infit:
336 2116 435 2144 Sancte
445 2115 536 2149 Pater,
557 2115 581 2143 si
592 2122 712 2150 possem,
725 2118 750 2142 te
762 2109 930 2146 comitarer,‘

278 2162 313 2189 Et
328 2162 401 2197 quod
412 2161 536 2196 deposcit
549 2168 664 2196 prorsus
677 2160 704 2187 id
723 2160 851 2187 obtinuit.

242 2208 341 2236 Mentis
351 2215 435 2243 eques
450 2215 540 2242 pravze
552 2207 602 2234 zeli
615 2206 789 2234 succenditur
801 2206 862 2241 igne
879 2215 885 2232 :

279 2253 402 2289 Namque
418 2261 499 2281 suum
510 2252 626 2280 fratrum
639 2260 686 2287 per
697 2255 756 2280 sata
771 2252 845 2278 laxat
859 2259 958 2286 equum
975 2261 980 2277 :

244 2299 369 2335 Dumque
377 2303 587 2334 secusstagnum
594 2302 733 2333 properat,
741 2298 900 2326 submersus
907 2297 933 2324 in
941 2304 1037 2329 unum,

279 2346 331 2374 Vix
344 2353 428 2381 eques
441 2345 537 2379 evasit,
551 2350 578 2372 at
591 2345 701 2380 sonipes
715 2344 805 2379 periit.

244 2392 373 2427 Quaadam
386 2392 493 2428 spiritui
508 2391 597 2419 fuerat
610 2398 740 2419 concessa
754 2391 875 2426 procaci,

279 2439 363 2467 lllatis
373 2439 444 2474 patri
456 2438 573 2474 perfurit
587 2438 632 2465 ille
642 2437 761 2472 probris.

244 2486 363 2521 Dejerat,
382 2486 493 2513 obsessa
510 2493 540 2513 se
555 2492 608 2512 non
625 2484 700 2511 exire
712 2484 812 2519 puella,

281 2532 335 2560 Sed
351 2531 480 2567 fugiendo
494 2531 587 2567 gemit,
599 2534 681 2565 atque
695 2531 828 2566 gemendo
841 2530 920 2566 fugit.

245 2577 408 2614 Ranulphus
422 2578 532 2606 crebras
544 2577 668 2604 inhiabat
679 2577 812 2612 prendere
824 2578 940 2612 praedas,

282 2625 406 2658 Quodam
421 2625 464 2652 die
478 2632 543 2651 vero
558 2623 622 2651 fecit
634 2627 664 2650 ut
677 2623 786 2651 assidue
799 2633 805 2650 :

248 2669 365 2697 Prandia
377 2669 409 2697 de
423 2669 552 2704 lacrymis
563 2668 708 2696 viduarum
723 2668 798 2704 larga
816 2669 933 2705 paravit,

284 2716 375 2743 Prima
387 2716 440 2743 sibi
454 2715 546 2743 fauces
561 2715 680 2743 obstruit
693 2715 745 2743 olla
763 2720 865 2744 truces.

248 2763 363 2796 Pratdia,
375 2763 497 2796 Gauteri,
511 2763 574 2797 quia
586 2762 671 2796 tollis,
683 2763 815 2790 dmmonis
830 2763 881 2789 atri

286 2809 392 2837 Turbas
406 2809 544 2844 exsequiis
554 2810 644 2836 cernis
656 2809 750 2836 adesse
762 2809 826 2835 tuis.

250 2856 399 2884 Monachus
411 2864 440 2884 es
452 2856 552 2890 factus,
565 2856 667 2884 dudum
681 2855 843 2891 cognomine
858 2854 959 2887 dictus,

1051 1747 1073 1774 Α
1123 1744 1156 1773 Et
1169 1746 1231 1773 vita:
1248 1746 1329 1773 ﬁnem
1349 1747 1527 1781 consequeris
1543 1748 1668 1775 celerem.

1087 1790 1153 1824 Cur,
1168 1791 1287 1825 Giralde,
1299 1792 1384 1827 patris
1396 1792 1489 1821 hostes
1500 1801 1548 1828 per
1558 1793 1634 1821 lucra
1647 1794 1752 1822 tueris?

1123 1837 1171 1865 Est
1183 1843 1329 1872 conspecta
1345 1838 1395 1866 tibi
1410 1838 1487 1874 virgo
1500 1837 1546 1866 Dei
1561 1840 1678 1875 genitrix
1696 1849 1703 1866 :

1089 1883 1186 1919 Arguit
1201 1884 1271 1919 ipsa,
1284 1891 1350 1911 suos
1363 1884 1466 1912 tuearis
1477 1892 1528 1912 cur
1540 1885 1678 1919 inimicos,

1125 1928 1200 1958 Uxor
1211 1937 1273 1957 cum
1285 1930 1356 1958 natis
1371 1930 1472 1959 occidit
1485 1931 1540 1959 Eva
1553 1932 1617 1959 tuis.

1089 1976 1137 2004 Est
1151 1977 1250 2004 domus
1261 1977 1350 2012 ampla
1364 1978 1433 2013 patri
1449 1977 1500 2006 sita
1513 1986 1582 2014 pago
1593 1978 1801 2012 Barcinonensi,

1126 2023 1202 2059 Szepe
1215 2029 1329 2052 vocatus
1343 2024 1390 2051 ubi
1402 2025 1480 2060 plura
1495 2025 1630 2060 stupenda
1646 2024 1724 2053 facit.

1089 2069 1118 2097 In
1129 2078 1183 2105 qua
1199 2075 1289 2098 turma
1301 2070 1357 2099 Deo
1368 2070 1517 2099 famulatur
1529 2072 1623 2100 sedula
1635 2072 1759 2106 Christo,

1124 2116 1229 2145 Gaudet
1244 2118 1370 2152 praesidio
1387 2123 1443 2151 tua,
1457 2123 1580 2154 patrone,
1594 2123 1658 2152 tuo;

1090 2163 1149 2191 lluc
1162 2168 1292 2191 oraturus
1308 2165 1442 2193 successit
1458 2165 1537 2192 miles
1556 2165 1673 2198 amicus,

1125 2208 1208 2236 Extra
1221 2209 1354 2243 dimissis,
1368 2209 1457 2237 donec
1467 2210 1563 2244 abiret,
1580 2210 1669 2245 equis.

1090 2255 1144 2281 Fur
1157 2255 1227 2290 rapit
1242 2256 1293 2283 hos
1309 2255 1386 2283 avide
1400 2264 1409 2282 :
1426 2256 1516 2283 vicino
1532 2256 1664 2291 mergitur
1676 2264 1759 2285 amne
1772 2266 1779 2289 ;

1125 2299 1241 2328 Perdere
1256 2308 1326 2336 quos
1344 2301 1445 2335 timuit,
1461 2302 1540 2330 miles
1556 2310 1643 2337 equos
1662 2303 1770 2338 recipit.

1089 2347 1230 2375 Classibus
1247 2347 1352 2375 advecti
1371 2352 1517 2383 properant
1532 2348 1596 2376 illuc
1612 2348 1743 2384 Agareni,

1126 2393 1266 2427 Quatenus
1282 2394 1343 2429 igne
1358 2398 1491 2428 crement,
1504 2395 1586 2422 rebus
1600 2399 1628 2422 et
1640 2395 1812 2430 exspolient:

1056 2425 1077 2452 Β
1091 2439 1216 2467 Fundere
1229 2439 1293 2466 vina
1311 2439 1415 2473 volunt,
1433 2437 1533 2475 glacies
1549 2440 1629 2474 quasi
1642 2440 1711 2468 dura
1724 2439 1875 2475 rigescunt“

1127 2484 1199 2521 Ignis
1216 2489 1243 2513 et
1257 2485 1374 2520 injectus
1389 2490 1486 2520 sponte
1499 2493 1549 2513 sua
1564 2486 1689 2513 moritur.

1091 2531 1195 2559 indicat
1205 2532 1256 2559 hos
1267 2531 1364 2559 molles
1381 2536 1408 2560 et
1422 2532 1506 2559 mittit
1518 2536 1574 2560 tres
1586 2533 1729 2566 truciores,

1127 2577 1241 2605 Miratur
1251 2586 1337 2614 quare
1351 2579 1397 2605 fiat
1409 2582 1436 2606 et
1450 2578 1493 2606 his
1506 2578 1596 2606 simile
1610 2588 1616 2606 :

1093 2624 1170 2652 Unus
1182 2625 1229 2660 qui
1241 2633 1347 2653 sacram
1360 2625 1486 2652 demoliri
1501 2626 1576 2660 cupit
1586 2633 1673 2658 aram,

1129 2671 1214 2698 letum
1229 2671 1293 2698 dum
1312 2671 1403 2705 librat,
1421 2679 1450 2699 se
1464 2671 1587 2699 feriendo
1602 2676 1691 2699 necat.

1092 2717 1335 2755 Clericus_ereetus
1349 2725 1398 2745 sua
1411 2717 1484 2745 domi
1500 2725 1582 2753 prava
1594 2722 1731 2752 precatur,

1129 2762 1198 2790 Dum
1210 2770 1292 2797 super
1304 2762 1378 2790 hunc
1390 2762 1484 2790 volitat
1497 2770 1602 2798 passer,
1620 2763 1648 2789 in
1662 2771 1708 2791 ore
1723 2765 1812 2792 cacat.

1093 2809 1171 2835 Jnrat
1191 2798 1347 2836 hic'iratum
1364 2816 1393 2836 se
1407 2809 1488 2844 patri,
1506 2809 1563 2836 sitit
1579 2809 1696 2837 inultum
1714 2819 1720 2837 :

1131 2850 1288 2883 Visce‘ribus
1304 2855 1408 2890 multis,
1424 2863 1486 2883 mox
1502 2856 1559 2883 avis
1577 2855 1622 2883 illa
1641 2856 1704 2883 ruit.

1948 415 1951 490 κ

1952 607 1956 751 ξ

1954 752 1959 890 l
