3946 6306
144 312 276 377 ιλιι
1247 300 1610 362 MIBAGULA
1648 301 1896 367 SANCTI
1936 301 2325 367 BENEDICTI.
3286 310 3436 371 na

128 410 205 484 ἰιι
234 436 291 484 te
314 421 628 481 veridicum
656 418 981 492 completur,
1012 413 1250 487 Alnrice,
1281 419 1575 491 scriptum,

216 517 344 576 Non
376 515 678 588 impunitus
702 516 861 574 testis
886 514 999 573 erit
1021 512 1310 583 reprobus.

147 613 292 667 Dum
326 619 379 666 te
402 617 543 666 teste
564 622 723 665 suam
747 620 933 671 comes
961 603 1194 679 alllrmut
1222 603 1343 669 lore
1366 604 1564 665 silvam

218 702 501 761 Elfossum
527 713 742 779 querno
769 697 870 761 lies
901 696 1409 767 oculum-scopulo.
1563 752 1567 756 .

143 794 415 867 "iorpore,
441 790 751 861 Constanti,
780 789 851 849 de
876 804 1037 847 sacro
1064 788 1236 862 prode
1258 787 1534 857 Posenal;

214 884 314 945 Bis
339 887 604 954 monitus,
630 882 818 956 ﬂagris
843 882 1004 941 tertio
1026 880 1347 954 eorripcris.

143 980 304 1037 Visio
324 979 482 1052 quod
504 977 712 1047 docuit,
734 974 1060 1048 compulsus
1087 973 1328 1047 pandere
1352 972 1572 1046 pandis,
1660 1024 1661 1029 η

204 1072 504 1147 inventum
531 1085 692 1129 sacro
716 1069 976 1127 conditur
1000 1067 1059 1125 in
1089 1066 1325 1126 tumulo.

133 1165 333 1223 Pulvis
358 1173 411 1222 te
430 1163 627 1225 tumuli
650 1163 840 1232 donat,
866 1160 1156 1235 Tctberga,
1183 1159 1345 1218 saluti
1365 1176 1399 1229 ι

202 1256 459 1331 Urgebat
486 1255 641 1314 duris
661 1253 892 1328 spiritus
913 1253 1059 1313 hanc
1084 1253 1350 1312 stimulis.

130 1351 352 1418 Pulvis,
382 1358 447 1407 ut
470 1357 557 1407 est
590 1348 820 1418 hibitus,
848 1345 1160 1406 detruditur
1183 1345 1387 1417 hospes
1413 1342 1680 1416 iniquus,

202 1441 454 1500 Sanctus
480 1440 645 1499 habet
671 1439 958 1514 proprium
997 1437 1236 1510 Spiritus
1265 1436 1587 1508 hospitium.

136 1533 355 1604 l‘empli
382 1546 485 1605 pro
511 1530 726 1588 foribus
744 1529 920 1602 iacuit
947 1543 1044 1602 per
1072 1542 1181 1586 non
1211 1527 1375 1584 breve
1399 1536 1638 1598 tempus,

196 1626 397 1683 Altera
425 1623 724 1683 contractis
752 1637 928 1699 prona
957 1621 1169 1680 cubans
1206 1620 1438 1695 genibus
1468 1638 1484 1677 :

129 1718 276 1775 Dum
306 1718 542 1776 missam
571 1724 813 1783 caneret,
840 1714 1039 1773 fratres
1062 1728 1226 1773 orare
1251 1722 1521 1781 tuoneret,

199 1807 528 1882 Presbyter,
553 1808 660 1865 hac
688 1808 825 1865 hora
852 1821 986 1865 sana
1014 1805 1074 1862 fit
1103 1805 1311 1877 absque
1333 1818 1510 1862 mora.

128 1899 420 1957 Causatur
444 1908 665 1957 sanctos
694 1898 853 1956 miles
884 1896 999 1955 fore
1022 1894 1452 1964 somniculosos,

202 1990 307 2050 llis
337 1990 464 2049 sine
489 1986 707 2063 jactura
738 2005 799 2049 se
828 1988 1078 2061 rapuisse
1101 2003 1202 2045 sua
1232 2006 1246 2043 :

129 2084 402 2142 Traditur
428 2085 517 2159 hic
542 2082 779 2151 Satanae,
802 2084 863 2139 nt
885 2096 1078 2139 servus
1102 2081 1240 2138 liber
1266 2080 1337 2137 ab
1362 2080 1552 2150 hoste;

203 2177 456 2239 Stertere
483 2176 758 2244 credebat,
788 2188 929 2246 quos
957 2173 1185 2246 vigilare
1206 2172 1423 2244 probat.

132 2266 275 2325 Dum
306 2276 365 2324 te
396 2264 731 2337 mancipium
759 2277 868 2320 non
898 2277 1023 2321 esse
1050 2260 1237 2318 fateris
1267 2260 1497 2330 avitum,

207 2359 489 2427 Alberiee,
519 2356 687 2414 minis
711 2356 932 2414 cmlitus
956 2353 1227 2428 argueris.

133 2451 311 2525 inque
332 2451 517 2508 volam
545 2448 732 2523 digitis
755 2462 880 2506 cum
911 2447 1104 2505 dextro
1128 2445 1327 2519 pollice
1355 2443 1502 2515 lixis,

205 2544 408 2601 l’lacas
441 2542 704 2600 olfensam
731 2540 857 2614 jure
885 2538 1166 2612 professus
1193 2538 1411 2596 herum.

134 2635 353 2695 Cuncta
379 2645 610 2693 vorante
636 2633 780 2701 foco,
805 2632 1009 2691 Christi
1037 2631 1321 2706 genitricis
1349 2630 1556 2703 imago,

205 2726 386 2803 Ligno
410 2728 621 2800 sculpta
648 2728 793 2794 licet,
821 2728 1140 2785 intemerata
1169 2732 1374 2782 manet.

134 2818 240 2888 Qui
282 2835 443 2877 sacra
475 2820 792 2883 sustollant,
824 2833 884 2874 sc
912 2822 1106 2889 passos
1135 2815 1336 2888 frigora
1370 2814 1661 2888 plangunt,

207 2911 397 2983 i‘eplis
422 2911 606 2969 illa-sis
633 2909 871 2967 cultibus
898 2919 952 2964 et
979 2907 1165 2966 variis.

134 3001 391 3070 Rustice,
418 2990 550 3059 dum
600 3001 907 3073 plaustrum
938 2998 1090 3057 farno
1118 2995 1346 3056 deducis
1373 3003 1665 3073 (inustum,

207 3093 321 3152 l‘ro
353 3093 528 3150 nihilo
557 3092 828 3151 celebrem
860 3099 1029 3164 pains
1056 3089 1309 3149 habendo
1337 3089 1520 3160 diem,

138 3185 286 3261 ignis
314 3201 371 3243 ιη
398 3185 634 3257 exiguas
661 3182 854 3256 redigit
884 3191 979 3240 tua
1005 3182 1249 3254 plaustra
1276 3181 1514 3251 favillas,

205 3275 542 3349 Amittisquc
564 3274 748 3348 pedes,
774 3284 943 3347 tuque
970 3274 1160 3348 tuique
1186 3274 1378 3332 boves.

140 3366 258 3425 Non
287 3384 430 3442 opus
457 3367 632 3441 ignito
661 3381 853 3425 verum
884 3366 1195 3424 discernere
1218 3364 1389 3435 ferro,

208 3459 524 3528 Constanti,
553 3458 728 3517 falsus
756 3457 912 3516 testis
932 3457 1063 3514 ades
1092 3457 1352 3529 penitus:

141 3550 350 3610 Vesica:
378 3551 643 3625 strepitus
669 3550 914 3622 displnso
940 3558 1131 3607 ventre
1157 3548 1464 3621 pudendus,

209 3634 562 3704 Testiiicatur
587 3658 710 3701 cam
742 3641 949 3714 legiferi
982 3642 1275 3699 decimam.

142 3737 278 3795 Dum
305 3750 495 3797 votum
525 3736 757 3810 rtnupis,
790 3736 987 3793 iterato
1012 3733 1220 3791 lumina
1246 3732 1453 3806 perdis,

215 3824 420 3887 \‘ovistt
450 3840 666 3885 servam
694 3840 819 3897 qum
848 3824 964 3883 fore
989 3835 1307 3898 perpetuam
1334 3842 1350 3880 :

145 3916 331 3977 Denuo
361 3921 459 3979 sed
489 3918 710 3991 recipis,
736 3932 836 3976 nec
862 3926 1049 3988 postea
1077 3916 1284 3972 lumina
1309 3914 1516 3988 perdis.

208 4012 561 4072 Conscrvans
591 4021 798 4081 votum,
823 4025 979 4069 serva
1008 4010 1280 4067 manendo
1310 4021 1486 4066 tuum.

142 4100 394 4163 imminet
418 4119 452 4162 a
484 4112 637 4177 tergo
667 4101 969 4160 Landrieus
995 4100 1049 4156 in
1081 4100 1298 4172 agmine
1327 4116 1528 4173 magno

212 4196 385 4259 intrat
413 4212 517 4271 pro
540 4207 727 4261 castro
754 4210 881 4252 rura
910 4193 1085 4266 patris
1112 4193 1270 4252 Ceilo
1303 4211 1320 4249 :

140 4286 357 4349 blandat
385 4302 447 4349 ut
476 4291 531 4348 in
561 4290 781 4362 signum
808 4287 995 4344 reboet
1017 4286 1176 4343 miles
1200 4285 1573 4355 Benedictum,

209 4381 367 4455 Cepit
393 4382 750 4450 Landricum,
779 4378 1014 4453 perdidit
1045 4386 1101 4436 et
1124 4382 1384 4436 cuneum.

140 4470 362 4533 Callaici
396 4476 580 4549 neptis
604 4489 762 4533 sacra
793 4472 1032 4546 prteripit
1059 4470 1200 4528 atria
1226 4470 1419 4543 patris,

208 4565 341 4634 Lmae
367 4566 688 4626 fatnulando
713 4580 850 4623 suus
879 4563 1118 4622 obtinuit
1138 4571 1371 4636 patruus
1401 4580 1415 4616 ε

190 4655 294 4713 nde
326 4656 416 4715 die
442 4668 591 4716 certa
624 4655 728 4713 fuit
749 4655 1035 4713 altercatio
1062 4654 1257 4722 multa,

208 4745 458 4826 l'aralysi
487 4750 593 4810 sub
621 4764 731 4822 qua
762 4746 1067 4821 percutitur
1101 4748 1326 4806 misera.

138 4833 443 4909 .‘ngenuunt
472 4842 674 4899 clamat
700 4855 781 4909 se,
808 4840 1204 4911 servitiumque
1241 4847 1477 4909 recusat,

209 4924 437 4989 Stabilis
464 4932 569 4988 hoc
594 4937 754 4988 scuto
778 4929 1011 5002 prodere
1032 4944 1157 4986 cum
1184 4928 1405 4998 baculo,

226 5024 461 5083 manicis
485 5024 709 5081 obolum
737 5022 950 5095 religat,
978 5020 1173 5092 capitis
1199 5021 1358 5092 quasi
1384 5036 1610 5078 censum
1639 5038 1653 5076 :

211 5110 427 5179 Excidit
451 5116 695 5190 enormis
722 5114 894 5173 instar
920 5114 1126 5187 habens
1154 5113 1349 5187 elypei.

144 5195 363 5262 Dmmon
394 5208 647 5276 suﬂ‘ocat,
674 5207 876 5280 primo,
907 5197 1184 5271 Rotbcrte,
1209 5203 1479 5274 replerat;

213 5289 289 5350 Te
322 5299 484 5358 tellus
510 5298 678 5357 abicit
701 5306 757 5354 et
785 5305 866 5354 ter
892 5295 1035 5353 idem
1060 5295 1290 5367 peragit.

146 5372 391 5447 Floriaeo
419 5393 613 5450 missae.
642 5390 819 5463 patuit
838 5391 1014 5446 virtus
1039 5388 1115 5445 ibi
1136 5388 1365 5456 chartae,

216 5470 496 5565 Continuit
524 5484 684 5541 tellus
711 5490 766 5538 te
792 5498 955 5552 super
982 5481 1088 5537 hac
1112 5479 1307 5552 posita.

153 5567 431 5636 Abstrahis
454 5580 683 5637 ecclesia
713 5576 989 5635 Benedicti
1020 5576 1242 5632 nomine
1275 5590 1436 5631 sacra

220 5657 459 5740 Hostem,
481 5670 726 5737 Cauteri,
755 5666 1135 5739 daemonioque
1162 5664 1335 5743 daris.

156 5742 336 5810 Denuo
365 5762 616 5837 purgaris
645 5762 712 5818 de
748 5760 997 5830 crimine,
1027 5760 1157 5818 dum
1186 5758 1465 5833 resipiscis
1501 5779 1513 5813 :
1546 5780 1551 5785 ·

1676 3126 1677 3129 “
1755 3130 1804 3201 C

1767 429 1815 487 Α
1912 417 2240 499 Namlaras
2258 425 2503 491 captum,
2528 406 2880 495 das’quoque
2905 420 3247 493 praediolum.

1841 510 2171 583 Mcrgetibus
2200 526 2422 575 carrum
2456 511 2610 571 ducit
2633 511 2962 573 Guisbertus
2991 526 3276 591 onustum,

1910 603 2102 676 Raptis
2129 620 2162 663 a
2191 613 2361 674 terra.
2389 605 2522 675 dux,
2551 603 2865 677 Benedicta,
2888 619 3008 666 tua.

1838 692 1959 754 Non
1988 696 2158 761 sentit
2180 697 2456 767 stimtdos,
2478 688 2597 759 non
2623 699 2874 768 verbera;
2892 715 3006 758 non
3030 701 3250 760 sonitus
3274 704 3376 762 bos
3407 724 3422 763 :

1906 787 2048 846 Ante
2071 789 2282 861 nequit,
2308 797 2458 851 retro
2480 788 2649 858 cedit.
2667 805 2812 852 enus
2832 791 3065 850 revehit.
3406 794 3417 804 '

1836 877 2127 954 Presbyter
2151 882 2402 945 ecclesiae
2428 882 2678 956 biiugum
2707 882 2861 943 ducit
2884 892 3246 942 memoratae:

1907 971 2124 1030 Adsunt
2140 988 2281 1035 cum
2313 973 2577 1045 plaustris
2602 982 2663 1033 et
2685 973 2918 1046 juvenes
2938 973 3170 1043 «ωωὶἀὶς

1835 1061 2169 1120 Proturbant
2194 1062 2444 1136 bijugum
2475 1082 2491 1120 :
2522 1072 2897 1129 mereret
2917 1062 3271 1122 Benedictum
3301 1109 3314 1122 .

1905 1150 2115 1221 Horum
2144 1169 2275 1211 mox
2304 1152 2613 1226 plaustrum
2644 1155 2943 1228 statuquasi
2970 1170 3134 1215 mons
3160 1158 3424 1231 rigidum‘

1835 1242 1998 1313 Dum,
2025 1246 2244 1315 scribis,
2272 1261 2469 1307 eorum
2492 1246 2642 1305 deles
2662 1254 2729 1303 ut
2761 1248 2873 1306 vile
2894 1256 3205 1320 paternum,

1905 1334 2085 1394 Littus
2113 1337 2171 1393 in
2195 1338 2489 1397 adversum
2516 1350 2574 1397 te
2590 1338 2789 1397 tremis
2809 1340 3140 1411 expositum.
3172 1386 3177 1393 .

1834 1428 2164 1487 Darmonicis
2191 1428 2379 1503 flagris
2412 1429 2688 1504 torqueris
2714 1428 2948 1488 traditus
2975 1430 3108 1498 illis,

1904 1519 2201 1595 Nunquam
2224 1522 2442 1583 curaris
2468 1522 2672 1580 mentis
2700 1521 2883 1593 inops,
2912 1521 3009 1580 sed
3034 1521 3179 1579 obis.

1732 1668 1735 1673 ,
1837 1612 2080 1671 lucurris
2102 1613 2388 1682 morbum,
2406 1610 2659 1683 Cameri,
2689 1609 3084 1684 perniciosum,

1904 1705 2090 1767 Audes
2114 1706 2442 1765 commissas
2463 1705 2599 1764 dum
2621 1705 2755 1782 dare
2771 1704 3099 1777 relliquias;

1760 1779 1807 1841 Β
1835 1796 2042 1856 Fassus
2068 1798 2329 1857 delictum
2355 1798 2594 1868 sanatis,
2620 1779 2732 1856 non
2761 1806 2945 1855 tamen
2973 1812 3180 1853 annum

1904 1889 2088 1963 ipsum
2106 1891 2442 1964 pertransis;
2460 1900 2548 1948 ast
2566 1890 2628 1947 in
2648 1906 2715 1949 eo
2744 1891 2996 1947 moreris.

1830 1980 2052 2042 Patrem
2081 1998 2412 2053 subsannas,
2439 1999 2676 2042 messem
2705 1965 2978 2053 resecare,
3007 1983 3226 2041 laboras
3263 2004 3280 2040 :

1902 2075 2082 2136 Caedis
2107 2091 2206 2150 per
2231 2077 2496 2147 medium,
2519 2076 2746 2147 rustice,
2778 2076 2917 2135 falce
2947 2093 3196 2135 manum.

1831 2166 2003 2224 Aiunt
2030 2167 2284 2241 iiiapsum
2315 2176 2568 2239 cunctos,
2596 2168 2878 2239 animalia,
2907 2168 3237 2241 plaustrum,

1901 2259 2330 2333 Consumpsisse
2351 2260 2561 2330 locum,
2585 2265 2803 2329 caetera,
2826 2276 3002 2318 necne
3029 2262 3291 2328 domum;

1717 2397 1721 2403 .
1832 2351 2032 2419 At‘ncc
2059 2350 2645 2419 dissimilisGauterus
2674 2353 2909 2410 habetur
2936 2353 2995 2409 in
3018 2352 3174 2410 istis:

1903 2443 2059 2504 Visio
2086 2461 2254 2518 quem
2279 2448 2497 2504 monuit
2524 2447 2796 2520 linquere,
2827 2463 2953 2520 qua:
2979 2447 3210 2521 peragit,

1824 2524 2079 2611 Vapulat.
2096 2537 2409 2608 immensis,
2442 2554 2556 2597 non
2586 2540 2751 2597 sentit
2777 2540 2945 2612 quia,
2959 2540 3180 2621 ﬂagris;

1902 2629 2084 2688 Vicini
2107 2633 2333 2703 proprio
2353 2645 2518 2702 quem
2548 2630 2793 2689 referunt
2818 2632 2889 2689 ab
2909 2646 3065 2705 agro.

1831 2722 1973 2783 Oras
1998 2722 2134 2783 dum
2158 2721 2343 2795 stram
2368 2722 2783 2797 videtarmiger
2808 2737 3013 2782 ansere.
3033 2723 3208 2797 pasci,

1899 2814 2184 2872 Accelerat
2210 2812 2454 2883 frustra;
2480 2814 2799 2883 stimulante
2820 2815 2971 2889 gula,

1833 2905 2002 2979 Urget
2022 2907 2375 2978 cornipedem
2400 2920 2645 2979 praeceps
2671 2907 2984 2965 calcaribus
3010 2922 3218 2973 aerem.

1902 2997 1972 3055 Et
1999 2998 2324 3054 submersus
2349 2999 2515 3070 aquis
2538 2998 2905 3055 intumulatur
2931 3000 3033 3056 eis.

1837 3088 2132 3149 Subtrahis
2161 3089 2406 3146 oblatum
2437 3087 2651 3158 furtim,
2671 3091 2826 3159 dum,
2844 3091 3424 3164 monaehelychnum,

1901 3181 1964 3240 In
1989 3182 2205 3241 somnis
2232 3182 2501 3253 monitus,
2532 3182 2780 3241 restituis
2803 3182 3067 3255 trepidus.

1828 3273 2006 3332 Retro
2029 3274 2151 3333 dies
2174 3289 2276 3350 per
2302 3284 2417 3333 tres
2444 3274 2650 3348 pateris
2677 3290 2778 3346 pro
2806 3274 3037 3332 crimine
3059 3273 3266 3343 febres,

1892 3366 2228 3427 Committas
2254 3381 2389 3425 sane
2416 3382 2487 3424 ne
2512 3375 2699 3439 postea
2725 3366 2925 3425 simile.

1829 3458 1971 3521 Dtln
1999 3458 2205 3516 residet
2227 3457 2459 3529 mensis,
2487 3457 3001 3531 inopumlaerymis
3025 3457 3132 3517 sibi
3161 3456 3354 3531 partis,

1899 3550 2130 3609 Excitur
2150 3565 2366 3609 resonae
2388 3565 2526 3608 voce
2549 3559 2777 3622 repente
2804 3550 2968 3608 tubas.
3152 3618 3153 3621 η

1826 3648 2081 3706 Accurrit
2105 3648 2280 3721 raptis
2305 3646 2452 3705 celer
2475 3646 2914 3704 Arehembaldus
2947 3647 3003 3704 in
3026 3648 3222 3715 armis,

1896 3738 2211 3797 Percutitur
2236 3740 2350 3797 telo
2378 3748 2628 3812 tempora
2655 3738 2963 3797 mortifero.

1830 3832 1941 3890 lies
1970 3848 2114 3890 nova
2144 3850 2158 3888 :
2191 3831 2503 3906 percrebris
2531 3831 2808 3890 terebrato
2834 3846 2965 3887 vase
2989 3830 3258 3902 cavernis,

1896 3923 1987 3983 Nil
2012 3925 2127 3982 vini
2156 3934 2366 3995 manat,
2392 3923 2599 3999 frigore
2623 3939 2720 3981 seu
2748 3923 2945 3996 rigeat,

1829 4017 1998 4075 Ardet
2019 4026 2075 4075 et
2101 4015 2285 4091 ignitis
2309 4016 2551 4075 verubus
2575 4016 2721 4072 forat
2744 4014 2948 4086 impius
2976 4013 3176 4085 hostis,

1899 4107 2058 4179 Quod
2085 4110 2340 4182 quamvis
2366 4109 2498 4182 egit,
2534 4108 2612 4165 nil
2645 4116 2827 4165 tamen
2857 4105 3087 4165 elicuit..

1835 4199 1963 4259 Visa
1991 4216 2130 4273 puer
2156 4201 2366 4270 retulit,
2402 4200 2679 4274 genitores
2706 4198 2935 4263 credere
2956 4197 3157 4270 poscit,

1834 4326 1843 4331 -
1900 4291 2059 4347 illum
2090 4291 2454 4359 subsannant,
2483 4291 2701 4349 somnia
2728 4289 2869 4348 falsa
2897 4298 3115 4364 putant.

1831 4385 1902 4443 At
1928 4400 2066 4456 puer
2090 4383 2328 4441 assuetis
2351 4397 2562 4454 pronus
2585 4383 2852 4455 reptando
2881 4381 3185 4451 scamellis,

1742 4480 1798 4544 D
1872 4476 2203 4535 'Floriacum
2230 4474 2406 4548 petiit,
2433 4489 2626 4549 sospes
2651 4483 2708 4532 et
2734 4475 2865 4532 hinc
2885 4474 3067 4532 rediit.

1832 4569 1981 4628 Alter
2004 4567 2161 4625 adest
2191 4586 2205 4623 :
2237 4566 2399 4640 agilis
2424 4581 2659 4639 poscens
2685 4565 3063 4625 modulamina
3088 4565 3260 4635 vocis,
3320 4630 3333 4649 κ
3438 4574 3441 4583 ’

1898 4661 2006 4731 Qui
2034 4658 2216 4718 fuerat
2241 4668 2451 4728 mutus,
2478 4658 2672 4715 matris
2695 4658 2768 4715 ab
2793 4658 3059 4715 uberibus
3089 4676 3102 4713 :

1829 4753 2041 4826 Aspicit
2070 4754 2161 4811 hic
2186 4740 2402 4810 niveam
2430 4768 2489 4809 se
2517 4749 2848 4822 compellare
2873 4749 3222 4818 columbam;

1894 4844 2042 4914 Quid
2072 4845 2205 4901 velit
2229 4845 2320 4902 ille
2349 4843 2523 4919 loqui,
2548 4833 2764 4899 dicit'et
2786 4841 3041 4901 emeruit.

1829 4934 2051 4995 Tertius
2086 4933 2296 4993 audivit
2318 4935 2449 4991 dum
2479 4933 2662 5005 pusio,
2690 4933 2839 5006 quod
2867 4933 2980 4989 duo
3005 4931 3177 5005 gessit

1877 5026 2036 5084 'Mira
2062 5035 2235 5102 pater,
2265 5040 2477 5099 pueros
2492 5023 2852 5082 salviiicando
2875 5025 3047 5091 duos,

1829 5121 2101 5180 Parvulas
2129 5120 2220 5177 hic
2243 5119 2366 5191 ejus
2393 5119 2722 5176 vernaculus
2748 5126 2813 5174 ut
2838 5116 3194 5188 sibigressus

1903 5211 2202 5280 Reddatur,
2242 5208 2439 5283 poscit,
2476 5223 2604 5267 mox
2632 5215 2689 5265 et
2720 5207 2776 5263 id
2804 5206 3063 5263 obtinuit.

1828 5305 2040 5364 Disesia
2068 5303 2313 5377 genitum
2339 5301 2553 5359 monuit
2577 5317 2685 5358 vox
2715 5307 2875 5356 nocte
2903 5296 3280 5371 Radulphum,

1900 5395 1974 5452 Ut
2000 5411 2171 5453 sanus
2190 5396 2364 5463 ﬁeret,
2389 5394 2700 5451 Floriacum
2726 5400 2953 5465 peteret.

1827 5484 2098 5544 Credulus
2128 5486 2219 5543 hic
2243 5485 2429 5556 dictis,
2458 5499 2580 5542 sese
2604 5483 2774 5541 trahit
2800 5483 2892 5540 ille
2915 5479 3165 5555 genuclis
3190 5500 3203 5537 :

1900 5574 2020 5644 Qua
2043 5575 2301 5633 Christus
2333 5574 2550 5633 scandit
2577 5574 2721 5643 luce,
2757 5575 2923 5646 pedes
2951 5573 3164 5647 recipit.

1832 5667 1969 5725 Dum
1999 5668 2198 5741 ﬁgulus
2226 5669 2439 5740 palmas
2468 5665 2792 5729 Cuillclmus
2818 5666 3048 5746 porrigit
3077 5666 3291 5735 ambas,

1898 5760 2100 5820 durans
2127 5770 2443 5834 patronum,
2474 5774 2677 5834 quassa
2699 5757 2997 5832 loquendo,
3022 5757 3174 5831 pium
3203 5801 3221 5817 .
