3868 6064
267 248 333 305 Μ
1457 238 1862 299 SIGEBERTUS
1902 240 2424 303 GEMBLACENSIS:
3540 262 3605 319 12

264 380 330 435 de
352 379 642 435 elevatione
678 378 855 434 sancti
891 376 1009 447 ejus
1039 378 1287 447 corporis
1338 378 1498 446 capit
1547 391 1705 444 agere
1737 374 1888 444 apud
1896 376 1960 444 ,Α
1988 375 2160 430 multa
2183 378 2408 433 contulit
2436 380 2509 432 ad
2535 394 2691 435 usum
2728 385 2780 437 et
2806 386 3057 438 ornatum
3087 385 3332 451 ecclesiae,
3366 405 3488 457 quo!
3517 405 3611 445 ac-

264 486 369 539 eos,
409 486 636 542 quorum
674 470 770 524 hoc
830 474 948 524 erat
983 470 1351 524 auctoritatis.
1413 470 1654 537 Denique
1699 467 1888 522 damni

264 559 557 617 Liethardi
602 559 818 613 abbatis
855 558 1130 613 voluntate
1167 558 1413 613 consulta
1441 561 1490 612 et
1532 557 1889 611 benedictione

263 654 534 721 percepta,
570 650 645 704 ad
670 651 1069 719 impetrandam
1100 663 1265 719 super
1300 648 1463 702 verbo
1492 648 1729 717 cpiscOpi
1754 648 1886 701 Leo-

268 739 471 794 diensis
518 740 916 804 auctoritatem,
973 739 1087 808 ipse
1146 738 1214 791 ab
1279 752 1337 791 eo
1370 739 1607 807 suscepit
1661 737 1885 804 legatio-

269 843 389 883 nem
420 828 519 899 (7),
566 842 800 898 eamque
825 825 940 896 jam
997 826 1112 881 fere
1143 826 1534 899 octogenarius
1582 833 1731 881 tanta
1764 841 1886 881 cum

271 919 596 975 dexteritate
622 918 814 993 gessit,
846 925 907 974 ut
936 917 992 972 in
1031 916 1153 988 ipso
1193 917 1307 973 fere
1337 918 1462 973 vitae
1489 917 1598 972 ﬁne
1628 918 1739 973 voti
1770 925 1888 973 tan-

274 1014 398 1070 dem
423 1030 672 1086 compos,
696 1030 745 1068 a.
772 1013 911 1068 1110
935 1013 1083 1068 illius
1104 1013 1428 1069 elevationis
1446 1013 1715 1069 solemnia
1735 1013 1891 1069 vide-

276 1115 358 1164 ret
399 1115 456 1163 et
505 1107 838 1163 lectionibus
889 1114 1053 1179 atque
1102 1107 1424 1178 antiphonis
1474 1106 1591 1177 ipse
1641 1106 1889 1162 celebra-

272 1206 355 1255 ret
396 1198 488 1269 (8).
527 1198 756 1254 Biennio
800 1204 945 1269 post,
990 1211 1047 1251 ιιι
1089 1197 1226 1252 Νοιι.
1263 1195 1375 1252 Oct.
1410 1197 1551 1250 1112
1598 1196 1695 1265 (9),
1728 1195 1886 1250 obiit.

271 1292 440 1359 Quam
463 1298 670 1367 gratam
700 1298 823 1364 post
847 1307 907 1346 se
935 1291 1256 1346 memoriam
1291 1290 1594 1361 reliquerit,
1622 1290 1694 1345 ita
1719 1297 1889 1346 testa-

275 1395 362 1444 tur
393 1386 700 1458 discipulus
725 1386 845 1454 ejus
872 1384 1285 1441 Gcmblacensis
1314 1385 1423 1456 (10)
1450 1402 1464 1438 :

344 1479 581 1532 Domnus
608 1474 941 1543 Sigebertus,
981 1478 1191 1529 morum
1238 1474 1509 1544 probitate
1557 1480 1605 1529 et
1658 1475 1894 1529 scientia

272 1572 678 1642 multiplicitate
696 1570 995 1624 laudabilis
1020 1573 1070 1623 et
1088 1572 1277 1633 gratus
1299 1570 1388 1623 sui
1413 1569 1662 1637 temporis
1687 1569 1892 1636 sapien-

1987 467 2253 534 quisierat
2275 470 2588 523 voluntaria
2616 485 2820 537 eorum,
2846 488 2994 542 quos
3019 475 3385 543 instruxerat,
3410 479 3608 534 libera-

1988 557 2156 612 litate.
2207 561 2645 629 Frequentabant
2687 567 2865 617 autem
2895 579 3017 618 eum
3053 566 3285 635 majores
3327 573 3481 637 natu,
3513 587 3610 625 ea:-

1988 649 2313 705 cellentiores
2343 652 2540 719 gradu,
2572 656 2840 708 acutiores
2867 671 3045 724 sensu,
3078 660 3176 727 qui
3212 663 3367 714 erant
3396 662 3453 715 in
3476 663 3606 716 urbe

1990 742 2320 811 Leodicensi,
2352 747 2402 799 si
2432 746 2567 815 quid
2593 750 2887 816 questionis
2913 756 3210 805 occurreret
3235 754 3329 818 eis,
3367 753 3442 806 ad
3470 754 3611 808 hunc

1991 833 2199 901 deferre
2236 839 2286 891 et
2314 853 2433 891 eum
2480 853 2537 892 eo
2566 841 2808 906 conferre
2863 842 3030 896 soliti.
3081 843 3287 897 Horum
3316 848 3608 915 precipuus

1991 929 2105 978 erat
2136 926 2365 981 domnus
2397 929 2704 996 Heinricus,
2733 929 3154 985 archidiaconus
3182 935 3232 985 et
3260 931 3491 987 decanus
3526 950 3608 988 cc-

1990 1019 2167 1074 clesire
2191 1022 2380 1078 Sancti
2397 1022 2692 1088 Lamberti,
2724 1023 2880 1091 cujus
2900 1029 3098 1093 rogatu
3128 1031 3347 1097 scripsit
3377 1027 3451 1081 ad
3484 1030 3611 1082 Tre-

1989 1113 2228 1165 virenses
2258 1111 2457 1165 librum
2499 1111 2565 1164 de
2586 1111 2820 1180 jejuniis
2872 1113 3115 1179 Quatuor
3174 1119 3514 1187 Temper-um,
3565 1123 3615 1172 et

1990 1200 2164 1254 multa
2191 1216 2312 1270 qua:
2338 1205 2713 1255 commemorat
2746 1203 2805 1255 in
2836 1201 2972 1256 libro
3008 1204 3305 1260 illustrium
3343 1209 3606 1262 virorum.

1991 1290 2057 1343 In
2107 1292 2317 1344 cenobio
2363 1290 2728 1346 Gemblucensi
2761 1306 2864 1357 me,
2914 1296 3009 1361 qui
3065 1292 3174 1346 hac
3226 1294 3509 1365 descripsi,
3562 1301 3612 1350 et

1990 1382 2158 1437 multo
2184 1383 2426 1437 meliores
2465 1383 2730 1449 erudivit;
2762 1399 2989 1454 quorum
3015 1386 3210 1441 multos
3240 1392 3363 1443 ante
3382 1404 3436 1442 se
3463 1404 3609 1458 prce-

1990 1477 2156 1541 misit,
2174 1491 2377 1544 paucos
2398 1476 2537 1545 proh
2563 1475 2715 1529 dolor
2736 1474 2748 1529 l
2771 1482 2893 1546 post
2921 1493 2976 1532 se
3003 1478 3232 1535 dimisit.
3266 1482 3334 1535 At
3361 1483 3447 1534 vir
3468 1497 3613 1551 pru-

1991 1565 2140 1632 dens,
2162 1582 2286 1620 cum
2315 1570 2448 1621 esset
2471 1568 2658 1621 multa:
2683 1571 2999 1636 gravitatis,
3031 1586 3137 1626 non
3164 1576 3278 1625 erat
3306 1573 3614 1627 indiscreta:

275 1661 437 1728 tibus,
463 1676 573 1715 non
598 1659 810 1727 indiget
838 1661 1036 1713 nostris
1064 1657 1342 1722 laudibus,
1374 1658 1503 1726 quia
1529 1655 1763 1710 laudant
1776 1670 1894 1710 eum
1920 1696 1974 1766 Β
1995 1657 2350 1715 austeritatis.
2370 1655 2466 1709 sed
2481 1659 2599 1710 erat
2623 1657 2698 1710 ad
2724 1672 2921 1723 omnes,
2957 1663 3018 1713 ut
3068 1676 3152 1714 res
3176 1662 3449 1731 poscebat,
3482 1662 3607 1716 dis-

272 1768 434 1823 opera
475 1751 612 1822 ejus.
644 1752 771 1809 Cum
808 1752 950 1804 enim
984 1754 1115 1805 esset
1152 1749 1417 1819 juvenilis
1453 1749 1630 1803 aetatis
1661 1752 1893 1817 tempore
1920 1748 1973 1766 ”
1996 1752 2152 1803 creta:
2188 1748 2594 1804 mediocritatis.
2661 1750 3072 1821 Scripturarum
3123 1756 3362 1809 maxime
3400 1754 3614 1809 divina-

273 1842 555 1899 Hascelini
590 1840 826 1906 abbatis,
869 1839 1188 1895 Metensibus
1219 1839 1527 1907 notiﬁcatus
1558 1841 1608 1891 et
1637 1839 1695 1891 in
1735 1852 1891 1891 ceno—

276 1933 361 1987 bio
389 1933 567 1987 sancti
587 1931 858 1987 Vincentii
877 1930 1122 1984 martiris
1152 1944 1271 1983 cum
1296 1929 1557 1983 Fulcuino
1574 1928 1767 1983 abbate
1796 1927 1892 1983 diu

276 2026 642 2091 conversatus,
667 2022 946 2092 sapientiae
964 2022 1089 2088 fons
1099 2024 1292 2089 patens
1319 2023 1438 2073 erat
1463 2034 1570 2074 non
1587 2020 1757 2075 solum
1776 2033 1892 2073 mo-

275 2112 488 2179 nachis,
539 2111 633 2167 sed
672 2113 723 2165 et
753 2110 962 2165 clericis
993 2109 1066 2163 ad
1104 2123 1160 2163 se
1194 2107 1435 2178 undique
1481 2108 1888 2177 conﬂuentibus.

274 2207 463 2264 Multis
501 2206 836 2263 Mettensium
866 2204 1128 2274 hodieque
1153 2203 1331 2258 dulcis
1362 2207 1441 2257 est
1467 2202 1584 2271 ejus
1612 2204 1887 2265 memoria,

274 2301 335 2354 in
349 2299 546 2369 quibus
571 2297 750 2353 adhuc
764 2299 1057 2366 supersunt
1077 2295 1336 2350 doctrinae
1357 2294 1474 2363 ejus
1501 2294 1748 2361 vestigia.
1766 2293 1892 2359 Quae

274 2392 360 2446 vel
384 2393 592 2462 quanta
605 2388 722 2444 illic
752 2387 950 2455 degens
975 2389 1173 2453 rogatu
1203 2400 1382 2440 eorum
1413 2387 1621 2456 scripta
1646 2383 1895 2453 ediderit,

272 2481 390 2549 ipse
409 2477 643 2533 ostendit
680 2478 742 2530 in
769 2476 908 2530 libro
933 2474 1234 2528 illustrium
1269 2474 1532 2541 virorum,
1562 2487 1718 2542 quem
1755 2487 1896 2527 com-

272 2573 472 2642 posuit.
514 2572 633 2628 Non
668 2568 995 2625 solummodo
1039 2568 1394 2631 Christianis,
1429 2569 1525 2623 sed
1551 2572 1601 2624 et
1626 2567 1813 2623 Judeis
1837 2571 1897 2623 in

275 2666 462 2721 eadem
497 2663 629 2720 urbe
661 2662 1119 2719 commanentibus
1176 2666 1293 2717 erat
1322 2664 1667 2729 carissimus,
1702 2678 1807 2733 pro
1837 2678 1895 2718 eo

275 2757 418 2829 quod
442 2755 765 2812 Hebraicam
792 2756 1078 2810 veritatem
1115 2754 1223 2823 (11)
1258 2770 1294 2808 a
1331 2755 1535 2809 caeteris
1564 2754 1894 2811 editionibus

274 2862 545 2905 secernere
571 2851 687 2902 erat
706 2848 937 2917 peritus,
985 2850 1035 2901 et
1061 2848 1122 2901 in
1150 2845 1256 2908 his,
1290 2862 1413 2916 quae
1451 2845 1743 2901 secundum
1776 2848 1890 2902 He-

278 2941 521 3000 braicam
564 2940 844 2994 veritatem
885 2937 1155 2999 dicebant,
1187 2936 1485 2992 Judeorum
1513 2941 1635 2992 erat
1663 2952 1888 2992 consen-

1996 1854 2118 1893 rum
2169 1839 2322 1894 lectio
2364 1842 2415 1893 et
2450 1839 2736 1893 meditatio
2772 1855 2890 1894 eum
2946 1842 3263 1911 occupabat,
3291 1844 3386 1898 sed
3438 1848 3616 1900 tamen

1995 1930 2321 2001 quotidiana
2332 1932 2625 1986 missarum
2644 1931 2927 1985 celebratio
2944 1936 2994 1986 et
3010 1932 3200 1987 devota
3211 1934 3287 1988 ad
3304 1937 3475 1990 Deum
3489 1952 3613 1991 ora-

1995 2027 2071 2078 tio
2108 2039 2316 2093 semper
2343 2038 2460 2077 eum
2484 2023 2927 2093 praeoccupabat.
2960 2026 3135 2092 Longa
3161 2028 3432 2094 confectus
3457 2044 3613 2084 sene-

1992 2119 2133 2169 ctute
2161 2130 2280 2169 cum
2295 2114 2627 2169 decubuisset
2644 2120 2886 2170 extrema
2901 2118 3233 2185 egritudine,
3261 2121 3433 2174 nichil
3448 2124 3612 2176 amit-

1991 2213 2106 2265 tens
2132 2210 2312 2264 insitae
2339 2210 2447 2264 sibi
2458 2209 2786 2279 prudentiae,
2819 2213 3165 2284 fratrumque
3196 2216 3445 2272 voluntas
3481 2223 3616 2272 esset

1989 2305 2070 2367 ut,
2105 2317 2223 2356 cum
2260 2302 2452 2367 obiret,
2483 2302 2634 2355 intra
2675 2306 3060 2359 monasterium
3100 2307 3390 2376 sepultura
3439 2309 3611 2362 locum

1998 2392 2295 2460 acciperet:
2318 2394 2378 2445 ut
2404 2392 2493 2445 vir
2520 2391 2737 2446 altioris
2759 2393 2995 2461 consilii,
3022 2396 3226 2449 malens
3245 2398 3308 2450 in
3326 2402 3613 2465 conspectu

1998 2482 2096 2534 Dei
2139 2480 2362 2534 humilis
2377 2473 2555 2549 'quam
2608 2486 3068 2551 prasumptuosus
3123 2485 3379 2552 inveniri,
3420 2486 3614 2540 obnixe

1994 2574 2149 2641 petiit
2168 2575 2227 2626 in
2257 2574 2549 2628 ccemeterio
2586 2578 2773 2630 nostro
2800 2576 3071 2643 fratribus
3096 2576 3343 2631 omnibus
3360 2591 3611 2647 consepe-

1997 2663 2110 2717 liri.
2159 2662 2306 2718 Obiit
2341 2678 2466 2730 ergo
2495 2678 2552 2716 ιιι
2608 2665 2792 2721 Nonas
2839 2664 3103 2733 Octobris,
3158 2670 3388 2735 tempore
3430 2665 3619 2722 domui

1996 2754 2277 2810 Liethardi
2306 2753 2520 2808 abbatis
2558 2751 2691 2822 (‘12),

2067 2846 2190 2902 Haec
2216 2852 2344 2901 sunt
2364 2860 2487 2917 quae
2518 2843 2589 2899 de
2624 2843 2737 2899 vita
2765 2843 3035 2915 Sigeberti
3075 2844 3273 2900 tradita
3315 2845 3605 2917 habemus,

1993 2950 2167 3006 pauca
2194 2933 2439 3006 quidem,
2480 2931 2576 2987 sed
2605 2948 2726 3004 quae
2756 2930 3055 2988 sufﬁciunt
3081 2932 3151 2987 ad
3180 2934 3356 2990 virum
3396 2933 3607 3011 cogno-

276 3033 417 3088 tiens
444 3028 846 3085 assertionibus.
877 3029 1003 3083 Post
1030 3027 1261 3082 multum
1290 3030 1563 3097 temporis,
1598 3029 1697 3082 via:
1720 3029 1890 3098 impe-
1921 3076 1965 3098 η
1991 3028 2256 3085 scendum
2289 3026 2416 3082 vitae
2444 3025 2687 3082 candore
2712 3032 2876 3096 atque
2900 3025 3069 3080 animi
3097 3026 3443 3084 humanitate
3466 3029 3606 3084 adeo

276 3130 424 3184 trata
482 3123 716 3189 licentia,
765 3121 979 3176 rediens
1034 3120 1110 3175 ad
1158 3120 1431 3176 cenobium
1490 3120 1884 3189 Gemblacense,

1918 3076 1967 3145 Ο

1988 3118 2454 3185 commendatum,
2494 3122 2553 3172 ut
2582 3115 2894 3188 ubicunque
2930 3114 3179 3192 degeret,
3221 3118 3480 3175 omnibus
3517 3135 3609 3175 es-

1837 3218 2048 3275 NOTIE.

348 3320 424 3393 (7)
466 3314 1100 3393 Elevatio__S._(_luiberti,
1132 3315 1191 3370 in
1220 3315 1367 3372 Actis
1398 3316 1492 3371 SS.
1525 3315 1649 3371 Maii
1675 3316 1737 3385 V,
1759 3316 1885 3373 266.
1915 3325 1965 3393 ρ
2063 3317 2377 3393 Επνιηθθηε
2404 3316 2497 3393 hic
2535 3329 2624 3393 cor
2650 3314 2975 3369 induratum
3008 3316 3138 3383 ferit
3166 3333 3359 3393 angor,

351 3388 423 3462 is)
463 3390 537 3462 oe
556 3389 660 3446 vir.
692 3388 928 3462 ιιιηι-ίρ.

350 3457 423 3532 (9)
462 3461 580 3517 Νοιι
637 3477 689 3515 a.
740 3457 899 3532 1113,
959 3465 1021 3532 ut
1076 3472 1222 3532 unus
1273 3457 1440 3532 tradit
1494 3457 1768 3532 ﬁobertus
1804 3460 1891 3532 Ade

276 3528 489 3597 Mente;
533 3530 855 3587 Liethardus
910 3529 1056 3585 enim
1089 3529 1262 3583 abbas
1295 3528 1411 3597 jam
1442 3545 1479 3583 ιι
1507 3530 1690 3585 Nonas
1729 3530 1888 3587 Febr.

276 3622 327 3661 a.
360 3602 502 3674 1113
530 3603 686 3659 obiit.
711 3602 872 3658 Error
898 3599 1242 3674 illeqlioberti
1281 3600 1413 3674 inde
1444 3609 1605 3674 natus
1631 3610 1714 3657 est
1744 3602 1891 3674 quod

277 3673 533 3733 Chronici
569 3674 740 3746 codex
782 3689 959 3746 quem
1004 3671 1093 3746 ille
1145 3671 1435 3743 exscripsit
1486 3671 1893 3730 Bellovacénsis

276 3763 482 3803 annum
515 3744 655 3801 1112
682 3745 737 3799 in
769 3742 877 3799 duo
907 3742 1120 3797 dividit.

346 3818 457 3889 (10)
498 3818 561 3889 In
586 3815 809 3889 _Gestis_
846 3813 975 3868 abb.
1010 3812 1480 3889 Gembl.__Da_mus
1503 3830 1568 3868 ea
1615 3830 1647 3869 e
1700 3814 1890 3869 codice

275 3884 512 3964 egregio
542 3885 835 3964 Lipsiensi,
866 3884 1297 3964 quemcontulit
1325 3884 1519 3964 Waitz.

347 3953 454 4031 (11)
494 3953 860 4031 l_.textu_m
885 3953 960 4031 ab
994 3953 1327 4031 Hieronymo
1366 3971 1433 4010 ex
1460 3954 1887 4031 ipso__Hebraico

274 4025 482 4156 ιιοὶὲἓέ
696 4028 754 4082 in
794 4026 1043 4082 Latinum
1076 4025 1417 4103 translatum.
1452 4025 1532 4082 Cf.
1579 4025 1884 4083 Chronicon

276 4118 328 4156 ιι.
483 4141 496 4156 .
633 4142 644 4155 .

276 4118 328 4157 a.
370 4100 496 4166 382,
520 4100 644 4155 395.
1296 4100 1303 4103 ’

275 4243 308 4298 d
346 4173 449 4298 (1Ξί
471 4172 807 4254 _Sequuntur
836 4169 892 4224 in
922 4168 1115 4226 codice
1154 4168 1425 4241 Lipsiensi
1469 4182 1662 4224 versus
1691 4169 1760 4225 de
1787 4185 1886 4226 eo-

314 4260 401 4298 em
444 4260 525 4298 ιιι

314 4260 401 4300 em
430 4260 482 4298 ιιι
511 4261 525 4298 ζ

343 4363 513 4417 Iustis
553 4362 852 4426 consertus,
873 4359 1026 4413 vivat
1051 4358 1262 4413 Christo
1284 4356 1586 4424 Sigebertus
1610 4352 1624 4407 l

345 4434 580 4488 Mundus
608 4434 874 4497 mutatur,
907 4431 1125 4493 transit,
1167 4428 1296 4482 dum
1333 4432 1476 4481 stare
1500 4428 1749 4497 putatur.

353 4505 545 4558 Vivens
567 4505 774 4558 transit
802 4501 974 4565 homo,
1007 4500 1101 4555 sed
1126 4500 1427 4568 pertransit
1451 4496 1725 4552 moriendo

344 4573 530 4630 Eheu!
562 4588 707 4628 mors
743 4573 950 4627 homini
970 4573 1151 4642 parcit
1176 4570 1334 4632 nulli,
1367 4570 1533 4623 datur
1559 4570 1727 4634 omni,

344 4646 607 4714 Prmﬁmas
644 4649 812 4698 metas
835 4642 1037 4697 nullius
1056 4644 1295 4714 praeterit
1322 4645 1472 4695 tetas.

345 4713 485 4771 Huic
510 4715 714 4770 mundo
752 4715 987 4768 lacrimae
1015 4717 1064 4769 si
1093 4713 1374 4780 defunctos
1400 4728 1649 4771 revocare

346 4788 586 4852 Possent,
627 4789 776 4856 quot,
808 4785 1007 4857 quales
1028 4784 1390 4857 nobis,‘quam
1417 4788 1748 4857 Spirituales,

346 4858 606 4915 Omnibus
634 4852 685 4911 et
713 4852 855 4911 clari
881 4855 1081 4910 studiis
1111 4859 1161 4909 et
1199 4852 1334 4909 heul
1366 4852 1522 4912 modo
1551 4861 1673 4914 rari

346 4931 558 4994 Essent,
588 4930 803 4982 emerito
827 4926 1061 4997 deflendi
1090 4942 1208 4980 cum
1235 4925 1528 4992 Sigeberto.

344 5000 453 5056 Sed
471 5002 603 5069 quia
620 4998 875 5069 praeclari
896 4999 1036 5063 rari,
1068 5001 1337 5069 nequeunt
1370 5002 1635 5065 revocari,

342 5068 549 5127 Mundo
574 5068 862 5135 subtracti,
884 5070 991 5122 sint
1023 5068 1267 5123 caelicolis
1296 5071 1490 5124 sociati
1504 5070 1517 5125 l

343 5143 509 5201 Nobis
530 5142 765 5198 solamen
791 5139 882 5196 det
902 5154 1106 5211 semper
1132 5154 1189 5195 se
1213 5142 1372 5195 Deus.
1404 5142 1597 5199 Amen.

275 5275 336 5330 ιιι
366 5273 563 5331 eodem
593 5272 786 5328 codice
817 5278 1008 5342 postea
1041 5269 1077 5326 f.
1113 5270 1180 5327 56
1208 5287 1449 5344 sequens
1474 5273 1675 5349 legitur

627 5406 984 5478 Epitaphium
1024 5406 1209 5461 damni
1245 5406 1525 5475 Sigeberti.

343 5519 462 5577 Heu
484 5518 497 5574 l
520 5534 663 5575 mors
685 5520 927 5574 maror-is
942 5523 1286 5586 crementum,
1316 5534 1483 5574 causa
1506 5519 1738 5577 doloris!

350 5591 394 5647 Ο
426 5607 521 5661 per
549 5595 598 5646 te
625 5594 855 5661 quantos
884 5590 1028 5657 luget
1056 5590 1289 5645 mundus
1319 5592 1426 5644 sibi
1453 5595 1639 5660 raptos
1663 5590 1675 5645 l

348 5663 573 5733 Spicula
599 5678 696 5717 nos
710 5662 937 5730 feriunt,
970 5662 1045 5716 ad
1070 5676 1161 5716 cor
1173 5677 1389 5731 quoque
1411 5662 1643 5716 vulnera
1668 5665 1844 5732 ﬁgunt
1868 5679 1882 5717 :

349 5734 566 5805 Figitur
592 5735 685 5791 hoc
707 5735 872 5789 menti
904 5733 1123 5801 vulnus,
1151 5748 1257 5789 non
1285 5736 1466 5802 estque
1492 5735 1657 5789 reniti

1903 4686 1960 4756 D

2068 3390 2200 3443 Cum
2218 3403 2361 3443 mors
2382 3387 2682 3441 dissociuns
2708 3400 3008 3453 germanos,
3040 3390 3222 3443 omnia
3242 3395 3480 3456 mutans,

2063 3462 2124 3515 In
2154 3459 2351 3529 quibus
2378 3462 2457 3512 est
2483 3458 2631 3529 caris
2660 3461 2711 3510 et
2736 3458 2912 3524 fervet
2941 3470 3093 3511 amor
3125 3461 3365 3528 socialis,

2067 3528 2272 3587 Turbat
2287 3528 2570 3599 mutando,
2601 3529 2806 3598 rumpit
2833 3542 3042 3599 quoque
3061 3530 3258 3598 pollice
3286 3533 3423 3588 duro

2065 3604 2133 3658 Ut
2160 3601 2441 3656 naturales
2463 3598 2710 3669 aﬁ'ectus,
2751 3601 2829 3654 sic
2859 3598 3105 3655 sociales.

2037 3674 2376 3742 ‘Eﬁ‘lorescat
2406 3673 2558 3725 homo
2588 3671 2731 3733 licet,
2771 3677 2832 3724 ut
2866 3674 2962 3740 flos
2987 3675 3218 3740 tempore
3242 3688 3423 3728 verno.

2060 3747 2160 3800 Res
2184 3744 2342 3797 rebus
2366 3743 2620 3804 cumulet,
2652 3745 2877 3796 mentem
2901 3757 3093 3812 corpus
3124 3757 3333 3813 quoque
3359 3747 3528 3804 vexet.

2061 3815 2337 3871 Sollicitus
2367 3827 2528 3867 curas
2557 3813 2779 3881 explens
2805 3828 2980 3867 secum
3009 3816 3288 3868 ruiturus:

2064 3887 2183 3942 Una
2218 3885 2332 3939 dies
2369 3885 2626 3938 miserum
2647 3885 2968 3953 penitusque
2994 3886 3127 3952 fecit
3144 3886 3537 3940 miserandum.

2059 3956 2144 4012 Sit
2170 3972 2292 4020 rem,
2320 3957 2392 4010 sit
2407 3956 2679 4024 princeps,
2712 3956 2902 4023 opibus
2922 3958 3251 4024 paupercula
3265 3960 3339 4011 sit
3360 3957 3534 4026 plebs,

2060 4030 2168 4083 Par
2182 4027 2359 4081 trahit
2376 4027 2469 4098 hos
2489 4028 2679 4098 mortis
2701 4026 2808 4092 lem,
2833 4026 3224 4082 discretissima
3254 4030 3525 4098 quamvis.

2057 4101 2156 4154 Est
2183 4100 2375 4152 etenim
2397 4097 2565 4166 justis
2584 4096 2752 4165 justas
2782 4099 3030 4153 discretio
3055 4101 3240 4154 sortis.

2062 4173 2258 4225 Terrea
2278 4170 2501 4223 terrenis
2529 4170 2788 4238 terraeque
2813 4168 3033 4238 placent
3060 4170 3336 4225 studiosis.

2056 4243 2254 4297 Rerum
2282 4242 2609 4307 contemptus
2638 4255 2907 4294 vanorum
2933 4243 3152 4308 partior
3179 4256 3307 4296 usus

2057 4314 2375 4368 Emtenuans
2391 4310 2588 4379 justas,
2626 4316 2902 4381 promptos
2914 4314 3089 4379 magis
3118 4313 3285 4382 efﬁcit
3311 4313 3432 4366 illos

2057 4384 2181 4441 Sint
2205 4387 2265 4436 ut
2292 4385 2353 4436 in
2378 4396 2602 4436 ascensu
2637 4384 2791 4447 recti,
2819 4384 2933 4437 sint
2970 4383 3126 4438 corde
3160 4384 3242 4437 vel
3277 4388 3419 4448 actu,

2058 4455 2299 4509 Admitti
2322 4454 2553 4522 superis,
2582 4455 2757 4508 emitti
2782 4453 3039 4521 funditus
3068 4456 3212 4520 imis,

2056 4527 2317 4582 Nancisci
2334 4539 2554 4578 summae
2572 4528 2770 4579 certent
2789 4527 2889 4594 pia
2907 4525 3116 4591 gaudia
3142 4527 3288 4580 vitae.

2058 4598 2333 4654 Certamen
2361 4597 2435 4649 sit
2459 4598 2533 4648 eis
2561 4599 2734 4650 omnis
2763 4596 3008 4651 custodia
3035 4597 3236 4651 cordis.

2061 4669 2253 4723 Tendit
2280 4668 2421 4721 enim
2443 4666 2659 4734 laqueos
2686 4672 2876 4736 raptor
2903 4669 3204 4737 cuicunque
3219 4670 3468 4737 paratos,

2054 4742 2124 4795 Et
2154 4744 2268 4793 tam
2296 4737 2621 4806 multiplices
2642 4738 2799 4791 habet
2825 4738 2942 4807 ejus
2954 4753 3099 4791 utens
3122 4737 3271 4793 mala
3297 4737 3523 4804 fraudes

2059 4812 2226 4865 Tutus
2256 4809 2328 4863 ah
2358 4808 2443 4862 his
2471 4822 2657 4862 sensus
2686 4812 2745 4862 ut
2774 4824 2881 4863 non
2908 4811 2982 4862 sit
3008 4812 3247 4879 corporis
3268 4810 3412 4864 ullus
3437 4826 3452 4872 ;

2060 4884 2129 4953 Ut
2162 4883 2413 4935 meritum
2429 4880 2642 4953 minuat
2654 4879 2846 4948 justis,
2874 4879 2957 4933 vel
2993 4895 3077 4934 eos
3097 4881 3213 4953 sibi
3235 4880 3450 4953 subdat,

2063 4950 2287 5008 Viribus
2312 4956 2474 5021 atque
2510 4949 2650 5004 dolis
2679 4954 2948 5005 concertat
2974 4952 3229 5007 subdolus
3262 4952 3449 5004 hostis.

2058 5024 2122 5080 Si
2151 5028 2349 5078 mentes
2378 5024 2558 5090 ﬂuxas
2596 5021 2864 5093 absorbet,
2892 5023 2974 5076 nil
2995 5027 3161 5093 putat
3191 5022 3335 5075 illas.

2060 5095 2275 5165 Gratia,
2303 5089 2530 5165 Christe,
2562 5090 2699 5146 tibi!
2727 5107 2826 5161 per
2853 5097 2903 5148 te
2930 5089 3192 5165 superant
3218 5092 3350 5165 quia
3381 5089 3524 5160 justi

2059 5163 2267 5244 anes'
2287 5163 2565 5244 decipulas
2615 5167 2665 5217 et
2699 5179 2840 5232 quas
2871 5168 3041 5244 parat
3065 5163 3399 5244 ruinas.

2057 5239 2225 5292 Devia
2263 5238 2521 5290 sectantes
2548 5249 2826 5299 revocans,
2858 5235 3052 5304 jungis
3081 5235 3182 5289 tibi
3208 5237 3432 5299 stantes,

2056 5310 2127 5363 Et
2165 5311 2263 5361 tua
2281 5321 2399 5375 spes
2424 5308 2637 5359 nostras
2656 5305 2820 5375 juvat
2847 5306 3066 5375 capiens
3087 5305 3246 5371 larga
3266 5308 3521 5373 potestas,

2058 5379 2163 5447 Spe
2191 5378 2367 5432 salvos
2397 5377 2625 5443 faciens,
2657 5377 2733 5431 ad
2760 5392 2871 5431 rem
2900 5380 3083 5442 gratos
3108 5377 3212 5431 tibi
3239 5376 3461 5431 ducens.

2059 5449 2361 5505 Consimilis
2392 5447 2562 5516 justis
2590 5448 2757 5502 multo
2783 5447 2961 5501 studio
2994 5447 3310 5517 probitatis.

2055 5521 2234 5589 Aptus
2254 5519 2458 5573 divinis
2474 5523 2523 5573 et
2550 5519 2746 5573 mundi
2764 5518 2920 5573 rebus
2947 5518 3192 5586 agendis,

2056 5592 2169 5646 Leu:
2198 5592 2340 5655 vitae,
2368 5590 2640 5660 speculum
2672 5604 2870 5643 norma:
2897 5590 3107 5657 fueras,
3141 5590 3432 5659 Siqeberte,

2059 5663 2160 5719 Cui
2175 5666 2355 5716 noster
2380 5676 2553 5716 serrno
2571 5661 2833 5731 persolvit
2857 5660 3038 5733 debita
3049 5663 3275 5733 scripto.

2066 5733 2272 5789 Vixisti
2299 5746 2535 5800 concors,
2561 5733 2716 5787 vivas
2734 5745 2838 5801 per
2860 5732 3055 5789 sucula
3069 5732 3306 5798 consors,
3380 5742 3462 5880 δ
