3870 6060
196 262 277 324 13

1628 247 2134 311 PROLEGOMENA.
3479 264 3549 322 14

199 405 297 453 set
323 396 565 459 charus;
591 392 856 448 modesta
885 386 1260 455 verecundia,
1289 387 1461 458 utqui
1484 386 1711 457 gloriam
1744 392 1828 441 at-
1857 389 1905 456 Α
1933 384 2030 439 sia
2054 398 2303 440 normam
2361 399 2584 455 semper
2631 387 2773 442 redit
2806 405 2819 453 ;
2853 388 3000 460 quod
3059 390 3126 447 ad
3174 392 3551 452 discutiendas

199 506 316 562 que
346 491 588 544 honores
616 501 839 556 semper
875 483 1180 539 declinaret
1229 481 1336 553 (13)
1372 500 1387 544 ;
1429 480 1727 555 gratissimi
1759 479 1827 534 ad

201 579 423 636 obitum
457 591 632 648 usque
659 574 829 629 animi
872 588 1003 646 erga
1056 571 1450 627 monasterium
1482 587 1638 625 suum
1673 586 1833 625 eum-

204 685 320 743 que
348 669 445 740 qui
476 681 648 739 puero
690 672 844 736 pater
870 663 1045 718 fuerat
1084 669 1246 734 atque
1286 661 1488 727 fautor,
1530 661 1831 723 Olbertum,

206 759 300 814 cui
328 759 385 812 in
405 758 587 812 Gestis
603 754 865 810 abbatum
879 752 1357 808 Gemblacensium
1375 760 1480 805 tam
1542 749 1832 821 pulchrum

206 853 634 902 monumentum
663 842 917 898 condidit
946 841 1071 910 iiIi).
1104 840 1229 895 Fuit
1256 840 1563 895 monachus
1590 837 1834 908 antiqua

210 935 568 999 reverentia,
602 939 788 988 mente
816 946 1008 1002 purus,
1041 930 1284 985 avaritia
1317 939 1372 983 et
1412 928 1567 983 mala
1600 927 1838 982 licentia

210 1028 271 1082 in
300 1024 595 1080 monachis
636 1022 986 1093 impugnator
1050 1018 1320 1074 acerimus
1352 1018 1478 1089 (15),
1510 1017 1691 1091 gravis
1719 1016 1840 1070 sine

208 1119 556 1184 morositate,
592 1116 901 1172 benevolus
939 1130 1070 1186 erga
1094 1129 1307 1191 omnes,
1339 1112 1559 1168 Judaos
1578 1128 1735 1183 aque
1766 1118 1841 1166 at-

213 1230 328 1285 que
362 1212 704 1267 Christianos
732 1208 823 1275 ;in
857 1207 1164 1277 judicando
1218 1206 1410 1259 firmus
1441 1205 1651 1276 absque
1681 1219 1836 1259 arro-

212 1304 427 1377 gantia,
461 1319 549 1357 res
579 1308 790 1356 tantum
822 1306 1101 1369 spectans,
1134 1312 1246 1352 non
1296 1310 1562 1366 personas
1593 1313 1609 1359 ;
1635 1293 1762 1362 iusti
1785 1299 1840 1348 et

212 1395 333 1451 veri
358 1392 623 1448 defensor
648 1391 961 1462 intrepidus
980 1389 1149 1455 ;male
1164 1388 1305 1442 facta
1331 1386 1667 1457 ubicumque
1692 1384 1841 1439 vide-

214 1484 332 1550 bat,
365 1484 689 1552 vituperans
715 1496 782 1535 ex
812 1479 1017 1545 animo,
1041 1477 1141 1532 sed
1158 1476 1276 1531 sine
1304 1475 1500 1531 odiosa
1518 1473 1838 1537 acerbitate;

219 1588 326 1628 nec
356 1571 631 1625 damnans
659 1576 720 1625 ut
748 1568 972 1634 zelator,
1013 1566 1112 1622 sed
1135 1574 1195 1621 ut
1225 1565 1320 1637 qui
1354 1565 1647 1619 humanam
1681 1569 1840 1617 natu-

219 1684 337 1723 ram
379 1667 525 1722 bene
559 1666 836 1739 cognitam
898 1664 1125 1718 haberet
1154 1663 1283 1733 (16).
1343 1657 1843 1732 Superstitionibus

1931 476 2271 547 quastiones
2302 476 2425 531 illas
2449 477 2800 548 gravissimas
2841 496 2951 536 non
2983 484 3217 555 argutiis
3244 487 3417 542 utitur
3446 504 3551 543 ne-

1933 586 2041 641 que
2071 568 2379 637 affectibus,
2411 578 2469 626 ut
2500 569 2721 643 plurimi
2753 579 2867 629 tum
2900 573 3197 645 faciebant,
3213 582 3312 635 sed
3338 582 3405 636 ad
3424 578 3550 637 vita

1933 670 2133 720 statum
2165 666 2531 739 humanaque
2548 673 2677 722 natu
2688 684 2760 723 ra
2777 668 3151 727 conditionem
3166 689 3260 729 eas
3273 675 3486 733 reducit
3501 683 3555 732 et

1935 754 2003 808 ad
2018 755 2285 809 rationem
2319 756 2617 831 legentium
2636 764 2917 828 provocat,
2950 775 3060 815 non
3090 765 3551 832 necessarias,ubi

1944 847 2059 902 hac
2087 847 2234 903 clare
2262 849 2578 920 loquantur,
2610 850 2964 907 auctoritates
2993 850 3265 919 dicens,et
3284 873 3472 912 verum
3495 858 3550 913 in

1940 938 2198 993 omnibus
2219 940 2607 1011 spectandum,
2632 957 2741 996 non
2774 941 2966 997 littera
2993 943 3404 1001 inserviendum
3423 964 3551 1004 mo-

1942 1043 2081 1082 nens
2112 1030 2213 1099 (2i)
2250 1047 2264 1095 ;
2291 1030 2438 1101 quod
2470 1047 2658 1086 verum
2690 1047 2799 1086 non
2828 1032 2955 1088 ideo
2982 1050 3194 1102 verum,
3217 1034 3346 1109 quia
3368 1048 3553 1095 auctos

1941 1117 2132 1172 ritates
2164 1118 2217 1172 id
2259 1119 2462 1184 dicant,
2494 1120 2592 1173 sed
2632 1120 3195 1178 auctoritatibusinde
3217 1126 3554 1182 credendum

1941 1208 2069 1279 quia
2098 1225 2285 1264 verum
2310 1210 2495 1265 dicant
2526 1209 2634 1281 (22)
2664 1228 2678 1277 ;
2702 1211 3556 1285 hacanimumproduntsaculo

1940 1296 2034 1351 illo
2068 1297 2230 1370 longe
2258 1298 2619 1369 superiorem,
2640 1299 2803 1370 etqui
2827 1300 3006 1358 altiori
3032 1302 3156 1358 loco
3189 1304 3392 1378 dignus
3418 1313 3556 1373 erat,

1941 1401 2104 1456 quam
2136 1402 2300 1457 quem
2360 1386 2632 1459 Sigeberti
2679 1387 2954 1443 modestia
2991 1397 3181 1447 tenere
3218 1394 3413 1449 voluit.
3449 1396 3559 1451 Nec

1941 1480 2162 1548 mirum,
2194 1497 2440 1536 summos
2471 1481 2793 1538 Leodiensis
2835 1483 3091 1541 Ecclesia
3128 1487 3276 1544 viros
3334 1505 3559 1561 semper

1940 1576 2008 1631 ad
2039 1577 2370 1632 monachum
2399 1575 2851 1633 Gemblacensem
2898 1580 3174 1649 retulisse,
3207 1582 3254 1638 si
3297 1601 3557 1658 magnum

1942 1663 2148 1736 aliquid
2183 1665 2460 1737 agendum
2529 1675 2694 1731 esset,
2730 1666 3017 1740 ipsiusque
3073 1672 3405 1727 sententiam
3462 1688 3561 1745 pro

220 1770 279 1816 et
304 1760 575 1833 prodigiis
629 1757 807 1813 multo
870 1756 1054 1811 minus
1084 1755 1334 1810 deditum
1374 1753 1648 1820 videmus,
1672 1767 1836 1825 quam
1863 1762 1913 1831 Β
1937 1753 2157 1827 publica
2189 1754 2444 1810 Ecclesiae
2460 1771 2572 1810 sua
2603 1756 2868 1827 opinione
2900 1760 3168 1817 edidisse.
3196 1791 3267 1802 —
3299 1763 3555 1819 Doctrina

221 1849 521 1921 plerosque
572 1844 867 1918 aqualium
899 1861 914 1909 ;
948 1844 1018 1898 de
1071 1842 1352 1898 miraculis
1408 1841 1584 1896 libere
1616 1847 1670 1896 et
1697 1842 1841 1897 ultra

219 1938 401 1995 atatis
437 1937 587 1991 illius
612 1934 836 1990 modum
868 1932 1072 1989 sentire
1104 1938 1159 1987 et
1197 1931 1349 2002 loqui
1416 1930 1656 1985 audebat
1712 1930 1837 1999 (d7).

220 2026 593 2081 Gravissimus
618 2028 801 2078 autem
851 2020 1098 2094 ingenio,
1127 2029 1334 2085 mente,
1367 2032 1842 2089 sermone,appa-

223 2128 313 2175 ret
342 2119 401 2173 in
431 2115 706 2189 epistolis,
741 2112 1167 2186 quasGemblaci
1190 2111 1426 2183 scripsit.
1448 2111 1577 2176 Qua
1607 2109 1682 2163 ibi
1711 2108 1847 2164 dicit

221 2209 295 2263 de
322 2206 512 2263 studio
542 2221 643 2277 per
680 2203 974 2278 allegorias
1003 2202 1189 2258 omnia
1210 2200 1519 2272 explicandi
1554 2200 1657 2271 (18)
1690 2215 1844 2271 ;qua

223 2300 297 2355 de
328 2298 594 2370 periculis
610 2296 868 2352 Ecclesia
895 2301 949 2351 et
967 2293 1223 2367 religioni
1242 2293 1370 2348 inde
1403 2292 1843 2359 imminentibus,

222 2391 379 2464 quod
403 2389 635 2459 jejunia,
663 2386 946 2444 calibatus
997 2393 1052 2441 et
1082 2386 1189 2441 alia
1238 2384 1409 2440 multa
1440 2385 1507 2439 ad
1543 2384 1844 2440 monacho-

224 2498 348 2538 rum
382 2488 594 2536 tantum
633 2480 885 2538 ordinem
942 2477 1249 2549 spectantia
1297 2477 1504 2532 sensim
1560 2475 1690 2530 fidei
1743 2474 1844 2546 ipsi

224 2576 550 2634 Christiana
589 2574 1023 2631 obtruderentur
1055 2580 1317 2645 tanquam
1349 2572 1418 2626 ab
1441 2571 1700 2627 omnibus
1721 2585 1844 2645 ser—

222 2665 407 2722 vanda
430 2665 545 2737 (19)
582 2663 761 2737 ;quod
793 2662 1023 2735 reliquis
1053 2659 1473 2718 auctoritatibus
1503 2658 1722 2729 rejectis
1741 2658 1845 2729 (20)

225 2758 296 2813 ad
320 2772 508 2813 sacras
529 2755 840 2826 Scripturas
891 2761 1152 2826 tanquam
1207 2754 1276 2809 ad
1336 2768 1605 2808 summam
1660 2750 1850 2806 Eccle-

1943 1847 2085 1902 inter
2114 1846 2320 1918 primos
2339 1847 2424 1901 sui
2452 1848 2719 1919 temporis
2758 1848 2972 1907 claruit.
3004 1851 3233 1909 Veteres
3285 1860 3560 1923 auctores,

1945 1933 2225 1989 Horatium
2289 1934 2544 2003 maxime,
2602 1952 2712 1993 non
2766 1937 2889 1994 sine
2929 1938 3108 1997 fructu
3167 1958 3294 1998 eum
3359 1942 3563 2019 legisse

1944 2020 2147 2092 scripta
2186 2022 2450 2093 produnt,
2504 2024 2735 2081 floribus
2791 2027 2920 2084 inde
2961 2029 3208 2087 collectis
3264 2048 3562 2105 respersa;

1947 2111 2089 2168 inter
2117 2114 2304 2169 Patres
2345 2115 2601 2172 Ecclesia
2652 2117 3044 2190 Hieronymum
3101 2129 3267 2195 atque
3308 2125 3565 2200 Augusti-

1948 2220 2075 2259 num
2107 2206 2366 2276 pratulit.
2400 2208 2639 2264 Gracam
2670 2208 2937 2284 linguam,
2978 2207 3024 2267 si
3056 2228 3165 2270 non
3206 2214 3430 2285 penitus
3460 2213 3559 2270 im-

1946 2293 2108 2362 bibit,
2137 2297 2378 2370 gustavit
2429 2297 2623 2353 saltem
2675 2299 2789 2370 (23)
2820 2317 2835 2367 ;
2869 2300 3111 2357 Latinam
3152 2312 3206 2360 et
3239 2303 3419 2359 soluta
3442 2321 3567 2361 ora-

1946 2385 2095 2442 tione
2125 2387 2293 2443 coluit
2315 2395 2368 2444 et
2396 2390 2661 2456 carmine,
2722 2391 2946 2448 heroico
2976 2392 3111 2465 (24),
3152 2394 3400 2469 elegiaco
3433 2396 3564 2469 (25),

1949 2477 2164 2533 Alcaico
2189 2478 2316 2548 (‘26),
2358 2495 2470 2536 non
2497 2496 2725 2552 prorsus
2753 2481 2925 2538 invita
2978 2482 3221 2540 Minerva
3255 2502 3268 2548 ;
3302 2485 3357 2540 in
3389 2500 3455 2541 eo
3486 2493 3569 2541 ta-

1950 2582 2077 2621 men
2109 2568 2343 2639 tempori
2394 2569 2723 2640 inserviens,
2792 2572 2939 2644 quod
3000 2573 3237 2629 mediam
3292 2590 3568 2647 quamque

1949 2676 2143 2716 versus
2163 2678 2353 2719 vocem
2386 2664 2595 2720 ultima
2638 2666 2693 2720 in
2724 2666 2954 2722 Alcaicis
3007 2683 3229 2740 quoque
3263 2683 3570 2724 consonare

1949 2749 2101 2815 fecit,
2134 2749 2349 2808 Musica
2382 2752 2546 2808 etiam
2580 2753 2715 2810 artis
2769 2770 2835 2810 ex
2872 2754 3166 2826 disciplina
3195 2763 3362 2829 atque
3389 2773 3571 2814 exem-

1793 2852 2003 2910 NOTAE.

303 2960 429 3016 Sint
456 2961 507 3013 et
528 2957 801 3025 defunctis
829 2956 1012 3012 eadem
1033 2956 1303 3011 consortia
1330 2954 1556 3010 nostris.

304 3026 449 3085 Dant
471 3022 622 3084 binos
652 3044 837 3083 versus
864 3028 1118 3084 nostridc
1144 3042 1199 3083 se
1227 3027 1329 3082 tibi
1354 3041 1540 3082 versus
1570 3022 1646 3095 (α)

312 3172 426 3241 (13)
460 3171 565 3227 Per
592 3179 768 3229 totum
800 3170 1109 3226 Chronicon
1170 3169 1478 3241 nchverbo
1531 3165 1857 3241 quidemdde

237 3245 357 3301 suis
400 3238 566 3315 rebus
595 3243 843 3315 loquitur
872 3258 887 3307 ;
930 3242 1041 3297 imo
1070 3239 1326 3315 epistolis
1356 3238 1856 3315 duabusincodice

236 3314 622 3371 Gemblacensi
654 3311 766 3369 non
789 3327 991 3369 nomen
1020 3311 1205 3380 suum,
1224 3311 1323 3366 sed
1340 3317 1548 3367 tantum
1576 3312 1857 3379 epistolam

237 3386 528 3456 cujusdam
558 3384 858 3456 inscripsit.

313 3452 422 3528 (14)
454 3456 552 3512 Hic
582 3452 750 3528 etiam
780 3454 932 3528 solus
961 3461 1045 3510 est
1068 3454 1214 3528 inter
1245 3453 1475 3528 abbates
1499 3452 1859 3507 Gemblacen—

240 3525 354 3592 ses,
381 3525 539 3596 cujus
559 3528 616 3582 in
640 3526 913 3583 Chronico
942 3526 1282 3581 mentionem
1302 3525 1451 3581 fecit.

315 3599 428 3669 (15)
463 3599 583 3654 Vita
613 3599 669 3654 S.
696 3597 943 3653 Guiberti
971 3598 1040 3653 8:
1080 3597 1319 3669 radicem
1338 3599 1603 3651 malorum
1650 3599 1699 3649 et
1739 3610 1862 3649 ma-

243 3668 359 3724 lam
381 3671 766 3725 monachorum
788 3684 938 3723 nove:
949 3684 1087 3733 cam,
1103 3668 1306 3723 scilicet
1332 3669 1725 3738 proprietatum
1742 3682 1862 3721 con-

239 3744 633 3811 cupiscentiam
663 3740 822 3795 Gesta
881 3739 1010 3794 abb.
1063 3738 1299 3806 Gembl.,
1355 3740 1454 3795 sub
1482 3739 1698 3811 obtentu
1720 3753 1861 3807 pau-

238 3810 470 3883 pertatis
500 3813 629 3867 dum
649 3814 882 3882 quisque
909 3811 1018 3866 sibi
1037 3811 1285 3883 consulit,
1318 3815 1368 3865 et
1390 3810 1706 3881 posthabita
1729 3824 1864 3883 com-

244 3882 423 3938 munis
452 3886 511 3937 vi
520 3888 588 3938 ta:
612 3884 884 3938 honestate
910 3898 1021 3937 rem
1049 3882 1383 3948 familiarem
1413 3895 1609 3949 augere
1631 3882 1864 3948 peculia-

245 3957 380 4009 riter
405 3954 929 4024 qurerit,vivebatur
945 3953 1099 4023 justo
1154 3954 1424 4018 licentius,
1474 3952 1618 4023 quod
1646 3954 1862 4024 omnino

246 4040 350 4081 non
379 4021 600 4094 eipedit
660 4021 1042 4080 monachorum
1097 4024 1402 4089 animabus,
1436 4021 1502 4078 ef
1540 4024 1697 4094 plura
1726 4021 1859 4094 ibid.

251 4097 372 4168 Ipse
389 4092 513 4168 qua
558 4096 738 4152 Mettis
767 4095 1283 4168 dono‘acceperata
1313 4092 1626 4166 discipulis,
1677 4092 1866 4148 omnia

250 4165 589 4223 monasterio
618 4182 718 4222 suo
756 4165 1006 4223 contulit.

323 4239 433 4310 (16)
464 4237 543 4294 Cf.
577 4238 737 4310 Gesta
767 4236 1247 4310 abbiGemblqp.
1283 4235 1409 4292 762.

1881 2956 1930 3025 (ἶ
1953 2954 2363 3031 doctijucrunt,
2386 2955 2483 3011 sed
2498 2957 2632 3026 quia
2658 2933 2911 3015 veritatis
2937 2960 3567 3031 assertoresprobantur,

1958 3031 2013 3081 et
2041 3024 2275 3080 relicua.

2032 3095 2134 3166 (21)
2167 3085 2308 3151 Ibid.
2345 3097 2531 3164 πραίά
2555 3102 2770 3155 tantum
2799 3101 3119 3158 inharemus
3162 3101 3425 3159 occidenti
3475 3104 3573 3160 lit-

1957 3168 2490 3305 tergé)i¢|tb¢it§viemus
2508 3186 2541 3224 a
2556 3174 2759 3241 spiritu
2788 3173 3093 3242 vivificante
3120 3172 3149 3227 Ῥ

2232 3256 2308 3293 ια.

2028 3309 2244 3385 (33)_De
2302 3310 2538 3385 hoc‘alii
2589 3312 2886 3382 dubitant;
2949 3316 3046 3371 sed
3090 3314 3200 3383 vix,
3246 3316 3435 3385 credo,
3494 3324 3575 3375 tot

1956 3381 2123 3436 verba
2146 3380 2371 3452 Graca(
2411 3382 2538 3437 Vita
2565 3380 2881 3452 Deoderici,
2904 3385 3065 3453 infra,
3123 3380 3571 3445 in'Invocat'ione.

1957 3455 2145 3522 Kyrie,
2172 3454 2394 3508 christe.
2418 3453 2582 3524 theos,
2612 3460 2992 3524 pantocraton,
3026 3459 3234 3524 archos,
3266 3462 3533 3516 anarchos
3557 3476 3572 3515 :

1959 3528 2238 3601 gymnasio
2266 3540 2279 3577 :
2305 3526 2416 3601 gap
2456 3523 2528 3601 _:
2562 3523 2971 3601 cerasia;7Cap_
3002 3529 3084 3601 _9_;
3114 3530 3289 3597 logia;
3320 3530 3452 3601 Cap,
3484 3524 3572 3587 1οε

1954 3596 2250 3666 prolensim
2270 3594 2429 3664 :Cap.
2455 3595 2543 3649 17.
2572 3600 2858 3653 neutericis
2891 3594 3099 3663 ;'lbid.,
3133 3594 3284 3655 vers.
3305 3594 3577 3656 252mm-

1962 3667 2120 3731 tolen,
2148 3667 2314 3741 disin,
2343 3667 2703 3741 mesenbrian,
2734 3672 2945 3735 arcton,
2973 3671 3395 3741 paranimphus;
3431 3671 3574 3728 lhid.

1960 3753 2109 3824 χει-εἒ
2139 3738 2192 3818 1ἶ
2216 3737 2552 3824 liid'raulin‘;
2586 3737 2654 3824 72
2682 3737 3051 3824 orizon.“t_)ap.
3081 3741 3152 3795 22
3200 3737 3255 3795 in
3323 3741 3575 3824 epitaph.

1965 3807 2514 3894 Deodericicbdenis)
2573 3823 2697 3894 cum
2750 3807 3165 3894 prad‘ilectione
3196 3807 3579 3894 quadam

1964 3880 2277 3954 miscuisset
2305 3880 2494 3954 primo
2514 3880 2664 3951 quod
2711 3880 3007 3938 admodum
3044 3880 3265 3954 juvenis
3326 3884 3580 3941 condidit

1963 3952 2142 4027 operi,
2165 3957 2226 4027 et_
2248 3950 2377 4027 huic
2401 3950 2763 4027 uni_'_tantum
2822 3954 2925 4008 nisi
2986 3950 3188 4027 gaudio
3221 3956 3460 4027 quodam
3488 3956 3579 4025 ju-

1964 4020 2130 4106 venili
2161 4020 2486 4106 stimulatus.
2513 4022 2574 4106 id
2598 4021 2840 4106 fecisset,
2865 4020 3018 4106 “quo
3066 4020 3344 4106 discentes
3387 4020 3583 4106 recens

1966 4092 2364 4169 partisstatim
2411 4093 2490 4169 uti
2541 4092 2817 4169 delectat._
2865 4092 3227 4169 Hinchetiam
3280 4096 3583 4169 explicatur

1968 4163 2115 4248 quod
2148 4164 2205 4218 in
2236 4163 2483 4248 reliquis.
2503 4165 2908 4248 ejuSAOperjhus
2954 4167 3081 4248 talia
3102 4184 3217 4248 non
3242 4163 3363 4248 jam'
3387 4184 3580 4225 occur-

1967 4242 2114 4301 runt,
2141 4251 2264 4290 cum
2282 4236 2523 4291 novitate
2554 4236 2728 4292 defuit
2754 4237 3066 4295 delectatio.
3101 4239 3211 4295 Nec
3236 4240 3377 4296 adeo
3430 4256 3584 4296 rarus

325 4306 439 4393 (η)
482 4310 538 4394 In
570 4309 690 4364 Vita
716 4308 771 4364 S.
803 4308 941 4394 Guib
971 4326 984 4363 :
1021 4306 1373 4390 Tandemvtr
1400 4308 1493 4362 Dei
1521 4321 1942 4398 consumma-1)
1969 4307 2079 4388 illis
2108 4306 2433 4433 re§ionibus
2453 4314 2593 4388 tunc
2619 4307 2721 4364 fuit
2749 4308 2946 4364 Graca
2976 4310 3181 4384 lingua
3211 4327 3345 4367 usus
3376 4329 3391 4378 ;
3425 4311 3581 4366 multi

325 4396 339 4433 ς
367 4396 427 4433 m
456 4385 718 4433 virtutum
748 4385 954 4433 aratra.
985 4380 1132 4433 (ηιοά
1158 4394 1341 4433 maius
1367 4383 1464 4433 est.
1497 4394 1661 4433 auam
1682 4393 1730 4432 ει
1754 4378 1865 4432 cla-
1969 4394 2118 4433 enim
2193 4422 2203 4433 .
2238 4377 2467 4432 Amandi
2498 4378 2846 4433 Elnonensis.
2879 4381 2931 4433 8.
2977 4381 3252 4433 Laurentii
3305 4382 3581 4433 Leodien-

256 4378 341 4435 ως
367 4378 427 4435 in
456 4383 718 4435 virtutum
746 4385 954 4448 gratia,
985 4380 1132 4450 quod
1158 4380 1341 4449 majus
1367 4383 1464 4445 est,
1497 4394 1661 4448 quam
1682 4380 1731 4432 si
1754 4378 1865 4432 cla-

255 4454 452 4506 ruisset
479 4453 870 4507 miraculorum
882 4454 1075 4519 gloria.
1092 4451 1379 4506 Miraculis
1403 4453 1606 4519 quippe
1620 4464 1870 4503 nonnun-

1969 4378 2118 4434 enim
2149 4377 2203 4433 S.
2238 4377 2467 4432 Amandi
2498 4378 2846 4446 Elnonensis,
2879 4381 2931 4435 8.
2977 4377 3252 4436 Laurentii
3305 4377 3582 4437 Lcedien-

1968 4450 2046 4525 sis
2087 4456 2143 4504 et
2172 4449 2347 4521 ipsius
2388 4449 2442 4502 S.
2496 4449 2639 4504 Petri
2695 4451 3108 4525 Gemblacensis
3156 4453 3401 4519 codices,
3443 4468 3583 4525 quos

257 4538 418 4596 quam
446 4526 675 4579 virtutes
690 4521 1065 4596 etruscantur,
1094 4523 1362 4577 miracula
1390 4536 1512 4576 vero
1540 4521 1665 4575 solis
1694 4523 1871 4575 virtu-
1972 4520 2139 4596 etiam
2170 4534 2318 4574 nunc
2356 4525 2631 4596 exstantes
2657 4521 2793 4589 vidi,
2821 4522 3033 4596 Graecas
3062 4539 3227 4596 voces
3261 4530 3425 4596 atque
3452 4520 3586 4596 sen-

258 4593 399 4648 tibus
425 4594 890 4649 commendantur.

327 4663 433 4734 (t8)
467 4664 567 4736 Ep.
599 4665 669 4720 de
688 4664 923 4733 jejuniis
937 4664 1295 4734 Quat.Temp.
1317 4664 1759 4736 zidelectatetiam
1784 4678 1879 4717 nos

260 4735 606 4802 allegorisare
619 4751 783 4805 super
802 4752 1023 4792 numero
1040 4735 1525 4801 hebdomadarum,
1546 4749 1668 4803 qua:
1679 4735 1880 4788 distin-

265 4807 672 4891 ewn‘ieiunie
727 4807 1176 4891 ιεἠνωηηξεβθά
1214 4809 1368 4876 quia»
1408 4810 1476 4891 πει.
1504 4805 1879 4891 storias“,

264 4879 324 4961 in
358 4882 564 4948 campis
592 4876 862 4946 allegoria
888 4883 966 4934 est
991 4879 1162 4933 libera
1199 4878 1476 4946 evagandi
1502 4877 1745 4961 licentia,
1774 4876 1883 4930 haec

266 4948 487 5003 libertas
539 4949 692 5004 debet
739 4950 932 5006 habere
987 4951 1201 5005 modum
1252 4947 1659 5019 progrediendi.
1701 4948 1883 5019 Placet

265 5020 372 5074 hac
400 5020 683 5089 allegoria,
715 5022 810 5077 sed
836 5037 941 5076 non
966 5023 1045 5077 ita
1091 5025 1153 5076 ut
1177 4988 1292 5091 pr;
1312 4988 1459 5076 σέλα
1503 5022 1712 5088 ﬁgatur
1732 5018 1882 5089 jeju-

263 5093 476 5147 niorum
503 5094 709 5161 regula.

338 5163 451 5235 (19)
479 5162 559 5218 Cf.
587 5180 676 5234 ep.
711 5163 783 5219 de
815 5164 1003 5235 presb.
1025 5162 1252 5235 conjug.

340 5180 451 5232 (τυ)
479 5180 559 5218 u.
587 5180 676 5234 ep.
711 5180 783 5219 ae

340 5233 453 5300 (20)
486 5234 562 5289 De
582 5234 765 5303 jejun.
799 5180 849 5301 ὅ

847 5242 960 5290 uat.
991 5235 1163 5305 Temp
1198 5232 1237 5287 ἐ
1268 5235 1377 5289 Hos
1404 5232 1648 5302 aliosque
1675 5234 1884 5286 sanctos

269 5310 319 5359 et
342 5304 519 5360 doctos
565 5308 715 5362 viros
778 5309 838 5362 in
875 5307 973 5363 hoc
1028 5304 1303 5376 sequimur
1331 5319 1438 5360 non
1461 5305 1598 5374 quia
1627 5304 1800 5357 sancti
1836 5306 1886 5357 et

1980 4592 2181 4666 tentias
2211 4599 2266 4666 et
2302 4605 2434 4645 vero
2489 4590 2732 4666 integras
2775 4593 3005 4666 paginas
3040 4590 3363 4666 continent.
3394 4628 3455 4635 —
3482 4595 3589 4651 He-

1980 4663 2180 4736 braica
2212 4662 2413 4736 lingua
2439 4662 2942 4736 peritum‘nostrum
2975 4664 3077 4736 soli
3106 4664 3315 4721 faciunt
3337 4666 3587 4722 Historia

1981 4733 2282 4788 Litteraria
2298 4733 2574 4795 auctores,
2596 4733 2761 4789 unico
2789 4734 2910 4790 loco
2937 4750 2968 4790 e
3001 4735 3179 4791 Gestis
3211 4736 3337 4792 abb.
3371 4737 3586 4792 Gembl.

1981 4820 2147 4878 supra
2162 4804 2326 4878 allato
2359 4803 2588 4878 inducti,
2616 4820 2746 4878 (cum
2773 4805 3090 4878 Hieronymi
3119 4809 3454 4875 versionem,
3475 4824 3586 4864 non

1980 4874 2149 4931 verba
2178 4874 2443 4930 Hebraica
2467 4874 2587 4942 ipsa
2613 4874 2962 4942 ibiindicari,
2982 4874 3245 4934 Chronici
3276 4880 3381 4935 loci
3403 4878 3591 4935 collati

1983 4947 2116 5025 satis
2146 4947 2400 5025 doceant:
2446 4945 2577 5000 Aliis
2632 4948 2972 5022 argumentis
3024 4965 3134 5005 non
3193 4950 3383 5005 nititur
3437 4950 3597 5025 Sige-

1982 5019 2171 5074 bertus
2208 5015 2556 5072 hebraizans.

2056 5090 2167 5156 (24)
2198 5086 2590 5161 Ecclesiasten,
2623 5090 2938 5161 passionem
2965 5091 3061 5149 SS.
3101 5091 3487 5149 Thebaorum.

2056 5161 2165 5235 (ἓξ)
2192 5160 2257 5235 I_n_
2282 5158 2399 5235 Vita
2431 5158 2719 5235 Deoderici
2742 5162 2965 5235 passim.

1985 5231 2166 5359 cigﬁl
2197 5230 2528 5302 R“ythmum
2570 5232 2641 5288 de
2677 5230 3002 5303 De’oderico,
3043 5232 3357 5308 passionem
3402 5231 3457 5287 S.
3491 5230 3600 5288 Lu-

330 5414 401 5477 (_a)
426 5411 479 5461 Id
502 5421 599 5477 est,
624 5427 736 5463 cum
759 5413 942 5477 singuli
971 5427 1143 5477 versus
1176 5410 1310 5477 binis
1336 5409 1564 5477 partibus
1584 5416 1808 5477 constent
1831 5410 1889 5477 in
1990 5409 2045 5460 In
2073 5409 2249 5461 mediis
2267 5409 2511 5463 versibus.

272 5472 450 5549 99am,
465 5475 635 5549 spatio
658 5472 1138 5549 quodamseparatis
1164 5483 1214 5524 et
1234 5472 1398 5549 littera
1421 5473 1599 5536 majori
1620 5472 1887 5525 distinctis.

273 5536 442 5589 littera
462 5536 691 5589 initiales
705 5538 759 5588 in
782 5536 1207 5590 initiis'versuum
1229 5537 1353 5589 dant

676 5619 780 5684 {Ias
798 5621 911 5684 fecit
939 5635 1124 5671 versus.

675 5682 821 5732 Petra
842 5688 1027 5741 sancte,
1057 5688 1175 5734 tuus

680 5743 1022 5806 Gadescalcus;

2392 5596 2621 5676 glaeiger
2639 5598 2769 5676 alme
2790 5600 2890 5676 poli
2984 5663 2993 5673 ⁸

2399 5660 2475 5713 Tu
2498 5660 2689 5727 precor,
2719 5660 2832 5714 huié
2854 5663 3009 5726 aperi.

2794 5744 2969 5793 Amen.
