3870 6060
228 265 292 321 19
1420 256 1822 325 SIGEBERTUS
1839 260 2357 318 'GEMBLACENSIS

3476 271 3549 325 20

214 389 481 458 duxit;at
498 397 674 447 morte
735 394 1069 461 praeventus,
1114 388 1258 444 hanc
1282 386 1510 444 alteram
1536 387 1819 444 recensio-
1844 388 1980 461 Ain
2011 386 2241 443 historia
2289 388 2586 445 scribenda
2635 389 2859 462 plurimi
2909 390 3047 446 illud
3099 398 3434 464 spectarent,
3486 403 3549 451 ut

216 499 342 539 nem
397 498 508 539 non
559 482 678 554 ipse
727 480 919 548 edidit,
979 480 1076 536 sed
1125 480 1415 536 Anselmus
1462 497 1608 536 anno
1638 481 1822 536 statim
1924 480 2235 536 universam
2258 482 2451 537 mundi
2509 483 2796 539 historiam
2823 499 2935 539 uno
2977 484 3257 540 volumine
3286 487 3539 558 comple-

217 576 377 642 1112,
405 574 757 631 additabrevi
784 575 852 629 de
882 574 987 629 hoc
1006 590 1151 629 anno
1168 574 1346 646 deque
1368 573 1641 648 Sigeberti
1666 572 1823 630 obitu
1925 581 2209 631 cierentur
2250 593 2263 630 :
2296 576 2441 631 idem
2485 576 2809 652 Sigebertus
2856 594 3082 650 quoque
3125 580 3357 652 exsequi
3390 582 3551 637 nisus

215 668 433 736 notitia,
460 667 644 723 emisit
670 666 835 735 (ιφ).
868 668 1171 741 Aggressus
1229 665 1362 720 illud
1393 666 1717 740 Sigebertus
1742 673 1827 721 est
1927 670 2011 719 est
2031 663 2126 731 ita,
2161 669 2239 728 ut,
2272 664 2366 736 qui
2398 664 2695 720 Eusebium
2747 673 2912 738 atque
2946 666 3336 739 Hieronymum
3368 668 3551 723 admi-

217 772 408 824 senex,
440 755 719 813 scribendi
753 773 856 811 usu
906 756 1079 812 multo
1110 765 1165 810 et
1216 755 1365 811 vario
1413 756 1720 827 studiisque
1771 756 1827 811 in

218 853 530 917 temporum
559 852 971 916 computatione
1000 845 1283 901 collocatis
1300 845 1522 919 egregie
1554 861 1831 916 praepara-

219 944 328 1003 tus,
359 949 560 1007 magno
590 934 816 1004 insuper
866 948 965 1004 pro
1022 941 1266 1005 tempore
1300 934 1394 989 illo
1427 934 1689 989 librorum
1738 951 1835 989 su-

222 1028 483 1103 pellectili
513 1028 738 1098 adjutus
762 1027 901 1099 (50).
933 1025 1012 1081 Ad
1070 1027 1189 1082 haec
1217 1028 1320 1101 ipsi
1358 1036 1475 1084 erat
1499 1030 1667 1104 longa
1706 1030 1834 1085 vita:

222 1118 586 1191 experientia,
648 1132 831 1171 rerum
889 1116 1252 1172 humanarum
1310 1119 1553 1191 cognitio
1606 1118 1832 1175 claustri

225 1212 563 1284 praejudiciis
591 1226 702 1266 non
734 1220 1136 1282 praeoccupata,
1170 1212 1386 1268 animus
1425 1213 1539 1268 veri
1567 1216 1836 1271 amantis-

224 1299 417 1366 simus,
448 1300 570 1354 sine
593 1298 674 1353 ira
694 1298 948 1354 etstudio
979 1314 1067 1353 res
1091 1307 1256 1373 atque
1281 1301 1534 1357 homines
1555 1303 1831 1372 judicans:

224 1400 341 1447 erat
367 1398 500 1447 aetas
529 1392 762 1447 excitata
804 1391 1209 1463 quaestionibus
1263 1394 1623 1466 gravissimis,
1656 1397 1835 1468 qualis

226 1483 524 1555 scriptores
550 1484 893 1556 lectoresque
922 1500 1112 1555 parare
1143 1484 1321 1552 solet;
1352 1494 1469 1543 erat
1488 1487 1546 1541 in
1577 1486 1695 1558 ipsa
1722 1496 1836 1543 tur-

229 1579 458 1635 bulenta
487 1586 647 1635 aetate
675 1595 929 1634 securum
958 1580 1279 1636 monasterii
1302 1581 1497 1649 otium,
1525 1582 1620 1636 ubi
1653 1591 1837 1653 posset

229 1668 439 1724 sentire
472 1684 595 1740 qua:
624 1668 812 1726 vellet.
842 1668 1087 1724 scribere
1119 1685 1242 1740 quae
1273 1670 1615 1736 sentiret,nil
1646 1672 1753 1726 sibi
1781 1671 1844 1725 ti-

1933 759 2172 826 rabatur,
2204 758 2449 830 reliquos
2479 775 2589 816 non
2621 776 2778 832 teque
2810 760 3102 832 probabat,
3136 761 3357 817 illorum
3407 778 3551 835 opus

1934 850 2002 904 ad
2029 865 2087 905 se
2117 866 2293 922 usque
2334 851 2529 905 eadem
2581 868 2691 923 qua
2721 852 2803 906 illi
2847 852 3062 908 ratione
3109 852 3435 909 deduceret.
3472 856 3551 909 Ita

1938 941 2250 998 Chronicon
2281 959 2441 998 suum
2474 943 2550 998 nil
2582 960 2705 1000 esse
2732 944 2909 1000 voluit
2955 945 3061 1000 nisi
3094 946 3242 1017 quod
3273 945 3437 1020 vulgo
3471 946 3555 1001 di-

1936 1034 2113 1090 cimus
2137 1042 2493 1106 conspectum
2550 1036 2794 1092 historiae
2838 1036 3167 1092 universalis
3219 1038 3553 1108 synchroni-

1936 1123 2157 1180 sticum.
2198 1124 2407 1180 Primas
2452 1124 2530 1178 ibi
2577 1132 2760 1196 partes
2789 1132 3098 1197 temporum
3152 1126 3553 1198 computationi

1939 1215 2163 1281 tribuit;
2219 1215 2346 1273 ideo
2392 1232 2659 1288 paparum
2701 1218 2881 1272 series
2933 1226 3099 1289 atque
3149 1218 3553 1290 imperatorum

1938 1325 2242 1381 regumque
2263 1310 2648 1365 successiones
2683 1310 2911 1385 integrae
2942 1310 3218 1385 leguntur,
3253 1328 3435 1366 rerum
3464 1327 3558 1387 ge-

1935 1405 2138 1453 starum
2182 1398 2492 1454 narratione
2540 1399 2787 1455 secundo
2844 1407 3053 1455 tantum
3108 1400 3230 1456 loco
3262 1401 3470 1456 addita.
3497 1402 3555 1455 In

1936 1486 2024 1542 his
2053 1486 2328 1559 eligendis
2358 1486 2413 1540 id
2444 1486 2548 1541 sibi
2582 1488 2870 1559 preposuit
2922 1497 2983 1543 ut
3013 1489 3231 1559 imperii
3261 1488 3403 1545 facta
3432 1506 3557 1565 gra-

1938 1576 2111 1644 viora,
2144 1575 2402 1632 ECCIBSlPB
2436 1576 2687 1647 pericula
2717 1584 2886 1648 atque
2910 1576 3274 1645 incrementa,
3299 1578 3557 1649 virosque

1943 1666 2230 1721 sanctitate
2270 1673 2325 1721 et
2352 1666 2602 1721 doctrina
2654 1666 2951 1738 pollentes,
3005 1667 3267 1722 continuo
3316 1668 3557 1739 quodam

232 1718 437 1724 ---πη
476 1718 591 1740 1m
639 1718 812 1726 .------
843 1718 1085 1724 --η-,η
1123 1718 1238 1740 1m
1274 1718 1615 1736 _--_--.--,----
1646 1718 1753 1726 -.-η
1782 1718 1818 1725 ,-
2278 1718 2323 1721 --
3321 1718 3557 1739 1""---

232 1773 407 1823 mens,
428 1756 649 1830 quando
678 1757 996 1813 Leodiensis
1023 1765 1080 1813 et
1111 1758 1352 1813 Ecclesia
1377 1766 1433 1815 et
1462 1761 1699 1832 populus
1727 1777 1843 1817 om-
1872 1718 1920 1785 Β
1948 1756 2040 1812 filo
2063 1757 2385 1825 deduceret,
2412 1756 2627 1829 reliqua
2658 1756 2815 1828 quasi
2855 1773 2955 1828 per
2994 1758 3341 1814 occasionem
3363 1775 3558 1829 asper-

234 1845 321 1901 nis
346 1846 490 1901 idem
514 1845 848 1902 sentiebant.
876 1847 955 1901 Ita
981 1845 1305 1920 Sigebertus
1342 1864 1465 1904 cum
1498 1858 1608 1920 prae
1631 1849 1843 1905 caeteris

234 1939 391 2013 quasi
425 1945 646 1995 vocatus
691 1939 974 1996 videretur
1027 1940 1096 1994 ad
1152 1940 1438 1997 historiam
1471 1942 1843 2011 scribendam,

234 2044 449 2086 summe
475 2028 776 2084 dolendum
819 2037 903 2084 est
931 2045 1057 2084 eum
1094 2028 1172 2084 nil
1204 2029 1310 2084 nisi
1342 2030 1581 2087 Annales
1613 2046 1845 2103 compo-

237 2120 416 2175 suisse
436 2120 570 2175 satis
590 2119 829 2189 jejunos.
866 2119 993 2176 Duae
1050 2120 1288 2176 maxime
1338 2138 1426 2176 res
1455 2122 1512 2176 in
1545 2123 1686 2178 hanc
1707 2123 1847 2178 viam

237 2227 364 2268 eum
388 2212 722 2267 induxerunt
767 2228 782 2268 :
840 2212 1214 2285 chronologiie
1243 2213 1485 2269 studium
1534 2230 1705 2286 super
1733 2232 1848 2272 cze-

241 2312 357 2364 tera
387 2306 492 2378 ipsi
515 2306 850 2373 adamatum,
910 2313 1076 2379 atque
1122 2307 1435 2377 exemplum
1469 2308 1716 2377 Mariani,
1752 2311 1853 2366 Βε-

244 2399 350 2469 dae,
376 2398 620 2455 Eusebii.
671 2396 802 2453 Cum
846 2398 993 2454 enim
1025 2412 1123 2470 per
1147 2404 1314 2454 totam
1346 2399 1588 2454 mediam
1637 2408 1853 2456 zetatem

1943 1855 2118 1921 geret.
2143 1847 2202 1903 In
2227 1846 2516 1902 narrandis
2546 1853 2730 1901 autem
2779 1845 2978 1917 aequali
3032 1862 3132 1918 per
3185 1855 3361 1903 totum
3391 1846 3563 1903 Chro-

1946 1940 2109 1995 nicon
2142 1938 2397 1994 brevitati
2417 1938 2622 2004 studet,
2663 1946 2828 2010 atque
2879 1939 3009 1994 ideo
3038 1955 3125 1994 res
3155 1939 3240 1995 sui
3289 1939 3566 2012 temporis

1949 2032 2141 2088 eadem
2162 2032 2455 2101 jejunitate
2484 2031 2753 2098 tractavit,
2774 2047 2884 2103 qua
2914 2031 3092 2102 prima
3119 2033 3321 2088 saecula
3359 2063 3419 2073 —
3455 2048 3571 2088 non

1950 2122 2099 2177 enim
2125 2137 2345 2175 narrare
2367 2120 2561 2187 voluit,
2606 2120 2706 2175 sed
2745 2120 3048 2187 adnotare;
3072 2152 3143 2161 —
3173 2130 3228 2176 et
3268 2138 3340 2177 ne
3382 2137 3575 2193 aequa-

1952 2214 2076 2269 litas
2104 2213 2198 2268 illa
2224 2222 2557 2285 conspectus
2586 2212 3012 2285 synchronistici
3058 2214 3392 2282 turbaretur,
3433 2216 3479 2269 si
3504 2216 3576 2269 de

1955 2322 2057 2363 suo
2105 2307 2277 2361 multa
2326 2306 2482 2361 daret
2527 2321 2595 2361 eo
2639 2306 2805 2361 modo
2865 2322 2974 2377 quo
3034 2306 3372 2374 Lambertus,
3421 2308 3582 2363 Heri-

1957 2413 2214 2463 mannus,
2265 2395 2362 2450 alii
2412 2395 2701 2467 :praetulit
2748 2403 2924 2452 totum
2982 2412 3152 2469 prope
3201 2412 3343 2469 opus
3366 2414 3431 2452 ex
3455 2398 3582 2454 aliis

1802 2511 2013 2569 NOTAE.

280 2611 377 2667 uid
415 2611 794 2689 secundw._—
822 2609 1044 2666 Eusebii
1068 2627 1310 2689 quoque,
1340 2613 1660 2689 Hieronymi
1690 2622 1853 2686 atque
1882 2619 1931 2689 ο
1956 2612 2198 2689 noudum
2231 2627 2412 2689 sermo
2440 2610 2634 2667 fuisset
2664 2610 2759 2681 (Cf.
2822 2612 2988 2667 verba
3021 2614 3311 2689 Heinricus
3349 2614 3579 2689 quintus

288 2684 497 2755 rosperi
522 2682 791 2757 Chronica
846 2692 1036 2739 nostro
1082 2682 1379 2757 praefigunt
1408 2682 1632 2757 codices
1653 2682 1857 2757 secun-

244 2755 328 2827 da;
363 2754 706 2827 recensionis
752 2770 950 2827 omnes
982 2773 995 2820 ;
1028 2756 1178 2809 unde
1208 2754 1370 2827 facile
1388 2756 1512 2827 quis
1542 2756 1858 2823 crediderit,

243 2826 595 2900 Sigebertum
628 2826 806 2900 ipsum
837 2825 1030 2900 eadem
1062 2826 1220 2881 alteri
1244 2826 1369 2900 huic
1386 2825 1699 2900 recensioni
1728 2844 1864 2900 prae-

285 2896 527 2961 osuisse,
584 2913 707 2952 cum
778 2897 836 2951 in
903 2896 1085 2967 priore
1153 2898 1399 2953 nondum
1459 2898 1627 2954 fuisse
1687 2896 1861 2955 codex

246 2914 611 3023 Birdunensis
666 2968 940 3023 ostendat.
1001 2969 1066 3023 At
1114 2976 1228 3023 tum
1263 2970 1527 3023 Chronica
1559 2970 1652 3023 illa
1694 2970 1748 3023 in
1771 2986 1861 3023 co-

293 2968 611 3023 irdunensis
666 2968 940 3024 ostendat.
1001 2969 1066 3023 At
1114 2976 1228 3024 tum
1263 2970 1527 3025 Chronica
1559 2970 1652 3026 illa
1694 2970 1748 3025 in
1771 2986 1864 3027 co-

248 3040 372 3095 dice
391 3039 770 3095 Gemblacensi
826 3046 1040 3095 exstare
1069 3040 1156 3094 vel
1186 3041 1380 3095 saltem
1428 3042 1669 3096 Anselmi
1726 3050 1863 3097 tem-

249 3126 384 3182 pore
406 3110 684 3182 exstitisse
729 3109 1018 3177 deberent,
1066 3110 1121 3165 id
1154 3112 1303 3182 quod
1356 3112 1506 3178 F12,
1546 3114 1600 3177 4,
1639 3114 1864 3168 credere

248 3181 457 3255 vetant.
490 3181 840 3255 Sigebertum
873 3182 1148 3255 Chronico
1177 3181 1295 3255 suo
1355 3182 1650 3255 Eusebium
1700 3193 1866 3255 atque

255 3253 645 3324 Hieronymum
676 3254 1003 3308 continuare
1066 3253 1329 3324 voluisse.
1361 3254 1465 3309 hoc
1490 3263 1698 3309 certum
1729 3253 1811 3310 est
1849 3273 1863 3314 :

249 3332 305 3379 at
334 3323 474 3396 inde
496 3339 608 3379 non
638 3324 925 3396 sequitur,
950 3339 1075 3378 eum
1137 3324 1191 3396 id
1242 3323 1382 3395 ipsis
1412 3331 1518 3379 tam
1554 3334 1702 3381 arcte
1731 3342 1868 3382 cou-

251 3395 526 3467 nexuisse,
557 3401 618 3450 ut
644 3394 815 3467 unum
871 3394 1072 3450 librum
1103 3394 1389 3467 efficerent
1422 3414 1436 3461 ;
1468 3397 1722 3467 praefatio
1747 3398 1861 3466 jam

249 3466 591 3539 obloquitur,
622 3466 1061 3539 ampla,‘_prout_
1086 3465 1285 3521 librum
1317 3465 1484 3522 decet
1503 3465 1859 3539 peculiarem,

248 3538 365 3592 suis
394 3536 603 3592 tantum
635 3536 900 3609 auspiciis
931 3536 1317 3609 prodeuntem,
1343 3539 1409 3593 ad
1442 3536 1737 3594 Eusebium
1771 3557 1866 3595 au-

253 3615 363 3682 tem
393 3624 467 3682 ne
489 3609 661 3682 verbo
688 3608 911 3682 quidem
934 3608 1264 3678 respiciens.
1291 3610 1510 3665 Nullum
1533 3628 1663 3667 vero
1690 3619 1864 3667 exstat

253 3680 533 3751 Opinionis
561 3679 720 3736 illius
740 3679 1185 3752 fundamentum.
1212 3689 1413 3752 praeter
1434 3682 1686 3737 codicum
1721 3684 1861 3738 isto-

254 3767 371 3834 rum
404 3767 779 3817 consensum;
821 3751 919 3834 se‘d
968 3751 1035 3805 ad
1081 3751 1229 3832 hunc
1281 3752 1665 3834 explicandum
1709 3754 1867 3834 Sige-

254 3823 413 3904 berto
440 3839 551 3878 non
580 3821 991 3904 egemus.._Cum
1024 3821 1172 3875 enim
1233 3821 1543 3903 saepissime
1584 3841 1615 3878 a
1663 3821 1864 3904 scribis

136 3914 151 3929 ο
252 3894 454 3966 variae
483 3892 647 3947 variis
666 3892 953 3966 codicibus
1005 3908 1174 3963 Opera
1230 3893 1287 3947 in
1319 3892 1514 3966 unum
1550 3896 1866 3966 conscripta

1836 3982 1867 4021 a
1890 4001 1941 4027 η
1967 3963 2141 4021 totum
2173 3980 2398 4027 annum,
2453 3964 2507 4017 in
2539 3963 2733 4020 codice
2778 3963 3158 4021 Gemblacensi
3189 3963 3385 4018 eadem
3420 3980 3585 4019 manu

1972 4001 2141 4021 ,υιμηι
2173 4001 2375 4019 “una...
2539 4001 2732 4020 νυυιυι,
2779 4001 3158 4021 sunmus...“
3189 4001 3385 4018 μων...
3422 4001 3585 4019 .........

1890 4001 2091 4091 Dsine
2160 4035 2268 4091 ullo
2314 4005 2496 4107 spatio
2558 4036 2847 4105 interjecto
2914 4035 3359 4107 praecedentibus
3421 4034 3586 4091 ascri-

253 3962 922 4036 videamuszmonachus
978 3962 1198 4035 quoque
1254 3965 1659 4036 Aquicinensis,
1722 3962 1803 4030 BC,

256 4050 366 4107 quo
390 4034 467 4092 illi
490 4050 685 4107 omnes
738 4034 1075 4107 derivantur,
1116 4034 1451 4092 monasterio
1496 4053 1595 4092 suo
1645 4037 1867 4092 univer-

255 4105 372 4161 s'am
402 4106 595 4160 mundi
625 4105 1053 4179 historiamuno
1082 4107 1359 4162 volumine
1409 4110 1866 4179 comprehensam

257 4193 576 4253 comparare
633 4177 824 4253 voluit,
880 4176 1122 4253 ideoque
1187 4179 1475 4253 Sigeberto
1532 4176 1870 4253 prmscrilisit

258 4248 513 4303 eumdem
569 4265 679 4320 quo
733 4248 825 4303 ille
878 4248 1276 4305 usus'fuerat'
1320 4248 1566 4306 codicem
1622 4248 1865 4315 Eusebii,

262 4320 581 4403 llicronvmi
606 4329 673 4403 et.
718 4320 994 4403 Prosperi,
1055 4321 1125 4403 de
1170 4322 1459 4403 quo‘v-i‘de
1492 4322 1632 4376 infra
1680 4339 1735 4378 η.
1776 4323 1865 4403 52.

259 4392 426 4455 Quem
459 4391 503 4447 Si
528 4391 851 4468 Sigebertus
879 4392 999 4462 ipse
1024 4391 1336 4461 adjecisset,
1361 4393 1686 4518 Prosperum
1718 4402 1870 4449 certe

259 4462 536 4518 omisisset
589 4471 780 4518 auctor
833 4480 897 4518 ex
957 4462 1272 4518 Hieronvmi
1320 4464 1431 4518 fine
1507 4465 1639 4518 ilum
1718 4481 1870 4518 resu-

259 4462 536 4518 omisisset
589 4462 780 4519 auctor
833 4480 897 4518 ex
957 4462 1272 4536 Hieronymi
1320 4464 1431 4520 fine
1488 4462 1639 4519 filum
1718 4481 1872 4520 resu-

260 4548 438 4587 nnens.

328 4602 473 4674 (49')
503 4602 707 4679 flmnes
729 4605 877 4660 enim
908 4605 1151 4679 codices,
1196 4622 1269 4679 ne
1311 4621 1421 4679 uno
1453 4607 1677 4679 quidem
1713 4622 1871 4679 exce-

257 4683 374 4745 pto,
398 4674 575 4751 verba
600 4675 669 4731 de
719 4684 908 4751 morte,
952 4676 1226 4751 Sigeberti
1261 4674 1487 4751 habent,
1504 4695 1640 4751 quae
1668 4678 1868 4751 Ansele

257 4761 357 4819 mo
380 4745 570 4802 deberi
601 4757 848 4819 apparet.
891 4745 1238 4813 Quae—cumin
1270 4750 1460 4806 codice
1490 4745 1869 4805 Gemblacensi

257 4817 454 4872 eodem
496 4817 723 4891 prorsus
740 4819 954 4891 calamo
993 4827 1156 4891 atque
1182 4827 1489 4876 atramento
1531 4829 1751 4877 exarata
1790 4821 1872 4876 le-

256 4895 485 5014 guntur,
515 4904 625 4959 quo
654 4890 865 4961 reliqua
894 4907 945 4947 a.
983 4890 1123 4947 1112
1153 4894 1393 4948 narratio
1425 4909 1438 4945 :
1479 4893 1621 4947 hanc
1650 4907 1871 4964 quoque

303 4960 517 5014 nselmo
544 4960 893 5014 tribuendam
943 4978 1086 5014 esse.
1112 4980 1234 5014 cum
1287 4980 1389 5014 uer
1438 4980 1495 5014 se
1526 4964 1633 5014 iam
1679 4964 1750 5014 sit
1774 4979 1871 5014 ve-

303 4960 517 5036 n_sel_r_no
544 4960 893 5036 tribueudam
943 4978 1086 5036 esse,
1112 4980 1234 5036 cum
1287 4980 1389 5036 per
1438 4980 1495 5018 se
1520 4964 1633 5036 jam
1670 4960 1871 5017 sitve-

258 5031 511 5105 risimile,
558 5038 679 5105 tum
734 5032 1003 5105 Sigebertﬁi
1071 5034 1255 5089 verbis
1287 5031 1488 5105 'usque
1543 5035 1618 5089 ad
1664 5050 1868 5088 annum

256 5103 477 5174 1111ιιῐη
518 5103 680 5174 plane
718 5103 925 5159 certum
965 5104 1025 5159 fit
1078 5105 1193 5160 lmo
1224 5103 1636 5161 Gemblacensis
1663 5106 1872 5161 codicis

258 5173 498 5246 habitus,
521 5173 693 5246 quem
722 5175 862 5230 infra
921 5175 1308 5237 indicabimus.
1367 5177 1525 5232 facile
1582 5177 1870 5232 adduxerit

256 5245 522 5319 aliquem,
550 5245 636 5319 ut
691 5246 932 5319 Anselmi
973 5247 1339 5303 narrationem
1390 5248 1637 5319 incipere
1680 5247 1870 5303 credat

250 5316 367 5385 jam
392 5316 578 5391 altius,
612 5317 667 5371 in
699 5318 883 5373 verbis
898 5319 1121 5374 ει.1111.
1148 5320 1404 5386 Quid,vel
1423 5316 1703 5391 quomodo,
1737 5325 1867 5384 etc.,

256 5403 380 5462 quae
407 5395 463 5442 et
485 5388 625 5462 alius
652 5405 850 5462 manus
876 5394 1025 5458 sunt,
1045 5399 1100 5446 et
1126 5406 1250 5462 cum
1283 5388 1725 5462 praecedentibus
1758 5405 1868 5444 non

256 5457 399 5513 bene
430 5460 731 5514 cohaerent.
774 5460 893 5516 lmo
938 5462 1048 5527 jam
1083 5457 1298 5518 initium
1349 5462 1479 5516 anni
1536 5464 1667 5517 1111
1704 5462 1869 5515 habet

256 5530 535 5609 quaedam,
563 5545 685 5601 qua:
724 5531 1122 5609 dubitationem
1141 5534 1709 5609 de_auctore_movere
1741 5547 1870 5603 pos-

196 5620 199 5625 ν
255 5600 696 5677 sint:__S_cri_ptu_m
726 5608 808 5657 est
824 5603 1000 5677 quasi
1037 5605 1106 5660 de
1140 5604 1394 5677 fleinrico
1439 5604 1500 5667 V,
1530 5603 1598 5656 de
1659 5600 1869 5677 Grego-

256 5671 338 5729 rio
370 5672 480 5739 νυ,
511 5671 580 5728 de
619 5671 897 5731 discordia
952 5674 1072 5747 ejus
1114 5692 1238 5735 cum
1289 5674 1644 5752 imperatore,
1703 5671 1867 5753 plane

1961 2685 2124 2754 hujus
2148 2685 2382 2738 nominis
2445 2700 2545 2738 rea:
2573 2702 2587 2750 ;
2611 2690 2666 2738 et
2694 2700 2812 2753 qua:
2841 2688 3013 2754 carpta
3069 2700 3105 2738 a
3160 2686 3415 2752 Gregorio
3444 2700 3586 2739 nono

1962 2757 2127 2825 hujus
2155 2757 2392 2809 nominis
2417 2771 2589 2824 papa,
2616 2758 2715 2825 qui
2756 2756 3154 2810 Ilildibrandus
3192 2760 3411 2811 voratus
3440 2757 3541 2824 est)
3566 2773 3582 2819 ;

1964 2827 2275 2891 Heinricus,
2304 2842 2467 2897 quem
2501 2833 2662 2880 antea
2708 2826 3029 2899 Sigebertus
3060 2826 3449 2899 ~semperfcre
3476 2825 3586 2899 im-

1964 2907 2270 2981 peratorem
2326 2904 2504 2981 vocat,
2567 2913 2713 2981 nune
2763 2897 2853 2981 rex
2913 2897 3257 2981 appellatpr
3293 2897 3423 2981 ’ξρρΛ
3476 2898 3585 2981 hoc

1966 2967 2145 3041 ipsum
2172 2968 2523 3041 imperatoris
2551 2967 2879 3041 vocabulum
2912 2967 3088 3023 annos
3123 2968 3427 3041 1108-1110
3459 2974 3581 3038 post

1969 3038 2090 3111 ejus
2110 3038 2524 3095 coronationem
2552 3040 2786 3110 scriptos
2824 3055 2950 3094 esse
2999 3040 3279 3106 ostendit;
3312 3040 3461 3095 unde
3486 3055 3584 3095 co-

1970 3111 2298 3182 ronationis
2327 3125 2549 3181 quoque
2617 3111 2990 3165 narrationem
3021 3110 3269 3182 ejusdem
3324 3127 3448 3166 esse
3478 3126 3581 3165 au-

1968 3183 2156 3247 ctoris,
2189 3181 2303 3236 veri
2329 3182 2625 3236 admodum
2654 3182 2834 3236 simile
2874 3190 2958 3237 est
2985 3200 2999 3247 ;
3030 3181 3283 3247 quamvis
3317 3199 3425 3237 non
3458 3197 3583 3236 cer-

1967 3262 2104 3317 tum.
2136 3269 2259 3308 cum
2291 3252 2563 3323 Sigeberti
2593 3253 2759 3308 verba
2797 3268 2966 3323 usque
2994 3252 3069 3307 ad
3108 3270 3312 3308 annum
3365 3253 3584 3307 1111ιιπι

1969 3333 2024 3381 et
2054 3326 2123 3379 de
2152 3324 2308 3379 initio
2337 3332 2391 3378 ct
2420 3324 2490 3378 de
2523 3323 2631 3378 line
2658 3325 2787 3378 anni
2820 3324 2993 3378 intelli
3039 3325 3052 3378 i
3085 3334 3306 3396 queant.
3347 3325 3458 3379 Hoc
3488 3324 3594 3396 igi-

1969 3405 2051 3451 tur
2072 3397 2125 3451 in
2157 3410 2431 3451 susnenso
2479 3394 2840 3451 relinquimus
2872 3413 2886 3451 :
2919 3342 3035 3451 set?
3072 3412 3274 3450 annum
3306 3397 3445 3450 1112
3476 3398 3586 3449 An-

1965 3405 2051 3453 tur
2072 3397 2125 3451 in
2157 3410 2431 3466 suspenso
2479 3394 2840 3466 relinquimus
2872 3413 2886 3458 ;
2919 3394 3029 3451 sed
3072 3394 3274 3450 annum
3306 3397 3445 3450 1112
3476 3394 3586 3449 Αῐι-

1964 3467 2140 3541 selmo
2172 3466 2364 3541 deberi
2407 3465 2705 3541 integrum,
2730 3467 2835 3521 hoc
2868 3466 3579 3541 jurenostrocontcndere

1964 3538 2127 3594 nobis
2146 3537 2399 3609 videmur
2454 3536 2847 3592 Cohtradicunt
2874 3539 3098 3609 quidem
3138 3539 3358 3593 codices
3386 3554 3581 3593 secun-

1964 3611 2048 3665 dae
2081 3608 2440 3674 recensionis,
2496 3623 2562 3663 eo
2621 3609 2768 3679 quod
2834 3608 3076 3665 Anselmi
3110 3609 3584 3679 continuationem

1966 3696 2077 3737 non
2101 3680 2389 3741 habentes,
2416 3689 2597 3734 tamen
2631 3675 2825 3735 omnes
2876 3681 3143 3735 exhibent
3191 3696 3395 3734 annum
3421 3675 3577 3735 I112.

1964 3753 2029 3806 At
2059 3752 2224 3807 iidem
2252 3758 2487 3805 mortem
2521 3766 2744 3822 quoque
2798 3750 3069 3822 Sigeberti
3132 3749 3335 3822 habent
3367 3764 3582 3808 omnes.

1966 3824 2135 3889 Quam
2168 3823 2213 3876 si
2241 3822 2447 3875 addere
2478 3821 2795 3892 potuerunt,
2838 3821 2905 3875 ab
2936 3821 3063 3884 alio,
3091 3821 3239 3892 quod
3271 3836 3435 3875 nemo
3478 3837 3581 3875 ne-

1965 3895 2138 3969 gabit.
2171 3893 2556 3975 conscriptam,
2614 3892 2965 3975 aequenbene
3022 3892 3228 3973 addere
3276 3899 3591 3975 potuerunt

1970 4115 2144 4179 ptum.
2175 4105 2329 4172 Quod
2367 4114 2550 4160 autem
2606 4107 2859 4162 Alnensis
2908 4105 3081 4162 codex
3134 4114 3188 4161 et
3250 4105 3356 4162 B3"l
3388 4113 3584 4177 posta.

1975 4179 2110 4234 1112
2140 4179 2387 4232 addunt:
2422 4179 2709 4248 [lucusque
2746 4180 3057 4245 Sigebcrtus
3084 4179 3401 4235 Chronicam
3430 4193 3585 4233 suam

1964 4250 2252 4321 perduxit,
2287 4249 2473 4321 talium
2497 4250 2992 4321 subscriptionum,
3012 4266 3043 4304 e
3064 4248 3352 4304 codicibus
3378 4256 3588 4321 tantum

1971 4320 2112 4394 quos
2142 4320 2533 4394 describebant
2584 4320 2874 4394 factarum,
2911 4322 3382 4394 _au_cAtoritasAnou
3414 4320 3590 4391 major

1971 4390 2077 4459 est,
2119 4408 2282 4472 quam
2316 4391 2714 4472 copti_uuatoris
2737 4391 2963 4472 Gallici,_
2983 4390 3075 4472 Γᾷ,
3109 4392 3205 4472 qui
3236 4390 3589 4472 Sigebertum

1971 4462 2243 4536 usquead
2284 4480 2334 4536 ar.
2377 4462 2515 4536 11748
2567 4462 2893 4536 Chronicon
2933 4462 3230 4536 deduxisse
3276 4462 3589 4536 contendit,

1971 4532 2206 4607 quamve
2232 4535 2454 4607 Roberti
2478 4533 2545 4587 de
2568 4535 2769 4607 Monte,
2795 4533 2905 4607 qui
2924 4549 3050 4588 eum
3081 4532 3170 4607 _in_
3198 4549 3248 4587 a.
3303 4533 3444 4607 1_10_O
3487 4532 3592 4586 de-

1970 4602 2153 4661 sinere
2184 4606 2337 4671 dicit,
2373 4605 2499 4659 ideo
2557 4605 2746 4675 procul
2775 4602 2968 4669 dubio,
3002 4603 3131 4674 quia
3159 4604 3275 4674 ipse
3317 4602 3588 4675 flobertus

1973 4679 2076 4732 hoc
2103 4692 2248 4731 anno
2277 4693 2399 4732 cum
2433 4673 2601 4745 regno
2633 4675 2871 4731 Heinrici
2901 4675 2921 4728 Ι
2953 4673 3093 4744 opus
3141 4673 3299 4728 suum
3334 4673 3588 4745 incipere

1972 4748 2348 4811 constituerat,
2380 4755 2439 4802 ut
2495 4744 2691 4802 Hirsch
2757 4747 2903 4801 bene
2957 4744 3189 4800 monuit.
3243 4745 3376 4799 Nam
3430 4744 3496 4799 ad
3539 4761 3590 4802 a.

1971 4835 2146 4890 usque
2181 4819 2317 4873 1112
2357 4818 2706 4889 Sigeberlum
2735 4818 2801 4872 ad
2851 4816 3085 4890 verbum
3131 4816 3442 4890 exscripsit.
3469 4815 3593 4890 Ee-

1971 4886 2103 4945 dein
2135 4891 2300 4945 modo
2335 4886 2596 4944 Rad'ulfus
2653 4890 2721 4943 de
2754 4890 2942 4943 Diceto
2992 4887 3240 4952 Roberti,
3295 4886 3593 4941 Balduinus

1972 4961 2297 5034 Ninevensis
2326 4961 2723 5016 continuatoris
2776 4958 3183 5032 Afﬂigemensis
3232 4958 3403 5034 finem
3446 4956 3590 5014 falso

1973 5032 2236 5087 indicant.

2039 5104 2151 5174 (50)
2189 5102 2307 5157 iam
2363 5102 2512 5158 enim
2568 5102 2844 5168 Olbertus,
2883 5101 3260 5174 bibliotheca}
3330 5099 3590 5174 Gembla-

1971 5170 2156 5249 censis
2204 5174 2478 5249 fundator,
2536 5181 2685 5249 teste
2749 5173 3038 5249 Sigeherto
3099 5172 3155 5224 in
3224 5170 3398 5249 Gestis
3458 5171 3586 5226 abb.

1971 5246 2205 5310 Gembl,
2240 5268 2267 5295 α
2300 5245 2500 5299 divinae
2533 5240 2840 5315 Scriptura?
2882 5244 3193 5315 plusquam
3228 5240 3328 5315 1__OO
3351 5258 3592 5315 conges-

1969 5317 2039 5371 sit
2067 5317 2368 5378 volumina,
2391 5312 2672 5371 saacularis
2707 5331 2838 5371 vero
2882 5312 3202 5382 disciplinae
3236 5312 3407 5368 libros
3432 5312 3524 5378 50,
3562 5337 3587 5360 ιι

1968 5386 2056 5442 cui
2089 5387 2493 5460 numerohipsis
2538 5387 2811 5460 Sigeberti
2841 5384 3184 5460 temporibus
3214 5384 3591 5460 ha_ud(paucos

1968 5459 2290 5526 accessisse,
2320 5455 2627 5514 litterarum
2657 5458 2833 5514 forma
2898 5456 3102 5510 docent
3133 5455 3289 5509 multi
3318 5455 3411 5526 qui
3441 5472 3592 5511 nunc

1968 5529 2375 5585 Bruxellensem
2427 5530 2818 5594 bibliothecam
2849 5534 3048 5590 ornant
3082 5526 3301 5590 codices
3335 5526 3593 5587 Gembla-

1968 5616 2187 5660 censes.
