3868 6064
263 199 334 253 23
1455 194 1854 251 SIGEBERTUS
1894 195 2389 252 GEMBLACENSIS
3511 210 3583 264 24

265 327 334 383 ad
359 342 550 384 verum
595 326 894 382 videndum
937 341 1116 399 neque
1159 334 1374 382 cautam
1418 325 1472 380 in
1508 325 1730 380 incertis
1770 326 1874 380 du-
1898 331 1950 398 Α
1975 333 2124 382 certa
2158 335 2306 394 sunt,
2337 328 2457 400 ipse
2489 329 2732 398 indicat;
2770 331 2907 387 falsa
2935 331 3122 388 sciens
3151 350 3432 408 nunquam
3462 353 3590 393 nar-

268 421 613 488 bitationem,
645 437 826 493 neque
864 421 1116 477 criticum
1153 421 1207 476 in
1243 421 1514 494 eligendis
1539 429 1594 476 et
1625 419 1874 476 fontibus
1972 420 2112 477 ravit
2142 436 2243 475 nec
2273 419 2426 476 ﬁnxit
2446 422 2574 492 (71).

268 524 323 572 et
351 517 519 572 rebus
557 533 693 588 quas
741 516 869 571 inde
899 523 1144 571 sumeret
1170 516 1438 584 judicium
1470 515 1732 572 defuisse.
1765 518 1878 573 Hoc

267 616 450 664 autem
479 623 648 663 unum
679 608 799 677 ejus
818 615 981 679 atque
1011 607 1188 663 solum
1219 608 1473 662 meritum
1506 616 1589 664 est
1617 609 1672 662 in
1704 611 1876 665 omni-

268 699 374 754 bus
412 698 528 754 fere
557 714 679 770 quae
731 715 781 753 a.
819 698 950 754 1024
1011 700 1370 769 praecedunt;
1405 705 1516 754 tota
1555 700 1704 755 enim
1759 703 1879 757 haec

270 803 397 858 pars
445 804 496 842 a.
555 787 851 851 381-1023,
922 787 1267 858 paucissimis
1317 793 1526 843 tantum
1587 791 1874 861 exceptis,

271 878 567 950 compilata
597 885 702 943 est,
745 894 774 933 e
817 877 1058 934 fontibus
1086 895 1249 949 supra
1300 879 1481 945 dictis,
1525 881 1686 936 nobis
1717 881 1881 953 igitur

275 967 484 1023 nullius
515 983 740 1039 prorsus
763 967 1031 1022 utilitatis.
1070 968 1200 1022 lnde
1230 969 1298 1022 ab
1322 986 1370 1023 a.
1406 971 1543 1026 1024
1571 973 1741 1026 multa
1763 974 1881 1043 qui-

275 1056 401 1112 dem
433 1057 614 1111 adhuc
667 1072 732 1110 ex
763 1055 885 1110 aliis
930 1056 1134 1122 hausit,
1193 1057 1291 1111 sed
1325 1058 1391 1111 iis
1430 1065 1509 1113 tot
1547 1066 1599 1113 et
1639 1067 1785 1115 tanta
1812 1062 1882 1116 de

277 1165 381 1206 suo
425 1149 599 1216 addit,
632 1155 689 1204 ut
714 1149 824 1218 jam
873 1148 989 1220 ipse
1028 1150 1200 1219 possit
1231 1166 1326 1220 pro
1359 1150 1508 1206 fonte
1565 1153 1772 1210 haberi.
1807 1154 1886 1208 Ex

280 1244 381 1297 hac
427 1257 537 1296 una
581 1240 766 1312 itaque
814 1240 1057 1296 chronici
1109 1249 1258 1312 parte
1315 1242 1446 1297 satis
1485 1245 1681 1316 exigua
1711 1261 1888 1300 anno-

279 1345 396 1387 rum
427 1330 748 1386 1024-1112
787 1345 915 1398 jure
962 1337 1149 1385 nostro
1197 1331 1467 1399 judicium
1508 1332 1649 1389 ferre
1680 1352 1887 1406 possu-

281 1441 404 1480 mus
448 1423 516 1478 de
537 1421 825 1495 Sigeberto
851 1423 1120 1494 scriptore
1161 1423 1458 1492 historico;
1501 1427 1711 1499 reliqua
1741 1429 1889 1484 enim

282 1529 393 1569 non
423 1519 553 1568 sunt
581 1511 872 1584 Sigeberti.

353 1601 761 1670 Sigebertiﬁdes
779 1601 940 1671 (66').
955 1632 1024 1641 —
1045 1601 1167 1656 Tria
1181 1603 1527 1673 potissimum
1553 1612 1682 1660 sunt
1702 1623 1825 1678 quae
1839 1607 1888 1662 ei

283 1692 646 1761 objiciuntur:
699 1693 848 1764 quod
877 1693 1257 1749 schismaticus
1297 1695 1499 1763 fuerit;
1543 1698 1688 1768 quod
1720 1698 1891 1754 nimio

288 1784 653 1856 imperatoriae
700 1786 868 1856 partis
910 1785 1095 1841 studio
1175 1787 1465 1854 abductus,
1518 1789 1654 1844 falsa
1717 1791 1897 1846 sciens

287 1877 610 1942 narraverit,
643 1880 751 1933 imo
771 1877 1008 1943 finxerit,
1038 1895 1168 1932 vera
1199 1881 1466 1945 tacuerit;
1497 1883 1644 1952 quod
1675 1883 1728 1935 in
1761 1890 1897 1937 tem-

290 1966 520 2040 poribus
552 1975 606 2022 et
657 1967 820 2022 rebus
870 1967 1180 2022 scribendis
1219 1969 1451 2023 multum
1501 1972 1780 2026 erraverit.
1842 1975 1905 2027 At

290 2060 599 2117 schismatis
647 2061 870 2132 quidem
914 2068 1096 2116 notam
1131 2061 1243 2130 jam
1301 2063 1585 2118 catholicae
1648 2066 1903 2121 Ecclesiae

289 2151 611 2222 scriptores,
648 2149 844 2221 Fleury
875 2150 1006 2221 (67),
1039 2149 1278 2206 Martene
1334 2152 1436 2221 (68)
1471 2159 1526 2207 et
1567 2153 1904 2208 Benedictini

294 2254 549 2302 auctores
573 2245 820 2301 Historiae
855 2245 1153 2302 Litterariae
1183 2248 1318 2318 (69),
1351 2247 1526 2304 deillo
1549 2250 1902 2306 sustulerunt.

297 2339 338 2394 Α
365 2338 600 2410 partium
633 2346 816 2393 autem
851 2338 1022 2395 nimio
1052 2339 1236 2395 studio
1267 2356 1390 2395 eum
1425 2357 1646 2411 prorsus
1669 2341 1903 2397 liberum

299 2428 491 2494 fuisse,
523 2443 688 2483 nemo
741 2427 986 2501 negabit,
1050 2429 1142 2500 qui
1193 2428 1363 2484 libros
1411 2430 1532 2498 ejus
1580 2431 1764 2484 animo
1797 2447 1909 2486 non

296 2525 677 2590 praeoccupato
716 2518 936 2592 legerit.
1000 2520 1156 2574 Facta
1207 2521 1354 2575 enim
1407 2537 1472 2575 ex
1523 2523 1658 2592 ipsis
1699 2531 1909 2578 tantum

289 2607 520 2677 judicat,
555 2624 666 2664 non
689 2625 753 2664 ex
796 2609 1078 2679 personis;
1113 2609 1255 2664 male
1307 2611 1599 2666 commissa
1630 2612 1682 2666 in
1736 2613 1911 2684 impe-

294 2704 472 2752 ratore
499 2711 608 2752 non
656 2697 840 2752 minus
867 2697 1138 2769 vituperat
1189 2698 1302 2769 (70)
1332 2717 1494 2771 quam
1527 2701 1580 2754 in
1636 2718 1795 2772 papa,
1829 2711 1911 2757 at-

294 2808 401 2865 que
434 2792 509 2847 ita
539 2808 662 2848 raro
702 2793 956 2865 exemplo
999 2793 1246 2864 partibus
1285 2795 1512 2850 omnino
1565 2797 1907 2867 superiorem

295 2899 356 2938 se
395 2883 591 2938 tenuit.
640 2882 741 2939 Pro
773 2881 1104 2954 imperatore
1151 2884 1375 2955 quidem
1417 2885 1590 2940 sensit
1643 2903 1765 2940 cum
1803 2893 1910 2941 tota

297 2987 396 3028 sua
427 2971 694 3039 dioecesi;
728 2981 782 3027 at
841 2987 949 3028 non
1004 2971 1290 3027 Heinricus
1336 2979 1421 3028 est
1471 2974 1558 3028 cui
1606 2973 1771 3041 favet,
1802 2991 1908 3031 non

2045 511 2422 578 Chronologia.
2461 541 2530 550 —
2558 511 2904 567 Nescientem
2931 523 3114 569 autem
3143 517 3346 572 multos
3375 533 3591 576 errores

1976 600 2322 658 commisisse
2344 600 2396 654 in
2416 600 2583 655 rebus
2603 608 2658 656 et
2680 600 2736 654 in
2761 602 3124 672 temporibus,
3159 604 3211 658 id
3241 607 3465 677 quidem
3490 625 3588 663 ne-

1976 694 2092 770 gari
2124 708 2233 748 non
2257 698 2456 763 potest.
2477 693 2803 763 Temporum
2833 697 3230 765 computationi
3254 699 3589 770 praecipuum

1980 785 2202 857 quidem
2231 783 2472 838 studium
2499 784 2807 855 impendit;
2845 785 2939 839 sed
2973 801 3094 840 cum
3120 795 3196 843 tot
3229 797 3476 845 auctores
3504 808 3592 846 se-

1981 879 2264 946 queretur,
2297 871 2392 925 ubi
2439 873 2557 926 hac
2586 879 2679 926 aut
2737 873 3110 928 diversissima
3139 887 3255 931 erat
3286 885 3379 932 aut
3419 879 3590 934 nulla.

1983 981 2199 1022 errores
2227 963 2560 1034 multiplices
2590 971 2642 1019 et
2667 981 2863 1038 graves
2890 963 3060 1021 vitare
3089 983 3197 1023 non
3230 968 3370 1023 bene
3394 971 3593 1040 potuit.

1987 1055 2150 1109 Multa
2181 1054 2235 1107 in
2272 1053 2372 1108 hac
2401 1053 2687 1108 arbitraria
2718 1061 2865 1121 sunt,
2899 1055 2990 1110 ubi
3038 1072 3068 1110 e
3102 1056 3346 1112 fontibus
3375 1067 3596 1130 tempus

1987 1165 2320 1223 cognoscere
2369 1164 2477 1203 non
2522 1149 2720 1219 potuit,
2771 1150 2855 1204 vel
2913 1149 3008 1204 ubi
3049 1167 3194 1206 anno
3249 1162 3396 1208 certo
3426 1154 3597 1208 ascri-

1988 1243 2170 1297 benda
2201 1248 2378 1308 erant,
2407 1257 2531 1312 quas
2580 1258 2678 1312 per
2726 1257 2784 1296 se
2823 1251 3031 1298 certum
3066 1251 3285 1314 tempus
3338 1262 3448 1300 non
3500 1248 3600 1301 ba-

1989 1332 2142 1399 bent,
2177 1337 2236 1386 ut
2266 1330 2548 1393 miracula,
2590 1331 2713 1385 vitae
2753 1331 3026 1385 clarorum
3081 1333 3342 1400 virorum,
3374 1335 3596 1389 similia.

1992 1423 2304 1496 Saepissime
2337 1422 2498 1477 etiam
2547 1422 2694 1477 aliud
2721 1440 2884 1494 quam
2931 1425 3078 1496 quod
3137 1427 3192 1480 in
3232 1426 3474 1482 fontibus
3505 1429 3600 1482 in-

1957 1519 2248 1574 veniebat
2304 1525 2522 1588 tempus
2565 1518 2790 1573 ascribit
2835 1519 3000 1574 rebus
3054 1520 3184 1576 inde
3232 1523 3435 1592 petitis,
3489 1539 3602 1577 non

1921 1653 1969 1719 Β

1997 1617 2143 1663 recte
2174 1601 2396 1678 semper
2425 1623 2526 1662 nec
2564 1607 2630 1662 ad
2686 1608 2738 1662 id
2769 1608 2914 1678 {satis
2958 1610 3272 1675 attendens,
3327 1612 3473 1682 quod
3505 1627 3605 1665 an-

1998 1716 2126 1754 num
2149 1700 2242 1754 alii
2273 1699 2327 1753 in
2346 1700 2571 1766 Pascha,
2595 1700 2688 1754 alii
2711 1700 2765 1754 in
2798 1700 2970 1755 Natali
2994 1701 3277 1757 Dominico
3309 1703 3602 1774 incipiunt.

1998 1789 2185 1843 Ubivis
2213 1797 2391 1844 tamen
2424 1788 2727 1859 inquisivit,
2761 1797 2815 1845 et
2842 1806 2871 1844 e
2911 1790 3077 1845 certis
3106 1801 3370 1862 quantum
3402 1793 3607 1846 habere

2005 1885 2216 1948 poterat
2255 1878 2626 1933 fundamentis
2664 1879 3020 1950 computavit,
3075 1897 3179 1936 nec
3218 1881 3383 1935 dubia
3413 1883 3608 1936 occul-

2008 1975 2122 2022 tare
2151 1968 2358 2023 studet.
2396 1969 2582 2037 Itaque
2625 1967 2680 2021 in
2720 1968 2807 2022 his
2847 1967 3100 2023 voluntas
3158 1971 3280 2038 ejus
3318 1970 3616 2036 laudanda,

2007 2057 2302 2112 auctoritas
2333 2055 2443 2110 fere
2477 2056 2640 2111 nulla.
2680 2057 2789 2111 Hoc
2841 2057 3078 2114 maxime
3110 2059 3177 2113 de
3225 2077 3486 2130 paparum
3519 2077 3614 2114 ca-

2011 2148 2194 2223 talogo
2221 2149 2540 2212 dicendum,
2599 2149 2653 2203 in
2684 2164 2915 2220 quorum
2948 2151 3092 2205 serie
3131 2153 3517 2207 constituenda
3548 2154 3618 2206 ad

2011 2253 2060 2290 a.
2094 2237 2199 2289 873
2249 2251 2422 2306 usque
2453 2237 2612 2290 Gesta
2650 2236 2972 2308 pontiﬁcum
3024 2240 3295 2311 sequitur,
3351 2242 3403 2294 in
3462 2242 3625 2295 annis

2007 2329 2192 2378 tamen
2246 2339 2391 2394 saepe
2441 2323 2509 2378 ab
2559 2324 2641 2378 eis
2671 2325 2980 2381 recedens:
3023 2327 3150 2382 inde
3197 2327 3266 2381 ab
3300 2328 3394 2384 illo
3439 2338 3624 2383 autem

2009 2432 2154 2470 anno
2221 2415 2520 2470 Marianum
2561 2423 2614 2470 et
2661 2417 2940 2492 catalogos
2974 2418 3298 2489 pontiﬁcum
3348 2420 3624 2475 adhibuit.

2013 2505 2135 2573 Qui,
2194 2521 2317 2560 cum
2367 2507 2600 2561 multum
2659 2505 2803 2560 inter
2847 2523 2904 2562 se
2955 2507 3266 2576 differrent,
3305 2509 3631 2584 Sigebertus

2013 2615 2108 2655 eos
2135 2600 2432 2655 conciliare
2479 2600 2633 2654 nisus
2678 2607 2783 2654 est.
2826 2602 2890 2654 At
2927 2617 3054 2656 mox
3104 2602 3241 2656 vidit
3285 2612 3338 2657 et
3387 2603 3631 2674 ingenue

2012 2691 2459 2758 conlitetur(72),
2501 2709 2560 2746 se
2592 2709 2702 2748 non
2735 2693 2990 2748 sufficere
3023 2694 3150 2748 huic
3200 2695 3394 2760 labori,
3425 2705 3479 2749 et
3510 2712 3636 2750 cum

2013 2782 2068 2835 in
2102 2782 2221 2851 ipso
2256 2781 2595 2835 numerando
2635 2797 2694 2835 se
2729 2781 2960 2836 nimium
2991 2782 3060 2835 ab
3092 2783 3199 2836 illis
3233 2783 3499 2838 recedere
3529 2785 3634 2839 de-

2012 2870 2418 2941 prehendisset,
2460 2887 2490 2924 a
2533 2871 2890 2943 nonagesimo
2931 2871 3095 2926 tertio
3124 2872 3306 2926 statim
3337 2873 3405 2927 ad
3437 2889 3638 2928 nume-

2015 2976 2134 3014 rum
2170 2959 2534 3014 centesimum
2564 2958 2755 3014 transit
2785 2959 2962 3029 (72');
2994 2975 3094 3014 nec
3135 2967 3326 3030 postea
3359 2961 3492 3016 satis
3523 2961 3630 3016 sibi

297 3079 453 3135 papae
483 3079 723 3135 persona
751 3063 840 3120 cui
873 3064 1149 3128 irascitur,
1182 3064 1279 3118 sed
1323 3065 1567 3120 divinum
1596 3065 1686 3134 jus
1719 3020 1906 3141 régum
1943 3020 1990 3088 C
2015 3055 2156 3110 cavit
2185 3054 2251 3108 ab
2287 3053 2588 3110 erroribus.
2624 3053 2840 3125 Reliqui
2886 3054 3106 3110 codices
3139 3054 3232 3108 alii
3274 3055 3342 3110 ad
3393 3056 3632 3111 litteram

298 3155 711 3223 labefactatum,
761 3155 859 3211 sed
905 3155 1242 3212 rebelliones
1289 3165 1343 3212 et
1394 3158 1633 3227 perjuria
1677 3160 1907 3224 sancita,

297 3243 396 3300 sed
427 3243 722 3299 concordia
774 3243 928 3316 regni
958 3252 1014 3299 et
1043 3243 1298 3298 Ecclesiae
1355 3245 1590 3309 turbata,
1653 3247 1747 3301 lilii
1779 3263 1909 3322 erga

299 3345 510 3410 patrem
565 3335 744 3407 pietas
789 3343 1066 3407 corrupta,
1109 3335 1248 3391 fides
1289 3337 1574 3392 hominum
1617 3355 1903 3395 concussa.

301 3429 429 3494 Quae
459 3443 583 3482 cum
615 3427 996 3497 reprehendit,
1028 3436 1234 3482 tantum
1267 3428 1423 3484 abest
1450 3436 1508 3484 ut
1539 3430 1774 3500 partium
1795 3439 1910 3486 stu-

303 3517 395 3573 dio
435 3517 698 3572 seductus
727 3515 816 3579 sit,
858 3517 980 3572 utsi
1016 3517 1198 3573 minus
1228 3534 1292 3573 ea
1333 3519 1620 3591 tetigisset,
1663 3527 1792 3576 tunc
1819 3523 1915 3578 de-

303 3626 452 3665 mum
486 3610 723 3682 partium
755 3609 918 3664 nimis
959 3610 1241 3665 studiosus
1273 3617 1422 3667 recte
1454 3611 1593 3668 foret
1625 3613 1914 3672 dicendus.

307 3704 463 3770 Quod
495 3704 666 3758 multa
698 3718 808 3758 non
841 3709 1022 3758 narrat
1067 3704 1319 3760 Heinrico
1353 3706 1538 3760 minus
1577 3706 1916 3775 favorabilia,

307 3793 412 3849 hoc
441 3793 664 3864 quidem
707 3791 928 3847 nomine
959 3791 1293 3861 reprehendi
1333 3794 1546 3863 nequit,
1597 3795 1755 3862 cujus
1785 3812 1920 3852 con-

306 3886 490 3941 silium
521 3893 640 3941 erat
685 3901 899 3940 summa
930 3894 1139 3940 tantum
1169 3902 1350 3941 rerum
1392 3887 1633 3944 breviter
1661 3891 1920 3961 perstrin-

309 3993 461 4053 gere.
521 3977 579 4030 ln
611 3977 838 4031 adversa
867 3976 1013 4031 enim
1047 3984 1200 4048 parte
1239 3994 1462 4048 prorsus
1495 3978 1638 4034 idem
1674 3981 1818 4035 fecit.
1855 3983 1920 4037 At

311 4067 404 4141 qui
437 4067 723 4138 increpant
773 4065 919 4138 quod
964 4067 1202 4123 Heinrici
1253 4068 1436 4141 aliqua
1469 4072 1717 4138 tacuerit,
1752 4073 1916 4127 iidem

312 4160 519 4216 crimen
571 4161 620 4215 ei
667 4158 874 4214 faciunt
930 4159 1081 4228 inde,
1115 4162 1261 4234 quod
1316 4179 1583 4234 paparum
1627 4165 1920 4220 malefacta

311 4250 534 4305 silentio
572 4265 681 4305 non
742 4249 938 4305 texerit
966 4251 1173 4318 omnia,
1232 4267 1355 4306 cum
1390 4259 1570 4308 tamen
1625 4255 1793 4309 multa
1826 4271 1919 4309 re-

312 4348 567 4398 verenter
593 4341 893 4410 omitteret,
926 4359 1049 4415 quae
1078 4343 1134 4398 in
1168 4342 1410 4398 fontibus
1454 4343 1570 4398 suis
1600 4345 1832 4420 legebat.
1866 4346 1920 4400 Si

312 4435 535 4506 quando
593 4436 756 4506 paulo
797 4435 976 4490 acrius
1015 4435 1069 4489 in
1118 4435 1437 4510 Gregorium
1498 4443 1662 4508 atque
1693 4439 1922 4493 Pascha-

313 4524 419 4578 lem
445 4525 709 4596 loquitur,
744 4525 847 4580 hoc
879 4525 1074 4579 saltem
1106 4524 1252 4580 bona
1309 4524 1419 4580 tide
1451 4524 1600 4593 fecit,
1644 4543 1752 4582 non
1785 4544 1922 4583 con-

1945 4386 1999 4455 D

2012 3150 2130 3205 haec
2178 3158 2586 3220 expresserunt,
2634 3147 2726 3203 alii
2772 3164 2871 3219 pro
2929 3164 3026 3204 sua
3082 3149 3321 3221 quisque
3370 3150 3637 3222 Opinione

2012 3250 2368 3298 correxerunt
2393 3259 2406 3307 ;
2439 3241 2586 3295 unde
2615 3249 2862 3311 apparet,
2892 3241 2958 3295 ad
2979 3241 3179 3295 seriem
3209 3256 3498 3312 annosque
3531 3259 3631 3311 pa-

2010 3348 2201 3404 parum
2234 3331 2434 3385 rectius
2473 3329 2888 3404 cognoscendas
2939 3329 3210 3404 Sigeberti
3242 3329 3641 3402 codicumquel

2012 3423 2132 3491 ejus
2159 3428 2481 3477 cunctorum
2531 3420 2914 3476 auctoritatem
2944 3427 3107 3492 atque
3143 3420 3434 3475 utilitatem
3487 3437 3642 3492 pror-

2018 3529 2112 3568 sus
2136 3529 2260 3568 esse
2301 3511 2528 3567 nullam.
2567 3512 2714 3567 ldem
2766 3513 2832 3566 de
2864 3519 2975 3567 tota
3018 3511 3141 3579 ejus
3167 3511 3529 3584 chronologia
3555 3511 3640 3565 di-

2018 3606 2278 3671 cendum,
2307 3621 2419 3660 non
2450 3605 2627 3661 solum
2678 3613 2804 3659 ante
2835 3620 2886 3658 a.
2921 3605 3081 3671 1024,
3137 3605 3235 3659 sed
3268 3610 3392 3674 post
3444 3604 3608 3658 etiam

2093 3700 2284 3753 Dictio.
2327 3726 2391 3735 —
2421 3695 2599 3749 Dictio
2631 3694 2686 3747 in
2714 3694 2833 3748 Vita
2861 3693 3149 3748 Deoderici
3181 3702 3236 3747 et
3258 3693 3485 3764 reliquis
3504 3693 3641 3748 Vitis

2015 3787 2338 3858 juveniliter
2363 3785 2659 3851 exsultans,
2694 3791 2886 3838 ornata
2926 3784 3174 3839 ﬂosculis
3224 3784 3337 3840 imo
3392 3785 3641 3841 versibus

2022 3887 2306 3951 poetarum
2356 3876 2559 3932 Horatii
2610 3877 2846 3930 maxime
2876 3876 3105 3931 vocibus
3158 3875 3460 3931 rarioribus
3511 3879 3638 3948 (73),

2022 3971 2226 4026 Gracis
2263 3985 2506 4041 quoque,
2541 3967 2846 4032 antithetis,
2879 3967 3411 4039 comparationibus,
3469 3977 3640 4024 meta-

2024 4066 2211 4137 phoris
2243 4065 2466 4126 referta,
2500 4079 2668 4118 sacras
2709 4063 3001 4133 Scripturze
3033 4070 3086 4118 et
3124 4064 3344 4120 Patrum
3399 4066 3636 4120 lectione

2026 4166 2280 4229 turgens;
2306 4172 2534 4211 numero
2563 4156 2767 4231 gaudet
2789 4156 3016 4226 poetico
3039 4164 3093 4211 et
3123 4158 3418 4212 sententiis
3440 4158 3636 4229 aequali

2025 4263 2161 4304 sono
2210 4249 2294 4304 bis
2343 4257 2492 4304 terve
2546 4249 2599 4301 in
2647 4246 2757 4302 line
2811 4247 2917 4302 sibi
2953 4249 3458 4320 respondentibus;
3494 4249 3634 4320 quod

2026 4341 2301 4396 scribendi
2333 4355 2508 4412 genus
2530 4340 2735 4394 saeculo
2778 4356 2830 4394 χι
2863 4348 3030 4410 atque
3062 4339 3229 4410 priori
3262 4358 3335 4395 xu
3363 4341 3502 4411 parti
3539 4357 3634 4411 pe-

2025 4429 2229 4486 culiare
2269 4429 2371 4484 fuit
2399 4437 2454 4482 et
2480 4445 2643 4500 quam
2685 4428 2919 4483 maxime
2949 4428 3230 4484 usitatum.
3276 4430 3335 4484 In
3393 4429 3641 4500 epistolis

2026 4520 2171 4575 idem
2213 4518 2442 4590 aequalis
2485 4519 2606 4573 soni
2637 4519 2915 4574 studium:
2967 4517 3136 4573 dictio
3199 4518 3383 4573 minus
3425 4517 3637 4584 ﬂorida,

313 4611 461 4667 scius
487 4613 725 4677 erroris;
779 4630 961 4685 neque
993 4614 1048 4668 in
1081 4614 1189 4668 illis
1238 4613 1429 4668 falsum
1458 4629 1599 4679 esse,
1635 4631 1926 4686 possumus
2029 4615 2303 4670 inusitatis
2333 4613 2563 4669 vocibus
2585 4628 2798 4680 carens,
2833 4619 2886 4667 at
2917 4611 3187 4685 dignitate
3218 4611 3459 4686 gravior,
3511 4628 3638 4666 sen-

315 4703 568 4775 probare.
620 4702 806 4758 Ubivis
837 4706 1019 4776 potius
1067 4705 1182 4760 veri
1221 4712 1492 4759 amantem
1534 4705 1817 4771 videmus;
1855 4705 1927 4759 ita
2029 4706 2215 4762 tentiis
2244 4704 2498 4769 vividior,
2539 4704 2858 4775 eloquentia
2898 4703 3135 4775 quadam
3170 4703 3354 4757 nativa
3382 4703 3636 4769 animata,

315 4816 439 4856 cum
471 4799 654 4854 minus
670 4807 814 4855 recte
847 4816 877 4854 a
907 4801 1210 4856 Deoderico
1231 4807 1385 4872 gesta
1415 4800 1470 4854 in
1502 4800 1612 4856 vita
1633 4801 1750 4871 ejus
1777 4817 1926 4856 non-
2031 4815 2142 4854 non
2176 4798 2297 4852 sine
2337 4796 2551 4852 facetiis
2582 4803 2635 4850 et
2675 4795 2928 4850 oratoriis
2945 4795 3260 4860 virtutibus,
3286 4795 3514 4850 omnino
3543 4811 3640 4848 au-

317 4891 449 4945 dum
479 4889 769 4964 tetigisset,
802 4888 857 4943 in
887 4888 1156 4945 Chronico
1201 4905 1266 4944 ea
1296 4889 1591 4961 supplevit.
1627 4890 1681 4944 Si
1707 4905 1813 4962 qua
1845 4891 1932 4944 in—
2030 4897 2139 4944 tem
2173 4887 2395 4959 Optimis
2433 4887 2554 4956 ejus
2592 4885 2768 4940 aetatis
2816 4886 3251 4942 annumeranda.
3283 4887 3341 4940 ln
3376 4883 3638 4939 Chronico

1873 4997 2084 5053 NOTAE.

387 5099 531 5170 (66*)
545 5099 688 5174 ‘Vide
713 5097 852 5174 infra
868 5097 1291 5174 observationes
1309 5114 1446 5174 quas
1467 5097 1927 5174 exillartzheimio
2029 5096 2872 5174 intelligendum,quamngrnpfs
2906 5096 3200 5174 etAodg'o‘sas
3212 5094 3382 5160 fuerit
3411 5095 3524 5163 ipse
3539 5095 3636 5148 im-

315 5165 685 5244 (Qoncherm
714 5212 728 5235 ,
762 5177 800 5226 t.
838 5171 928 5236 lll,
950 5188 1002 5240 p.
1025 5169 1152 5237 234,
1181 5165 1371 5244 θρᾳϊᾷ
1400 5170 1465 5244 de
1488 5171 1925 5244 Sigcbertigem-
2025 5167 2568 5244 peil‘utonSamonibtts
2620 5165 2695 5220 L'f.
2733 5165 3022 5244 ibidiA160,
3052 5165 3173 5218 161.
3215 5234 3225 5244 .
3287 5189 3292 5195 ν
3355 5234 3364 5244 ⁸

318 5241 580 5314 ὸζαοθηοέᾳ
607 5234 816 5314 duplici
840 5234 1038 5314 asserto
1066 5234 1428 5314 sentiendum)
1457 5241 1524 5294 ad
1553 5234 1646 5296 an.
1697 5241 1835 5296 1074
1874 5247 1929 5295 et
2025 5234 2043 5239 ’
2090 5240 2207 5314 Δ(71)
2251 5239 2422 5293 Locus
2452 5237 2601 5314 enim
2634 5238 2762 5314 anni
2800 5238 2922 5301 773,
2954 5251 3062 5314 quo
3086 5234 3322 5314 maxime
3355 5234 3635 5314 infestatur

316 5311 469 5386 10837
487 5305 895 5386 subjungimus,
918 5313 1066 5386 Eutr.
1099 5305 1470 5386 Ρδιτιιοωριέιεἴ
1493 5383 1504 5386 Α

2031 5305 2355 5386 a_Grcts_ero,
2390 5324 2519 5386 non_
2545 5307 2856 5386 ipsiusnest,
2889 5305 2986 5362 sed
3031 5305 3448 5386 interpolatoris
3462 5306 3633 5386 "Aqui-

387 5385 491 5451 (67)
533 5375 747 5454 Fléur‘j',
777 5375 914 5438 Hist.
945 5385 1126 5438 ccclcs.
1163 5386 1195 5438 Ι.
1232 5399 1328 5438 va
1369 5383 1533 5450 n,40.
2026 5381 2301 5445 cinensis;
2325 5375 2836 5454 epistolania.1085
2856 5375 3628 5450 recepittantummonﬁnxit.

390 5456 503 5525 (68)
541 5451 718 5524 Ampi:
752 5455 878 5510 coll.
910 5455 952 5518 ι,
983 5456 1110 5510 588.
1143 5463 1292 5510 nota.
1432 5524 1442 5525 ί
2096 5453 2201 5519 (72;
2246 5453 2303 5506 A.
2339 5451 2462 5525 ess.

389 5522 494 5602 (99;
533 5522 804 5602 gramm.
841 5527 980 5602 de_lc_t
1011 5529 1235 5602 France,
1266 5525 1351 5590 1x,
1384 5524 1508 5580 537.
1849 5596 1877 5602 _
2096 5522 2496 5602 (genuisses.
2585 5594 2595 5602 _
3085 5591 3097 5602 _
3341 5594 3352 5602 .
3507 5591 3518 5602 ο

391 5591 492 5666 (70)
535 5596 608 5652 Cf.
667 5598 1003 5653 107341384:
1046 5599 1131 5652 his
1161 5603 1337 5652 autem
1362 5627 1430 5635 —
1468 5611 1625 5664 agere
1658 5596 1812 5650 1685.
1848 5596 1922 5650 De
2097 5591 2198 5663 (73,
2224 5591 2308 5648 'Ut
2345 5597 2556 5650 scabere
2583 5594 2619 5649 i.
2654 5609 2706 5665 q.
2739 5606 2909 5664 scepo
2931 5591 3243 5659 mundare;
3275 5594 3485 5648 minare
3507 5591 3546 5646 i.
3574 5608 3624 5664 q.

321 5667 417 5727 vir.
455 5668 532 5731 ill.
562 5667 697 5731 1.05:
731 5669 888 5744 cujus
909 5671 1076 5725 solius
1097 5670 1255 5728 verba
1278 5669 1560 5741 sufﬁciunt
1579 5669 1826 5724 omnibus
1850 5669 1924 5722 ad
2023 5683 2222 5729 mcner,
2255 5667 2478 5722 ducere.
