3870 6060
248 258 317 312 39

1422 237 1826 295 SIGEBERTUS
1865 230 2378 290 GEMBLACENSIS.

3497 217 3569 274 40

242 393 545 463 conjunxit,
585 397 642 445 ut
673 386 847 444 codici
882 384 990 439 111*
1020 376 1722 445 accuratissimedescripto
1763 373 1855 427 ad—
1879 376 1931 442 Α
1958 373 2234 431 oﬂ'useataa
2284 373 2432 432 sunt,
2491 370 2551 418 ut
2626 359 2823 415 melius
2889 356 3160 430 legantur.
3217 355 3296 410 -F.
3362 353 3570 408 51-51-

239 489 436 557 jiceret
466 483 689 540 Roberti
713 490 916 536 textum
954 479 1104 533 illum
1129 476 1435 531 breviorem
1463 491 1513 528 a.
1540 470 1855 527 1155-1169

245 582 299 631 et
328 575 600 645 integrum
631 587 680 625 a.
716 567 1051 633 1169-1186,
1084 565 1362 637 adspersis
1393 564 1481 617 hic
1513 563 1627 616 illic
1668 561 1855 631 paucis

245 671 314 724 de
362 684 461 722 suo
520 664 857 720 monasterio
918 661 1275 726 notulis;cui
1335 660 1388 714 in
1438 658 1634 713 eodem
1664 656 1858 711 codice

244 759 547 814 monachus
586 753 1042 810 Gemmeticensis
1094 751 1566 808 continuationem
1599 764 1647 802 a.
1692 748 1858 800 1187-

243 847 384 902 1210
413 845 716 914 subjunxit.
750 845 902 898 llunc
952 843 1148 896 librum
1183 848 1374 895 nactus
1397 839 1699 893 Guilelmus
1730 836 1859 889 Par-

244 953 432 1002 vus,a.
469 935 628 1001 1513,
655 935 783 988 inde
809 934 1112 988 editionem
1148 930 1451 1000 principem
1484 927 1599 980 fieri
1625 925 1853 980 curavit.

248 1029 492 1092 lta,cum
539 1023 712 1079 codex
765 1021 1177 1091 Ursicampinus
1239 1019 1648 1091 conglutinatus
1705 1016 1778 1069 sit
1827 1030 1856 1068 e

250 1123 401 1170 textu
455 1111 848 1175 Bellovacensi,
917 1109 1333 1164 continuatione
1397 1105 1748 1174 Laudunensi
1806 1112 1860 1158 et

253 1204 654 1271 Gemhlacensi,
677 1203 814 1258 miro
870 1203 1108 1272 quodam
1140 1200 1248 1254 fato
1288 1199 1488 1254 factum
1520 1206 1623 1264 est,
1665 1205 1722 1252 ut
1752 1197 1867 1251 edi-

255 1302 330 1356 tio
362 1298 622 1370 princcps
652 1306 816 1366 atque
847 1301 1027 1349 textus
1067 1295 1354 1363 hucusque
1399 1297 1652 1361 receptus
1709 1289 1865 1361 quasi

252 1397 411 1444 cento
445 1385 600 1440 ﬁeret
638 1401 700 1438 ex
730 1383 988 1438 omnibus
1028 1381 1255 1436 familiis
1285 1389 1551 1436 consutus
1581 1380 1746 1449 (137).

326 1477 631 1532 Codices.—
665 1471 891 1526 Codices
930 1470 1201 1544 Sigeberti
1231 1477 1393 1540 atque
1421 1470 1862 1524 continuatorum

257 1564 531 1620 exstitisse
557 1561 762 1616 scimus
790 1560 880 1628 63,
913 1575 941 1614 e
965 1560 1170 1631 quibus
1195 1561 1306 1628 jam
1340 1559 1613 1630 deperditi
1666 1558 1748 1623 19,
1775 1574 1868 1612 su-

258 1663 490 1750 persunt
513 1655 600 1709 44.
635 1653 820 1750 Exilis
849 1670 880 1706 a
903 1668 1099 1750 novem
1141 1661 1267 1706 ante
1299 1667 1401 1708 nos
1432 1651 1739 1705 editoribus
1769 1650 1863 1704 ad-
1895 1684 1940 1750 Β

261 1747 420 1802 hibiti
450 1746 669 1801 fuerunt
695 1745 780 1810 12,
822 1760 922 1799 nos
967 1743 1050 1798 usi
1079 1760 1269 1798 sumus
1297 1744 1383 1799 33.
1420 1743 1558 1797 Sunt
1585 1742 1754 1816 igitur
1782 1757 1868 1797 co-

259 1842 400 1894 dices
427 1839 656 1907 familia:
681 1837 1094 1893 Gemblacensis.

335 1937 389 2004 1)
421 1935 599 1991 Codex
631 1935 759 1990 olim
811 1936 868 1991 S.
905 1936 1053 1990 Petri
1084 1932 1496 1997 Gemblacensis,
1547 1931 1650 1985 hoc
1677 1944 1870 1984 everso

264 2026 320 2080 in
351 2040 548 2080 manus
569 2023 836 2096 cauponis
861 2022 1094 2088 delatus,
1124 2020 1250 2076 inde
1273 2029 1496 2090 ereptus
1521 2035 1620 2090 per
1647 2018 1706 2072 D.
1740 2019 1873 2072 Bau—

263 2115 353 2179 de,
386 2131 416 2169 a
472 2128 582 2184 quo
639 2110 1039 2185 benignissime
1093 2109 1555 2164 communicatum
1624 2123 1676 2162 a.
1733 2105 1873 2162 1810

265 2204 382 2275 ipse
415 2201 641 2265 contuli,
663 2215 810 2254 nunc
850 2199 984 2253 bibl.
1039 2197 1401 2272 Burgundica:
1423 2193 1869 2249 Bruxellensisn.

265 2290 455 2358 18239,
487 2289 635 2344 unde
701 2287 1096 2362 benignissime
1130 2286 1292 2340 nobis
1351 2283 1729 2338 transmissum
1760 2281 1874 2336 edi-

263 2379 399 2434 tioni
431 2378 696 2433 faciendae
730 2379 926 2430 iterum
955 2375 1183 2430 adhibui
1218 2373 1464 2444 :Optime
1515 2378 1874 2427 conservatus

263 2471 496 2526 membr.
522 2469 619 2525 fol.
674 2469 811 2522 min.
852 2467 1108 2522 foliorum
1167 2467 1254 2522 62.
1311 2467 1712 2530 Quaterniones
1762 2479 1870 2518 non

266 2559 464 2631 signati
496 2575 510 2622 ;
547 2557 708 2610 lineae
727 2571 876 2610 nunc
904 2556 1044 2624 stylo
1077 2571 1223 2610 nunc
1275 2555 1500 2626 plumbo
1531 2555 1708 2609 ductae
1743 2571 1756 2618 ;
1787 2553 1874 2607 lit-

267 2657 398 2703 terae
447 2663 495 2702 s.
548 2663 622 2701 xu
679 2633 945 2712 ineuntis,
993 2660 1221 2699 summae
1273 2645 1661 2715 simplicitatis,
1690 2646 1883 2700 littera:

272 2739 433 2810 pictze
454 2745 650 2809 praeter
705 2737 920 2791 titulum
948 2735 1117 2792 minio
1159 2737 1424 2808 scriptum
1449 2737 1639 2791 nulla).
1667 2737 1884 2812 Regno-

272 2844 390 2883 rum
417 2827 631 2883 indices
687 2827 743 2880 in
770 2842 985 2880 summa
1035 2826 1226 2898 quavis
1269 2825 1492 2900 pagina,
1533 2827 1661 2880 anni
1688 2826 1882 2880 Christi

273 2919 329 2972 in
349 2918 597 2993 margine
625 2935 722 2988 per
749 2917 1020 2972 decennia
1071 2923 1282 2972 tantum
1336 2927 1609 2973 notantur.
1646 2918 1884 2992 Singula:

276 3012 570 3066 sententia:
601 3011 780 3082 spatio
839 3011 1034 3066 latiore
1064 3017 1118 3065 et
1141 3010 1324 3066 littera
1353 3011 1656 3078 majuscula
1682 3011 1886 3065 distin-

274 3109 533 3175 guuntur.
575 3103 948 3172 Interpunctio
980 3101 1402 3176 planeegregia,
1426 3117 1548 3172 qua:
1568 3101 1748 3157 ubivis
1777 3100 1888 3156 fere

220 3267 225 3273 .
279 3197 567 3252 retinenda
597 3197 717 3252 fuit.
753 3196 954 3252 Calami
987 3213 1204 3252 errores
1264 3213 1362 3267 per
1411 3203 1582 3251 totum
1640 3196 1886 3252 codicem

276 3288 712 3360 quatuordecim.
757 3287 904 3342 Folia
961 3288 1088 3342 1-42
1137 3287 1384 3358 quinque
1438 3285 1891 3357 quaternionibus

273 3385 465 3453 juncta
491 3393 729 3455 quatuor
767 3383 999 3438 diversis
1043 3381 1387 3452 temporibus
1441 3381 1680 3447 exaravit
1732 3369 1892 3453 Sige-

278 3477 465 3532 bertus
517 3476 636 3547 ipsc
686 3491 852 3529 manu
907 3474 1270 3548 autographa,
1318 3473 1533 3538 eadem,
1595 3489 1705 3544 qua
1732 3472 1892 3527 Gesta

281 3567 539 3621 abbatum
569 3564 1046 3620 Gcmblacensium
1107 3563 1161 3617 in
1219 3563 1408 3618 codice
1454 3561 1727 3633 Lipsiensi
1759 3562 1895 3616 scri-

283 3656 412 3726 psit,
444 3655 674 3727 pulchra
725 3664 780 3710 et
825 3654 980 3708 ﬁrma
1027 3654 1278 3724 adeoque
1336 3661 1610 3718 accurata,
1661 3659 1720 3706 ut
1769 3660 1892 3707 octo

281 3756 492 3804 tantum
509 3764 708 3820 pennae
752 3748 938 3818 lapsus
957 3747 1293 3801 commiserit
1324 3746 1630 3801 levissimos
1662 3761 1676 3813 ;
1709 3745 1748 3799 f.
1783 3746 1889 3799 1-‘2.

286 3846 500 3914 (Incipit
527 3875 597 3883 —
654 3845 928 3909 Priamus)
977 3857 1087 3896 uno
1136 3841 1368 3906 calamo,
1400 3840 1461 3894 51
1508 3857 1608 3911 per
1637 3840 1893 3913 paginam

284 3933 447 3988 lineis
477 3932 553 3997 ;f.
587 3931 696 3996 3-6,
739 3933 875 4002 (Alii
912 3961 978 3970 —
1010 3947 1057 3984 a.
1106 3930 1236 3997 422)
1295 3939 1601 3984 atramento
1645 3929 1770 3991 alio,
1806 3929 1897 3983 lit-

285 4022 418 4077 teris
445 4021 751 4076 minoribus
799 4019 896 4075 sed
929 4035 1052 4092 qua:
1101 4019 1304 4074 sensim
1334 4019 1572 4090 priorem
1614 4018 1892 4093 magnituo

288 4111 472 4166 dinem
500 4110 790 4181 recipiunt,
825 4109 988 4164 lineis
1009 4109 1210 4164 abhinc
1238 4125 1335 4180 per
1356 4117 1526 4165 totum
1551 4107 1642 4176 42,
1667 4107 1898 4162 interius

289 4206 530 4278 praefixis
564 4224 578 4272 ;
611 4205 646 4260 f.
683 4207 715 4259 6
747 4203 912 4260 finem
965 4208 1038 4273 (a.
1071 4204 1320 4272 423-425)
1354 4204 1548 4259 litteris
1579 4203 1765 4259 subito
1795 4202 1900 4257 mi-

291 4300 519 4354 noribus
548 4317 561 4365 ;
587 4298 623 4352 f.
675 4299 808 4352 7-12
859 4299 926 4366 (a.
961 4297 1213 4367 426-972)
1263 4306 1567 4353 atramento
1589 4297 1717 4362 alio,
1751 4297 1898 4368 quod

289 4392 491 4448 abhinc
534 4408 642 4447 non
697 4399 954 4446 mutatur.
1015 4391 1209 4446 Postea
1264 4391 1498 4447 diversis
1555 4391 1899 4462 temporibus

293 4493 482 4540 auctor
503 4485 622 4556 ipse
655 4484 745 4539 hic
776 4484 888 4538 illic
911 4483 1068 4554 plura
1097 4484 1352 4548 correxit,
1387 4483 1611 4550 delevit,
1650 4483 1850 4552 adjecit
1881 4501 1893 4546 ;

292 4582 417 4648 post
448 4592 494 4630 a.
531 4577 636 4630 972
670 4576 878 4631 nullum
929 4575 1048 4644 ejus
1104 4575 1394 4649 vestigium
1443 4581 1688 4647 apparet.
1743 4606 1812 4615 —
1845 4575 1899 4630 F.

290 4668 456 4724 43.50
495 4667 564 4737 (a.
610 4667 893 4741 973-1081.)
935 4684 1032 4724 seu
1079 4674 1289 4722 sextum
1345 4669 1764 4740 quaternionem
1783 4683 1906 4722 exa-

293 4759 431 4814 ravit
453 4759 698 4814 secunda
728 4775 924 4813 manus
950 4776 993 4813 s.
1037 4777 1109 4814 xu
1159 4761 1212 4814 in
1243 4801 1257 4825 ,
1278 4759 1556 4814 simillima
1589 4759 1900 4832 Sigeberto,

291 4848 389 4902 sed
409 4848 465 4901 in
493 4847 687 4901 litteris
718 4848 1034 4916 majusculis
1060 4850 1340 4912 ornatior;
1374 4847 1767 4922 orthographia
1797 4846 1902 4900 ali-

293 4935 616 5007 quantulum
649 4933 912 4989 differens
945 4952 1031 5002 ;a,
1091 4937 1238 5007 quod
1269 4935 1589 5008 Sigebertus
1618 4951 1839 5005 semper
1871 4938 1906 4989 ὰ

293 5024 536 5096 scripsit,
570 5031 798 5078 accentu
832 5031 981 5077 caret
1010 5023 1078 5076 ab
1110 5024 1210 5078 hac
1260 5031 1314 5079 ct
1343 5024 1707 5095 sequentibus
1734 5022 1906 5077 mani-

294 5115 398 5169 bus
427 5115 726 5178 omnibus;
782 5129 981 5184 penum
1029 5113 1214 5183 lapsus
1255 5121 1402 5180 tres;
1442 5115 1601 5169 lineae
1633 5131 1731 5186 per
1748 5115 1905 5185 pagi-

295 5221 416 5258 nam
436 5206 495 5259 41
537 5203 905 5271 ;membrana
941 5202 1190 5272 spissior,
1240 5202 1447 5258 laevior.
1500 5205 1630 5257 Tres
1690 5203 1905 5275 pagina:

293 5309 416 5348 cum
447 5311 498 5348 a.
532 5292 773 5348 973-979
805 5301 859 5347 et
886 5291 1045 5347 1077.
1078 5290 1478 5346 Ilildebrandus
1506 5308 1602 5361 per
1630 5307 1808 5347 omnes
1839 5323 1906 5331 —

294 5401 344 5440 a.
377 5385 512 5441 1088
541 5383 635 5440 ﬁn.
662 5385 774 5455 jam
833 5392 958 5439 ante
994 5400 1164 5439 unum
1215 5384 1395 5438 duove
1447 5385 1644 5439 saecula
1674 5385 1907 5440 tinctura

1917 3056 1966 3124 C

1956 470 2028 539 (a.
2063 459 2369 519 1085-1111
2417 452 2747 527 protercbut)
2772 465 2869 504 seu
2913 447 3207 518 septimum
3251 445 3574 516 quaternio-

1958 531 2083 611 nem
2107 549 2328 623 scripsit
2351 545 2509 602 tertia
2534 557 2750 606 manus,
2784 539 2978 593 eadem
3023 552 3146 608 quae
3185 551 3216 589 a
3271 531 3572 588 1136-1137

1960 620 2348 714 pulcherrima.
2403 631 2612 687 Desinit
2655 629 2709 682 in
2758 626 2941 681 media
2995 625 3213 695 pagina,
3258 622 3416 690 cujus
3443 620 3576 674 reli-

1961 711 2071 803 qua
2101 745 2227 800 pars
2247 731 2420 781 vacat.
2446 754 2502 762 —
2539 721 2595 775 F.
2627 720 2696 774 55
2742 717 2920 772 solum
2949 715 3212 768 inscrtum
3245 711 3577 780 conscripsit

1960 801 2176 892 quarta,
2210 816 2372 886 longe
2402 811 2638 876 diversa,
2665 806 2952 876 subcrispa
2982 822 2999 870 ;
3031 801 3244 857 indices
3275 815 3569 876 regnorum

1960 913 2122 968 nulla;
2177 907 2508 978 compendia
2590 903 2874 973 scripturae
2967 904 3130 968 atque
3179 893 3572 966 orthographia

1959 1009 2084 1073 alia,
2131 1013 2189 1060 ut
2219 1003 2741 1069 karta,karissimus,
2794 998 3044 1052 dominus
3092 1009 3260 1064 papa,
3289 993 3570 1051 Henricus,

1963 1111 2236 1152 monacus.
2293 1094 2505 1148 Ultimae
2549 1088 2794 1144 dimidiae
2854 1085 3070 1158 paginae
3127 1098 3347 1150 manus,
3407 1095 3572 1152 quam

1966 1190 2242 1246 credimus
2269 1185 2531 1249 Ansclmi,
2556 1179 2890 1253 praecedenti
2919 1179 3055 1232 satis
3100 1176 3323 1248 quidem
3353 1171 3574 1236 similis,

1967 1297 2072 1336 nec
2102 1289 2285 1335 tamen
2316 1277 2532 1342 eadem,
2565 1279 2870 1328 atramento
2923 1269 3086 1340 paulo
3115 1263 3578 1341 nigrioreinscri-

1969 1371 2075 1440 psit
2103 1385 2214 1424 uno
2247 1378 2436 1422 tenore
2469 1380 2672 1420 annum
2707 1360 2842 1416 1112
2873 1367 2927 1414 et
2979 1365 3210 1412 mortem
3259 1349 3531 1428 Sigeberti
3564 1369 3578 1415 ;

1966 1463 2073 1516 alia
2104 1460 2265 1532 paulo
2295 1465 2420 1530 post
2447 1459 2543 1527 qui
2566 1487 2627 1494 —
2652 1455 2874 1522 reliquit
2895 1448 3274 1504 addidit.Tum
3295 1445 3445 1500 nullo
3459 1459 3583 1513 spa-

1969 1554 2043 1609 tio
2085 1553 2300 1618 relicto,
2334 1549 2588 1622 paginam
2644 1545 2851 1600 claudit
2893 1558 3074 1598 annus
3124 1541 3283 1605 1113,
3339 1534 3582 1592 Anselmi

1969 1665 2135 1703 manu
2165 1647 2262 1702 sed
2293 1646 2400 1701 alio
2447 1653 2690 1714 tempore
2739 1640 2996 1710 scriptus.
3029 1669 3096 1677 —
3125 1637 3180 1690 F.
3229 1635 3389 1689 56-72
3421 1639 3580 1688 octa-

1972 1755 2095 1794 vum
2124 1735 2543 1808 quaternionem
2585 1729 2852 1795 efficiunt,
2909 1727 3066 1795 cujus
3121 1725 3356 1796 primum
3386 1721 3578 1776 folium

1965 1828 2077 1896 jam
2098 1835 2225 1880 ante
2271 1842 2319 1879 a.
2381 1824 2521 1878 1115
2568 1821 2809 1876 excisum
2862 1825 2945 1873 est
2989 1834 3005 1883 ;
3050 1815 3124 1869 nil
3154 1821 3339 1868 tamen
3371 1811 3579 1866 deﬁcit.

1972 1919 2154 1971 Annos
2190 1913 2501 1969 11141135.
2538 1910 2824 1964 Anselmus
2855 1907 2975 1977 ipse
3028 1903 3250 1976 scripsit
3280 1905 3584 1956 atramento

1974 2013 2028 2062 et
2073 2005 2258 2060 habitu
2319 1999 2784 2073 quamplurimum
2852 2001 3107 2060 mutato;
3157 2003 3212 2047 et
3251 1991 3474 2063 quidem
3528 2005 3582 2042 a.

1974 2094 2112 2149 1113
2145 2101 2196 2148 et
2226 2091 2358 2146 1115
2410 2089 2637 2144 fortasse
2683 2101 2795 2141 uno
2842 2085 3051 2139 calamo
3111 2100 3126 2148 ;
3156 2080 3359 2136 deinde
3386 2096 3418 2133 a
3446 2077 3588 2132 1115

1974 2184 2381 2242 etadditioncm
2407 2182 2475 2236 ad
2499 2199 2548 2236 a.
2598 2181 2754 2235 1113.
2791 2187 2907 2234 tum
2958 2173 3265 2233 1116-1117
3299 2170 3470 2226 tribus
3503 2168 3590 2223 vi-

1975 2273 2554 2343 eibus;a.1ll9-112l
2620 2271 2840 2341 scripsit
2878 2270 3074 2323 iterum
3129 2279 3325 2319 manus
3379 2260 3588 2325 tertia;

1973 2370 2070 2425 sed
2093 2368 2381 2423 Anselmus
2402 2382 2522 2421 eam
2543 2363 2798 2424 correxit,
2841 2370 2897 2416 et
2928 2361 3047 2431 ipse
3097 2357 3314 2427 scripsit
3341 2371 3389 2407 a.
3413 2352 3587 2417 1122;

1975 2469 2088 2513 tum
2121 2475 2170 2512 a.
2215 2458 2355 2511 1123
2387 2455 2708 2526 etquzedam
2755 2451 2883 2506 anni
2921 2451 3058 2504 1117
3102 2466 3116 2503 :
3154 2456 3264 2503 tum
3298 2462 3347 2500 a.
3377 2444 3514 2498 1124
3537 2449 3596 2496 et

1985 2554 2122 2609 1125
2151 2553 2326 2607 tribus
2379 2550 2610 2613 vicibus,
2673 2547 2812 2602 1126
2869 2543 3103 2610 duabus,
3149 2541 3286 2595 1127
3355 2539 3593 2604 duabus,

1987 2647 2122 2704 1128
2165 2663 2279 2712 sex,
2327 2643 2463 2699 1129
2517 2643 2746 2696 duabus.
2801 2641 2858 2692 ln
2913 2655 2963 2691 a.
3025 2636 3164 2690 1130
3214 2650 3336 2689 cum
3383 2631 3594 2687 calamo

1987 2741 2226 2796 animum
2279 2737 2506 2791 mutavit
2557 2752 2570 2788 :
2631 2732 2952 2805 Gregorium
3012 2728 3177 2784 modo
3226 2727 3592 2796 vituperatum

1990 2830 2197 2894 laudat,
2256 2826 2570 2882 Lotharium
2640 2823 2920 2877 laudatum
2977 2818 3252 2888 vituperat
3303 2831 3318 2880 ;
3377 2811 3597 2868 a.1132

1987 2923 2188 2977 iterum
2234 2935 2356 2992 quze
2422 2918 2596 2990 primo
2653 2914 2949 2984 scripserat
3015 2918 3206 2964 contra
3259 2903 3597 2968 Lotharium,

1989 3015 2152 3085 paulo
2186 3019 2308 3083 post
2330 3009 2654 3064 immutavit.
2690 3006 2883 3060 Manus
2933 3011 3114 3057 tamen
3148 3001 3203 3054 in
3235 2999 3320 3052 his
3377 3011 3599 3067 prorsus

1991 3108 2207 3172 eadem,
2242 3103 2505 3169 Anselmi,
2533 3117 2708 3172 usque
2739 3099 2806 3152 ad
2829 3115 2878 3152 a.
2913 3097 3052 3152 11.15
3085 3093 3268 3148 linem.
3307 3121 3363 3132 -—
3394 3088 3599 3144 A.1136

1994 3204 2190 3258 iterum
2218 3216 2412 3255 manus
2477 3198 2636 3253 tertia
2691 3194 2934 3264 scripsit,
2984 3191 3151 3245 ﬁnem
3201 3185 3521 3242 aliuserasit
3547 3189 3601 3236 et

1992 3291 2320 3348 aliumfecit.
2356 3321 2427 3329 —
2473 3290 2530 3342 A.
2581 3287 2716 3342 1137
2757 3311 2770 3332 ι
2817 3283 3061 3338 Prudens
3108 3301 3132 3330 ιδ
3185 3276 3431 3334 succedit
3451 3285 3604 3330 sexta

1995 3384 2123 3453 (1η.)
2151 3379 2538 3452 pulcherrima,
2600 3391 2693 3429 sex
2746 3372 2962 3428 vicibus
3031 3369 3300 3424 calamum
3357 3377 3601 3419 sumens.

1994 3477 2140 3529 —A.
2168 3473 2308 3528 1115
2341 3493 2371 3522 α
2410 3471 2586 3526 Remis
2615 3488 2637 3519 υ
2675 3466 2911 3537 septima
2954 3461 3205 3533 sequitur
3252 3473 3363 3513 uno
3415 3464 3607 3510 tenore

1997 3586 2172 3643 usque
2196 3569 2264 3622 ad
2295 3568 2610 3630 transactis,
2665 3562 2760 3617 ubi
2798 3562 2854 3615 in
2886 3559 2994 3614 fine
3026 3555 3240 3630 paginae
3269 3551 3493 3616 desinit,
3527 3549 3614 3604 ul-

1997 3667 2126 3721 tima
2179 3661 2558 3736 quaternionis
2604 3665 2658 3714 et
2706 3656 2914 3713 codicis
2954 3653 3157 3728 pagina
3208 3664 3378 3704 vacua
3397 3646 3606 3702 relicta.

1998 3787 2061 3796 -—
2096 3755 2363 3808 Praeterea
2408 3749 2722 3804 additiones
2771 3753 2824 3799 et
2881 3742 3258 3799 correctiones
3287 3753 3386 3809 per
3435 3743 3606 3791 totum

1999 3847 2245 3902 codicem
2273 3843 2458 3897 multa:
2482 3839 2851 3911 reperiuntur,
2893 3851 3029 3908 quas
3055 3835 3128 3888 ita
3174 3828 3564 3900 distinguimus
3593 3845 3608 3880 :

2001 3935 2322 4008 Sigebertus
2373 3939 2660 4003 postquam
2713 3940 2852 3998 Opus
2895 3924 3136 3994 scripsit,
3217 3921 3376 3992 plura
3437 3917 3492 3970 in
3546 3929 3613 3968 eo

2001 4025 2351 4099 postmodum
2391 4021 2628 4078 correxit
2679 4019 2824 4074 curis
2867 4015 3148 4082 secundis,
3192 4015 3495 4068 atramento
3528 4005 3614 4059 ni-

2001 4133 2099 4191 gro
2133 4115 2276 4184 ;alia
2331 4119 2522 4184 postea
2564 4125 2807 4182 quoque,
2860 4107 3006 4162 curis
3049 4104 3246 4169 tertiis,
3298 4103 3609 4155 atramento

2001 4188 2284 4270 subfusco,
2304 4218 2467 4257 manu
2495 4199 2685 4255 nitida.
2747 4198 2869 4251 Hinc
2907 4193 3093 4250 omnia
3122 4193 3381 4262 leguntur
3411 4188 3466 4241 in
3499 4201 3613 4240 om-

2002 4299 2168 4354 nibus
2189 4295 2474 4352 codicibus
2507 4312 2520 4359 ;
2552 4292 2691 4346 facta
2733 4290 2902 4364 igitur
2959 4295 3090 4341 sunt
3123 4284 3440 4355 priusquam
3474 4293 3614 4347 opus

1919 4346 1972 4414 D
2006 4405 2183 4462 primo
2215 4387 2491 4443 ederetur.
2539 4415 2606 4424 —
2638 4346 2838 4437 Prmi’er
2867 4381 2986 4433 hch
3021 4377 3141 4431 alia:
3176 4390 3390 4439 manus,
3423 4372 3447 4424 1
3489 4381 3535 4446 β.
3560 4395 3609 4440 γ.

2001 4490 2043 4537 δ.
2073 4504 2137 4549 ε.,
2183 4486 2343 4535 aetate
2393 4476 2682 4549 Sigeberto
2723 4487 2950 4544 prorsus
2989 4468 3255 4540 aequales,
3295 4466 3485 4521 habitu
3534 4474 3616 4519 ta—

2004 4586 2150 4631 men,
2186 4564 2551 4637 compendiis,
2586 4567 2891 4617 atramento
2946 4557 3226 4629 paululum
3281 4563 3334 4609 et
3368 4555 3434 4608 ab
3463 4569 3530 4608 eo
3563 4559 3617 4606 et

2006 4662 2146 4718 inter
2161 4677 2218 4714 se
2239 4659 2492 4722 diversae,
2516 4655 2674 4727 plura
2703 4652 3059 4717 addiderunt,
3087 4649 3283 4721 partim
3318 4647 3371 4700 in
3404 4661 3612 4712 rasura,

2005 4753 2203 4826 partim
2246 4752 2300 4805 in
2352 4748 2620 4822 margine,
2673 4747 2771 4800 sed
2827 4753 3024 4815 posta.
3057 4742 3161 4796 972
3207 4755 3316 4812 quo
3346 4738 3616 4814 Sigeberti

2007 4857 2202 4896 manus
2229 4837 2457 4903 desinit,
2477 4851 2588 4890 non
2614 4835 2726 4904 jam
2757 4839 3073 4899 occurrunt,
3101 4831 3347 4901 exceptis
3377 4846 3426 4884 a.
3455 4829 3614 4892 1003,

2006 4928 2352 4993 1012,1076.
2382 4926 2502 4979 Haec
2531 4940 2676 4977 unus
2731 4924 2789 4976 A.
2838 4921 3042 4976 omittit
3077 4920 3282 4986 omnia,
3332 4926 3387 4971 et
3435 4916 3491 4969 in
3539 4929 3622 4968 ra-

2005 5017 2145 5072 soris
2165 5015 2272 5069 illis
2301 5014 2623 5085 plerumque
2658 5010 2826 5064 habet
2857 5026 2922 5063 ea
2948 5024 3071 5080 quae
3101 5007 3420 5081 Sigebertus
3441 5003 3621 5073 primo

2007 5109 2082 5164 ibi
2120 5109 2456 5178 scripserat;
2509 5103 2656 5174 apud
2714 5102 3096 5156 Ekkehardum
3137 5113 3358 5170 quoque
3399 5093 3622 5152 etWal-

2007 5212 2238 5259 tramum
2265 5213 2456 5254 eorum
2499 5196 2572 5249 nil
2628 5195 2923 5266 reperitur,
2973 5192 3170 5264 reliqui
3207 5197 3388 5245 autem
3422 5194 3626 5258 praeter

2008 5297 2068 5350 Α.
2099 5293 2320 5349 codices
2351 5290 2449 5343 has
2482 5290 2506 5343 1
2541 5299 2593 5358 β.
2629 5313 2675 5358 γ.
2713 5295 2756 5345 δ.
2794 5310 2834 5345 ε.
2875 5286 3191 5342 additiones
3235 5290 3291 5338 et
3331 5279 3625 5337 correctio-

2011 5399 2109 5437 nes
2134 5379 2316 5436 ubivis
2349 5376 2770 5432 habentomnes
2805 5393 2817 5429 :
2852 5375 3002 5430 unde
3050 5381 3280 5445 apparet
3326 5369 3501 5425 factas
3529 5383 3624 5422 eas

1855 5513 2066 5569 ΝΟΤᾸΞ.

365 5611 512 5680 (137)
550 5611 626 5666 En
667 5610 904 5666 familias
944 5611 1198 5667 codicum
1239 5616 1405 5681 atque
1445 5611 1952 5680 continuationum,
1995 5625 2226 5683 quarum
2258 5605 2719 5678 interpolationes
2755 5601 2914 5675 signo

299 5682 432 5738 Vide
466 5684 722 5757 paginam
753 5683 1178 5756 praecedentem.

2951 5618 3213 5629 ..-

3239 5594 3625 5654 indicavimus.
