3870 6060
319 275 397 331 49
1646 312 1651 318 .
1735 262 2244 321 PROLEGOMENA.
3585 269 3656 326 50

323 412 552 480 guntur,
593 409 652 459 et
670 401 784 458 alia
825 399 1079 474 quedam
1146 397 1355 456 nullius
1383 395 1673 456 momenti.
1705 394 1949 452 Contulit
1970 396 2023 468 Α
2045 400 2204 466 speri,
2231 397 2506 468 Sigeberti,
2537 405 2588 454 et
2622 401 2918 469 propriam,
2975 415 3078 470 que
3103 404 3166 456 in
3189 403 3303 468 line
3325 405 3568 472 ponitur.
3593 406 3663 458 De

327 495 542 655 Ἣῗῖξῇ
595 581 776 639 Codex
838 581 1240 650 Ursicampinus
1321 575 1466 631 inter
1525 589 1578 630 a.
1633 571 1948 630 1155-1200

328 678 600 739 exaratus,
653 669 976 726 continebat
1028 667 1110 733 Ε..
1143 665 1231 733 11.,
1266 663 1304 722 Ρ
1331 705 1348 731 ,
1373 664 1456 730 S.,
1487 663 1556 718 ad
1577 661 1808 718 verbum
1836 661 1944 717 de-

326 763 562 835 scriptos
589 777 658 817 ex
699 759 791 828 ω,
845 775 1012 831 quem
1041 773 1148 814 nec
1197 755 1447 822 mutavit,
1488 769 1594 810 nec
1618 752 1942 820 decurtavit,

324 855 423 910 sed
453 852 812 924 interpolavit
865 851 990 922 plus
1037 850 1109 904 50
1160 849 1296 904 locis
1351 863 1418 902 ex
1483 844 1727 901 Galfrido
1776 852 1944 915 atque

325 943 552 998 aliunde
603 939 932 1010 desumptis.
977 937 1112 993 D’ein
1161 933 1637 993 continuationem
1689 930 1942 986 a.1115-

329 1034 468 1090 1155
492 1049 636 1099 eam,
689 1047 856 1102 quam
916 1029 1194 1085 editiones
1245 1033 1446 1098 praeter
1474 1023 1718 1080 Miraeum
1749 1036 1945 1077 omnes

325 1122 560 1188 habent,
583 1127 899 1191 excerptum
941 1134 1005 1173 ex
1038 1117 1126 1184 BI,
1154 1131 1321 1188 quem
1348 1115 1406 1169 in
1439 1111 1630 1186 primis
1660 1109 1822 1166 annis
1879 1124 1945 1163 ex

322 1209 584 1264 Anselmo
616 1207 995 1278 interpolavit,
1036 1205 1164 1259 inde
1193 1203 1261 1258 ab
1287 1219 1336 1257 a.
1373 1202 1511 1256 1129
1540 1201 1816 1274 integrum
1848 1197 1946 1252 de-

321 1301 567 1372 scripsit,
599 1300 669 1354 de
725 1314 825 1354 suo
881 1296 1198 1370 quindecim
1237 1294 1550 1350 additiones
1582 1291 1810 1346 faciens.
1847 1288 1946 1344 Co-

321 1396 504 1450 dicem
530 1395 643 1467 jam
671 1392 1022 1464 deperditum
1055 1389 1312 1445 novimus
1359 1404 1422 1444 ex
1464 1384 1799 1462 apograpliis
1827 1385 1948 1453 ejus

322 1481 462 1538 D1"
487 1490 542 1536 et
599 1479 737 1546 E8h,
796 1479 944 1534 unde
1002 1476 1380 1532 additamenta
1422 1475 1542 1544 ejus
1599 1472 1859 1528 dabimus
1889 1471 1946 1526 in

328 1589 503 1628 unum
533 1571 800 1637 collecta;
835 1568 1309 1626 continuationem
1337 1566 1608 1640 integram
1639 1579 1751 1620 non
1779 1577 1945 1619 reco-

331 1680 592 1737 quemus.

2046 491 2269 544 historia
2295 492 2464 546 Orosii
2484 505 2651 560 quam
2677 491 2806 558 fecit
2855 491 2919 545 de
2953 495 3192 548 Ormcsta
3215 495 3430 549 mundi.
3467 512 3495 546 tt
3523 495 3662 548 Sunt

2045 581 2114 636 ab
2139 582 2313 636 Adam
2354 585 2532 652 primo
2584 584 2914 636 homine.....
2947 589 3000 638 et
3046 586 3413 654 predicatione
3449 588 3664 641 Domini

2043 675 2216 728 nostri
2271 677 2398 729 Iesu
2451 675 2648 728 Christi
2705 677 2845 730 anni
2899 673 3024 730 251.
3083 699 3109 722 η
3168 675 3350 732 Codex
3413 677 3537 748 ipse
3590 675 3664 733 29

2047 761 2460 832 quaterniorum
2501 778 2533 816 a
2570 761 2826 832 pluribus
2845 772 3097 819 exaratus
3128 770 3232 820 est.
3257 765 3436 821 Prima
3464 781 3663 821 manus

2043 852 2266 924 scripsit
2312 853 2395 920 E.,
2428 853 2514 919 l1.,
2545 854 2627 920 9.,
2664 853 2745 920 S.,
2797 855 2893 926 qui
2923 854 3119 926 incipit
3151 873 3164 910 :
3197 860 3392 926 Incipit
3411 859 3661 928 prologus

2041 944 2287 1012 Sigiberti
2335 945 2723 1000 Gemblacensis
2769 947 3024 1001 monachi
3073 950 3134 1002 in
3170 949 3660 1017 Chronographiam

2043 1035 2110 1087 ab
2137 1050 2194 1088 eo
2217 1037 2440 1102 editam,
2493 1052 2659 1106 quam
2710 1040 2909 1106 incepit
2938 1053 2972 1091 a
3002 1038 3132 1094 381°
3171 1040 3312 1094 dom.
3347 1042 3456 1094 inc.
3489 1054 3656 1104 anno,

2045 1127 2096 1178 et
2113 1123 2367 1190 perduxit
2381 1137 2545 1192 usque
2571 1125 2641 1177 ad
2659 1124 2878 1179 1100nm
2909 1141 3142 1193 annum,
3173 1141 3277 1196 quo
3293 1141 3439 1182 anno
3448 1129 3660 1196 primus

2045 1216 2305 1267 Henricus
2334 1228 2432 1267 rex
2458 1215 2754 1283 Anglorum
2777 1219 2912 1286 cepit
2939 1231 3182 1284 regnare.
3197 1235 3222 1267 α
3237 1219 3500 1284 Dicturi,»
3528 1223 3660 1285 etc.,

2047 1306 2103 1353 et
2132 1299 2339 1354 desinit
2369 1317 2382 1354 :
2418 1320 2444 1351 α
2475 1305 2820 1370 Aquicinensi
2856 1307 3054 1372 posuit.
3093 1325 3114 1354 ι
3149 1305 3383 1374 Εωρὶἰοίι
3409 1307 3666 1359 chronica

2045 1387 2292 1456 Sigiberti
2345 1403 2489 1444 mon.
2549 1393 2610 1444 G.
2663 1393 2860 1460 Incipit
2911 1393 3158 1460 prologus
3213 1393 3444 1448 Rotberti
3509 1395 3571 1446 in
3598 1407 3663 1448 ea

2047 1495 2165 1549 qua:
2189 1487 2494 1550 sequuntur
2515 1483 2577 1538 de
2602 1487 2902 1553 temporum
2957 1485 3306 1554 descriptione
3359 1484 3546 1554 [usque
3592 1485 3663 1540 ad

2047 1573 2266 1628 118.1um
2303 1591 2518 1634 annum
2563 1575 2619 1630 in
2676 1592 2866 1632 rasura
2909 1577 3122 1632 addidit
3186 1577 3381 1633 eadem
3435 1593 3660 1633 manus.

2049 1678 2172 1734 quae
2204 1661 2240 1716 f.
2288 1664 2320 1716 3
2403 1670 2460 1718 et
2517 1662 2658 1719 infra
2693 1682 2743 1720 a.
2785 1665 3093 1721 1181-1184
3132 1665 3370 1737 scripsit,
3412 1665 3657 1738 Roberti]

398 1753 592 1821 D1“)
645 1751 831 1808 Codex
882 1753 1213 1806 Divionensis
1265 1747 1391 1814 322,
1451 1746 1618 1813 mbr.,
1651 1745 1774 1813 fol.,
1837 1759 1950 1800 una
1971 1730 2023 1799 Β
2055 1730 2082 1796 ί
2105 1757 2177 1806 De
2203 1754 3191 1823 chronographia——incamationis,
3228 1730 3260 1802 u-
3282 1730 3364 1811 οβ’
3399 1730 3662 1810 mimum;

323 1861 497 1900 manu
527 1861 572 1900 s.
606 1861 680 1900 xu
709 1843 964 1900 exeuntis
1001 1859 1066 1897 ex
1119 1840 1233 1896 Dl"
1280 1839 1594 1910 descriptus
1641 1845 1793 1892 tanta
1823 1852 1946 1892 cum

326 1936 456 2006 ﬁde,
481 1943 542 1993 nt
565 1952 633 1992 ne
661 1936 892 1993 verbum
921 1940 938 1987 l
949 1933 1175 2006 quidem
1220 1931 1470 1996 adderet,
1510 1945 1613 1984 nec
1645 1928 1944 1984 omitteret.

327 2030 570 2087 Contulit
589 2031 787 2098 Waitz,
827 2044 989 2103 quem
1023 2025 1095 2084 cf.
1141 2027 1197 2080 in
1227 2023 1532 2080 Annalibus
1583 2021 1785 2078 nostris
1831 2021 1944 2088 VII,

325 2119 451 2176 334.

399 2212 480 2268 Ι)2
505 2214 524 2280 )
549 2210 729 2267 Codex
756 2214 810 2266 S.
857 2211 1072 2266 Victoris
1126 2208 1444 2262 Parisiensis
1471 2202 1598 2272 238,
1638 2201 1950 2268 mbr.,fol.,

325 2320 354 2359 s
404 2319 480 2358 xu
514 2319 625 2368 ex.,
653 2301 903 2358 continet
931 2299 1017 2368 E.,
1039 2297 1125 2366 11.,
1153 2299 1231 2364 P.,
1265 2297 1346 2364 S.,
1379 2312 1503 2352 cum
1532 2293 1954 2351 continuatione

327 2391 708 2448 Bellovacensi
739 2389 944 2460 exipso
975 2389 1035 2444 D.
1056 2385 1350 2459 splendide
1377 2384 1740 2458 quidem,sed
1756 2399 1947 2454 quam-

327 2484 581 2556 plurimis
634 2481 862 2539 omissis
901 2481 1206 2552 descriptos
1261 2497 1277 2546 ;
1316 2478 1524 2534 nullius
1562 2493 1693 2552 ergo
1759 2475 1943 2548 pretii.

326 2575 577 2646 Inspexit
605 2573 778 2627 Waitz
809 2578 1016 2627 noster.

402 2666 457 2721 5.
480 2667 686 2721 Codices
715 2665 926 2720 Roberti
954 2665 1016 2719 de
1046 2667 1234 2718 Monte.

404 2756 540 2829 [E‘.]
575 2756 758 2812 Codex
785 2757 1078 2822 Bcccensis,
1119 2753 1344 2810 Roberti
1385 2750 1777 2826 autographus,
1835 2749 1948 2820 jam

328 2849 676 2921 deperditus,
704 2864 774 2905 ex
802 2849 864 2903 D.
899 2847 1213 2918 descriptos
1268 2845 1587 2902 continebat
1635 2843 1720 2909 E.,
1745 2841 1831 2909 11.,
1863 2841 1948 2909 P.,

332 2941 391 2994 S.
426 2956 457 2993 a
517 2938 756 2994 Roberto
807 2937 1223 3008 interpolatum,
1278 2951 1401 2990 cum
1449 2934 1616 3002 hujus
1661 2931 1952 2988 continua-

2050 1845 2192 1897 tione
2213 1844 2416 1899 ordinis
2460 1847 2868 1914 monachorum,
2930 1847 2994 1902 de
3050 1847 3169 1902 abb.
3200 1853 3252 1902 et
3276 1847 3505 1902 abbatiis
3527 1852 3662 1902 Nor-

2046 1933 2272 1985 mannie
2299 1937 2350 1985 et
2377 1933 2545 1999 ediﬁc.
2603 1947 2795 1988 earum
2831 1953 2856 1985 α
2885 1935 3048 2003 Libet,
3079 1954 3105 1986 n
3127 1941 3260 2003 etc.,
3300 1941 3360 1990 ut
3385 1934 3534 2006 apud
3559 1934 3666 1988 Da-

2051 2017 2216 2090 chery
2255 2035 2311 2089 p.
2366 2019 2491 2074 811.
2548 2019 2656 2075 Sed
2707 2021 3020 2079 rubricator
3073 2024 3312 2098 margini
3363 2023 3662 2097 apposuit:

2051 2111 2202 2180 Expl.
2227 2112 2492 2181 prologus.
2551 2116 2993 2182 Consequentiam
3047 2119 3466 2188 chronographie
3512 2120 3662 2172 inve-

2051 2205 2166 2258 nies
2191 2205 2415 2258 inantea
2443 2207 2503 2258 in
2530 2205 2836 2261 duodecimo
2861 2207 3006 2272 folio.
3063 2211 3162 2262 Hic
3189 2213 3336 2264 enim
3369 2211 3505 2264 vicio
3527 2211 3662 2263 scri-

2048 2295 2218 2362 ptoris
2241 2295 2487 2362 quedam,
2519 2295 2641 2350 licet
2664 2311 2774 2350 non
2810 2297 3038 2366 indigna
3091 2301 3372 2366 memoria,
3427 2301 3664 2368 interpo-

2046 2394 2280 2442 nuntur.
2316 2387 2460 2442 Finis
2484 2388 2650 2456 hujus
2677 2395 2940 2446 tractatus
2962 2390 3020 2444 in
3035 2406 3222 2446 rasura
3239 2390 3534 2463 ampliatus
3553 2399 3660 2446 est.

2047 2481 2244 2548 Incipit
2291 2482 2512 2550 epistola
2561 2484 2781 2539 Henrici
2845 2483 3213 2539 archidiaconi
3263 2484 3334 2538 ad
3385 2486 3664 2540 Warinum

2047 2567 2112 2620 de
2137 2567 2349 2635 regibus
2373 2571 2658 2624 Britonum
2719 2572 3141 2634 «Queris—vale,
3181 2594 3205 2616 ι
3231 2575 3365 2627 Item
3391 2571 3456 2627 de
3479 2573 3664 2628 eadem

2049 2659 2285 2726 hysteria
2338 2661 2926 2717 «Adhuc—invenitur.
2957 2681 2982 2714 »
3019 2667 3102 2717 Ex
3146 2665 3332 2719 eadem
3379 2665 3666 2733 gstoriade

2048 2748 2315 2802 modernis
2363 2752 2567 2804 sanctis
2621 2751 2812 2819 Anglic
2869 2775 2890 2797 ι
2935 2753 3424 2814 Quis—irradiant.
3461 2773 3486 2800 ο
3518 2755 3664 2808 ιησὶο

2045 2837 2208 2904 piunt
2235 2840 2450 2892 cronica
2480 2837 2690 2892 Roberti
2722 2861 2748 2885 κ
2805 2841 3084 2906 Henricus,
3117 2861 3142 2886 ι·
3188 2847 3294 2894 etc.
3328 2839 3506 2896 Prima
3545 2841 3664 2896 hinc

2052 2937 2248 2977 manus
2277 2925 2507 2993 pulchra
2537 2941 2584 2979 s.
2617 2942 2690 2980 xu
2729 2926 2898 2982 medii
2953 2926 3074 2982 sine
3100 2927 3211 2983 ulla
3256 2928 3663 3001 interruptione

330 3029 488 3085 tione
515 3045 567 3083 a.
601 3025 918 3084 1100-1153
958 3032 1017 3081 et
1035 3031 1268 3080 tractatu
1299 3025 1376 3079 De
1400 3021 1780 3078 immutatione
1799 3019 1952 3076 ordi-
1981 3081 2022 3096 Α
2051 3017 2316 3074 continuo
2343 3019 2552 3074 calamo
2583 3019 2808 3092 scripsit
2827 3019 2896 3076 ab
2947 3021 3108 3078 initio
3147 3021 3358 3078 codicis
3385 3038 3565 3096 usque
3593 3024 3664 3079 ad

336 3081 1207 3176 nisimonacborumsIudicatur
1258 3116 1315 3170 in
1371 3115 1620 3188 cataIOgo
1682 3081 2102 3166 librorumca.
2153 3105 2314 3173 1156,
2350 3130 2375 3160 α
2423 3081 2754 3166 subsecutus
2785 3118 2887 3176 est.
2935 3131 2962 3164 υ
3019 3111 3209 3168 habitu
3251 3119 3306 3169 et
3357 3081 3664 3170 atramento

331 3210 715 3277 Beccensium,
738 3215 794 3264 et
825 3225 855 3264 a
899 3207 1141 3264 Roberto
1184 3207 1304 3278 ipso
1337 3205 1391 3259 in
1443 3203 1678 3274 epistola
1705 3201 1781 3258 E6
1813 3217 1952 3272 prm-

331 3297 440 3352 tixa
473 3299 733 3368 :Reliqua
761 3312 905 3363 vero,
935 3311 1056 3366 qua:
1107 3297 1210 3362 feci
1261 3301 1556 3363 antequam
1609 3292 1680 3346 ad
1727 3295 1954 3346 Montem

327 3389 589 3454 venerim,
619 3386 767 3456 apud
788 3400 876 3440 vos
903 3390 1036 3440 sunt
1065 3386 1126 3438 in
1148 3385 1432 3448 chronicis,
1463 3395 1583 3450 qua:
1608 3395 1734 3434 cum
1756 3392 1954 3446 magno

329 3478 510 3534 labore
537 3479 706 3533 habui
757 3477 821 3533 de
867 3479 1101 3547 episcopo
1151 3477 1474 3530 Belvacensi.
1541 3471 1685 3528 Fons
1714 3477 1796 3526 est
1848 3484 1952 3525 co-

330 3565 473 3622 dicis
491 3567 550 3621 E.

404 3675 487 3746 Β.)
509 3675 690 3732 Codex
717 3679 776 3732 S.
823 3675 1089 3731 Michaelis
1117 3675 1180 3731 de
1204 3674 1446 3730 Pericula
1475 3674 1636 3728 Maris
1663 3671 1717 3725 in
1751 3669 1952 3725 North-

330 3763 576 3830 mannia,
598 3763 712 3834 jam
744 3763 883 3819 bibl.
915 3763 1068 3834 publ.
1129 3761 1510 3829 Abrincensis,
1557 3777 1613 3814 ιι.
1653 3760 1742 3827 86,
1778 3758 1949 3826 mbr.,

331 3853 427 3910 fol.
495 3855 630 3911 min.
691 3855 859 3912 Foliis
897 3858 948 3926 1,
987 3857 1041 3924 2,
1095 3863 1219 3928 post
1265 3873 1473 3912 annum
1527 3856 1752 3911 demum
1809 3853 1952 3909 1184

329 3947 512 4003 codici
576 3944 884 4017 praepositis
925 3960 956 3999 a
993 3961 1159 4000 manu
1212 3961 1258 4000 s.
1291 3963 1368 4000 xu
1397 3962 1484 4002 ex.
1539 3943 1791 4014 inscripti
1819 3950 1950 3999 sunt

333 4039 499 4093 Tituli
524 4037 788 4093 librorum
815 4051 943 4104 quos
991 4036 1133 4092 dedit
1180 4037 1456 4106 Philippus
1483 4037 1752 4104 episcopus
1780 4037 1944 4104 Bajo-

330 4130 504 4182 censis
531 4127 760 4182 ecclesiae
786 4129 958 4194 Becci,
977 4131 1145 4197 atque
1177 4127 1338 4182 Tituli
1364 4125 1626 4180 librorum
1679 4126 1949 4180 Beccensis

329 4219 582 4272 armarii.
628 4215 838 4271 Folium
895 4215 930 4270 3
973 4215 1083 4286 jam
1133 4230 1280 4272 anno
1333 4215 1473 4270 1184
1528 4213 1800 4269 Robertus
1829 4212 1947 4283 ipse

328 4306 653 4377 praeposuit,
702 4313 764 4362 ut
805 4313 953 4361 esset
997 4305 1206 4361 codicis
1259 4304 1475 4372 titulus,
1525 4318 1800 4375 versoque
1831 4302 1950 4358 haec

2053 3202 2246 3258 eadem
2301 3219 2524 3284 prorsus
2590 3205 2800 3276 ubique
2881 3221 3132 3262 manens.
3213 3206 3394 3262 Linea:
3434 3207 3664 3278 plumbo

2054 3295 2232 3350 ducta
2265 3312 2278 3360 ;
2304 3295 2498 3351 litterae
2529 3296 2771 3353 inltiales
2794 3297 2996 3366 rubras,
3020 3298 3246 3366 virides,
3265 3299 3513 3356 caerulea
3535 3316 3549 3354 :
3575 3300 3668 3354 ba-

2056 3389 2203 3445 bitus
2227 3397 2376 3446 totus
2406 3390 2552 3446 idem
2585 3391 2756 3463 quiin
2781 3393 2845 3446 D.
2879 3399 2935 3446 et
2968 3391 3095 3448 1.1n
3112 3392 3435 3449 hominibus
3461 3392 3664 3449 variat:

2054 3485 2274 3537 Hericus
2303 3489 2359 3536 et
2385 3485 2627 3538 Heiricus
2654 3501 2673 3552 ;
2705 3486 3064 3539 Northmanni
3088 3485 3268 3555 primo
3294 3493 3488 3556 postea
3525 3501 3668 3541 sem-

2052 3591 2152 3646 per
2179 3581 2495 3644 Normanni,
2524 3592 2646 3633 raro
2673 3581 2933 3633 Normani
2954 3595 2975 3646 ;
3014 3580 3272 3634 Dunelme
3304 3585 3362 3634 et
3383 3581 3664 3648 Duneline,

2053 3668 2162 3723 imo
2192 3670 2446 3722 Duveline
2471 3683 2487 3736 ;
2508 3655 2729 3740 semper
2749 3667 2864 3724 fere
2916 3671 3173 3736 Willmus,
3207 3683 3330 3724 raro
3378 3673 3662 3727 Guillmus.

2051 3759 2327 3834 integrum
2358 3759 2529 3815 semel
2551 3767 2762 3816 tantum
2793 3759 3056 3817 scribitur
3081 3762 3404 3818 Guillermus
3431 3775 3484 3816 a.
3525 3761 3666 3820 1183

2051 3855 2120 3910 ab
2152 3855 2274 3927 ipso
2300 3855 2538 3912 Robcrto
2568 3875 2584 3924 ;
2615 3857 2737 3924 dns,
2758 3855 2805 3912 si
2842 3857 3138 3932 integrum,
3160 3870 3382 3928 semper
3401 3857 3614 3914 donnus
3644 3873 3662 3923 ;

2051 3950 2281 4004 ecclesiae
2311 3947 2470 4004 initio
2501 3957 2836 4017 constanter,
2893 3956 3087 4020 postea
3149 3951 3404 4014 ecclesie;
3463 3955 3666 4020 praeter

2049 4041 2193 4096 hanc
2222 4055 2413 4096 vocem
2448 4039 2632 4096 ubivis
2654 4054 2684 4095 e
2711 4055 2809 4110 pro
2821 4055 2870 4109 e,
2899 4055 3046 4107 ce,w.
3064 4037 3267 4094 Pennae
3293 4037 3486 4109 lapsus
3505 4038 3666 4094 raris-

2048 4128 2198 4195 simi,
2231 4129 2370 4182 Rasa
2385 4135 2441 4182 et
2465 4135 2732 4195 correcta,
2763 4134 2876 4184 tum
2915 4143 2946 4182 a
2975 4127 3177 4195 scriba,
3201 4135 3316 4182 tum
3345 4141 3378 4181 a
3399 4125 3660 4195 Roberto,

2051 4215 2106 4270 in
2139 4215 2429 4290 Sigeberto
2461 4231 2604 4270 rara.
2641 4215 2817 4289 Reges
2845 4215 3142 4290 Anglorum
3176 4222 3232 4270 et
3258 4213 3660 4284 archiepiscopi

2051 4305 2526 4378 Rothomagenses
2547 4303 2766 4360 nuncin
2795 4310 2948 4359 textu
2976 4303 3253 4375 leguntur,
3285 4317 3432 4358 nunc
3449 4301 3505 4356 in
3523 4318 3662 4357 mar-

328 4393 612 4466 inscripsit
643 4410 658 4448 :
688 4399 755 4448 In
783 4395 1176 4464 hquolumine
1195 4397 1304 4449 issa
1361 4395 1712 4449 continentur
1741 4411 1758 4446 :
1818 4391 2176 4488 Cro-Dgine
2224 4398 2280 4446 et
2329 4391 2474 4448 inter
2524 4393 2700 4448 lineas
2744 4393 3098 4464 supplentur,
3158 4390 3428 4446 incertum
3472 4397 3659 4445 utrum

328 4487 458 4552 nica
510 4483 726 4538 Eusebii
769 4484 1088 4538 Cesariensis
1143 4484 1486 4552 episcopi.....
1543 4482 1752 4536 Exinde
1805 4479 2013 4535 idem'
2046 4481 2243 4538 scribae
2264 4498 2429 4538 manu
2461 4498 2531 4536 an
2580 4481 2822 4538 Roberti.
2875 4482 2936 4536 ιιι
2976 4480 3198 4536 Roberti
3241 4479 3658 4537 continuatione

330 4544 628 4628 [Was
673 4572 1040 4641 perduxit..."
1088 4544 1357 4626 Secuntur
1379 4575 1596 4628 cronica
1621 4573 1860 4640 Prasperi
1887 4573 1947 4624 in

330 4664 514 4718 ordine
529 4664 747 4717 historic
763 4664 1150 4730 quecontinent
1175 4677 1347 4716 annos
1367 4662 1454 4717 77.
1475 4665 1728 4730 Sequitur
1754 4661 1948 4715 exinde

332 4753 720 4820 cronographia
768 4750 1016 4818 Sigiberti
1064 4751 1453 4806 Gemblacensis
1476 4752 1749 4820 monachi,
1779 4765 1948 4820 quam

335 4845 531 4912 incepit
585 4859 619 4896 a
661 4841 792 4896 381°
843 4843 964 4896 dom
1027 4845 1136 4898 inc.
1191 4858 1339 4899 anno
1387 4851 1438 4898 et
1470 4843 1726 4912 perduxit
1783 4857 1951 4912 usque

332 4935 402 4988 ad
435 4933 655 4988 1100um
685 4949 901 4988 annum
945 4935 1181 5004 ejusdem
1232 4937 1269 4989 i.
1303 4936 1381 5002 d.,
1431 4951 1533 5005 quo
1562 4950 1709 4990 anno
1737 4938 1950 5005 primus

332 5031 594 5084 Henricus
607 5043 707 5083 rex
720 5029 1036 5098 Anglorum,
1062 5033 1199 5099 cepit
1222 5043 1467 5098 regnare.
1501 5028 1578 5082 Ab
1600 5031 1779 5084 eodem
1802 5044 1948 5085 anno

334 5119 586 5175 Robertus
635 5119 799 5174 abbas
823 5123 877 5174 S.
912 5122 1176 5176 Michaelis
1232 5123 1297 5176 de
1333 5122 1575 5176 Pericula
1632 5125 1792 5177 Maris
1821 5124 1950 5189 fecit

334 5213 634 5278 historiam,
662 5213 1026 5267 continentem
1051 5227 1134 5268 res
1158 5219 1330 5282 gestas
1359 5217 1740 5282 Romanorum,
1768 5219 1946 5269 Fran-

333 5321 540 5374 corum,
587 5307 904 5376 Anglorum,
963 5321 1128 5376 usque
1165 5308 1236 5362 ad
1271 5323 1487 5376 presens
1526 5314 1752 5378 tempus,
1783 5311 1949 5364 conti-

331 5401 552 5452 nentem
601 5397 804 5452 scilicet
853 5411 1025 5453 annos
1054 5413 1221 5466 usque
1248 5399 1318 5452 ad
1341 5416 1395 5454 a.
1441 5400 1492 5453 ιι.
1528 5403 1566 5455 i.
1597 5399 1759 5469 1184,
1791 5417 1950 5472 quem

331 5483 532 5539 librum
549 5487 882 5555 presentavit
909 5486 1188 5541 karissimo
1233 5487 1448 5543 domino
1473 5504 1571 5544 suo
1600 5493 1662 5543 II.
1697 5494 1812 5559 regi
1833 5494 1948 5546 An-

331 5576 564 5644 glorum,
595 5580 960 5633 continentem
1011 5581 1174 5634 istam
1233 5581 1514 5635 historiam
1549 5587 1600 5636 et
1627 5583 1860 5653 reliquas
1891 5587 1950 5638 in

335 5665 439 5718 hac
455 5669 663 5734 pagina
694 5671 930 5734 notatas,
983 5668 1184 5722 scilicet
1235 5669 1465 5736 Eusebii,
1496 5672 1771 5738 Ieronimi,
1811 5675 1946 5726 Pro-

2049 4571 2132 4626 hte
2187 4570 2500 4628 additioues
2556 4571 2888 4646 marginales
2947 4570 3120 4626 multo
3186 4568 3329 4624 fiunt
3395 4569 3659 4635 rariores,

2049 4675 2250 4715 rasurae
2279 4660 2607 4727 crebriores,
2639 4675 2834 4716 omnes
2859 4669 3061 4730 praeter
3103 4676 3154 4714 a.
3215 4659 3376 4735 1128,
3405 4659 3566 4724 1151,
3591 4661 3660 4716 ab

2049 4760 2272 4809 auctore
2323 4752 2598 4825 profectae.
2651 4751 2777 4806 Alia
2824 4767 3022 4806 manus
3048 4751 3270 4824 ;incipit
3327 4767 3378 4807 a.
3451 4751 3587 4808 1156
3643 4770 3658 4807 :

2052 4863 2078 4894 α
2109 4847 2264 4900 Circa
2314 4847 2410 4899 hoc
2462 4849 2686 4913 tempus,
2751 4863 2769 4892 ο
2817 4851 3122 4900 atramento
3171 4845 3300 4912 alio,
3363 4852 3419 4900 at
3463 4845 3661 4901 eadem

2049 4933 2194 4988 linea
2223 4948 2478 5008 pergens,
2509 4931 2694 4988 minus
2711 4931 3145 4999 lirma,habitum
3171 4943 3337 5007 atque
3377 4942 3660 4992 atramen-

2052 5033 2164 5080 tum
2207 5025 2413 5096 saepius
2461 5033 2702 5080 mutans.
2741 5025 2920 5081 Tertia
2949 5026 3007 5081 in
3039 5043 3090 5082 a.
3139 5027 3304 5096 1157,
3357 5047 3384 5078 α
3416 5031 3660 5097 Agerem,

2052 5119 2196 5174 inter
2221 5119 2575 5174 scribendum
2602 5119 2832 5177 formam
2862 5137 3014 5193 saepe
3034 5129 3288 5188 mutans;
3329 5121 3504 5177 lineas
3527 5123 3664 5178 viri-

2050 5208 2150 5264 des
2179 5209 2234 5263 in
2265 5209 2510 5284 margine
2529 5209 2815 5282 hucusque
2845 5227 2943 5282 per
2971 5217 3144 5268 totum
3189 5210 3438 5266 codicem
3468 5211 3664 5269 ductas

2049 5297 2272 5354 omittit.
2303 5299 2502 5364 Quarta
2559 5299 2615 5354 in
2659 5315 2708 5353 a.
2741 5300 2900 5367 1161,
2952 5324 2977 5348 α
3007 5301 3270 5356 Henricus
3297 5315 3414 5364 rex.
3441 5301 3664 5357 idiver—

2047 5389 2126 5444 sis
2177 5390 2526 5462 temporibus
2580 5397 2800 5446 exarata
2863 5406 3100 5458 ;versus
3145 5389 3314 5446 tinem
3358 5391 3520 5448 lineae
3550 5392 3660 5448 illae

2047 5477 2254 5535 virides
2273 5479 2470 5534 iterum
2527 5487 2816 5552 apparent.
2867 5480 3064 5544 Quinta
3091 5495 3143 5534 a.
3189 5480 3353 5551 1167,
3385 5499 3410 5533 ››
3462 5486 3528 5537 In
3556 5497 3665 5536 na-

2052 5577 2168 5639 tali,
2199 5600 2222 5622 ιο
2247 5575 2442 5643 nitida,
2465 5575 2861 5649 orthOgraphia
2890 5575 3001 5630 alia
3029 5576 3318 5652 ;singulas
3359 5576 3666 5633 sententias

2051 5684 2164 5726 non
2187 5670 2384 5727 litteris
2416 5668 2750 5740 majusculis,
2783 5670 2882 5725 sed
2909 5670 3118 5746 signo§
3147 5671 3518 5746 distinguens,
3551 5682 3664 5740 quo
