3870 6060
181 298 260 356 53
1601 284 2112 342 PROLEGOMENA.
3454 289 3527 344 54

266 445 291 477 ι
333 425 644 481 Fredericus
682 441 712 474 ι
753 436 953 478 novum
969 421 1390 494 quaternionem
1414 417 1634 488 incipit,
1665 415 1814 470 binis
1837 417 2176 488 Amaxime,
2223 424 2286 473 ut
2316 416 2604 473 codicibus
2651 416 2742 474 vix
2772 425 2940 490 queat
2964 418 3340 474 annumerari.
3399 418 3545 474 Prae-

183 514 494 581 columnis,
548 511 745 569 eadem
798 519 980 567 tamen
1033 527 1223 578 manu,
1277 524 1458 581 neque
1511 506 1816 579 quidquam

181 608 395 662 abhinc
438 606 662 662 omittit.
721 604 1110 659 Additamenta
1173 601 1306 657 facit
1362 599 1614 665 a.1114,
1661 596 1824 662 1118,

182 700 350 767 1119,
390 699 556 764 1181,
599 705 656 752 et
686 697 756 752 de
791 695 1144 751 monasterio
1204 693 1414 750 Lirensi
1467 689 1825 758 1146,1147,

191 789 542 858 1152,1160.
567 787 919 843 Contulimus
948 785 1124 841 Waitz
1156 791 1351 860 etego.

261 881 423 950 Ε8ιι.)
452 880 637 936 Codex
683 882 847 934 Musei
895 881 1212 933 Britannici
1267 877 1438 951 Kings
1488 875 1691 945 library
1743 872 1828 926 13s

189 969 246 1026 C.
282 971 371 1039 11,
416 970 583 1037 mbr.,
645 967 772 1033 foI.,
804 984 850 1023 s.
901 983 1013 1035 xu;
1053 967 1304 1023 continet
1355 966 1436 1032 13.,
1469 964 1558 1030 11.,
1597 964 1680 1030 P.,
1736 962 1770 1016 S
1800 964 1829 1023 .’

187 1063 254 1118 Β.
285 1078 473 1134 usque
504 1061 572 1116 ad
612 1077 663 1116 a.
714 1060 876 1127 1169,
927 1080 959 1112 ι
982 1064 1043 1115 in
1069 1075 1132 1114 ea
1157 1061 1456 1130 perierunt.
1494 1081 1518 1104 ιο
1551 1055 1796 1126 ejusdem

1926 506 2162 563 fationes
2201 508 2477 582 Sigeberti
2535 515 2703 580 atque
2761 507 2986 564 Roberti
3037 524 3162 563 cum
3212 508 3446 580 epistola
3476 508 3546 564 ad

1926 595 2210 651 Warinum
2242 612 2471 668 prorsus
2503 595 2734 661 desunt;
2798 595 3010 666 reliqua
3039 603 3299 667 excerpta
3334 605 3543 651 tantum

1930 683 2208 758 leguntur.
2244 685 2468 756 Propria
2511 699 2620 740 non
2661 683 2848 738 habet.
2897 683 3214 754 Sequuntur
3265 684 3322 738 in
3353 684 3547 740 codice

1930 777 2200 832 Asconius
2229 786 2284 832 et
2313 776 2558 832 Valerius
2598 777 2840 842 Flaccus,
2876 774 3069 850 Poggii
3121 791 3286 830 manu
3330 776 3543 846 scripti.

1929 867 2143 924 Evolvit
2196 877 2362 939 atque
2412 867 2634 924 Roberti
2702 866 3175 924 continuationem
3250 866 3544 938 descripsit

1930 960 2190 1018 Knustius
2219 968 2427 1018 noster.

1986 1049 2147 1123 88g.)
2179 1049 2360 1104 Codex
2404 1053 2692 1106 Vaticanus
2744 1048 2953 1122 reginae
3011 1047 3227 1104 Sueciae
3256 1048 3384 1114 152,
3441 1062 3540 1104 seu

188 1125 395 1221 procul“
436 1149 611 1205 dubio
656 1125 994 1204 recenti-onis
1049 1125 1173 1202 cum
1250 1125 1614 1218 sequentibus
1668 1144 1800 1198 dein
1900 1125 2028 1207 522,
2057 1142 2124 1195 de
2157 1157 2268 1212 quo
2297 1150 2371 1196 et.
2407 1143 2534 1194 Acta
2574 1140 2666 1194 SS.
2717 1139 2869 1194 Mart.
2915 1140 2955 1206 I,
3005 1141 3132 1196 455.
3173 1139 3538 1196 Montfaucon

189 1245 415 1302 Roberti
471 1250 760 1301 tractatum
807 1245 883 1300 De
926 1243 1308 1298 immutatione
1354 1240 1568 1297 ordinis
1610 1253 1802 1294 mona-

189 1342 446 1395 chorum.
478 1338 690 1395 Evolvit
737 1337 981 1392 Pertzius
1020 1352 1072 1390 a.
1105 1336 1264 1391 1844.
1303 1332 1382 1390 Cf.
1437 1331 1650 1388 Arcoiv.
1689 1331 1804 1398 VII,

190 1431 285 1485 77.

261 1521 423 1590 58b.)
478 1518 660 1575 Codex
717 1523 770 1576 S.
831 1521 1045 1574 Victoris
1114 1519 1429 1572 Parisicnsis
1501 1514 1604 1570 287
1660 1514 1815 1584 (olim

193 1614 339 1682 459),
393 1613 596 1675 chart.,
647 1617 864 1682 quarto,
907 1626 952 1664 s.
1003 1627 1072 1663 xv
1127 1624 1244 1674 cx.;
1290 1608 1435 1662 inter
1485 1606 1590 1661 alia
1646 1605 1818 1660 multa

191 1705 442 1761 continet
474 1703 511 1758 f.
560 1702 798 1758 120-168
848 1701 902 1755 id
945 1701 1091 1772 quod
1134 1701 1420 1756 Duchcsne
1474 1699 1570 1753 SS.
1627 1699 1810 1753 Norm.

189 1795 292 1852 977
323 1803 382 1850 et
411 1800 538 1866 post
564 1810 692 1850 eum
727 1794 976 1865 Bouquet
1000 1793 1111 1859 XII,
1156 1791 1277 1857 788,
1328 1791 1511 1854 XVIII,
1543 1789 1701 1846 1315i
1747 1804 1812 1843 ex

189 1886 295 1940 hoc
335 1885 464 1955 ipso
519 1883 736 1948 codice,
799 1881 898 1936 sed
963 1881 1149 1935 minus
1193 1885 1443 1934 accurate
1497 1877 1812 1943 ediderunt,

195 1973 420 2029 Roberti
453 1989 600 2044 Opus
627 1972 697 2028 ab
737 1988 786 2026 ιι.
809 1970 970 2040 1138,
1003 1996 1025 2018 ι
1059 1973 1361 2040 Stephanus
1390 2000 1456 2010 —
1479 1969 1635 2033 1169,
1666 1971 1726 2023 in
1754 1983 1818 2022 ea

191 2067 502 2133 perierunt,
539 2083 564 2112 ιι
607 2061 866 2117 secundae
923 2059 1285 2126 recensionis,
1361 2059 1416 2114 in
1467 2058 1651 2114 verbis
1707 2073 1818 2112 non

191 2160 492 2216 mutatum,
526 2151 624 2206 sed
667 2150 888 2206 omissis
919 2166 1043 2222 quae
1075 2149 1411 2205 monasteria
1439 2148 1524 2204 vel
1569 2145 1821 2222 singulos

193 2241 458 2298 homines
525 2247 800 2312 spectant,
871 2256 997 2294 cum
1081 2239 1234 2295 brevi
1278 2239 1693 2295 continuatione
1769 2251 1820 2292 a.

197 2332 538 2388 1169—1259.
596 2331 824 2388 fortasse
887 2332 944 2386 in
999 2330 1336 2386 monasterio
1392 2328 1822 2385 Vallomontensi

191 2422 434 2492 scripta;
491 2421 672 2476 1.168
713 2420 820 2474 175
887 2418 957 2474 ab
1010 2419 1205 2474 eadem
1262 2435 1428 2474 mauu
1480 2419 1820 2485 Chronicon;

196 2528 220 2566 ι
255 2513 417 2569 1087.
449 2515 589 2568 Obiit
611 2514 923 2569 Guillelmus
971 2542 1042 2552 —
1087 2512 1228 2567 1239
1295 2514 1568 2568 Edoardus
1595 2515 1640 2580 Γ,
1673 2516 1734 2565 H.
1766 2527 1817 2567 r.

200 2603 410 2670 Anglic,
441 2621 468 2652 »
499 2599 650 2672 quod
681 2600 856 2656 edidit
895 2601 1144 2672 Bouquet
1170 2599 1283 2668 XII,
1317 2600 1443 2668 786,
1483 2600 1664 2666 XVIII,
1691 2599 1814 2655 343.

205 2689 330 2760 Ipse
349 2689 552 2745 evolvi.

266 2781 423 2848 E8c)
485 2779 666 2835 Codex
711 2780 1086 2836 universitatis
1127 2781 1561 2849 Cantabrigensis
1591 2796 1646 2834 n.
1681 2778 1819 2835 1153

200 2872 366 2938 mbr.,
399 2889 449 2928 s.
477 2889 592 2938 xm,
622 2873 868 2927 continet
913 2873 996 2938 E.,
1027 2873 1116 2941 11.,
1159 2873 1239 2939 P.,
1273 2873 1354 2937 S.,
1403 2871 1490 2939 11.,
1544 2887 1718 2943 usque
1747 2871 1817 2926 ad

195 2977 244 3016 a.
278 2961 446 3028 1183,
477 2981 508 3010 α
559 2963 709 3030 pacis
733 2969 1092 3030 persecuntur
1121 2983 1146 3010 ιθ
1177 2966 1231 3016 et
1273 2966 1558 3016 tractatum
1603 2960 1672 3015 de
1712 2960 1816 3015 im-

263 3233 428 3300 E8d.)
464 3233 644 3289 Codex
697 3234 828 3288 olim
861 3233 1123 3290 Ludovici
1173 3233 1241 3288 Μ.
1286 3273 1301 3290 .
1345 3275 1356 3288 .
1402 3237 1814 3304 Rotomagensis,

199 3327 327 3383 dein
359 3328 703 3401 Bigotianus,
737 3343 884 3383 nunc
913 3328 1100 3400 regius
1127 3327 1291 3394 4992,
1316 3326 1484 3394 mbr.,
1507 3326 1580 3383 fol
1612 3368 1626 3393 ,
1657 3325 1814 3393 min.,

204 3435 250 3474 s.
277 3437 394 3475 xm.
427 3420 895 3485 Quaternionibus
922 3419 1050 3476 1-20
1099 3420 1273 3490 prima
1312 3435 1508 3474 manus
1541 3419 1818 3491 inscripsit

203 3516 452 3571 notitiam
512 3516 942 3588 provinciarum,
997 3515 1412 3577 Kalendarium,
1467 3514 1815 3588 Sigebertum

199 3614 363 3679 atque
405 3608 705 3664 Bobertum
741 3624 918 3680 usque
974 3607 1044 3662 ad
1099 3606 1263 3662 linem
1323 3623 1374 3662 τι.
1415 3607 1576 3674 1155,
1623 3606 1816 3677 primae

199 3697 568 3764 recensionis,
611 3704 840 3753 tractatu
885 3697 956 3752 de
987 3697 1369 3753 immutatione
1389 3696 1599 3752 ordinis
1627 3712 1820 3753 mona-

202 3787 429 3843 chorum
461 3786 648 3842 statim
703 3795 830 3858 post
875 3786 1254 3858 praefationem
1305 3786 1533 3854 inserto,
1565 3793 1733 3858 prout
1762 3787 1818 3842 in

200 3877 258 3932 Ε.
281 3877 754 3943 Quaternionibus
775 3878 868 3946 21,
889 3877 981 3943 22,
1005 3877 1254 3932 secunda
1284 3876 1547 3948 imposuit
1571 3893 1622 3933 a.
1654 3877 1820 3933 1156-

206 3967 362 4033 1169,
395 3986 422 4018 ι
459 3969 523 4022 in
550 3983 612 4022 ea
635 3971 918 4038 perierunt
947 3989 974 4017 ιο
1006 3968 1264 4022 secundae
1285 3967 1649 4034 recensionis,
1683 3967 1822 4021 mul-

196 4061 308 4111 tum
349 4055 682 4123 decurtans;
714 4065 866 4128 quat.
897 4055 1069 4110 23-25
1119 4055 1298 4111 tertia°
1332 4056 1579 4125 ejusdem
1626 4071 1822 4112 recen-

197 4151 369 4207 sionis
416 4160 712 4223 sequentia
740 4151 927 4206 omnia
956 4167 1131 4222 usque
1157 4151 1225 4204 ad
1259 4166 1309 4206 a.
1341 4151 1502 4217 1182,
1549 4172 1578 4203 α
1623 4153 1822 4209 multos

200 4243 434 4305 Latinos,
491 4261 518 4285 ι-
581 4239 757 4294 tribus
814 4239 1024 4295 ultimis
1087 4238 1237 4295 foliis
1309 4239 1550 4295 amissis.
1637 4241 1817 4298 Codex

198 4334 364 4408 igitur
431 4333 648 4408 integer
689 4333 857 4390 desiit
912 4335 1102 4405 procul
1153 4333 1325 4391 dubio
1384 4341 1444 4392 ut
1491 4335 1616 4392 E8c.
1687 4338 1813 4409 Ipse

199 4423 390 4480 evolvi.

271 4513 425 4578 88c.)
466 4512 649 4570 Codex
711 4513 896 4589 regius
951 4519 1400 4583 Hannoveranus,
1451 4515 1712 4585 charact.,
1764 4533 1812 4574 s.

197 4617 302 4656 xvii
358 4617 472 4669 ex.,
537 4601 850 4672 descriptus
895 4617 965 4657 ea:
1014 4604 1188 4659 codice
1235 4619 1339 4660 ms.
1394 4607 1454 4659 in
1501 4605 1816 4662 bibliotheca

197 4694 482 4749 Bodleiana
509 4698 612 4749 NE.
641 4697 700 4748 B.
733 4693 788 4748 6.
817 4693 870 4750 9.
924 4696 1020 4762 fol.
1056 4695 1202 4750 121'.
1255 4699 1535 4766 Incipiunt
1561 4699 1815 4755 chronica

198 4783 409 4840 Roberti
453 4786 758 4840 Hontensis.
815 4786 1077 4839 Henricus
1127 4785 1275 4850 ﬁlius
1320 4788 1492 4856 primi
1533 4787 1811 4854 Wilhelmi,

197 4882 283 4930 etc
308 4917 324 4942 ,
356 4873 454 4945 qui
493 4873 668 4929 codex
718 4873 1050 4930 Bodleianus
1103 4891 1216 4931 non
1256 4883 1439 4948 potest
1468 4893 1591 4934 esse
1622 4887 1816 4934 noster

198 4961 330 5028 116.;
371 4960 462 5017 hic
519 4960 668 5016 enim
701 4960 812 5031 jam
848 4962 904 5018 in
935 4978 1070 5018 voce
1103 4989 1128 5011 ιι
1161 4967 1314 5020 Becci
1345 4986 1370 5016 ο
1405 4965 1627 5036 desinit,
1685 4967 1813 5033 ESe,

199 5061 390 5125 postea
417 5052 639 5108 demum
671 5052 726 5107 in
785 5073 806 5103 ι
837 5056 1185 5110 Pictavensis.
1223 5077 1244 5106 ι
1277 5055 1586 5112 Secundam
1630 5061 1816 5130 sequi-

196 5153 285 5200 tur
322 5145 748 5212 necensionem;
795 5161 846 5200 a.
907 5146 1230 5204 1139-1169.
1290 5147 1550 5221 leguntur
1588 5165 1818 5222 prorsus

193 5233 330 5290 utin
373 5233 512 5290 38b.
545 5235 672 5305 Ipse
701 5233 929 5290 contuli.

261 5324 404 5396 £81.)
462 5325 645 5382 Codex
709 5326 896 5398 regius
950 5328 1286 5384 Matritensis
1329 5329 1392 5396 X,
1449 5329 1542 5399 81,
1614 5333 1814 5402 chart,,

194 5417 310 5489 pL,
339 5433 387 5472 s.
419 5433 515 5484 xv;
547 5417 604 5472 in
637 5417 829 5489 primis
868 5419 936 5472 17
982 5418 1413 5478 foliis-continet
1471 5423 1819 5498 Sigebertum

188 5520 309 5560 cum
341 5506 567 5562 Roberti
598 5507 1019 5564 continuatione
1051 5525 1226 5582 usque
1267 5511 1336 5566 ad
1366 5511 1536 5568 verba
1566 5529 1617 5569 a.
1655 5515 1814 5585 1182,

201 5613 220 5644 ι
269 5596 408 5651 Obiit
431 5599 697 5653 Henricus
727 5601 926 5655 tercius
953 5601 1102 5666 ﬁlius
1135 5605 1376 5670 Henrtci,
1403 5611 1563 5673 patre
1585 5609 1705 5661 vivo
1727 5623 1826 5664 rex

196 5688 402 5756 Anglic,
459 5711 486 5736 ιο
527 5687 627 5742 sed
671 5688 747 5744 ita
787 5689 1094 5746 decurtavit
1157 5699 1469 5764 utrumque,
1520 5694 1819 5754 Robertum

1905 1248 1958 1302 p.
2008 1231 2100 1295 17,
2142 1231 2312 1302 Bouq.
2368 1229 2510 1296 XIII,
2560 1230 2686 1294 300,
2733 1229 2914 1292 XVIII,
2961 1228 3088 1296 336,
3129 1229 3224 1300 qui
3266 1245 3400 1284 usus
3453 1233 3542 1284 est

1911 1325 2232 1396 apographo
2280 1323 2742 1399 Sangermanensi
2802 1323 2946 1378 inter
2995 1323 3353 1378 miscellanea
3413 1323 3533 1378 Du-

1913 1415 2092 1470 randi.
2164 1413 2414 1472 Proxime
2469 1415 2736 1470 accedere
2788 1415 3008 1470 videtur
3065 1414 3135 1468 ad
3208 1414 3378 1469 E8b.!
3439 1414 3537 1470 sed

1915 1505 2293 1559 additamenta
2324 1503 2490 1558 habet
2519 1519 2569 1557 a.
2595 1503 2754 1558 1158.
2787 1503 2946 1558 1159.
2984 1502 3144 1558 1160.

1990 1595 2167 1666 [Ε81ι.]
2231 1594 2410 1651 Codex
2467 1599 2518 1648 S.
2577 1598 2760 1650 Maria:
2807 1595 2872 1649 de
2929 1600 3068 1662 Vota,
3099 1593 3230 1649 dein
3279 1593 3534 1649 Guilelmi
3589 1667 3592 1672 _

1918 1687 2095 1753 Parvi,
2147 1687 2259 1758 jam
2317 1685 2660 1758 deperditus,
2727 1685 3052 1740 continebat
3109 1685 3216 1752 (E.,
3275 1683 3362 1752 11.,
3429 1685 3538 1756 P.,)

1918 1779 2265 1851 Sigebertum
2297 1794 2421 1834 cum
2461 1777 2880 1832 continuatione
2908 1776 3305 1848 Ursicampina,
3329 1776 3538 1832 descri-

1916 1875 2065 1940 ptum
2099 1885 2164 1924 ex
2196 1870 2327 1924 D1‘.
2361 1888 2378 1934 ;
2411 1868 2541 1923 dein
2572 1867 2794 1924 Roberti
2818 1874 3046 1933 textum,
3071 1883 3342 1923 annorum
3366 1867 3538 1924 1154-

1917 1963 2076 2028 1169,
2120 1983 2149 2014 α
2184 1966 2466 2034 perierunt
2507 1982 2532 2012 ι)
2591 1962 2940 2018 decurtatum
2971 1977 3200 2033 prorsus
3225 1969 3284 2017 ut
3313 1962 3369 2016 in
3401 1961 3533 2017 E8b.

1917 2073 1994 2126 e.,
2025 2073 2294 2112 annorum
2335 2057 2648 2113 1169-1186
2687 2057 2986 2129 integrum,
3035 2057 3294 2112 secunda;
3351 2071 3536 2112 recen-

1919 2150 2114 2217 sionis,
2135 2167 2257 2205 cum
2280 2149 2470 2222 paucis
2491 2147 2883 2203 additamentis
2907 2163 2956 2202 ιι.
2990 2147 3148 2214 1159,
3179 2148 3340 2215 1164,
3376 2146 3534 2212 1169,

1926 2236 2283 2304 1181,1182;
2343 2244 2458 2292 tum
2509 2234 2982 2291 continuationem
3043 2234 3534 2290 Gemmeticensem

1924 2345 1972 2384 a.
2023 2327 2355 2384 1187-1210.
2403 2325 2664 2383 Novimus
2713 2332 2924 2382 tantum
2965 2340 3029 2380 ex
3069 2323 3316 2380 editione
3375 2323 3536 2395 prin-

1923 2420 2069 2491 cipe.

1991 2515 2044 2571 6.
2084 2517 2289 2571 Codiccs
2315 2517 2528 2585 deperdi
2533 2519 2593 2571 ti.

1989 2611 2023 2662 S
2070 2612 2214 2662 Petri
2240 2609 2305 2662 de
2342 2609 2658 2676 Selincurte,
2698 2605 2865 2674 mbr.,
2915 2603 3535 2678 quarto'Sigebertus;

1919 2697 2282 2774 cbronoIOgia
2327 2698 2396 2752 ab
2424 2699 2593 2753 Adam
2625 2713 2803 2770 usque
2853 2697 2922 2752 ad
2964 2696 3298 2752 Ludovicum
3350 2696 3532 2763 Pium;

1918 2787 2200 2861 catalogus
2252 2803 2518 2858 paparum
2569 2793 2624 2842 et
2687 2786 3074 2857 episcoporum
3141 2783 3533 2840 Morinensium

1917 2895 2093 2950 usque
2119 2879 2188 2934 ad
2218 2895 2268 2934 a.
2294 2879 2468 2935 1160:
2500 2877 2570 2934 cf.
2604 2877 2790 2934 Montf.
2819 2877 2975 2933 1197.

1987 2973 2366 3040 Signiacensis,
2382 2970 2452 3026 de
2477 2985 2588 3042 quo
2617 2969 2744 3025 vide
2764 2969 2968 3024 Tissier
2993 2967 3132 3024 Bibl.
3161 2966 3536 3036 Cisterciens.,

198 3051 507 3106 mutatione
554 3049 766 3106 ordinis
812 3050 1209 3108 monachorum
1295 3048 1372 3105 Cf.
1423 3049 1638 3106 Archiv.
1700 3050 1813 3117 Vll,
1844 3060 2028 3156 CV1],
2065 3059 2183 3115 100,

1986 3154 2434 3218 Suessionensem,
2467 3156 2631 3222 quem
2686 3150 2818 3206 citat
2846 3149 3030 3204 Hsenel
3080 3165 3137 3220 p.
3167 3149 3293 3214 541,
3335 3148 3536 3206 frustra

1918 3239 2310 3294 Suessionibus
2325 3239 2576 3310 quaesivi,
2595 3253 2699 3294 nec
2725 3237 2928 3292 minus.

1987 3329 2432 3395 Attrebatensem,
2486 3342 2531 3381 s.
2600 3343 2690 3394 xv,
2742 3325 2836 3398 qui
2888 3329 3028 3380 teste
3085 3323 3272 3378 Ilaenel
3323 3340 3379 3396 p.
3433 3324 3534 3390 35;

1919 3422 2242 3490 Eusebium,
2301 3422 2387 3488 11.,
2445 3422 2528 3490 P.,
2588 3423 2671 3488 S.,
2724 3421 3014 3476 Martinum
3066 3418 3331 3476 Polonum
3381 3435 3537 3476 com-

1921 3510 2283 3582 plectebatur.

1987 3610 2038 3660 S.
2071 3608 2288 3674 Gislcni,
2339 3605 2658 3661 continebat
2719 3623 2741 3654 σ
2809 3603 3114 3659 chronicon
3159 3601 3408 3668 Eusebii,
3439 3603 3522 3658 II.

1919 3699 1958 3754 P
1989 3743 2005 3766 ,
2033 3699 2112 3766 S.,
2163 3699 2296 3754 item
2345 3697 2496 3752 aliud
2525 3694 2957 3752 vetustissimum
2987 3692 3180 3750 incerti
3222 3692 3465 3749 auctoris
3503 3711 3533 3744 ο

1919 3801 2058 3850 teste
2089 3793 2332 3849 Sandero
2355 3793 2412 3848 in
2441 3793 2559 3848 Bibl
2618 3791 2769 3865 Belg.
2805 3791 2848 3858 I,
2887 3789 3015 3845 246.

1989 3890 2336 3956 Stabulensis,
2381 3889 2451 3944 de
2494 3904 2606 3960 quo
2643 3886 2714 3944 cf.
2747 3888 2824 3944 De
2873 3883 3246 3958 Reiffemberg
3289 3883 3530 3958 Philipp.

1921 3978 2174 4034 Mouskes
2201 3976 2357 4048 praef.
2381 3993 2435 4047 p.
2469 3975 2559 4034 17.

1996 4071 2153 4126 Vallis
2199 4071 2465 4136 Lucentis,
2519 4083 2643 4123 cum
2682 4065 3097 4124 continuatione
3157 4064 3532 4131 Laudunensi,

1921 4157 1994 4212 ef.
2028 4173 2197 4228 supra
2226 4155 2352 4212 (Συ.

1989 4253 2040 4304 S.
2099 4251 2378 4304 Laurentii
2407 4249 2718 4314 Leodiensis,
2775 4245 2832 4300 in
2879 4245 3133 4320 catologo
3173 4243 3438 4300 librorum
3470 4245 3527 4298 S.

1917 4339 2217 4404 Laurentii,
2265 4356 2312 4394 s.
2353 4356 2449 4404 xu,
2502 4339 2770 4410 inscripto
2809 4335 3148 4404 codiciejus
3185 4337 3528 4401 monaswrii,

1828 4428 1889 4498 D
1908 4427 2023 4496 jam
2083 4427 2425 4483 Bruxellensi
2478 4426 2664 4493 9814.,
2739 4425 2816 4480 ita
2873 4423 3175 4479 indicatur:
3239 4426 3528 4493 Tripartita

1914 4521 2147 4575 Historia
2190 4522 2466 4574 Sozomeni
2513 4535 2641 4575 cum
2663 4521 2880 4574 cronica
2901 4515 3158 4584 Sigcberti
3180 4515 3528 4571 Gemblacen-

1911 4611 1985 4664 sis
2011 4610 2281 4663 monachi.

1984 4697 2387 4763 Ottobonianus,
2415 4695 2482 4750 de
2513 4710 2623 4767 quo
2653 4693 2722 4749 cf.
2753 4691 3106 4749 Montfaucon
3132 4711 3188 4766 μ.
3225 4693 3351 4750 188.

1987 4791 2036 4847 7.
2070 4790 2224 4846 Falso
2271 4789 2544 4863 Sigeberti
2585 4787 2811 4844 nomine
2855 4787 3233 4845 inscribuntur
3278 4789 3533 4845 Vindobo-

1913 4883 2096 4936 nensis
2123 4879 2310 4954 Eugen
2365 4881 2432 4934 18
2483 4884 2539 4933 et
2567 4879 2929 4934 Bruxeliensis
2976 4875 3170 4944 14855,
3202 4878 3297 4950 qui
3351 4877 3530 4933 conti-

1915 4980 2054 5024 nent
2100 4969 2447 5024 Guillelmum
2507 4967 2576 5023 de
2631 4967 2936 5042 Nangiaco;
3005 4969 3322 5023 Trevirensis
3366 4966 3528 5031 1287,

1915 5059 2164 5117 continet
2210 5059 2507 5114 liobertum
2552 5059 3105 5126 Antissidiorenscm;
3155 5061 3268 5113 San
3307 5064 3530 5114 Germa-

1915 5157 2119 5220 nensis,
2147 5168 2312 5224 quem
2347 5158 2489 5207 inter
2519 5150 2888 5209 Coislinianos
2923 5151 3272 5207 Montfaucon
3304 5165 3359 5219 p.
3389 5148 3524 5204 1121

1917 5242 2066 5308 citat,
2101 5255 2250 5296 nunc
2276 5240 2332 5294 S.
2383 5239 2642 5296 Cermain
2678 5241 2868 5304 Franc,
2911 5239 3038 5305 659,
3069 5255 3096 5293 s
3162 5252 3272 5292 xiv.
3301 5237 3533 5293 Waitzio

1919 5339 2109 5388 nostro
2150 5337 2414 5386 monente
2457 5330 2768 5390 Chronicon
2817 5340 2902 5386 est
2949 5345 3126 5401 usque
3175 5327 3245 5382 ad
3284 5343 3335 5384 a.
3396 5328 3536 5386 1306

1925 5420 2128 5477 Gallica
2158 5420 2345 5495 lingua
2373 5421 2662 5492 scriptum,
2713 5419 2804 5476 cui
2854 5419 2997 5474 inter
3041 5418 3179 5474 alios
3216 5417 3538 5493 Sigebertus

1923 5529 2022 5584 pro
2050 5511 2412 5567 fundamento
2445 5512 2565 5570 fuit.

1997 5608 2277 5664 Editiones.
2316 5636 2382 5648 -—
2415 5606 2702 5664 Editiones
2757 5606 2858 5660 has
2898 5604 3197 5664 habemus:
3253 5607 3335 5676 α.)
3365 5605 3545 5663 Editio

1925 5698 2198 5770 princeps.
2258 5698 2515 5767 Sigcberti
2559 5699 2943 5756 Gcniblaccnsis
3003 5698 3274 5754 aenobitm
3331 5699 3542 5754 chroni-
