3870 6060
238 255 312 310 57
1743 253 2064 310 CHRONICA
2075 295 2088 308 .
3500 259 3570 315 58

237 383 344 440 sed
369 383 749 456 suspicionem
765 387 973 438 metum
993 380 1060 438 iri
1091 382 1234 439 bene
1265 383 1528 440 novisset.
1561 384 1690 450 Qua;
1712 383 1866 442 addit
1889 385 1940 454 Α
1967 387 2290 444 Additiones
2319 389 2346 444 1
2371 388 2500 454 ζ-λ.,
2531 403 2669 459 quas
2696 403 2808 446 non
2859 405 2982 446 esse
3035 389 3308 464 Sigeberti
3345 391 3570 459 scimus,

235 480 646 537 continuationi
677 479 1034 552 Aquicinensi
1075 479 1274 536 litteris
1303 479 1547 553 obliquis
1564 481 1858 548 distincta,

241 575 298 630 in
330 575 424 633 B5.
459 591 574 641 non
604 575 885 651 leguntur,
917 591 1021 631 nec
1058 575 1208 630 unde
1265 577 1580 647 sumpserit,
1623 578 1856 643 scimus;

239 669 380 724 illud
408 673 641 733 certum,
683 684 876 724 nonex
913 682 1024 723 uno
1065 668 1304 740 quodam
1353 669 1544 724 codice
1581 678 1858 740 excerpta,

240 759 344 814 sed
375 774 406 813 e
434 758 692 829 plurimis
720 758 1038 814 auctoribus
1065 773 1132 813 ea
1160 759 1488 831 conquisita,
1510 759 1759 832 quaedam
1789 759 1859 814 ab

241 849 365 916 ipso
391 846 722 918 composita.

312 936 391 1007 g.)
432 939 626 991 Struve
651 935 709 989 in
728 934 972 990 editione
1005 935 1171 991 tertia
1211 935 1550 1008 Scriptorum
1591 937 1860 992 Pistoria-

240 1043 464 1093 norum,
507 1027 822 1082 Ratisbonze
872 1027 1014 1081 1726
1070 1027 1125 1081 in
1174 1026 1271 1082 fol.
1333 1028 1679 1103 Sigebertum
1737 1045 1861 1084 cum

237 1119 762 1174 continuationibus
807 1117 1202 1189 Ursicampina,
1251 1119 1502 1187 Votensi,
1565 1121 1861 1176 Gemmeti-

237 1206 397 1261 censi
431 1205 655 1276 repetiit
709 1221 740 1260 e
791 1205 967 1277 prima
1032 1207 1248 1262 Pistorii
1279 1207 1522 1264 editione
1567 1229 1584 1275 ;
1637 1210 1735 1264 sed
1761 1225 1862 1266 suo

241 1315 482 1372 quaeque
517 1298 640 1354 loco
672 1297 1088 1353 infersitomuia
1113 1316 1238 1371 quae
1266 1300 1486 1356 Μίνωας
1516 1301 1671 1372 plura
1702 1301 1866 1358 habet

242 1405 313 1443 ex
356 1391 408 1444 1.
434 1389 531 1442 ΒΞ.
565 1388 658 1443 3‘.
683 1389 734 1441 5.
766 1387 905 1452 ;sub
956 1395 1106 1442 textu
1154 1389 1426 1460 potiorem
1483 1391 1754 1446 Mimanta
1781 1391 1867 1445 le-

241 1478 450 1533 ctionis
467 1476 786 1532 varietatem
819 1493 942 1532 cum
998 1479 1145 1533 notis
1189 1479 1356 1535 Miraai
1405 1487 1570 1551 atque
1601 1481 1717 1534 suis
1758 1495 1863 1550 po-

245 1566 364 1623 suit
394 1565 560 1632 ;dein
617 1565 1064 1622 continuationes
1093 1568 1358 1636 Anselmi,
1391 1569 1864 1635 Gemblacensem,

247 1658 704 1734 Affligemensem
755 1665 921 1730 atque
961 1659 1387 1731 Aquicinensem
1421 1678 1485 1716 ex
1511 1661 1696 1716 Mineo
1725 1662 1864 1715 sub-
1897 1695 1947 1762 Β

242 1752 450 1822 junxit,
479 1752 928 1807 Bellovacensem
960 1768 1026 1806 ex
1087 1753 1329 1809 Labbeo.
1373 1755 1453 1809 Ita
1501 1753 1689 1809 omnia
1715 1769 1870 1809 com-

250 1859 471 1914 ponens
498 1843 908 1914 quodammodo
937 1843 1188 1900 confudit
1241 1846 1368 1900 novi
1421 1845 1496 1899 nil
1536 1861 1763 1916 prorsus
1787 1853 1873 1900 at-

250 1935 378 1990 tulit
396 1943 596 2006 prmter
613 1935 832 2004 notulas
859 1950 1257 2007 nonnunquam
1283 1936 1458 1992 bonas

326 2027 408 2092 h.)
451 2027 684 2095 Dachery
741 2024 797 2078 in
847 2024 1094 2080 editione
1156 2026 1404 2082 Guiberti
1454 2025 1876 2100 Novigentensis

251 2117 472 2186 primus
497 2115 802 2170 Robertum
831 2115 900 2171 de
953 2116 1133 2172 Monte
1173 2117 1328 2172 dedit
1366 2117 1638 2192 integrum
1679 2133 1744 2170 ex
1775 2131 1872 2171 co-

250 2203 379 2258 dice
413 2203 476 2270 E,
503 2203 753 2259 adhibito
786 2203 880 2260 E4.
911 2203 1143 2258 Nomina
1186 2204 1371 2258 minus
1408 2213 1659 2258 accurate
1692 2203 1878 2258 reddi-

253 2293 376 2358 dit;
397 2293 491 2348 hic
520 2293 632 2348 illic
671 2292 927 2364 quaedam
982 2293 1170 2348 omisit
1203 2312 1217 2358 ;
1247 2293 1622 2348 additamenta
1649 2292 1876 2348 Roberti

252 2382 326 2436 ad
352 2381 698 2456 Sigebertum
731 2380 800 2434 ab
833 2398 879 2435 a.
926 2381 1146 2436 demum
1191 2381 1296 2438 876
1331 2381 1575 2448 exhibet,
1607 2387 1661 2436 et
1698 2382 1782 2437 vel
1811 2398 1875 2436 ex

255 2469 346 2524 his
373 2468 561 2540 aliqua
587 2467 790 2523 oblitus
819 2475 924 2524 est.
954 2468 1117 2524 Notas
1143 2485 1253 2524 non
1282 2469 1515 2525 addidit.

329 2561 394 2627 ἱ.)
419 2563 654 2627 Bouquet
682 2564 847 2628 atque
883 2557 1019 2612 lirial
1074 2559 1170 2625 III,
1199 2559 1324 2622 332;
1356 2559 1418 2622 V,
1463 2559 1586 2624 375,
1620 2558 1706 2624 Vl,
1747 2557 1875 2624 233,

256 2649 373 2712 vn,
421 2649 548 2714 249,
607 2649 745 2715 Vlll,
799 2649 925 2714 308,
979 2649 1042 2712 x.
1095 2651 1223 2717 216,
1279 2651 1367 2716 x1,
1430 2649 1552 2717 163,
1581 2649 1716 2716 xm,
1748 2633 1874 2716 256,

260 2737 444 2804 XVIII,
465 2738 594 2804 334,
621 2745 878 2809 excerpta
905 2745 1114 2793 tantum
1148 2739 1442 2806 dederunt,
1493 2739 1694 2812 quibus
1726 2756 1876 2810 pra:-

258 2833 344 2881 ter
374 2824 654 2881 editiones
674 2824 764 2880 hic
791 2825 904 2881 illic
920 2826 1292 2882 adhibuerunt
1311 2827 1534 2882 codices
1549 2828 1746 2883 85*".
1783 2828 1876 2884 ΕΞ.

257 2917 354 2971 7b.
389 2916 484 2972 8b.
517 2917 572 2970 d.

336 3014 536 3063 Nostra:
566 3009 812 3064 editionis
829 3007 966 3064 ratio
997 3009 1118 3065 haec
1163 3007 1263 3064 fuit
1293 3015 1575 3064 uttextum
1608 3011 1881 3084 Sigeberti

259 3101 526 3154 daremus
557 3115 682 3154 eum
706 3116 870 3172 quem
893 3107 1086 3156 auctor
1113 3101 1230 3172 ipse
1258 3102 1537 3157 edendum
1559 3103 1874 3168 constituit;

258 3191 581 3263 primariam
613 3198 796 3246 autem
831 3190 1060 3246 formam
1115 3193 1295 3247 ubivis
1335 3192 1389 3246 in
1433 3193 1576 3248 notis
1603 3193 1878 3248 indicare-

260 3297 389 3336 mus
456 3281 560 3336 Pro
604 3280 963 3336 fundamento
1013 3281 1180 3358 igitur
1203 3283 1490 3354 posuimus
1519 3285 1768 3340 codicem
1799 3285 1876 3352 1.,

262 3387 429 3445 quem
462 3380 718 3427 accurate
749 3373 1145 3443 expressimus.
1201 3373 1526 3428 Additienes
1575 3375 1692 3446 ipsa
1713 3375 1878 3450 Sige-

265 3462 410 3516 berti
436 3475 605 3515 manu
637 3461 825 3528 factas,
869 3469 1161 3533 antequam
1211 3463 1389 3532 primo
1443 3463 1638 3517 librum
1667 3464 1878 3531 ederet,

265 3555 546 3608 intextum
567 3552 880 3624 recepimus
901 3568 1119 3621 omnes,
1148 3554 1204 3608 in
1245 3554 1390 3608 notis
1427 3555 1608 3610 ubivis
1630 3555 1882 3610 indican-

263 3652 351 3698 tes
369 3641 506 3714 quid
563 3642 826 3698 secundis
882 3642 1018 3714 quid
1063 3643 1240 3700 tertiis
1270 3643 1417 3698 curis
1465 3643 1732 3716 adjecerit
1780 3662 1882 3700 au-

267 3741 410 3786 ctor.
454 3730 798 3786 Additiones
835 3733 859 3786 1
892 3729 985 3804 β-ι
1016 3775 1032 3799 ,
1066 3748 1097 3787 a
1148 3731 1440 3806 Sigeberto
1499 3741 1622 3803 post
1662 3750 1715 3790 ει.
1745 3735 1888 3790 1105

267 3821 522 3888 dictatas,
556 3829 671 3877 tum
702 3838 829 3878 cum
885 3822 1110 3878 alteram
1173 3822 1475 3878 editionem
1527 3832 1760 3892 curaret,
1789 3841 1890 3879 un-

266 3913 411 3968 cinis
438 3913 788 3980 inclusimus,
818 3929 924 3968 non
963 3915 1110 3987 quod
1159 3924 1347 3969 essent
1389 3915 1610 3985 spurius,
1673 3917 1771 3972 sed
1829 3921 1890 3972 ut

269 4021 366 4062 eas
391 4006 656 4077 primario
712 4005 883 4062 textui
943 4006 1187 4062 defuisse
1239 4016 1518 4086 appareat.
1579 4008 1706 4072 Quae
1738 4009 1890 4079 prius

269 4100 346 4154 ibi
393 4100 602 4171 scripta
652 4099 889 4166 fuerant,
944 4101 1056 4169 jam
1111 4117 1267 4156 erasa
1315 4101 1420 4155 sub
1447 4109 1594 4156 textu
1629 4101 1890 4156 indicavi-

267 4207 393 4246 mus
418 4191 628 4258 omnia,
682 4199 844 4262 prout
887 4208 952 4246 ex
1005 4193 1064 4247 A.
1119 4207 1185 4246 ea
1231 4207 1534 4264 agnoscere
1583 4191 1888 4264 potuimus.

1941 2919 1958 2934 ⁸
1981 2924 2050 2978 sit
2070 2929 2222 2989 Ietas,
2249 2923 2374 2993 quis
2402 2921 2552 2988 fons,’
2581 2937 2703 2992 qua:
2759 2920 2896 2975 ﬁdes
2955 2919 3207 2974 habenda
3254 2936 3268 2984 ;

1965 478 2062 533 sed
2085 485 2212 550 post
2241 495 2292 534 a.
2325 479 2549 535 demum
2573 477 2713 534 1136
2737 494 2769 533 a
2790 479 2958 534 variis
3009 477 3200 546 factas,
3249 489 3375 550 post
3419 482 3572 556 Sige—

1961 569 2178 624 bertum
2201 570 2565 643 relegavimus
2612 571 2667 626 in
2717 587 2887 627 unum
2918 573 3194 640 collectas,
3221 575 3449 632 nomine
3463 577 3574 632 Au-

1961 663 2113 719 ctarii
2145 662 2579 718 Gemblacensis.
2637 662 2673 716 E
2721 661 2949 733 reliquis
3013 663 3298 718 codicibus
3318 665 3573 721 lectionis

1961 755 2280 810 varietatem
2349 752 2540 809 afferre
2600 753 2870 828 integram
2937 760 2991 808 et
3035 755 3373 826 superﬂuum
3433 766 3574 824 erat,

1963 852 2172 923 quippe
2212 851 2368 918 cujus
2413 851 2684 926 originem
2755 849 3097 905 arbitrariam
3150 851 3488 917 noverimus,
3522 859 3578 908 et

1963 942 2109 996 mole
2150 941 2330 996 inutili
2363 949 2521 996 notas
2557 941 2899 995 necessarias
2949 940 3269 996 obtexisset.
3325 941 3578 1015 Seligen-

1963 1033 2062 1086 das
2089 1032 2273 1102 itaque
2305 1031 2613 1100 putavimus
2642 1045 2736 1084 eas
2765 1036 2974 1084 tantum
3008 1045 3133 1100 quae
3163 1019 3249 1082 vel
3277 1029 3344 1083 ad
3369 1029 3574 1104 digno-

1964 1121 2228 1176 scendum
2260 1128 2468 1174 textum
2528 1119 2870 1190 primarium,
2914 1119 3001 1174 vel
3060 1119 3128 1171 ad
3181 1118 3578 1173 discernendas

1967 1210 2201 1265 familias
2218 1209 2492 1272 codicum,
2523 1209 2607 1263 vel
2641 1208 2706 1262 ad
2759 1214 2937 1262 textus
2987 1207 3118 1262 editi
3150 1207 3433 1262 historiam
3467 1222 3582 1262 mo-

1966 1300 2136 1353 menti
2168 1297 2378 1370 aliquid
2395 1297 2600 1351 habere
2624 1305 2853 1366 possunt
2875 1313 2889 1361 ;
2911 1311 3093 1366 neque
3113 1293 3576 1364 transpositiones

1967 1387 2177 1442 codicis
2233 1388 2292 1440 D.
2342 1385 2722 1449 indicavimus,
2775 1399 2806 1437 a
2839 1385 3020 1439 scriba
3066 1385 3288 1437 demum
3324 1381 3575 1436 Bellova-

1966 1479 2118 1533 censi
2139 1478 2429 1541 inventas;
2462 1493 2598 1548 quas
2637 1476 2730 1548 qui
2761 1476 2902 1531 scire
2931 1474 3230 1538 desiderat,
3266 1473 3466 1528 melius
3493 1473 3580 1526 di-

1967 1577 2082 1626 scet
2111 1587 2178 1626 ex
2219 1569 2576 1625 editionibus.
2629 1568 2841 1624 Omissa
2869 1574 3048 1622 autem
3080 1567 3137 1620 in
3171 1566 3334 1620 variis
3365 1565 3580 1621 codici-

1968 1664 2071 1718 bus
2109 1663 2367 1735 religiose
2392 1677 2613 1732 semper
2644 1659 3030 1725 indicavimus,
3063 1657 3307 1728 exceptis
3346 1657 3451 1711 (34*
3502 1656 3580 1721 5.,

1971 1753 2040 1808 de
2065 1754 2264 1824 quibus
2308 1751 2523 1806 videbis
2577 1765 2698 1820 quae
2743 1765 2911 1820 supra
2951 1747 3207 1802 diximus.
3259 1747 3584 1802 Additiones

1972 1841 2215 1897 omnium
2234 1840 2488 1895 codicum
2501 1839 2758 1894 dedimus
2781 1853 2975 1894 omnes
3010 1856 3024 1903 ;
3047 1844 3101 1892 at
3128 1853 3237 1892 non
3263 1851 3364 1891 suo
3388 1851 3580 1906 quam-

1973 1946 2080 2001 que
2101 1945 2246 1984 anno
2297 1930 2558 1983 insertam
2614 1927 2924 2001 Sigeberto,
2957 1957 3022 1968 —-
3051 1925 3262 1998 quippe
3311 1925 3404 1997 qui
3431 1931 3584 1979 tanta

1975 2021 2119 2077 mole
2145 2036 2441 2092 oppressus
2505 2019 2645 2074 foret
2689 2050 2780 2082 —,
2835 2019 2933 2074 sed
2988 2017 3290 2073 secundum
3333 2022 3586 2071 auctores

1975 2109 2260 2164 distinctas
2280 2107 2626 2183 collegimus,
2681 2107 2838 2162 titulo
2887 2109 3134 2162 Auctan'i
3169 2108 3583 2175 Αιιαὶσὶηεηιςὶδη

1973 2201 2382 2268 Afﬂigemensis,
2447 2197 2776 2251 Valcellemis
2805 2237 2819 2262 ,
2879 2198 3258 2249 Hasnoniensis
3298 2237 3314 2261 ,
3367 2194 3588 2248 Lauda-

1975 2295 2177 2358 nensis,
2235 2291 2578 2356 Corbeiensz’s,
2634 2289 3011 2342 Bellovacensis
3063 2289 3445 2352 Mortuimaris,
3497 2289 3592 2339 Ur-

1975 2385 2281 2451 sicampim‘,
2308 2381 2580 2436 Robertini
2609 2377 3010 2449 prmponendas
3049 2377 3166 2430 istis
3218 2375 3596 2432 continuatio-

1978 2473 2140 2527 nibus
2162 2487 2286 2543 quae
2317 2471 2386 2525 ab
2427 2471 2621 2524 iisdem
2663 2469 2866 2540 quibus
2920 2467 3235 2523 additiones
3272 2466 3592 2522 auctoribus

1977 2563 2216 2634 scriptae,
2267 2579 2334 2618 ex
2378 2563 2574 2618 iisdem
2635 2561 2878 2617 fontibus
2929 2561 3154 2622 hausta),
3207 2559 3282 2612 nil
3330 2563 3458 2613 sunt
3486 2559 3592 2612 nisi

1979 2656 2114 2710 tales
2152 2653 2464 2710 additiones
2494 2653 2699 2708 sensim
2761 2652 2922 2706 latius
2960 2658 3290 2715 crescentes,
3323 2649 3481 2716 cujus
3512 2649 3589 2702 rei

1981 2742 2316 2798 luculentum
2346 2741 2657 2812 exemplum
2682 2739 2894 2811 praebet
2937 2737 3234 2793 Robertus.
3281 2737 3356 2790 Ita
3385 2735 3592 2810 legenti

1980 2829 2159 2886 statim
2187 2835 2418 2900 apparet
2447 2844 2697 2900 quaenam
2711 2829 2913 2898 cuique
2940 2826 3210 2881 additioni
3242 2825 3437 2896 patria,
3471 2841 3592 2896 quae

3338 2918 3411 2972 ita
3474 2933 3595 2988 qua:

1983 3011 2233 3082 ejusdem
2262 3011 2502 3066 auctoris
2522 3009 2884 3080 ejusdemque
2929 3006 3252 3061 monasterii
3294 3015 3446 3072 sunt,
3479 3019 3590 3059 non

1985 3103 2374 3174 discerpuntur
2426 3121 2443 3167 ;
2493 3101 2724 3157 historia
2757 3107 2938 3155 textus
2975 3099 3176 3154 melius
3243 3095 3590 3168 perspicitur,

1980 3201 2036 3248 et
2064 3193 2336 3268 Sigeberti
2384 3192 2691 3248 Chronicon
2753 3208 2972 3262 purum,
3017 3191 3095 3246 uti
3144 3189 3426 3246 conditum
3466 3187 3588 3250 fuit,

1983 3283 2056 3337 ita
2082 3282 2397 3356 legentibus
2425 3279 2672 3336 offertur.
2719 3281 2971 3335 Ilabitum
3026 3279 3191 3334 etiam
3217 3278 3402 3349 operis
3430 3285 3596 3349 atque

1980 3373 2210 3430 formam
2245 3373 2594 3436 exteriorem,
2647 3373 2865 3444 qualem
2917 3373 2968 3426 1.
3023 3372 3248 3426 exhibet
3289 3376 3343 3425 et
3396 3367 3596 3440 reliqui

1982 3465 2204 3522 codices
2236 3465 2584 3520 retinuerunt
2633 3463 2906 3534 plerique,
2965 3479 3064 3517 nos
3094 3477 3315 3534 quoque
3346 3468 3602 3516 accurate

1980 3555 2376 3628 expressimus,
2425 3565 2624 3624 praeter
2680 3553 2826 3624 quod
2877 3567 3052 3607 annos
3107 3551 3326 3616 Christi,
3359 3567 3391 3604 a
3429 3551 3594 3622 Sige-

1980 3651 2134 3704 berto
2163 3663 2261 3717 per
2285 3643 2782 3700 decenniatantum
2813 3643 2868 3696 in
2900 3641 3149 3716 margine
3209 3640 3466 3696 exteriori
3495 3656 3600 3696 no-

1987 3750 2146 3809 tatos,
2173 3757 2274 3796 nos
2328 3739 2502 3796 cuivis
2541 3755 2688 3794 anno
2741 3727 3102 3810 apposuimus
3151 3754 3168 3802 ;
3219 3743 3420 3806 praeter
3485 3735 3604 3790 haec

1988 3835 2282 3907 plurimum
2315 3847 2499 3902 opera:
2527 3830 2908 3886 collocandum
2931 3827 3304 3898 judicavimus
3335 3827 3390 3881 in
3439 3827 3601 3881 inda-

1989 3926 2184 4002 gandis
2241 3922 2488 3979 fontibus
2537 3938 2602 3977 ex
2669 3921 2874 3994 quibus
2931 3920 3234 3974 hauserunt
3283 3917 3602 3992 Sigebertus

1989 4015 2222 4086 ejusque
2251 4011 2686 4069 continuatores.

2967 4147 3024 4202 L.
3059 4145 3112 4201 Ο.
3149 4145 3460 4201 Burnmann.

283 4408 2924 4423 _——__-—_—————#

1985 4408 2924 4440 ——-——————____.__.-_
2338 4431 2657 4439 _..___.___._._
2669 4429 2782 4436 -.._...
2793 4400 3610 4435 -..η-,π

1023 4610 1772 4748 INCIPIT
1891 4533 2870 4752 CHRONICA

611 4851 1544 5022 DOMNI
1728 4847 3290 5016 SIGEBERTI

1209 5125 2054 5212 GEMBLACENSIS
2141 5125 2688 5210 MONACHI.

284 4423 1797 4442 2m

1763 5331 2077 5341 ..ᾠῷ-..-

349 5438 564 5494 Dicturi
597 5438 808 5512 aliquid
848 5441 1076 5510 juvante
1131 5441 1244 5498 Deo
1273 5443 1344 5498 de
1391 5443 1903 5516 contemporalitate
1927 5447 1982 5516 ι)
2005 5445 2096 5520 gia
2135 5445 2400 5514 majorum
2433 5445 2629 5502 directi
2681 5459 2783 5516 per
2837 5441 3064 5498 semitas
3103 5435 3475 5492 historiarum.
3505 5435 3616 5490 Po-

275 5543 604 5602 regnorum,
656 5532 895 5603 primum
935 5547 1109 5605 pauca
1157 5534 1404 5590 dicamus
1433 5535 1502 5590 de
1531 5535 1747 5612 origine
1787 5537 1904 5592 sin-
2005 5553 2202 5592 nemus
2243 5537 2299 5592 in
2354 5537 2529 5608 prima
2591 5537 2738 5592 linea
2793 5549 3023 5612 regnum
3095 5531 3490 5594 Romanorum.
3559 5527 3615 5580 ίη

275 5623 541 5697 gularum
562 5626 811 5700 gentium
844 5645 860 5695 ;
891 5635 1165 5701 quatenus
1195 5629 1356 5702 sequi
1390 5631 1696 5701 poterimus
1734 5632 1904 5688 vesti-
2001 5629 2246 5685 secunda
2287 5629 2600 5697 Persarum,
2629 5627 2686 5684 in
2745 5625 2906 5684 tertia
2938 5624 3287 5688 Francorum,
3338 5621 3396 5678 in
3423 5625 3614 5694 quarta
