3868 6064
283 257 354 315 59
616 252 626 257 “
1276 285 1278 287 ‘
1492 275 1834 330 SIGEBERTI
1884 276 2394 332 GEMBLACENSIS.
3534 289 3606 345 60

285 388 769 459 Wandalorum,in
803 395 994 465 quinta
1051 397 1369 473 Anglorum,
1403 400 1459 456 in
1491 411 1640 458 sexta
1683 405 1892 480 Lango-
1915 409 1970 478 Α
1994 417 2213 477 verunt,
2238 419 2293 469 et
2316 412 2372 465 in
2402 427 2654 486 magnam
2685 419 2905 486 gentem
2938 414 3281 482 coaluerunt,
3309 424 3362 471 et
3393 418 3604 474 crebris

290 481 608 550 bardorum,
641 485 695 538 in
725 487 965 557 septima
977 489 1430 564 Wisigotharum,
1446 495 1500 550 in
1515 503 1704 553 octava
1717 498 1892 555 Ostro-

289 579 599 647 gotbarum,
632 581 688 635 in
717 598 862 638 nona
893 585 1191 643 Hunorum.

358 724 435 779 De
466 740 636 800 regno
678 728 1047 787 Romanorum
1091 749 1200 789 non
1229 735 1377 790 aliud
1413 737 1707 796 dicendum
1737 751 1891 814 puto,

287 812 392 866 nisi
423 816 573 885 quod
623 816 848 873 Danihel
906 823 1170 892 propheta
1218 824 1611 896 interpretatus
1673 812 1758 887 est
1823 834 1893 890 de

217 919 222 924 ‘
286 911 478 973 quarto
507 922 676 979 regno
708 925 720 962 :
750 911 1074 980 quod,sicut
1100 913 1318 976 ferrum.
1336 920 1681 987 comminuit,
1708 923 1894 980 domat

287 995 598 1050 etconterit
636 998 840 1065 omnia,
876 1000 956 1054 sic
985 1000 1053 1053 ab
1083 1001 1297 1075 origine
1331 1007 1414 1060 sui
1469 1010 1756 1076 tutuderit,
1789 1015 1891 1068 do-

284 1082 486 1138 muerit
515 1091 571 1138 et
600 1086 917 1142 contriverit
945 1090 1129 1144 omnia
1161 1109 1316 1162 pzene
1345 1097 1533 1150 mundi
1563 1115 1758 1173 regna;
1793 1117 1894 1156 no-

285 1169 511 1224 vissimo
543 1187 674 1226 vero
703 1177 948 1244 tempore
983 1193 1210 1250 regnum
1271 1181 1426 1249 illud,
1469 1169 1712 1255 quodvin
1741 1189 1891 1244 tibiis

283 1260 398 1314 suis
425 1260 617 1316 ferreis
647 1263 956 1322 diutissime
1006 1276 1059 1322 et
1088 1268 1396 1329 firmissime
1429 1277 1549 1332 sine
1575 1280 1760 1352 aliqua
1783 1283 1890 1337 las-

279 1348 525 1403 situdine
589 1359 837 1420 steterat,
908 1359 1128 1413 tandem
1190 1362 1331 1419 ferro
1380 1383 1494 1422 sum
1551 1348 1891 1428 forti—tudinis

277 1437 573 1494 commixto
605 1456 727 1495 cum
761 1451 899 1499 testa
960 1448 1212 1505 humanae
1247 1453 1662 1525 imbecillitatis,
1688 1477 1751 1515 ex
1777 1462 1887 1517 alto

277 1526 668 1586 dominationis
697 1550 808 1589 suae
830 1539 1001 1610 gradu
1035 1555 1158 1595 cum
1190 1543 1400 1618 fragore
1433 1550 1665 1604 terribili
1700 1553 1888 1608 labare

278 1619 526 1687 coeperit.
560 1620 669 1675 Hoc
701 1639 927 1696 regnum
960 1629 1119 1696 primi
1181 1632 1358 1688 Persas
1400 1636 1758 1708 impulerunt,
1793 1645 1885 1713 qui

278 1724 499 1778 semper
523 1727 645 1766 cum
672 1714 932 1771 Romanis
964 1736 1118 1788 paene
1167 1740 1230 1777 ex
1263 1742 1421 1797 {equo
1462 1745 1520 1783 se
1554 1731 1882 1801 habuerunt,

279 1801 442 1856 modo
473 1819 602 1859 vero
631 1807 920 1863 vacillante
977 1813 1052 1866 rei
1103 1817 1335 1884 publica:
1400 1827 1561 1884 statu,
1624 1840 1719 1878 eos
1745 1827 1886 1882 ultro

278 1887 547 1959 impetere
575 1909 683 1948 non
716 1897 1037 1966 timuerunt,
1063 1911 1125 1956 et
1148 1904 1375 1975 insuper
1413 1925 1508 1963 eos
1537 1911 1652 1967 suis
1685 1912 1888 1970 ﬁnibus

277 1981 532 2036 mutilare
570 1993 889 2054 potuerunt,
923 1993 1146 2061 quando
1199 1995 1416 2053 Juliano
1455 2008 1703 2070 apostata
1744 2020 1886 2060 caeso

276 2081 330 2129 et
380 2078 623 2133 exercitu
692 2081 1058 2139 Romanorum
1117 2089 1508 2147 miserabiliter
1565 2096 1881 2169 subjugato,

275 2163 440 2218 nimis
479 2165 738 2224 fortunati
771 2171 896 2226 facti
929 2181 1057 2228 sunt
1104 2191 1168 2229 ex
1208 2193 1399 2233 eorum
1455 2181 1773 2238 infortunio.
1806 2187 1884 2239 Ita

274 2269 502 2327 regnum
548 2257 705 2324 illud,
757 2264 905 2332 quod
957 2271 1107 2320 tanto
1164 2274 1413 2338 tempore
1471 2287 1664 2328 omnes
1722 2292 1882 2345 paene

272 2346 461 2400 mundi
488 2357 682 2421 gentes
713 2353 911 2421 praedae
944 2361 998 2408 et
1060 2355 1425 2414 dominationi
1472 2362 1685 2431 habuit,
1717 2367 1882 2422 modo

273 2439 791 2512 Deiomnipotentia
845 2447 1111 2503 miscente
1169 2452 1219 2505 ei
1271 2452 1499 2524 duplum
1555 2458 1610 2512 in
1659 2462 1880 2531 poculo,

275 2546 385 2599 quo
415 2534 618 2588 ceteris
657 2536 893 2602 miscuit,
949 2542 1165 2596 cunctis
1198 2545 1458 2614 gentibus
1489 2565 1643 2618 paene
1683 2554 1881 2622 praeda:

275 2633 328 2678 et
368 2624 608 2682 ludibrio
641 2631 852 2698 patuit;
885 2639 939 2687 et
969 2636 1062 2705 qui
1125 2638 1256 2692 olim
1296 2655 1419 2694 cum
1460 2643 1582 2697 aliis
1621 2647 1882 2716 gentibus
1919 2677 1924 2682 -

274 2731 372 2783 pro
405 2716 521 2771 sola
560 2718 735 2792 gloria
751 2724 1053 2790 certabant,
1088 2729 1255 2783 modo
1286 2731 1450 2785 saluti
1482 2749 1595 2788 suae
1620 2736 1705 2789 vix
1745 2739 1880 2792 satis

273 2807 563 2863 consulere
619 2818 888 2879 poterant.
945 2816 1076 2870 Nam
1130 2835 1475 2889 quaecunque
1532 2833 1749 2898 gentes,
1788 2835 1883 2882 aut

272 2893 589 2951 minuendae
642 2898 806 2955 domo
872 2904 1240 2961 multitudinis
1291 2925 1476 2977 causa,
1544 2920 1634 2966 aut
1692 2931 1878 2971 amore

272 2987 594 3042 exercenda:
638 3006 751 3045 sua;
803 2992 1058 3063 feritatis,
1106 3014 1137 3052 a
1182 2999 1358 3068 patria
1425 3019 1522 3056 sua
1561 3007 1876 3072 exulabant,
1903 3029 1951 3096 Ο

272 3075 576 3132 Romanum
607 3080 1435 3157 imperiumjincessebant,etde
1461 3095 1581 3163 ejus
1612 3096 1878 3154 latissimo

272 3184 505 3240 corpore
535 3174 682 3228 velut
712 3184 895 3246 partes
911 3181 1179 3250 quasdam
1205 3184 1309 3238 sibi
1329 3187 1719 3258 excindebant,
1743 3199 1796 3246 et
1823 3194 1876 3247 in

269 3257 350 3312 eis
378 3258 485 3312 sibi
514 3264 781 3334 regnandi
824 3265 1004 3321 locum
1019 3271 1334 3327 statuebant
1384 3274 1496 3331 Hoc
1520 3276 1573 3330 in
1601 3282 1879 3350 sequenti-

269 3346 374 3402 bus
398 3348 542 3404 clare
571 3355 880 3423 apparebit.

338 3500 506 3556 Porro
545 3505 698 3576 regni
749 3507 1030 3565 Persarum
1089 3513 1358 3588 originem
1427 3517 1566 3573 alius
1622 3529 1876 3592 repetere

267 3588 432 3644 modo
465 3606 576 3646 non
609 3593 828 3650 videtur
858 3598 1014 3666 utile,
1045 3600 1175 3672 quia
1205 3619 1326 3674 qua
1355 3604 1517 3676 hujus
1548 3588 1702 3680 regni
1753 3609 1877 3666 fue-

265 3681 334 3735 rit
364 3682 681 3754 antiquitas,
712 3697 914 3757 quanta
953 3697 1006 3745 et
1060 3709 1221 3763 quam
1274 3702 1468 3765 potens
1523 3699 1686 3770 hujus
1735 3705 1876 3757 anti-

265 3776 489 3846 quitatis
519 3779 800 3842 nobilitas.
831 3785 964 3838 satis
997 3787 1201 3842 recolet
1252 3789 1439 3846 lector'
1471 3809 1568 3863 per
1608 3797 1873 3867 antiquo-

264 3882 384 3920 rum
414 3868 689 3925 historias.
737 3873 844 3929 Hoc
874 3883 1082 3932 tantum
1116 3882 1339 3948 notabo,
1370 3885 1497 3956 quia
1538 3903 1683 3957 saapc
1715 3888 1869 3943 abusi

262 3954 491 4010 victoria
553 3959 623 4013 de
672 3961 951 4028 Romanis,
1021 3983 1167 4023 nunc
1225 3954 1406 4027 autem
1476 3991 1670 4030 recens
1726 3994 1867 4035 caeso

261 4044 500 4112 Iuliano,
529 4054 584 4103 et
613 4053 854 4107 exercitu
886 4055 1253 4115 Romanorum
1308 4065 1617 4138 proﬂigato,
1646 4074 1701 4122 et
1744 4067 1868 4123 fini-

263 4133 366 4187 bus
395 4136 508 4190 suis
542 4137 785 4195 Romano
817 4141 1048 4213 imperio
1095 4149 1364 4217 mutilato,
1416 4133 1498 4208 etv
1518 4154 1599 4209 sic
1642 4173 1736 4227 pro
1764 4174 1862 4214 suo

262 4225 420 4282 libitu
453 4232 602 4300 pacis
643 4233 850 4292 findere
883 4239 938 4294 in
981 4241 1175 4314 viginti
1209 4260 1403 4300 novem
1436 4265 1610 4305 annos
1635 4269 1865 4325 compo-

195 4376 202 4384 ,
259 4315 383 4384 site,
412 4318 728 4379 felicitatem
758 4344 912 4385 suam
942 4348 1052 4387 non
1094 4340 1466 4408 temperanter
1495 4341 1747 4399 ferebant
1772 4361 1785 4410 ;
1815 4353 1866 4400 et

260 4407 465 4480 Sapore
498 4429 628 4490 rege
658 4433 846 4474 eorum
880 4407 1215 4480 insolentius
1233 4437 1452 4500 agente,
1478 4431 1799 4492 Christianis
1816 4449 1870 4494 et

259 4499 520 4559 Romanis
549 4510 884 4567 omnimodis
915 4515 1095 4570 infesti
1124 4499 1297 4572 erant.

335 4677 502 4779 (festa
531 4698 578 4735 r.
613 4688 830 4758 Franc.)
860 4689 1139 4764 Originem
1192 4697 1373 4766 gentis
1428 4707 1654 4769 nostrae,
1716 4707 1871 4779 regni

261 4761 840 4840 scilicetFrancorum,
866 4761 1224 4836 notiﬁcemus
1244 4783 1368 4838 aliis
1422 4801 1488 4841 ex
1520 4790 1693 4844 relatu
1722 4761 1872 4846 fidoeli

262 4852 547 4924 majorum.
582 4858 710 4915 Post
737 4862 871 4917 illud
901 4865 1170 4925 famosum
1201 4889 1267 4928 ex
1325 4877 1536 4931 cunctis
1566 4879 1782 4933 saeculis
1811 4888 1867 4934 et

260 4943 519 5016 gentibus
547 4957 735 5005 notum
765 4953 1012 5024 Trojanas
1061 4961 1296 5017 civitatis
1352 4965 1648 5030 excidium,
1690 4968 1866 5022 victo-

258 5037 414 5094 ribus
439 5041 624 5099 Grecis
669 5049 946 5107 caedentes
1004 5056 1252 5128 reliquias
1318 5059 1695 5127 Trojanorum,
1739 5078 1864 5131 pars

259 5144 455 5187 eorum
487 5151 610 5191 cum
655 5138 801 5196 Enea
832 5142 898 5197 ad
952 5144 1295 5202 fundendum
1354 5149 1656 5204 Romanum
1690 5152 1868 5222 impe-

260 5218 399 5274 rium
449 5223 518 5277 ad
560 5227 763 5283 Italiam
821 5236 1101 5301 perrexit:
1136 5252 1260 5306 pars
1287 5251 1416 5300 una,
1463 5238 1676 5295 scilicet
1727 5240 1866 5298 duo-

259 5307 436 5364 decim
471 5312 640 5379 milia,
676 5317 814 5372 duce
845 5320 1118 5375 Antenore
1155 5321 1209 5374 in
1240 5321 1499 5377 finitimas
1553 5325 1864 5381 Pannomie

258 5408 442 5470 partes
468 5419 629 5460 secus
658 5407 925 5464 Meotidas
954 5411 1185 5480 paludes
1215 5415 1486 5484 pervenit,
1529 5415 1716 5488 ibique
1738 5417 1867 5473 civi-

259 5499 424 5549 tatem
456 5497 890 5568 aedificaverunt,
929 5519 1091 5574 quam
1146 5503 1218 5558 ob
1273 5505 1356 5559 sui
1413 5509 1734 5564 memoriam
1776 5509 1866 5564 Si-

260 5584 562 5642 cambriam
582 5598 935 5646 vocaverunt.
969 5591 1027 5647 ln
1075 5609 1186 5665 qua
1241 5596 1428 5651 multis
1459 5599 1618 5654 annis
1647 5600 1866 5656 habita-

1995 511 2307 567 incursibus
2337 508 2639 563 Romanum
2667 511 2848 564 solum
2914 510 3275 578 incessentes,
3327 529 3502 585 usque
3532 517 3599 571 ad

1995 605 2206 662 Gallias
2235 607 2533 662 ferocitatis
2571 624 2682 662 suae
2749 609 2978 683 vestigia
3037 611 3414 668 dilataverunt.
3443 618 3594 681 (Hist.

1993 701 2170 769 misc.)
2193 701 2302 756 llos
2329 700 2468 754 adeo
2500 698 2759 755 Romanis
2821 701 3050 756 infestos
3105 702 3367 759 Constans
3399 705 3594 775 Caesar,

1995 791 2139 847 ﬁlius
2177 793 2355 865 Magni
2389 794 2751 861 Constantini,
2784 796 2931 851 bello
2966 798 3258 867 oppressit,
3286 805 3339 852 et
3378 801 3598 854 tandem

1994 887 2239 941 Romano
2273 886 2507 956 imperio
2537 887 2816 956 subjectos
2845 887 3242 959 aliquantulum
3271 905 3302 942 a
3332 905 3430 943 sua
3461 890 3597 945 feri-

1993 986 2101 1034 tate
2129 977 2480 1033 mansuefieri
2503 979 2703 1051 coegit.
2736 980 2859 1035 Post
2880 980 3089 1051 aliquot
3113 982 3600 1045 annos,rebellan-

1993 1069 2135 1124 tibus
2191 1069 2373 1123 Alanis
2438 1077 2626 1124 contra
2683 1070 3121 1124 Valentinianum
3185 1069 3595 1139 imperatorem,

1990 1175 2115 1213 cum
2157 1173 2253 1212 eos
2275 1174 2385 1211 non
2425 1165 2609 1227 posset
2636 1159 2933 1228 imperator
2963 1159 3184 1230 penitus
3213 1157 3597 1227 debellare,e0

1991 1249 2138 1320 quod
2169 1264 2264 1303 eos
2319 1249 2696 1303 intransibilcs
2753 1250 2944 1304 Mentis
2997 1249 3228 1320 paludes
3273 1256 3596 1316 tutarentur,

1991 1340 2280 1410 preposuit
2300 1339 2740 1404 Valentinianus,
2771 1339 2940 1410 quod,
2992 1340 3036 1392 si
3067 1355 3172 1409 qua
3199 1355 3336 1412 gens
3366 1341 3461 1393 has
3494 1357 3598 1410 pa-

1989 1430 2148 1484 ludes
2189 1430 2391 1484 intrare
2437 1437 2491 1484 et
2545 1430 2782 1484 rebelles
2819 1431 3018 1485 Alanos
3075 1439 3263 1500 posset
3289 1440 3596 1497 conterere,

1988 1519 2179 1574 decem
2212 1518 2373 1574 annis
2405 1535 2500 1574 eos
2529 1536 2560 1573 a
2592 1519 2805 1573 tributis
2827 1520 3030 1574 liberos
3063 1519 3336 1576 redderet.
3363 1522 3471 1576 Hac
3502 1541 3600 1593 pa-

1989 1614 2170 1669 ctione
2218 1613 2433 1682 Trojani
2490 1614 2680 1678 illecti,
2734 1622 2787 1668 ct
2842 1614 3159 1668 fortitudine
3204 1623 3258 1668 et
3307 1617 3598 1686 prudentia

1988 1719 2087 1756 sua
2115 1701 2329 1769 confisi,
2353 1703 2492 1757 duce
2527 1703 2738 1757 Priamo
2763 1703 3022 1756 Meotidas
3051 1703 3281 1772 paludes
3338 1705 3599 1761 Romanis

1985 1793 2160 1846 invias
2202 1792 2456 1863 ingressi,
2491 1793 2782 1846 Alanorum
2815 1798 3034 1862 gentem
3067 1793 3596 1860 exterminaverunt,

1988 1886 2041 1933 et
2076 1879 2150 1932 ita
2193 1880 2570 1934 Valentiniano
2597 1879 2998 1933 satisfecerunt.
3059 1879 3470 1934 Valentinianus
3500 1897 3598 1936 eo-

1989 1986 2104 2024 rum
2137 1969 2336 2024 virtute
2369 1970 2691 2035 delectatus,
2725 1985 2841 2036 eos,
2899 1971 2991 2041 qui
3051 1971 3204 2040 prius
3233 1973 3408 2027 vocati
3441 1983 3600 2029 erant

1985 2059 2226 2125 Trojani,
2257 2059 2460 2112 deinde
2527 2059 2877 2113 Antenoridae
2907 2079 2922 2121 ;
2959 2066 3148 2129 postea
3187 2061 3353 2115 etiam
3389 2062 3597 2116 Sicam-

1984 2148 2092 2214 bri,
2146 2149 2381 2204 Francos
2428 2149 2598 2205 Attica
2644 2150 2837 2223 lingua
2886 2151 3206 2221 appellavit,
3237 2153 3385 2222 quod
3421 2154 3473 2207 in
3498 2154 3599 2208 La-

1987 2237 2097 2291 tina
2155 2237 2341 2309 lingua
2391 2237 2778 2306 interpretatur
2848 2239 3079 2294 feroces.
3151 2241 3430 2311 (Faunae)
3490 2245 3596 2299 Alii

1984 2325 2220 2380 Francos
2240 2327 2661 2400 cegnominatos
2691 2327 2882 2382 dicunt
2914 2345 2943 2382 a
2965 2330 3202 2400 quodam
3232 2346 3421 2385 eorum
3465 2349 3594 2406 rege

1983 2414 2296 2481 Frantione,
2339 2416 2430 2486 qui
2455 2416 2510 2468 in
2563 2416 2707 2472 bello
2754 2416 3104 2483 fortissimus,
3140 2420 3270 2473 dum
3303 2436 3426 2474 cum
3451 2421 3597 2476 mul-

1983 2507 2052 2560 tis
2089 2507 2352 2580 gentibus
2383 2508 2716 2574 dimicasset,
2751 2510 2804 2564 in
2827 2511 3094 2581 EurOpam
3137 2513 3242 2568 iter
3261 2513 3480 2582 direxit,
3541 2524 3597 2571 et

1986 2597 2447 2652 interDanubium
2497 2605 2550 2652 et
2607 2599 2859 2652 Rhenum
2918 2601 3190 2662 consedit.
3251 2603 3436 2674 ibique
3469 2622 3596 2677 pro-

1982 2691 2174 2763 genies
2197 2691 2318 2758 ejus
2358 2691 2578 2756 coaluit,
2646 2693 2961 2764 nulliusque
3009 2694 3201 2765 jugum
3233 2713 3406 2766 usque
3437 2699 3505 2752 ad
3540 2699 3594 2752 id

1983 2783 2247 2852 temporis
2291 2785 2575 2854 suscipere
2601 2786 2792 2840 voluit.
2830 2786 3069 2855 (Pansa)
3107 2787 3478 2858 Undecunque
3503 2806 3594 2843 er-

1981 2887 2050 2944 go
2073 2871 2410 2926 denominati
2470 2881 2597 2926 sunt
2638 2873 2846 2934 Franci,
2909 2880 3172 2943 quantum
3221 2875 3384 2929 altius
3435 2878 3594 2932 colli-

1980 2976 2110 3030 gere
2144 2968 2442 3030 potuerunt
2507 2961 2957 3035 historiographi,
3001 2962 3088 3014 hic
3116 2962 3363 3018 Priamus
3389 2981 3592 3040 regna-

1982 3053 2074 3106 bat
2126 3070 2295 3124 super
2339 3070 2436 3109 eos
2473 3062 2721 3124 tempore
2780 3055 2980 3125 prioris
3034 3055 3425 3114 Valentiniani.
3458 3060 3590 3115 Nam

1981 3160 2045 3197 ex
2070 3145 2190 3214 ipso
2221 3145 2365 3219 regis
2419 3146 2641 3199 nomine
2677 3144 2986 3200 recolentes
3044 3147 3389 3204 nobilitatem
3445 3151 3594 3206 illius

1980 3241 2203 3304 Priami,
2236 3239 2338 3293 sub
2378 3255 2484 3309 quo
2516 3255 2705 3293 eversa
2727 3246 2808 3293 est
2845 3241 3024 3311 Troja,
3051 3242 3179 3297 inde
3209 3243 3596 3318 gloriabantur

1978 3333 2286 3404 gentissuae
2328 3347 2579 3385 manasse
2635 3333 2956 3402 primordia.
3032 3336 3229 3392 Exacto
3295 3338 3590 3406 decennio,

1979 3438 2099 3477 cum
2151 3430 2432 3477 exactores
2475 3430 2790 3492 repeterent
2840 3426 3042 3482 tributa
3070 3444 3100 3481 a
3132 3428 3372 3494 Francis,
3400 3430 3591 3484 Franci

1979 3528 2076 3584 pro
2103 3507 2374 3582 superiori
2433 3512 2661 3566 victoria
2715 3512 3141 3583 insolescentes,
3187 3519 3336 3573 etde
3375 3518 3592 3574 viribus

1977 3605 2092 3658 suis
2114 3607 2510 3673 presumentes,
2567 3617 2676 3656 non
2721 3604 2900 3658 solum
2960 3605 3164 3661 tributa
3213 3623 3437 3682 negare,
3491 3611 3590 3664 sed

1978 3695 2142 3751 etiam
2172 3694 2771 3764 Romanispresumunt
2799 3695 3086 3750 rebellare.
3107 3698 3589 3756 Romanicollecto

1977 3790 2219 3844 exercitu
2251 3803 2416 3858 super
2447 3787 2684 3841 Francos
2717 3787 2953 3856 irruunt,
2995 3797 3049 3845 et
3087 3792 3262 3847 victos
3314 3809 3490 3864 usque
3520 3796 3587 3850 ad

1978 3883 2413 3938 internecionem
2457 3886 2764 3949 proterunt.

2041 3972 2251 4039 (BI-30.x.)
2295 3968 2538 4022 Britanni
2571 3968 2718 4024 sives
2744 3971 3040 4040 Brittones,
3076 3989 3107 4027 a
3153 3975 3354 4045 quibus
3380 3992 3587 4049 cogno-

1970 4068 2174 4122 minata
2204 4073 2288 4121 est
2322 4063 2603 4119 Britannia
2651 4065 2882 4121 Occeani
2916 4068 3115 4135 insula,
3147 4070 3241 4140 qui
3271 4087 3391 4125 eam
3431 4072 3588 4128 inco-

1970 4162 2212 4226 luerunt,
2242 4177 2271 4213 a
2301 4169 2549 4229 tempore
2576 4164 2634 4219 ϐ.
2669 4157 2799 4212 Julii
2835 4161 3247 4233 Caesarisusque
3276 4163 3343 4217 ad
3381 4179 3584 4219 annum

1968 4250 2182 4304 Domini
2207 4250 2331 4305 413.
2366 4250 2715 4322 subimperio
2740 4251 2986 4305 Romano
3012 4251 3301 4322 degerunt.
3334 4252 3416 4317 Ili,
3446 4262 3585 4306 tem-

1971 4355 2104 4410 pore
2136 4339 2298 4392 Marci
2351 4340 2613 4394 Antonini
2666 4338 2809 4403 Veri,
2871 4338 3130 4392 instantia
3187 4338 3334 4392 Lucii
3372 4341 3588 4395 Britan-

1973 4427 2185 4481 niarum
2205 4427 2369 4501 regis,
2404 4444 2499 4498 per
2529 4429 2740 4501 legatos
2773 4425 3072 4480 Eleutherii
3134 4441 3289 4495 papae
3321 4427 3585 4497 mysteria

1969 4519 2383 4574 christianitatis
2425 4525 2807 4588 susceperunt,
2866 4517 2922 4570 in
2987 4531 3094 4586 qua
3162 4516 3333 4587 aliqui
3393 4533 3585 4574 eorum

1973 4627 2145 4682 usque
2203 4611 2444 4681 martyrii
2491 4625 2748 4665 coronam
2814 4607 3055 4678 provecti
3095 4613 3242 4662 sunt.
3305 4607 3405 4672 Qui
3459 4625 3584 4665 cum

1975 4701 2182 4755 crebris
2211 4708 2265 4754 et
2296 4715 2452 4770 paene
2505 4698 2784 4754 continuis
2840 4697 3109 4751 Pictorum
3177 4697 3588 4755 incursionibus

1976 4792 2350 4865 fatigarentur,
2383 4799 2438 4846 et
2462 4791 2564 4860 ipsi
2594 4791 2662 4844 ad
2693 4789 3055 4844 resistendum
3109 4788 3369 4860 inimicis:
3393 4790 3586 4846 imbel-

1967 4883 2047 4936 les
2078 4882 2420 4952 inabilesque
2449 4881 2806 4947 haberentur,
2859 4880 3092 4936 consilio
3123 4881 3266 4952 regis
3292 4880 3376 4934 sui
3409 4881 3582 4936 Verti-

1967 4974 2102 5048 ginii
2133 4983 2351 5046 gentem
2385 4973 2679 5047 Anglorum
2707 4990 2735 5026 a
2775 4970 2980 5026 finibus
3029 4972 3277 5027 Saxoniae
3327 4972 3580 5041 invitant,

1966 5076 2174 5130 eosque
2205 5067 2396 5116 contra
2435 5077 2630 5116 omnes
2689 5059 2925 5115 hostium
2985 5060 3224 5115 assultus
3261 5059 3583 5116 defensores

1966 5148 2074 5202 sibi
2105 5156 2318 5218 parant.
2353 5149 2531 5221 Angli,
2563 5164 2686 5202 cum
2728 5147 3050 5219 aliquandiu
3088 5155 3312 5202 strenue
3338 5157 3393 5202 et
3419 5148 3578 5204 forti-

1967 5248 2050 5294 ter
2079 5256 2176 5295 eos
2201 5241 2356 5295 tutati
2390 5239 2644 5305 fuissent,
2674 5240 2896 5294 tandem
2919 5239 3243 5293 dominandi
3274 5240 3577 5309 cupiditate

1967 5333 2154 5399 illecti,
2184 5339 2237 5387 et
2264 5333 2460 5388 adhoc
2505 5333 2879 5388 imbecillitate
2905 5346 3094 5385 eorum
3140 5330 3386 5398 adducti,
3436 5348 3578 5403 quos

1966 5420 2336 5475 defensandos
2362 5431 2742 5491 susceperant,
2777 5421 2898 5474 illos
2927 5419 3031 5474 sibi
3071 5419 3328 5474 subicere
3360 5419 3580 5476 delibe-

1967 5521 2106 5568 rant.
2158 5515 2286 5568 Tam
2354 5515 2596 5570 violenta
2647 5512 2916 5581 injustitia
2981 5510 3258 5585 indigenas
3328 5512 3572 5569 Britanni

1967 5601 2298 5678 alienigenis
2323 5605 2512 5680 Anglis
2541 5603 2836 5675 subjugati,
2865 5601 2920 5656 in
2943 5602 3036 5671 jus
3063 5611 3117 5656 et
3147 5617 3350 5658 nomen
3381 5604 3575 5677 Anglo-
