3870 6060
120 291 184 345 61
1637 284 1981 341 CHRONICA.
3396 276 3471 340 62

98 434 222 474 rum
250 418 417 491 quasi
441 416 571 473 victi
599 420 1013 481 concesserunt,
1042 420 1099 469 et
1124 429 1407 487 nunquam
1438 414 1509 470 de
1538 413 1739 482 subju-
1762 416 1814 485 Α
1847 428 1945 470 eos
1968 411 2324 486 Agemundus
2349 409 2422 467 25
2439 409 2619 464 annis.
2654 408 2774 476 Qui,
2831 408 2962 462 dum
3008 410 3197 480 ageret
3234 419 3294 460 se
3310 401 3469 474 justo

101 523 175 582 go
207 521 411 563 eorum
442 522 504 562 se
535 514 795 561 excutere
837 510 1138 576 potuerunt
1162 505 1201 559 ¹.

176 596 388 667 (ιοιω.)
402 593 656 651 Wandali
684 610 908 667 quoque
919 595 988 650 de
1002 595 1227 667 Scythia
1252 594 1533 660 oriundi,a
1546 593 1739 650 Gothis

107 686 262 753 victi,
295 685 508 740 alienas
534 693 711 740 terras
740 684 996 739 invadere
1026 690 1316 755 ceperunt,
1364 684 1460 755 qui
1495 699 1623 738 suas
1654 699 1742 736 re-

105 782 296 837 tinere
335 796 449 836 non
480 787 797 851 potuerunt.
841 779 949 835 Hos
977 779 1122 835 circa
1144 778 1453 834 Danubium
1501 793 1743 833 commo-

106 881 305 930 rantes
334 888 552 928 rursum
610 880 726 944 post
784 870 1019 926 multum
1073 876 1292 941 tempus
1349 869 1602 925 Giberich
1634 870 1745 925 Go-

104 964 334 1019 thorum
367 979 462 1018 rex
494 962 640 1018 bello
671 962 845 1017 victos
902 961 1032 1016 inde
1096 961 1428 1035 exturbavit,
1457 968 1512 1015 et
1543 962 1609 1015 ad
1641 961 1745 1016 hoc

106 1051 383 1123 perpulit,
412 1059 472 1106 ut
500 1067 639 1124 quas
670 1065 893 1122 quoquo
927 1049 1094 1105 modo
1151 1050 1358 1104 habere
1411 1047 1745 1104 videbantur

106 1141 325 1196 relictis
350 1139 605 1207 sedibus,
635 1139 880 1195 Romano
910 1137 1146 1208 imperio
1176 1153 1235 1192 se
1252 1136 1578 1206 subderent,
1632 1143 1686 1191 et
1713 1152 1745 1190 a

108 1231 481 1287 Constantino
522 1230 718 1306 Magno
771 1231 949 1286 locum
1003 1228 1284 1283 habitandi
1317 1227 1423 1282 sibi
1450 1228 1567 1281 dari
1599 1244 1739 1298 sup-

108 1322 337 1393 pliciter
368 1329 638 1392 peterent.
666 1321 818 1386 Quod
851 1328 905 1375 et
933 1321 1387 1391 impetraverunt,
1440 1325 1493 1372 et
1526 1318 1741 1372 Panno-

106 1414 231 1469 nias
260 1415 333 1469 ab
362 1429 433 1469 eo
453 1413 855 1486 sibidelegatas
880 1428 980 1483 per
993 1411 1281 1485 sexaginta
1302 1425 1479 1464 annos
1511 1408 1741 1481 pacifice

108 1507 587 1562 iuhabitaverunt.
622 1506 775 1561 Unde
818 1522 967 1562 anno
1005 1508 1260 1562 Archadii
1290 1507 1378 1563 13.
1411 1513 1465 1561 et
1499 1504 1738 1560 Honorii.

111 1603 332 1658 evocati
365 1602 630 1658 instinctu
681 1603 963 1658 Stiliconis
988 1603 1355 1659 rebellionem
1385 1609 1573 1658 contra
1597 1616 1743 1655 rem-

112 1691 401 1762 publicam
434 1691 774 1758 meditantis,
816 1691 1138 1748 infuderunt
1159 1709 1218 1748 se
1248 1710 1346 1763 per
1367 1692 1588 1755 Gallias,
1616 1691 1741 1759 jun-

1839 507 2111 570 securius,
2170 523 2201 562 a
2282 504 2608 579 Bulgaribus
2658 519 2783 559 cum
2850 502 3037 559 multis
3093 515 3321 556 suorum
3372 505 3458 554 est

1841 598 2132 654 extinctus.
2162 596 2426 651 Lamissio
2468 594 2717 668 regnavit
2759 592 3057 656 secundus,
3086 598 3141 645 et
3167 595 3292 661 post
3329 603 3457 642 eum

1844 691 1912 746 40
1939 690 2100 745 annis
2147 689 2396 760 regnavit
2425 687 2595 741 Lethu
2634 685 2851 751 tertius,
2899 683 3161 737 lldehoch
3209 688 3460 753 quartus,

1844 782 2065 836 Gudeoc
2097 781 2347 853 quintus,
2373 795 2439 834 eo
2474 786 2722 849 tempore
2779 791 2889 848 quo
2917 774 3162 831 Odoacer
3190 772 3458 846 regnabat

1845 870 1901 923 in
1962 869 2133 923 Italia.
2191 868 2387 922 Sextus
2439 866 2926 941 Langobardorum
2986 880 3079 919 rex
3133 862 3233 917 fuit
3271 859 3463 926 Claf’fo,

1846 961 2119 1031 septimus
2151 961 2304 1026 Tato,
2337 968 2562 1015 octavus
2609 958 2921 1023 Waltarith,
2982 971 3163 1011 nonus
3224 951 3461 1017 Audoin,

1846 1051 1941 1122 qui
1964 1051 2357 1124 Langobardos
2383 1051 2437 1104 in
2470 1050 2807 1105 Pannoniam
2848 1049 3002 1103 duxit
3039 1066 3054 1114 ;
3089 1046 3339 1101 decimus
3375 1043 3466 1096 Al-

1845 1141 1998 1209 boin,
2044 1142 2158 1213 qui,
2194 1141 2526 1197 transductis
2579 1141 2635 1195 in
2695 1140 2900 1195 Italiam
2935 1137 3336 1212 Langobardis,
3373 1151 3459 1191 re-

1844 1246 2012 1302 gnum
2045 1247 2236 1287 eorum
2263 1232 2337 1285 ibi
2369 1230 2682 1284 firmissime
2713 1228 2996 1285 stabilivit.

1918 1321 2108 1390 (Jono)
2147 1327 2212 1375 At
2270 1321 2590 1387 Gothorum,
2645 1318 2738 1390 qui
2793 1318 2940 1389 apud
2997 1315 3253 1387 antiquos
3308 1315 3456 1368 Geta

1842 1413 1975 1467 dicti
2006 1419 2151 1476 sunt,
2177 1414 2385 1484 quique
2410 1422 2598 1483 postea
2619 1411 2801 1477 divisi,
2835 1411 2945 1464 duo
2995 1425 3059 1463 ex
3084 1423 3145 1462 se
3174 1421 3365 1481 regna,
3398 1404 3457 1458 id

1844 1510 1931 1557 est
1959 1501 2409 1576 Ostrogotharum
2460 1510 2517 1558 et
2564 1498 3016 1573 Wisigotharum,
3068 1497 3340 1558 fecerunt,
3368 1502 3456 1549 ta-

1845 1589 1952 1644 lem
1977 1591 2248 1664 originem
2280 1590 2453 1646 fuisse
2482 1589 2844 1662 cognovimus
2893 1603 2960 1641 ex
2988 1585 3219 1641 historia
3255 1583 3451 1638 Jorda-

1843 1684 1948 1739 nis.
1982 1686 2073 1741 Isti
2098 1686 2380 1741 Scanciam
2414 1685 2650 1755 Scythia
2682 1683 2918 1738 insulam
2978 1682 3156 1752 primo
3210 1678 3461 1733 incolue-

113 1741 401 1762 νηηη---
434 1741 774 1758 ----,--------,
819 1741 1137 1748 ---ηπ---η
1159 1741 1216 1748 η
1248 1741 1333 1763 re.
1375 1741 1588 1755 ,κω-η,
2487 1743 2502 1755 .
2981 1741 2993 1752 .

113 1782 219 1836 ctis
249 1781 363 1835 sibi
404 1780 612 1847 Alanis,
656 1796 863 1852 easque
894 1781 1217 1852 aliquandiu
1275 1781 1581 1836 miserrime
1603 1778 1743 1833 dila—
1771 1741 1818 1810 Β
1843 1782 1987 1830 runt.
2025 1775 2191 1844 Cujus
2220 1775 2571 1846 possessione
2611 1789 2722 1828 non
2752 1771 3021 1837 contenti,
3050 1785 3174 1825 cum
3207 1783 3338 1840 rege
3369 1781 3463 1821 eo-

113 1880 469 1929 ceraverunt.
512 1873 684 1928 Etiam
723 1872 851 1927 inde
877 1888 974 1928 eos
1001 1868 1351 1945 expellebant
1402 1872 1582 1939 Gothi,
1627 1888 1737 1927 non

112 1963 339 2036 quidem
373 1962 783 2035 prospicientes
811 1962 1109 2017 Galliarum
1135 1963 1329 2035 quieti,
1388 1962 1486 2017 sed
1532 1978 1737 2016 vacue~

116 2052 387 2108 facientes
412 2052 646 2124 patriam
676 2068 789 2107 sua
829 2052 1134 2123 rapacitati.
1159 2052 1412 2107 Wandali
1451 2051 1739 2122 Hispanias

119 2141 391 2217 aggressi,
421 2157 573 2196 nunc
601 2142 908 2216 Hispanias,
959 2158 1108 2196 nunc
1149 2141 1347 2195 Gallias
1395 2142 1565 2195 multo
1598 2147 1737 2195 tem-

120 2248 249 2303 pore
280 2233 611 2305 depopulati
643 2242 772 2289 sunt
799 2234 934 2300 ;scd
966 2248 1070 2288 nec
1090 2232 1167 2287 ibi
1197 2249 1229 2287 a
1279 2232 1467 2288 Gothis
1498 2231 1737 2286 tutiesse

122 2329 438 2393 potuerunt.
476 2322 691 2393 Quippe
722 2323 851 2394 quia
881 2322 1040 2377 Gothi
1072 2322 1238 2376 nimis
1270 2322 1478 2377 Italiam
1507 2320 1734 2392 inquie-

121 2410 307 2465 tabant
363 2428 379 2477 ;
425 2411 718 2477 Honorius,
783 2411 1090 2467 deliberata
1148 2426 1273 2466 cum
1319 2410 1436 2465 suis
1483 2410 1735 2476 consilio,

124 2499 419 2571 Hispanias
449 2506 504 2555 et
532 2500 752 2568 Gallias,
802 2516 939 2572 quas
993 2501 1096 2555 sibi
1125 2516 1156 2554 a
1195 2499 1477 2555 Wandalis
1506 2499 1739 2570 aliisque

119 2590 383 2661 gentibus
430 2600 733 2662 prareplas
783 2592 1024 2657 dolebat,
1070 2592 1262 2647 Gothis
1292 2599 1407 2647 rata
1454 2590 1777 2646 confirma.

119 2682 268 2737 tione
298 2682 548 2739 donavit.
577 2682 705 2738 Cum
737 2699 869 2757 ergo
900 2684 1059 2738 Gothi
1088 2699 1119 2738 a
1176 2683 1383 2738 finibus
1410 2683 1515 2738 sibi
1563 2683 1742 2754 depu-

122 2781 245 2829 tatus
266 2774 572 2830 Wandalos
600 2775 849 2847 aliosque
880 2777 1068 2831 hostes
1105 2773 1349 2848 efi'ugare
1378 2782 1736 2841 maturarent,

124 2873 175 2921 et
214 2864 472 2921 Wandali
531 2864 779 2939 undique
850 2867 1096 2923 conclusi
1174 2867 1368 2922 timore
1435 2866 1736 2922 Gothorum

121 2961 439 3020 astuarent,
484 2956 726 3026 peccatis
774 2955 966 3027 papuli
1020 2955 1374 3023 facientibus,
1424 2955 1655 3026 inapina
1681 2963 1736 3010 et

1842 1876 1958 1914 rum
1992 1862 2185 1917 Berich
2235 1863 2366 1918 inde
2396 1865 2666 1929 exierunt,
2709 1868 2763 1917 et
2794 1861 3001 1915 vicinas
3026 1857 3261 1930 Scythia
3295 1857 3455 1911 insu-

1839 1949 1920 2004 las
1950 1961 2003 2005 et
2033 1960 2205 2006 terras
2228 1960 2604 2029 peragrantes,
2633 1953 2842 2008 vicinas
2862 1958 3058 2025 gentes
3091 1949 3252 2004 bellis
3278 1946 3454 2001 laces-

1837 2040 2054 2109 sebant,
2098 2049 2152 2097 ct
2202 2049 2409 2097 terrore
2434 2041 2679 2098 nominis
2708 2043 2793 2096 sui
2828 2040 3093 2096 finitimas
3122 2044 3315 2113 gentes
3344 2034 3453 2091 sibi

1839 2128 2188 2199 subigebant.
2245 2131 2373 2186 Post
2426 2132 2528 2186 sub
2576 2131 2830 2185 Filimere
2860 2130 3055 2201 quinto
3085 2128 3233 2199 rege}
3254 2141 3355 2182 suo
3384 2123 3455 2180 ad

1838 2217 2102 2272 ulteriora
2141 2220 2377 2291 Scythia
2408 2220 2707 2293 progressi,
2741 2220 2809 2274 ad
2864 2217 3153 2273 citeriores
3181 2229 3356 2285 usque
3379 2212 3454 2268 ri-

1840 2323 1937 2377 pas
1985 2310 2239 2377 Danubii,
2294 2320 2466 2366 terras
2511 2312 2732 2378 Tracia,
2784 2311 2980 2375 Dacia,
3036 2307 3331 2377 Mesiaque
3358 2303 3456 2358 diu

1840 2397 2233 2479 longelateque
2260 2406 2387 2454 sunt
2408 2400 2705 2475 pervagati.
2740 2400 2819 2454 lbi
2854 2415 2951 2469 per
2968 2397 3139 2452 multa
3169 2401 3438 2464 tempora,

1840 2486 2008 2543 immo
2038 2505 2138 2559 per
2159 2488 2328 2543 multa
2346 2490 2566 2556 saecula,
2591 2490 2646 2543 in
2674 2496 2895 2560 gentem
2937 2501 3190 2560 magnam
3220 2481 3457 2555 lcoalue-

1842 2589 1987 2649 runt,
2021 2591 2074 2639 et
2126 2584 2324 2637 multas
2372 2591 2568 2657 gentes
2624 2582 2872 2637 victoriis
2908 2580 3025 2635 suis
3088 2575 3453 2648 applicantes,

1841 2693 2042 2733 nomen
2060 2686 2115 2732 ct
2141 2677 2518 2733 fortitudinem
2558 2694 2710 2732 suam
2773 2674 3264 2745 ampliﬁcaverunt.
3309 2666 3455 2723 Viri-

1841 2768 1946 2822 bus
1975 2768 2244 2842 vigentes,
2278 2769 2503 2843 ingenio
2524 2769 2806 2831 callentes,
2834 2764 3199 2838 philosOphia
3230 2775 3455 2832 quoque

1840 2858 2147 2929 disciplinis
2172 2859 2394 2925 eruditi,
2426 2859 2662 2913 nativam
2695 2857 3006 2912 barbariem
3035 2860 3320 2918 exuentes,
3348 2851 3456 2905 hu-

1839 2949 2101 3004 manitate
2123 2956 2177 3004 et
2207 2950 2497 3005 honestate
2529 2948 2653 3003 aliis
2678 2946 2981 3002 barbaricis
3036 2943 3295 3019 gentibus
3325 2956 3455 3012 prc-

122 3050 269 3119 grata
290 3044 538 3098 occurrit
566 3043 648 3098 eis
672 3043 952 3099 felicitatis
1002 3044 1370 3114 oportunitas.
1426 3044 1559 3099 Nam
1593 3044 1736 3099 inter
1759 3066 1809 3136 Ο
1836 3038 2142 3094 minebant.
2173 3039 2439 3110 Tempore
2470 3044 2651 3093 autem
2681 3035 2830 3091 Decii
2861 3031 3212 3105 imperatoris
3270 3039 3455 3084 trans-

122 3135 479 3192 Bonefacium
497 3144 551 3191 et
568 3137 824 3192 Aethium
849 3137 1123 3192 Romanos
1143 3137 1311 3192 duces
1341 3153 1441 3208 per
1470 3137 1733 3192 invidiam

120 3235 230 3283 orta
260 3228 567 3294 simultate,
594 3227 925 3284 Bonefacius
979 3227 1158 3283 factus
1185 3228 1432 3292 inferior,
1483 3245 1607 3284 cum
1635 3229 1736 3284 do-

121 3317 286 3373 lorem
315 3333 435 3373 sua
478 3316 695 3385 injuria
715 3317 889 3373 nollet
917 3317 1110 3374 ulcisci
1143 3318 1247 3373 nisi
1279 3319 1482 3374 damno
1508 3327 1565 3373 et
1594 3318 1738 3389 peri-

122 3407 237 3462 culo
265 3406 348 3461 rei
377 3404 639 3477 publica,
671 3406 741 3461 ad
773 3405 1063 3477 Hispanias
1104 3406 1373 3473 transivit,
1407 3412 1461 3461 et
1491 3405 1735 3460 Wanda-

121 3498 200 3553 los
224 3497 297 3552 ad
365 3495 745 3568 occupandam
795 3497 1008 3552 Libiam
1065 3503 1121 3552 et
1172 3496 1422 3552 Affricam
1465 3497 1732 3552 invitavit.

124 3592 233 3657 Quo
249 3607 378 3647 cum
405 3591 802 3662 pervolassent,
838 3592 913 3647 ibi
943 3608 1174 3667 regnum
1208 3609 1369 3647 suum
1397 3593 1571 3647 multo
1594 3599 1734 3647 tem-

123 3700 252 3755 pore
272 3681 762 3749 confirmaverunt,
807 3692 863 3740 et
887 3684 1075 3740 divina
1106 3692 1162 3741 et
1211 3686 1452 3740 humana
1482 3685 1602 3740 sine
1634 3686 1738 3739 ali-

121 3792 224 3848 quo
283 3782 542 3847 respectu
608 3776 963 3831 humanitatis
1026 3776 1112 3831 vel
1168 3775 1475 3831 divinitatis
1520 3784 1736 3848 pertur-

122 3864 414 3920 baverunt.

192 3956 382 4025 (Ρλυι.
449 3955 617 4020 Diae.)
667 3955 1015 4022 Winilorum,
1075 3956 1167 4028 qui
1210 3964 1403 4027 postea
1432 3957 1607 4027 patria
1633 3956 1742 4011 lin-

1840 3132 1912 3186 ito
1935 3131 2182 3187 Danubio
2230 3148 2353 3187 cum
2407 3131 2577 3186 Gniva
2622 3145 2748 3201 rege
2778 3145 2901 3195 suo,
2960 3126 3198 3199 graviter
3223 3122 3458 3179 incuba-

1838 3218 2245 3275 bant'Homano
2302 3220 2553 3290 imperio.
2585 3218 2684 3283 Qui
2714 3234 2745 3273 a
2796 3217 2964 3273 Decio
3008 3214 3245 3287 impetiti
3277 3212 3446 3279 bello,

1838 3312 2084 3368 exercitu
2114 3314 2481 3369 Romanorum
2516 3313 2772 3385 protrito,
2822 3312 3002 3383 ipsum
3054 3308 3276 3365 Decium
3328 3322 3454 3377 pcr-

1837 3414 2091 3462 emerunt
2110 3422 2233 3462 cum
2256 3405 2369 3461 filio
2401 3406 2586 3461 Decio.
2633 3405 2740 3459 Hac
2770 3403 3031 3459 felicitate
3061 3401 3192 3457 elati
3215 3408 3270 3456 et
3294 3414 3443 3469 sape

1836 3504 2023 3567 postea
2075 3498 2130 3551 in
2180 3513 2478 3572 congressu
2521 3498 2780 3552 Romanis
2835 3495 3074 3550 ducibus
3130 3492 3449 3563 superiores

1837 3586 2039 3653 eﬁecti,
2066 3588 2165 3644 toti
2191 3588 2309 3643 orbi
2342 3587 2589 3642 Romano
2633 3594 2790 3642 erant
2830 3585 3045 3640 terrori.
3121 3582 3213 3637 lsti
3273 3581 3457 3635 adhuc

1839 3685 1989 3734 trans
2016 3679 2323 3734 Danubium
2372 3678 2675 3742 constituti,
2709 3686 2957 3748 tempore
2989 3673 3236 3730 Valentis
3277 3671 3455 3740 impe-

1839 3770 2036 3826 ratoris
2062 3775 2356 3840 coeperunt
2382 3769 2533 3825 civili
2590 3769 2736 3824 bello
2767 3767 2912 3823 inter
2941 3782 2999 3821 se
3048 3763 3264 3821 collidi.
3297 3762 3458 3817 Atha-

1839 3858 2041 3914 laricus
2067 3859 2177 3913 dux
2200 3858 2367 3913 unius
2395 3858 2566 3929 partis
2590 3873 2714 3913 cum
2756 3854 3120 3928 prevaluisset
3149 3852 3456 3926 Fritigerno

1841 3953 1968 4009 duci
1987 3954 2216 4008 alterius
2247 3953 2437 4024 partis,
2461 3952 2797 4025 Fritigernus
2853 3967 2884 4004 a
2932 3950 3159 4005 Valente
3191 3945 3457 4002 auxilium

126 4065 228 4121 gua
253 4048 601 4121 Langobardi
629 4065 660 4102 a
685 4048 867 4124 longis
920 4049 1106 4105 barbis
1136 4051 1313 4105 vocati
1355 4061 1503 4117 sunt,
1535 4057 1740 4105 certam
1843 4047 2001 4117 petit,
2026 4046 2383 4102 christianum
2406 4061 2467 4100 se
2493 4044 2610 4100 fieri
2641 4044 2931 4115 promittit.
2961 4042 3159 4097 Valens
3189 4038 3456 4095 auxilium

128 4138 350 4208 quidem
383 4137 1040 4212 origincmlegimus.sed
1059 4147 1267 4194 certum
1289 4139 1522 4212 originis
1549 4154 1740 4194 eorum
1845 4137 2031 4203 mittit,
2064 4151 2273 4207 eosque
2305 4134 2360 4189 in
2393 4144 2600 4190 sectam
2626 4134 3003 4198 Arrianorum,
3032 4131 3291 4186 Arrianus
3312 4130 3457 4200 ipse,

130 4235 341 4298 tempus
369 4241 484 4281 non
533 4226 864 4282 invenimus.
929 4227 1060 4282 Nam
1095 4243 1254 4302 reges
1286 4243 1545 4302 regnasse
1576 4244 1746 4299 super
1844 4224 2031 4280 induci
2078 4223 2227 4279 fecit.
2279 4224 2434 4279 Anno
2464 4221 2556 4279 13°
2588 4222 2830 4278 Valentis
2871 4220 3029 4289 Huni,
3064 4218 3158 4291 qui
3190 4225 3243 4273 et
3265 4217 3367 4291 ipsi
3401 4216 3457 4272 in

128 4331 219 4370 eos
246 4316 511 4389 legimus,
546 4332 780 4387 quorum
810 4318 974 4372 etiam
1007 4318 1234 4373 nomina
1289 4319 1607 4386 didicimus,
1640 4319 1739 4374 sed
1769 4354 1823 4389 η
1845 4316 2062 4387 Scythia
2120 4323 2377 4386 potenter
2432 4314 2885 4371 debachabantur
2961 4320 3126 4382 atque
3178 4308 3455 4372 ferociter,

130 4423 301 4463 annos
330 4407 491 4482 regni
525 4423 718 4463 eorum
749 4425 850 4479 per
878 4415 1128 4481 tempora
1167 4411 1455 4467 distinctos
1492 4428 1603 4467 non
1654 4410 1740 4465 in-
1767 4400 1822 4425 ν
1847 4407 1987 4463 nacti
2016 4407 2443 4478 Oportunitatem
2488 4421 2554 4461 ex
2600 4405 2859 4460 intestina
2903 4403 3205 4458 Gothorum
3263 4400 3461 4453 simul-

132 4496 400 4551 veuimus.
436 4496 497 4550 Hi
530 4497 585 4551 in
610 4497 975 4554 Scandinavia
1022 4499 1257 4570 Scythia
1309 4500 1493 4556 insula
1531 4501 1743 4575 degen-
1842 4509 1970 4570 tate,
2004 4500 2144 4557 lines
2188 4516 2379 4557 eorum
2440 4516 2507 4556 ex
2551 4500 2854 4572 improviso
2902 4496 3195 4562 invadunt,
3250 4508 3460 4566 eosque

132 4595 227 4655 tes,
251 4604 377 4643 cum
433 4588 510 4642 ita
548 4588 897 4660 multiplicati
932 4598 1140 4659 essent,
1182 4599 1242 4646 ut
1298 4607 1396 4648 eos
1461 4600 1605 4648 terra
1642 4610 1741 4649 sua

133 4692 322 4748 capere
345 4691 458 4731 non
481 4686 687 4748 posset,
719 4679 1040 4751 egressione
1071 4680 1241 4736 tertia
1290 4682 1461 4752 partis
1492 4682 1740 4738 minuere

132 4767 533 4824 multitudinem
564 4770 856 4825 consilium
888 4771 1227 4839 habuerunt,
1251 4781 1310 4829 et
1339 4775 1565 4846 quinam
1590 4775 1742 4831 exire

133 4856 418 4925 deberent,
459 4857 625 4913 missa
646 4864 795 4914 sorte
823 4861 1215 4931 quasiverunt.
1256 4863 1393 4931 Ergo
1425 4863 1588 4918 tertia
1617 4879 1745 4934 pars

1842 4592 1992 4646 bello
2013 4590 2186 4645 victos
2206 4595 2298 4644 aut
2326 4588 2433 4644 sibi
2495 4588 2811 4661 subjugant,
2862 4593 2956 4641 aut
3009 4584 3325 4656 captivitate
3364 4598 3463 4638 ex-

1842 4678 2111 4744 cruciant,
2132 4686 2225 4733 aut
2249 4676 2426 4749 patria
2463 4676 2772 4731 eliminant.
2804 4676 2881 4730 lta
2909 4674 3092 4739 Gothi,
3122 4673 3217 4745 qui
3256 4672 3463 4727 multas

1843 4776 2043 4843 gentes
2069 4768 2435 4823 subdiderant
2450 4782 2551 4822 suo
2573 4763 2798 4821 servitio
2825 4765 2866 4831 ³,
2901 4764 3182 4819 Hunorum
3214 4760 3465 4817 subdun-

1844 4864 2216 4930 turdominio,
2266 4871 2322 4917 et
2351 4860 2520 4916 nimis
2565 4874 2757 4915 eorum
2799 4857 3102 4930 potentiam
3163 4857 3461 4931 adaugent,

134 4948 477 5016 Winilorum,
508 4960 673 5020 prout
690 4965 788 5006 eos
829 4952 997 5007 missa
1034 4969 1156 5009 sors
1214 4955 1482 5030 elegerat,
1511 4955 1748 5011 ducibus
1849 4958 1980 5015 dum
2012 4972 2210 5013 omnes
2249 4955 2345 5028 qui
2373 4953 2561 5009 Gothis
2608 4952 2945 5021 serviebant,
2978 4968 3079 5022 per
3124 4950 3330 5006 Gothos
3358 4947 3464 5002 Hu-

134 5039 301 5111 Agion
318 5047 376 5095 et
408 5039 533 5095 lbor
559 5040 628 5095 de
656 5040 1024 5098 Scandinavia
1049 5044 1233 5100 insula
1251 5046 1483 5119 egressi,
1513 5047 1583 5102 de
1623 5048 1747 5104 loco
1850 5063 2044 5104 norum
2076 5043 2638 5118 principatuiparent.
2667 5041 2868 5097 Taliter
2895 5040 3036 5095 Huni
3068 5039 3124 5094 in
3146 5038 3297 5094 omni
3319 5049 3463 5108 pene

137 5135 185 5188 in
210 5135 393 5191 locum
434 5135 609 5202 ibant,
664 5136 857 5192 incerti
911 5146 967 5193 et
1023 5140 1335 5215 vagabundi
1368 5159 1383 5208 ς
1412 5149 1465 5197 et
1493 5158 1525 5196 a
1554 5143 1742 5198 multis
1848 5138 2070 5209 Scythia
2091 5137 2402 5209 principatu
2431 5141 2489 5190 et
2544 5132 2873 5189 fortitudine
2905 5129 3133 5197 cunctis
3184 5128 3464 5200 premine-

135 5240 272 5296 sape
297 5225 462 5281 bellis
490 5226 748 5297 impetiti,
792 5227 1045 5297 viriliter,
1105 5231 1235 5301 quia
1278 5248 1378 5303 pro
1434 5232 1620 5288 anima
1654 5250 1743 5291 res
1842 5230 1993 5286 bant.
2035 5229 2194 5285 Gothi
2251 5226 2381 5285 victi
2425 5227 2624 5298 partim
2665 5241 2749 5292 se,
2804 5222 3059 5281 Danubio
3088 5219 3341 5286 transito,
3372 5218 3464 5274 in-

136 5321 243 5369 erat
279 5314 412 5381 illis,
435 5314 669 5370 salutem
700 5321 754 5371 et
784 5315 1090 5372 libertatem
1131 5333 1288 5373 suam
1342 5319 1736 5381 defendebant.
1842 5328 2131 5399 gesserunt
2169 5319 2375 5376 finibus
2395 5318 2625 5375 Romani
2658 5316 2903 5389 imperii,
2949 5321 3004 5371 et
3032 5330 3062 5369 a
3108 5311 3333 5368 Valente
3359 5326 3462 5383 pe-

137 5399 292 5459 Porro
318 5403 499 5478 Agion
529 5408 587 5458 et
611 5403 736 5460 lbor
754 5406 1008 5473 mortuis,
1053 5407 1303 5481 regnavit
1342 5409 1552 5480 primus
1575 5428 1743 5484 super
1843 5412 2049 5468 tierunt
2093 5417 2293 5466 terram
2353 5408 2423 5463 ad
2454 5407 2877 5464 inhabitandam
2909 5403 3016 5460 sibi
3066 5401 3206 5459 dari.
3262 5402 3377 5466 Qua
3403 5414 3462 5456 re

1480 5541 1702 5599 VARUE
1731 5542 2113 5601 LECTIONES.

201 5628 216 5661 ¹
242 5631 448 5711 Hormi
473 5631 674 5711 ιοᾳοβε
699 5633 1465 5711 Britannisthin
1492 5654 1561 5695 ex
1582 5642 1820 5709 Galfrz‘do
1847 5641 2047 5697 habent
2075 5636 2220 5694 Di”
2238 5676 2251 5692 .
2284 5635 2425 5697 38h.
2461 5640 2687 5708 aridaque
2713 5634 2974 5694 editiones
2997 5638 3193 5704 praeter
3221 5634 3464 5688 Mimans

139 5713 320 5757 omnes.
349 5700 371 5734 ³
396 5699 647 5760 dominio
674 5705 1027 5775 superscripto
1052 5704 1121 5762 ab
1140 5699 1330 5765 eadem
1352 5722 1525 5768 manu
1553 5699 1777 5771 servitio
1816 5714 1867 5771 1.
1908 5712 1991 5770 πει
2012 5723 2347 5783 munem.
