3868 6064
396 247 466 303 63

1607 264 1953 320 SIGEBERTI
1993 263 2507 321 GEMBLACENSIS.

3646 268 3725 326 64

404 377 717 449 impetrata,
769 396 893 437 cum
953 382 1277 457 aliquandiu
1350 405 1412 445 se
1482 391 1887 452 continuissent
1936 393 2007 451 ab
2031 390 2439 467 Apercipiant,
2490 389 2736 447 vulneris
2791 396 3059 465 cogantur
3107 389 3297 446 subire
3346 389 3731 447 tolerantiam.

406 474 557 529 omni
590 491 864 533 armorum
892 480 1210 551 insolentia,
1243 487 1463 542 tandem
1483 488 1849 547 Romanorum
1882 509 2011 549 ava-

407 563 532 619 ritia
560 568 734 623 coacti
766 578 822 626 et
844 572 923 626 rei
956 572 1242 630 familiaris
1290 577 1497 648 in0pia,
1541 580 1595 635 in
1648 582 1769 651 ipso
1793 583 2013 654 imperii

407 655 491 709 sui
517 656 642 713 sinu
663 661 849 733 gravia
870 666 1285 723 concitaverunt
1312 672 1502 741 prelia.
1557 673 1766 738 Quibus
1812 677 2012 733 Valens

403 741 705 815 imperator
723 764 1037 814 occurrens.
1069 754 1216 811 bello
1248 759 1422 815 victus
1467 761 1535 815 ab
1567 763 1649 817 eis
1677 771 1730 818 et
1755 765 1867 837 igni
1894 782 2013 822 cre-

406 841 607 903 matus,
634 837 782 909 justo
814 841 1155 911 Deijudicio,
1189 849 1267 902 rei
1308 851 1530 920 publice
1558 855 1782 911 nimiam
1828 859 2014 915 intulit

406 926 938 1000 incommoditatcm,
989 936 1241 994 hostibus
1270 958 1399 999 vero
1425 947 1574 1002 auxit
1594 949 1915 1009 elationem.
1952 953 2011 1008 Hi

407 1032 537 1091 ergo
580 1020 875 1094 Gothi,qui
920 1025 1162 1084 Romano
1189 1032 1422 1103 imperio
1464 1036 1815 1102 incubabant.
1848 1042 2014 1099 Wisi-

407 1106 601 1177 gothas
626 1124 706 1175 se,
754 1110 806 1164 id
835 1120 916 1167 est
956 1118 1328 1176 occidentales
1375 1124 1601 1194 Gothos,
1635 1130 2010 1199 nominabant,

405 1201 458 1249 et
488 1212 588 1265 per
615 1201 818 1256 multos
849 1219 1025 1261 annos
1051 1211 1424 1271 occidentales
1480 1219 1845 1277 Romanorum
1877 1223 2015 1280 fines

404 1297 579 1377 usque
609 1287 676 1341 ad
709 1289 858 1360 ipsas
883 1294 1172 1354 ulteriores
1200 1301 1486 1373 Hispanias
1532 1309 1885 1377 infestabant,
1919 1315 2011 1368 ubi

403 1373 568 1466 etiam
626 1384 977 1449 postmodum
1047 1388 1101 1443 in
1150 1408 1378 1466 regnum
1435 1400 1780 1456 coaluerunt.
1850 1405 2014 1460 Porro

404 1464 586 1535 Gothi,
615 1472 706 1541 qui
735 1474 787 1528 in
813 1478 989 1546 patrio
1008 1482 1127 1537 solo
1158 1464 1306 1540 trans
1341 1489 1647 1546 Danubium
1682 1495 1784 1548 sub
1837 1496 2017 1553 Huno-

407 1570 526 1610 rum
558 1558 805 1618 dominio
839 1581 1127 1624 remanere
1160 1575 1304 1642 passi
1356 1586 1502 1645 sunt,
1540 1583 1758 1654 regulos
1789 1584 2014 1655 quidem

406 1662 519 1746 suae
539 1652 721 1747 gentis
745 1657 1102 1747 Ababuerunt,
1146 1673 1201 1719 et
1249 1683 1370 1722 sesc
1432 1652 1819 1747 Ostrogothas,‘
1860 1675 1912 1730 id
1936 1685 2017 1732 est

408 1740 714 1833 orientales
736 1742 938 1803 Gothos
966 1752 1401 1821 appellaverunt.
1460 1760 1559 1823 Qui
1592 1740 1670 1815 tet
1698 1761 1803 1833 ipsi
1828 1771 2017 1832 postea

406 1827 930 1922 per-Theodericum
956 1854 1141 1913 regem
1172 1859 1330 1898 suum
1363 1863 1394 1901 a
1440 1848 1658 1905 Zenone
1683 1827 2016 1922 imperatore

410 1916 579 1973 Italiae
602 1937 828 1994 regnum
861 1927 1006 1985 dono
1045 1935 1330 2005 acceptum
1375 1955 1474 2009 per
1497 1942 1700 1998 multos
1725 1916 1901 2000 annos
1936 1955 2017 2001 te-

410 2024 667 2112 nuerunt.
691 2018 767 2073 Ita
786 2020 945 2077 Gothi
974 2029 1131 2095 quasi
1164 2031 1380 2088 duobus
1405 2037 1615 2107 capitis
1644 2040 1728 2094 sui
1753 2043 2015 2098 cornibus

406 2113 673 2160 orientem
701 2115 755 2162 et
774 2112 1116 2171 occidentem
1147 2122 1478 2179 ventilantes
1503 2129 1792 2193 acerrime,
1815 2132 1924 2187 duo
1947 2148 2011 2187 ex

406 2204 468 2289 se
494 2206 663 2289 regna
685 2211 962 2289 creavere,
995 2205 1208 2262 scilicet
1235 2209 1661 2284 Wisigotharum
1678 2217 1731 2271 in
1758 2218 2014 2289 Hispania

408 2284 463 2331 et
493 2280 939 2358 Ostrogotharum
962 2291 1018 2344 in
1044 2293 1216 2351 ltulia.

477 2367 674 2467 (John)
703 2373 781 2428 De
811 2392 982 2449 regno
1013 2381 1314 2452 Hunorum,
1365 2391 1514 2461 quod
1564 2394 1619 2447 in
1667 2396 1817 2449 omni
1858 2412 2014 2467 pazne

408 2458 626 2558 Scythia
647 2467 867 2558 tenebat
923 2474 1315 2546 principatum,
1363 2458 1477 2552 ipsa
1523 2486 1703 2558 gentis
1734 2458 2017 2546 barbaries

407 2564 496 2603 me
516 2552 682 2608 silere
737 2556 955 2625 faceret,
1009 2567 1113 2620 nisi
1149 2569 1282 2624 illud
1316 2552 1586 2630 famosum
1637 2578 1929 2635 Galliarum
1962 2591 2018 2638 et

412 2640 577 2741 italiae
604 2647 877 2704 excidium
906 2669 992 2708 me
1036 2657 1187 2729 loqui
1242 2673 1482 2734 cogeret,
1508 2669 1730 2737 quando
1762 2687 1861 2741 per
1882 2674 2016 2727 Atti-

408 2734 513 2838 lanr‘n
543 2753 755 2838 ‘eorum
812 2760 995 2819 regem
1035 2750 1305 2820 judicium
1349 2757 1444 2812 Dei
1478 2734 1541 2815 se
1607 2734 1775 2838 longe
1799 2766 2016 2837 lateque

411 2824 622 2895 effudit,
648 2848 812 2903 quem
869 2841 1022 2908 quasi
1077 2843 1319 2916 gladium
1352 2848 1597 2906 limatum
1642 2824 2013 2912 etvexacutum

410 2922 478 3024 de
506 2926 704 3024 vagi-na
734 2929 1132 3004 indignationis
1152 2956 1267 2997 suae
1285 2959 1452 3014 super
1476 2951 1811 3016 peccatrices
1823 2960 2017 3024 gentes

410 3013 553 3111 Deus
582 3016 885 3078 distrinxit.
928 3027 1000 3081 De
1031 3044 1218 3086 eorum
1252 3049 1386 3109 ergo
1435 3013 1648 3112 origine
1686 3013 1899 3112 qumrin
1924 3061 2016 3100 an-

409 3107 686 3172 tiquorum
707 3107 970 3183 leguntur
1012 3116 1274 3188 historiis,
1321 3107 1565 3195 aperiam
1627 3107 1835 3199 paucis.
1885 3133 2018 3189 Fili-

413 3207 550 3261 mer,
569 3196 867 3296 Gothorum
915 3221 1028 3273 rex,
1056 3208 1304 3268 Gadarici
1354 3219 1533 3290 magni
1568 3196 1735 3289 ﬁlius,
1767 3223 1860 3295 qui
1894 3233 2020 3296 post

412 3298 693 3379 egressum
750 3291 984 3351 Scantiae
1024 3298 1224 3358 insulae
1273 3304 1384 3373 jam
1436 3309 1629 3379 quinto
1679 3291 1801 3369 loco
1842 3291 2021 3372 tenuit

412 3375 777 3474 principatum
831 3384 1108 3458 Getarum,
1149 3402 1203 3449 et
1256 3402 1427 3453 terras
1454 3375 1886 3474 Scythiaecum
1920 3425 2021 3463 sua

407 3469 821 3563 genteintroiit,
848 3482 1093 3549 repperit
1122 3484 1178 3539 in
1219 3488 1423 3558 populo
1450 3469 1562 3545 suo'
1602 3495 1867 3563 quasdam
1908 3514 2019 3552 ma-

409 3572 509 3629 gas
537 3559 818 3631 mulieres,
868 3584 1006 3638 quas
1048 3571 1277 3630 Gothico
1321 3592 1581 3636 sermone
1611 3559 1902 3640 Alirunnas
1932 3587 2019 3641 di-

412 3656 581 3748 cunt;
614 3667 820 3748 easque
864 3659 1077 3718 habens
1104 3674 1411 3737 suspectas,
1468 3672 1540 3726 de
1570 3676 1753 3731 medio
1782 3678 1866 3732 sui
1889 3693 2021 3748 pro-

412 3742 671 3839 turbavit,
692 3746 968 3839 longeque
998 3755 1066 3809 ab
1095 3760 1340 3816 exercitu
1366 3778 1468 3819 suo
1508 3764 1721 3839 fugatas
1743 3768 1799 3822 in
1832 3742 2021 3826 solitu-

411 3832 749 3926 dinecoegit
801 3857 1006 3900 errare.
1066 3847 1152 3918 (Η.
1191 3856 1340 3909 misc.
1399 3857 1490 3926 xn)
1547 3859 1688 3923 Quas
1737 3860 2017 3917 silvestres

411 3924 689 4023 homines,
720 3946 861 4002 quos
888 3939 1140 3994 nonnulli
1174 3941 1389 4001 Faunos
1417 3924 1637 4004 ﬁcarios
1666 3958 1883 4018 vocant,
1919 3968 2019 4023 per

412 4011 689 4101 desertum
744 4028 1008 4094 vagantes
1061 4025 1192 4083 dum
1248 4032 1537 4101 vidissent,
1569 4044 1624 4092 et
1648 4053 1833 4092 earum
1865 4011 2016 4094 com-

413 4099 670 4196 plexibus
699 4122 758 4162 se
781 4108 835 4163 in
866 4113 1014 4169 coitu
1047 4118 1414 4190 miscuissent,
1465 4141 1638 4196 genus
1668 4127 1773 4182 hoc
1798 4128 2020 4184 ferocis-

410 4191 610 4289 simum
637 4197 952 4271 ediderunt,
1001 4209 1149 4278 quod
1198 4210 1299 4267 fuit
1338 4191 1572 4283 primum
1604 4216 1752 4272 inter
1788 4219 2019 4289 paludes

412 4281 709 4353 Meotidas;
740 4290 1033 4363 minutum,
1060 4305 1259 4356 tetrum
1282 4281 1445 4374 atque
1478 4306 1621 4361 exile
1650 4281 1809 4377 quasi
1840 4309 2018 4365 homi-

2043 1723 2092 1790 Β

2046 3091 2095 3158 C

698 4352 702 4353 ν
1019 4352 1032 4363 ,
1284 4352 1443 4374 _-1_-
1481 4352 1620 4361 νη..-
1652 4352 1809 4377 νη-
1842 4352 1988 4365 ...,....

411 4391 541 4431 num
569 4393 764 4452 genus,
778 4398 881 4440 nec
904 4386 1013 4442 alia
1039 4405 1172 4446 voce
1202 4400 1412 4460 notum,
1468 4397 1575 4451 nisi
1617 4400 1767 4470 quod
1795 4352 2096 4457 humaniD

411 4470 683 4525 sermonis
711 4472 1007 4549 imaginem
1036 4481 1369 4555 assignabat,
1404 4494 1459 4542 et
1501 4505 1640 4560 quos
1685 4491 1830 4548 bello
1868 4492 2024 4549 forsi-

413 4567 503 4614 tan
524 4562 754 4620 minime
783 4571 1140 4641 superabant,
1183 4577 1365 4633 vultus
1404 4581 1490 4635 sui
1551 4589 1761 4641 terrore
1790 4586 2021 4642 nimium

414 4654 1028 4747 pavoremiiigerentes,
1062 4665 1406 4723 terribililate
1426 4668 1689 4742 fugabant
1729 4691 1743 4729 :
1785 4690 1852 4730 eo
1874 4676 2023 4747 quod

413 4747 531 4835 erat
569 4741 651 4797 eis
678 4747 897 4816 species
921 4754 1184 4821 pavenda:
1206 4741 1536 4830 nigredinis,
1592 4769 1647 4816 et
1675 4762 1825 4818 velut
1880 4741 2025 4835 quae-

416 4830 563 4900 dam,
593 4835 640 4890 si
670 4837 775 4893 dici
810 4839 889 4896 fas
918 4853 1019 4911 est,
1076 4846 1342 4904 deformis
1393 4851 1521 4921 offa,
1566 4869 1677 4909 non
1714 4830 2025 4918 faciem-ha-

416 4923 666 4997 bensque
692 4932 865 5004 mag-is
891 4945 1115 5005 puncta,
1145 4943 1549 5011 quamlumina.
1585 4944 1823 5008 Quorum
1857 4946 2023 4999 animi

416 5015 672 5075 fiduciam
698 5030 885 5082 torvus
925 5032 1107 5099 prodit
1164 5043 1438 5105 aspectus.
1480 5036 1579 5101 Qui
1635 5037 1798 5092 etiam
1858 5037 1914 5091 in
1946 5039 2025 5108 pi-

415 5126 587 5184 gnora
612 5128 712 5168 sua
738 5117 913 5186 primo
942 5121 1033 5178 die
1064 5132 1190 5179 nata
1220 5126 1547 5182 desaeviunt.
1591 5127 1722 5181 Nam
1769 5128 2017 5184 maribus

2113 483 2550 539 Hincimberbes
2582 490 2899 550 senescunt,
2943 491 3001 540 et
3053 484 3173 539 sine
3217 491 3502 539 venustate
3545 483 3731 540 eﬂ'zebi

2111 580 2240 630 sunt
2267 574 2431 650 ;quia
2461 572 2631 628 facies
2651 573 2794 628 ferro
2821 573 3051 640 sulcata,
3076 574 3460 646 tempestivam
3486 575 3735 647 pilorum

2111 665 2339 739 gratiam
2370 665 2626 721 cicatrice
2673 665 2930 723 absumit.
2994 666 3187 741 Exigui
3244 666 3470 738 quidem
3529 666 3735 735 forma,

2115 759 2212 815 sed
2256 759 2459 834 arguti,
2517 760 2759 816 motibus
2826 760 3094 832 expediti,
3153 768 3207 817 et
3258 761 3327 816 ad
3367 762 3733 834 equitandum

2114 853 2530 924 promptissimi,
2558 855 2798 925 scapulis
2827 855 2972 923 latis,
2997 864 3053 911 et
3088 857 3158 910 ad
3197 872 3356 911 arcus
3384 857 3730 931 sagittasque

2113 946 2309 1016 parati,
2334 945 2643 1001 cervicibus
2666 944 2863 1013 ﬁrmis,
2897 954 2951 1001 et
2979 948 3242 1018 superbia
3270 964 3492 1019 semper
3535 949 3734 1004 erecti.

2113 1036 2319 1106 (Jonn.)
2350 1037 2410 1091 lli
2443 1053 2572 1093 vero
2599 1038 2704 1093 sub
2737 1039 3017 1094 hominum
3037 1039 3231 1113 ﬁgura,
3264 1041 3456 1095 vivunt
3484 1040 3739 1095 belluina

2114 1129 2338 1185 saevitia.
2370 1129 2483 1183 Tali
2542 1145 2673 1201 ergo
2739 1130 2912 1201 stirpe
2974 1133 3243 1201 procreati
3293 1132 3457 1198 Huni,
3515 1133 3738 1188 cunctis

2115 1220 2311 1276 vicinis
2341 1222 2599 1293 gentibus
2625 1230 2783 1277 erant
2815 1223 3025 1278 horrori
3085 1231 3139 1278 et
3188 1223 3493 1278 formidini.
3527 1224 3737 1279 Horum

2115 1312 2415 1382 potentiam
2462 1312 2612 1366 auxit
2676 1312 2903 1368 victoria
2961 1314 3029 1369 de
3092 1313 3307 1375 Gothis,
3376 1314 3738 1369 manentibus

2116 1407 2265 1455 trans
2296 1400 2443 1471 ripas
2472 1400 2729 1455 Meotidis
2757 1401 3021 1466 fluminis,
3064 1402 3157 1473 qui
3201 1401 3256 1455 in
3299 1402 3520 1472 Scythia
3552 1402 3736 1472 polle-

2118 1495 2247 1547 bant
2273 1494 2449 1567 gloria
2478 1494 2771 1566 singularis
2812 1495 3071 1565 potentiie
3097 1504 3155 1549 et
3179 1494 3537 1551 fortitudinis.
3559 1496 3734 1561 Quam

2115 1583 2397 1638 victoriam
2430 1585 2535 1639 hoc
2583 1585 2746 1640 modo
2784 1585 2922 1639 Huni
2967 1584 3152 1655 adepti
3214 1591 3342 1639 sunt
3375 1603 3387 1638 :
3420 1584 3735 1640 Venatores

2120 1673 2732 1744 Hunorum,sequentes
2759 1675 2991 1747 vestigia
3018 1691 3195 1729 cervae
3207 1674 3478 1730 Meotidos
3500 1676 3736 1745 paludes

2118 1765 2474 1832 transeuntis,
2498 1782 2636 1836 quas
2668 1765 2962 1836 impervias
2991 1782 3117 1821 esse
3136 1767 3407 1821 hactenus
3440 1767 3736 1838 putabant,

2117 1853 2425 1923 Scythicam
2454 1856 2733 1931 regionem
2762 1856 3059 1931 diligenter
3087 1858 3392 1927 explorant,
3449 1857 3741 1928 explorata

2117 1947 2302 2000 omnia
2342 1947 2512 2001 Hunis
2566 1949 2839 2013 nuntiant,
2894 1948 2963 2002 ad
3025 1949 3421 2003 transeundum
3465 1963 3564 2004 eos
3611 1948 3743 2005 ani-

2116 2045 2285 2095 mant.
2320 2039 2521 2093 Horum
2553 2039 2753 2093 ducatu
2794 2038 3089 2110 paludibus
3118 2039 3385 2107 transitis,
3414 2039 3565 2095 velut
3608 2041 3740 2111 qui-

2116 2130 2241 2185 dam
2271 2130 2430 2185 turbo
2460 2130 2642 2185 subito
2700 2131 3072 2188 incubuerunt
3118 2131 3378 2205 gentibus
3437 2130 3737 2202 Scythicis,

2115 2237 2319 2293 easque
2351 2238 2546 2278 omnes
2582 2223 3018 2295 subjugaverunt
3069 2223 3199 2289 sibi,
3233 2223 3494 2296 ipsosque
3527 2223 3739 2280 Gothos

2114 2312 2329 2368 caeteris
2369 2313 2750 2383 imperitantes
2811 2320 2905 2368 aut
2963 2315 3340 2385 preminentes
3396 2314 3738 2385 expulerunt

2115 2404 2342 2459 sedibus
2373 2405 2506 2460 suis.
2566 2405 2676 2460 Hoc
2740 2404 3018 2460 felicitatis
3066 2421 3325 2462 successu
3393 2405 3531 2460 Huni
3588 2407 3740 2462 inter

2116 2498 2339 2547 caeteras
2360 2492 2595 2563 Scythiae
2621 2499 2816 2566 gentes
2828 2493 2956 2549 elati
2979 2509 3080 2564 per
3107 2494 3391 2549 victoriam
3418 2494 3489 2549 de
3520 2493 3733 2559 Gothis,

2118 2595 2218 2653 per
2240 2595 2416 2635 annos
2443 2580 2560 2635 fere
2581 2581 2864 2655 octoginta
2891 2582 3282 2638 laboraverunt
3304 2581 3370 2637 ad
3411 2582 3741 2638 concussio-

2118 2691 2245 2729 nem
2277 2682 2331 2729 et
2356 2675 2569 2729 ruinam
2594 2676 2806 2729 mundi.
2851 2676 2929 2729 Ab
2970 2677 3073 2730 hac
3124 2692 3256 2749 ergo
3285 2692 3475 2732 eorum
3502 2677 3739 2733 victoria

2117 2780 2294 2835 usque
2317 2764 2384 2819 ad
2411 2773 2642 2819 mortem
2674 2764 2852 2819 Attilae
2900 2780 3129 2839 regnum
3189 2779 3378 2820 eorum
3411 2765 3468 2819 in
3499 2765 3606 2821 hoc
3630 2782 3740 2821 an-

2118 2856 2434 2912 notabimus
2455 2870 2641 2927 opere.

2191 2947 2349 3002 Extra
2386 2948 2482 3002 has
2519 2953 2573 3002 et
2598 2945 2717 3000 aliae
2738 2952 2933 3021 gentes
2987 2945 3234 3013 fuerunt,
3264 2962 3388 3018 quae
3426 2946 3736 3003 Romanum

2118 3039 2410 3110 imperium
2469 3038 2927 3098 dilaceraverunt.
2983 3038 3037 3092 id
3096 3044 3181 3093 est
3226 3037 3485 3109 Gepides,
3555 3039 3738 3107 Alani,

2119 3133 2647 3207 Turchi,Bulgares,
2680 3139 2735 3187 et
2788 3133 2910 3187 aliae
2972 3134 3183 3203 plures,
3238 3148 3361 3205 quae
3414 3149 3609 3189 omnes
3665 3134 3741 3189 ab

2120 3222 2398 3295 aquilonis
2427 3222 2587 3296 plaga
2617 3222 2905 3287 exierunt;
2936 3229 2994 3276 ut
3036 3238 3206 3292 super
3237 3224 3341 3278 hoc
3370 3223 3600 3279 fortasse
3642 3224 3740 3279 vi-

2121 3317 2317 3371 deatur
2345 3314 2549 3369 dictum
2578 3330 2677 3382 per
2713 3315 3035 3384 praphetam
3072 3332 3085 3368 :
3125 3316 3203 3369 Ab
3249 3318 3501 3385 aquilone
3521 3318 3741 3386 pande-

2123 3415 2214 3463 tur
2238 3407 2449 3461 malum
2471 3421 2632 3475 super
2662 3408 2972 3461 universam
3002 3412 3222 3460 terram.

2191 3494 2476 3550 Ordiamur
2512 3509 2644 3564 ergo
2676 3493 2842 3548 telam
2902 3492 3236 3549 narrationis
3261 3500 3463 3550 nostra
3481 3494 3550 3551 ab
3584 3512 3740 3554 anno

2119 3584 2335 3640 Domini
2363 3582 2513 3649 381.,
2547 3596 2657 3653 quo
2703 3596 2852 3637 anno
2906 3587 3027 3651 post
3074 3594 3310 3639 mortem
3364 3584 3610 3640 Valentis
3639 3586 3745 3642 Va-

2120 3676 2458 3733 lentinianus
2488 3674 2669 3731 minor
2698 3680 2753 3730 et
2792 3674 3102 3743 Gratianus,
3154 3675 3252 3730 filii
3276 3677 3499 3744 majoris
3536 3678 3744 3734 Valen-

2120 3769 2336 3834 tiniani,
2366 3765 2700 3836 incipientes
2728 3766 2893 3821 simul
2916 3782 3167 3840 regnare,
3229 3779 3592 3841 regnaverunt
3632 3785 3742 3824 an-

2121 3853 2205 3908 nis
2233 3852 2285 3906 6.
2315 3852 2392 3905 Ab
2409 3854 2513 3907 hoc
2540 3868 2685 3907 anno
2700 3852 2895 3923 Sapor,
2920 3855 3016 3925 qui
3043 3854 3736 3925 diuimpcraveratPersis.

2119 3943 2409 4014 imperavit
2437 3943 2600 3997 annis
2618 3943 2705 3999 28.
2723 3943 2803 3997 Ab
2818 3945 2924 4000 hoc
2935 3959 3080 4000 anno
3098 3945 3344 4001 Britanni
3376 3946 3479 4001 sub
3497 3947 3736 4020 imperio

2119 4034 2364 4090 Romano
2398 4032 2787 4089 fueruntannis
2811 4035 3017 4092 303.Ab
3033 4036 3139 4092 hoc
3170 4052 3316 4092 anno
3343 4036 3736 4093 Wandalicum

2119 4138 2246 4198 rege
2267 4139 2369 4179 suo
2396 4123 2704 4199 Modigisilo
2726 4140 2825 4196 per
2848 4124 3050 4180 Gallias
3090 4124 3393 4181 crudeliter
3409 4122 3736 4181 debacchati

2117 4220 2247 4268 sunt
2274 4212 2437 4268 annis
2463 4212 2576 4269 33‘.
2607 4212 2784 4285 Super
2833 4214 3070 4269 Francos
3124 4214 3181 4269 in
3236 4213 3540 4269 Sicambria
3569 4229 3735 4270 com-

2121 4313 2400 4363 morantes
2450 4306 2715 4382 regnabat
2775 4307 3064 4363 Priamus“.
3128 4307 3232 4361 Alii
3288 4307 3538 4361 scribunt
3604 4323 3733 4363 eum

2123 4396 2358 4468 periisse
2410 4397 2464 4450 in
2494 4395 2667 4462 bello,
2722 4411 2865 4467 quo,
2923 4402 2985 4450 ut
3029 4395 3287 4464 diximus,
3340 4395 3532 4450 Franci
3569 4395 3738 4452 nimis

2122 4485 2290 4540 attriti
2339 4491 2466 4539 sunt
2504 4485 2573 4539 ab
2625 4485 2867 4539 exercitu
2912 4483 3112 4554 prioris
3155 4483 3546 4551 Valentiniani,
3569 4492 3626 4540 et
3663 4485 3736 4541 de

2124 4579 2427 4635 Sicambria
2479 4578 2630 4632 exire
2683 4576 2974 4647 compulsi.
3025 4575 3386 4649 Fritigernus,
3442 4577 3535 4648 qui
3566 4592 3737 4648 super

2123 4670 2458 4743 Wisigothos
2485 4667 2805 4739 aliquandiu
2857 4673 3202 4740 regnaverat,
3260 4667 3330 4721 ab
3378 4667 3482 4722 hoc
3523 4681 3670 4722 anno
3699 4665 3735 4721 3

2124 4760 2283 4815 annis
2312 4758 2574 4830 regnavit.
2601 4754 2943 4827 Ostrogothis
2973 4754 3029 4807 in
3060 4755 3236 4825 patrio
3265 4755 3385 4810 solo
3408 4754 3512 4810 sub
3544 4755 3736 4810 Huno-

2124 4867 2241 4904 rum
2286 4848 2532 4904 dominio
2574 4845 2979 4902 remorantibus
3034 4855 3252 4916 precrat
3313 4845 3675 4901 Winitharius
3714 4862 3731 4910 ;

2126 4944 2317 5013 eisque
2344 4940 2413 4995 ab
2469 4942 2575 4996 hoc
2603 4955 2748 4994 anno
2792 4954 2968 5010 usque
3034 4939 3100 4993 ad
3160 4944 3391 4994 mortem
3432 4938 3611 4993 Attilae
3636 4951 3736 5009 per

2125 5050 2301 5090 annos
2330 5034 2453 5106 plus
2473 5032 2656 5087 minus
2684 5032 2754 5087 80
2781 5031 3105 5103 prefucrunt
3141 5030 3313 5103 reguli
3383 5030 3567 5104 gentis
3594 5046 3731 5095 suae,

2128 5124 2412 5178 Balamber
2439 5121 2611 5176 Hunis
2648 5121 2977 5193 imperabat,
3009 5121 3127 5194 qui,
3152 5127 3349 5193 etpost
3373 5136 3501 5175 eum
3541 5119 3736 5176 Mund-

412 5204 562 5260 l'erro
590 5222 764 5281 genas
791 5222 1000 5281 secant,
1044 5221 1122 5282 ut,
1161 5223 1452 5288 antequam
1496 5217 1650 5273 lactis
1676 5219 2019 5275 nutrimenta
2124 5218 2261 5274 zuch
2318 5224 2474 5288 pater
2529 5216 2726 5284 Attilae,
2782 5215 2941 5272 Octar
3000 5223 3057 5271 et
3110 5215 3304 5289 Rugila
3349 5214 3546 5271 fratres
3589 5214 3731 5284 ejus,

1738 5353 1957 5408 VARUE
1986 5351 2365 5409 LECTIONES.

488 5476 510 5510 ³
537 5480 644 5546 Sig.
675 5481 915 5547 primum
941 5481 1153 5547 scripsit
1181 5479 1351 5534 XXX“
1382 5480 1475 5546 Ill,
1513 5484 1602 5537 sed
1633 5482 1702 5537 ΙΙΙ
1740 5484 2028 5551 detersum,
2086 5488 2149 5536 ut
2196 5482 2426 5549 videtur,
2482 5480 2551 5534 ab
2602 5482 2712 5548 ipso
2750 5480 2964 5551 statin:
2979 5481 3423 5551 ppos‘tquqijterqt
3451 5477 3729 5551 scriptum,

419 5545 730 5623 gamAqu‘od
760 5551 978 5623 reliquis
1028 5545 1270 5623 numeris
1324 5545 1529 5623 semper
1577 5556 1873 5623 imponitb;
1907 5545 2194 5609 hic'deest.
2248 5551 2381 5606 XXX
2408 5545 2634 5623 habent
2664 5550 2781 5623 _soli
2811 5550 2868 5601 A.
2921 5545 3046 5623 _lj‘l._
3071 5546 3125 5601 2.
3158 5546 3179 5580 ‘
3209 5546 3392 5602 XXXII
3446 5546 3643 5602 habent
3670 5548 3730 5601 A.

423 5618 514 5677 Fl.
546 5618 600 5674 2.
633 5619 657 5653 ⁸
684 5618 752 5674 ab
781 5618 885 5676 hoc
914 5635 1058 5677 anno
1089 5622 1251 5677 annis
1276 5618 1523 5695 quinque
1549 5618 1697 5679 addit
1722 5628 1781 5680 in
1817 5618 1862 5681 ’ζ
1894 5641 2091 5681 manus
2123 5629 2348 5690 tmerta,
2379 5629 2430 5677 et
2457 5621 2565 5679 B3“
2592 5639 2610 5689 ;
2641 5621 2832 5676 desunt
2855 5619 3090 5687 reliquis.
