3870 6060
97 245 155 298 65

1575 227 1920 286 CHRONICA.

3345 214 3414 300 in

98 373 257 428 Bleda
285 379 344 427 et
367 369 556 438 Attila,
607 367 776 424 frater
813 365 954 435 ejus,
1001 365 1074 420 ab
1105 364 1209 419 hoc
1238 378 1383 418 anno
1431 376 1608 432 usque
1637 361 1706 416 ad
1733 361 1784 429 Α
1811 366 1940 430 gatu
1965 356 2262 428 Sephronii
2293 357 2394 412 viri
2437 359 2704 430 sapientis
2729 363 3006 422 transtulit
3028 368 3163 424 illud
3203 371 3271 426 de
3319 373 3422 429 lle-

98 469 323 519 mortem
354 458 606 515 Martiani
626 457 974 528 imperatoris
1001 460 1368 530 regnaverunt
1398 455 1559 509 annis
1589 455 1714 527 plus

100 552 280 606 minus
309 551 403 605 80.
433 549 592 604 Anno
622 547 692 603 ab
721 546 888 601 Adam
917 545 1078 612 423l,
1125 545 1148 580 ⁸
1192 545 1496 600 secundum
1525 545 1710 601 Dioni-

99 644 262 708 sium,
293 656 442 696 anno
468 654 601 694 vero
631 637 850 694 Domini
879 637 1005 704 381,
1048 637 1354 692 secundum
1386 635 1712 703 Dionisium,

99 730 425 802 Olimpiadis
450 728 558 785 289
611 742 759 784 anno
786 727 843 782 4.
875 735 1001 798 post
1029 733 1264 781 mortem
1295 725 1450 796 impii
1476 723 1716 779 Valentis

99 821 398 894 imperant.

100 928 398 969 GBATIANUS
417 929 482 966 ΕΤ
505 923 947 966 νΛιεΝτικιΑΝυε.
963 923 1154 963 εΛΡοῐι.
1178 923 1428 962 PRMMUS.
1445 923 1708 962 BN’I‘ANNI.

207 1005 336 1061 381.
514 1004 568 1058 1.
1053 1001 1103 1056 1.
1287 999 1340 1053 1.
1439 985 1444 992 “
1561 1001 1612 1052 1.

175 1109 540 1151 κουιαιειιυε.
567 1107 935 1148 FRITIGEBNUS.
955 1103 1330 1144 WINITBARIUS.
1348 1104 1410 1142 BA
1421 1104 1647 1142 LABIBEII.

285 1187 339 1238 1.
716 1185 763 1238 1.
1134 1180 1184 1232 1.
1487 1178 1538 1230 1.

174 1264 420 1349 (Pnosr.)
449 1274 794 1331 Theodosius
833 1289 864 1328 a
894 1272 1150 1328 Gratiano
1191 1269 1452 1345 magister
1481 1269 1716 1322 militum

105 1367 417 1434 ordinatus,
475 1363 790 1420 incredibili
819 1363 1102 1418 celeritate
1159 1369 1216 1416 et
1269 1356 1408 1413 mira
1460 1357 1718 1412 felicitate

109 1456 344 1512 devictis
378 1453 568 1509 multis
596 1451 846 1508 barbaris
890 1450 1174 1526 gentibus,
1225 1449 1422 1503 lassam
1457 1463 1570 1502 rem
1617 1463 1717 1518 pu-

110 1547 312 1601 blicam
345 1544 400 1598 in
433 1542 667 1600 orientis
695 1539 944 1613 partibus
975 1539 1264 1610 reparavit.
1327 1537 1514 1608 tCass.)
1546 1535 1723 1592 Clare-

1813 447 1997 502 braiea
2026 447 2256 502 veritate
2287 448 2343 502 in
2379 448 2627 504 Latinum
2679 453 2847 508 verbo
2885 457 2953 509 ad
2982 458 3231 514 verbum.
3265 461 3420 526 Quod

1813 536 2136 606 psalterium
2169 545 2224 590 et
2253 537 2362 591 alia
2384 536 2685 592 llieronimi
2708 543 2973 610 opuscula
3001 545 3146 600 idem
3177 549 3426 619 Sophro-

1815 623 1940 678 nius
1970 624 2038 678 de
2076 623 2268 680 Latino
2308 625 2362 678 in
2397 625 2627 682 Grecum
2676 631 2969 686 transtulit.
3038 635 3224 704 (Buna.
3282 639 3419 694 Gun-

1817 735 1944 774 uau.
1976 719 2099 774 lnxc
2127 731 2141 790 )
2165 719 2464 790 Teophilus
2491 721 2830 779 Alexandria
2863 727 3160 798 episcopus
3209 733 3421 803 cyelum

1816 807 1885 862 de
1915 808 2306 864 observatione
2334 810 2552 880 pascha.-
2583 821 2910 882 pereentum
2930 831 3104 873 annos
3128 818 3421 894 digestum,

1821 917 1983 970 quem
2018 901 2338 956 laterculum
2399 903 2632 968 vocavit,
2693 905 2762 958 ab
2799 907 2902 962 hoc
2939 925 3085 965 anno
3130 911 3427 981 incohavit,

1821 991 1928 1046 hoc
1953 999 2036 1046 est
2083 1009 2114 1046 a
2143 993 2320 1062 primo
2351 997 2637 1050 consulatu
2670 997 2985 1054 Theodosii.
3019 1006 3094 1070 (G.
3122 1007 3296 1076 poni)
3326 1007 3430 1062 Da-

1822 1103 2006 1143 masus
2057 1105 2200 1159 papa
2238 1097 2428 1162 rogatu
2480 1090 2802 1160 Hieronimi,
2863 1095 3122 1165 instituit,
3155 1099 3342 1156 dicere
3373 1101 3430 1156 in

1826 1183 2077 1237 aecclesia
2106 1183 2161 1236 in
2196 1183 2306 1239 fine
2336 1185 2704 1255 psalmorum:
2739 1189 2919 1246 Gloria
2961 1192 3103 1247 Patri
3133 1202 3190 1250 et
3214 1196 3352 1253 Filio
3379 1205 3434 1254 et

1821 1273 2047 1343 Spiritui
2077 1282 2297 1342 sancto;
2339 1276 2491 1332 Sicut
2519 1286 2654 1333 erat.
2707 1281 2946 1337 Instituit
2983 1284 3148 1340 etiam
3187 1289 3432 1357 psalmos

1821 1362 1876 1416 in
1901 1362 2150 1418 mcclesia
2177 1373 2340 1420 nocte
2388 1365 2587 1438 dieque
2604 1369 2812 1423 cantari
2833 1369 2855 1404 ⁸
2939 1371 3024 1442 [Ut
3062 1384 3246 1430 autem
3277 1377 3432 1432 chori

1821 1452 1878 1506 in
1910 1453 2048 1507 duas
2079 1461 2263 1524 partes
2290 1454 2476 1523 divisi,
2517 1457 2666 1528 ipsos
2687 1461 2928 1528 psalmos
2957 1462 3269 1520 alternatim
3301 1473 3434 1522 can-

1825 1550 2022 1611 tarent,
2055 1545 2170 1616 jam
2226 1553 2475 1618 tempore
2528 1549 2553 1600 ί
2569 1551 2832 1606 onstantii
2855 1552 3206 1624 imperatoris
3243 1557 3300 1612 in
3327 1575 3436 1614 me—
3511 1603 3513 1606 ι

111 1640 244 1694 bant
287 1653 358 1694 eo
413 1644 666 1708 tempore
729 1636 990 1689 Damasus
1044 1633 1251 1698 Romae,
1308 1629 1452 1686 13m
1493 1632 1995 1732 papatusBelesia
2049 1635 2390 1691 Anthiocena
2444 1637 2794 1694 instituerant
2845 1642 3004 1712 primi
3057 1644 3346 1704 Flavianus
3383 1659 3439 1704 et

112 1745 318 1784 annum
355 1726 778 1802 agens;.tllina-)
823 1731 893 1781 De
930 1729 1033 1781 vir.
1057 1726 1161 1792 ill.)
1219 1722 1467 1776 Didimus
1501 1721 1729 1776 Alexan-

112 1822 328 1887 drinus,
386 1819 481 1892 qui
529 1835 562 1873 a
609 1827 806 1890 quarto
844 1817 1018 1872 aetatis
1055 1831 1202 1870 anno
1254 1812 1462 1870 lumine
1513 1820 1726 1884 captus,

113 1909 366 1983 quamvis
391 1915 538 1964 esset
557 1908 962 1962 elementorum
995 1905 1240 1977 ignarus,
1276 1912 1458 1960 tamen
1490 1904 1546 1959 in
1577 1905 1729 1960 litte-

115 2015 292 2055 rarum
355 1997 589 2052 scientia
632 1995 797 2051 etiam
846 1993 1195 2065 philosophis
1233 1995 1382 2062 gerat
1422 1993 1726 2060 mirabilis;

115 2094 194 2161 (Η.
221 2107 304 2144 m.
340 2087 472 2143 Cass
501 2129 516 2154 ,
554 2086 726 2156 leae.)
771 2084 1143 2154 ﬂicronimus,
1175 2091 1322 2139 totus
1351 2084 1551 2138 divinae
1582 2083 1727 2138 scri-

119 2188 290 2250 pturae
358 2175 724 2239 incumbens;
777 2173 1075 2245 Gregorius
1135 2171 1390 2237 Nisenus,
1437 2171 1732 2246 Gregorius

121 2269 499 2330 Nazanzenus,
553 2263 817 2318 Martinus
851 2260 1188 2316 Turonensis
1239 2260 1556 2331 episcopus,
1604 2264 1734 2314 Am-

119 2361 339 2416 brosius
366 2357 822 2426 Mediolanensis,
849 2357 1076 2411 Ruﬁnus
1104 2356 1476 2428 Aquileiensis
1521 2357 1734 2428 presbi-

119 2462 228 2517 ter;
263 2451 320 2506 in
352 2449 588 2524 (Egypto
613 2447 939 2504 Pachomius
975 2447 1164 2511 abbas,
1199 2446 1447 2502 Meletius
1484 2447 1740 2503 Antioce—

123 2560 220 2599 nus
249 2542 576 2614 episcopus,
608 2557 710 2612 per
737 2541 845 2596 hoc
873 2539 1093 2596 clarior.
1128 2538 1276 2611 quod
1307 2539 1652 2594 Theodosius
1681 2538 1736 2593 in

121 2635 332 2692 somnis
361 2631 623 2704 previdit,
651 2647 708 2686 se
747 2631 817 2687 ab
849 2647 916 2687 eo
935 2630 1089 2686 indui
1129 2630 1364 2685 clamide
1384 2629 1655 2702 imperiali
1683 2637 1738 2685 et
1770 2618 1776 2624 ⁷

121 2729 434 2784 diademate
461 2725 737 2782 coronari.

185 2819 314 2873 382.
431 2817 485 2870 2.
606 2816 664 2869 2.
773 2815 828 2868 2.
949 2813 1002 2868 2.
1114 2813 1166 2868 2.
1278 2813 1332 2868 2.
1443 2813 1496 2867 2.
1609 2813 1665 2869 2.

189 2907 474 2976 (Praosr)
526 2905 817 2960 Gratianus
868 2905 1027 2959 valde
1068 2903 1324 2975 religioni
1355 2903 1521 2971 favet,
1559 2917 1613 2958 et
1643 2921 1742 2975 per

1829 1724 2101 1781 Diodorus
2127 1727 2226 1782 viri
2254 1729 2496 1798 probatas
2526 1731 2651 1785 vitae
2699 1740 2754 1786 et
2779 1733 3080 1802 doctrinae;
3113 1739 3262 1809 quod
3308 1739 3438 1795 inde

1829 1813 1896 1868 ad
1929 1815 2197 1871 terminos
2253 1816 2421 1872 totius
2451 1819 2602 1875 orbis
2632 1835 2808 1892 usque
2839 1825 3130 1897 pervenit.]

1900 1907 2025 1962 383.
2139 1909 2192 1966 3.
2309 1909 2363 1966 3.
2476 1911 2510 1967 3
2641 1911 2693 1968 3.
2819 1915 2872 1969 3.
2985 1916 3037 1973 3.
3150 1919 3204 1976 3.
3315 1921 3374 1976 3.

1831 1997 2068 2069 (Pnosr-)
2101 1998 2364 2054 Maximus
2403 1999 2458 2054 in
2489 2001 2769 2056 Britannia
2799 2005 2911 2075 'per
2939 2009 3286 2077 tyrannidem
3334 2013 3442 2067 im-

1831 2086 2044 2155 perium
2083 2087 2294 2158 arripit.
2327 2089 2522 2158 (leae)
2571 2089 2700 2145 Post
2731 2091 3133 2166 Frithigernum
3163 2101 3441 2156 secundus

1832 2179 1978 2249 apud
2001 2179 2334 2254 Wisigothas
2361 2190 2555 2252 regnat
2585 2183 2944 2240 Athanaricus
2974 2203 3120 2244 anno
3151 2206 3292 2258 uno;
3321 2194 3436 2263 qui,

1833 2270 2244 2326 confoederatus
2271 2272 2598 2340 Theodosio,
2634 2281 2689 2328 et
2717 2275 2784 2329 ab
2807 2291 2896 2332 eo-
2913 2276 3442 2352 Constantinoliolim

1836 2361 2116 2424 invitatus.
2152 2379 2274 2418 mox
2303 2365 2388 2418 15.
2418 2364 2508 2419 die
2541 2381 2606 2420 ex
2651 2381 2762 2436 quo
2791 2379 3016 2424 venerat
3047 2369 3253 2426 ibidem
3285 2375 3442 2430 obiit.

1841 2450 2072 2506 Basilius
2126 2451 2478 2516 Cesariensis,
2548 2453 2642 2524 qui
2705 2455 2923 2525 gemina
2977 2457 3332 2532 phil030phia
3396 2471 3451 2518 et

1837 2543 2129 2598 sanctitate
2155 2543 2466 2610 claruerat;
2521 2545 2610 2599 cui
2640 2547 2785 2600 Deus
2815 2563 3088 2618 apparens
3119 2550 3190 2605 ad
3228 2569 3450 2622 precem

1837 2632 1958 2700 ejus
1995 2648 2119 2688 eum
2159 2633 2365 2699 docuit,
2405 2640 2466 2688 ut
2519 2633 2756 2704 prOpriis
2784 2635 2971 2690 verbis
2993 2645 3243 2693 sanctum
3285 2642 3453 2697 sacri-

1839 2718 2023 2776 ficium
2055 2728 2430 2787 consecraret;
2471 2721 2559 2776 cui
2605 2722 2903 2778 revelatum
2933 2731 3038 2792 est,
3071 2727 3220 2798 quod
3247 2728 3458 2783 Mercu-

1840 2810 1953 2864 rius
1967 2809 2694 2881 milesetmartyrlulianum
2714 2811 3101 2882 imperatorem
3117 2817 3451 2886 percmerit;

1841 2901 2226 2972 quijuvenem,
2247 2901 2339 2973 qui
2359 2901 2431 2956 ob
2445 2917 2687 2956 amorem
2702 2903 2930 2975 virginis
2945 2904 3050 2959 sibi
3065 2906 3454 2976 perdiabolum

121 2996 306 3052 omnia
339 2992 677 3066 reipublicae
708 3001 1016 3066 promptus,
1047 2992 1412 3048 Theodosium
1429 2999 1737 3048 consortem
1765 3031 1814 3100 Ο
1843 2989 2148 3045 conciliatze
2177 2996 2473 3062 negaverat
2493 2989 2786 3057 Christum,
2821 2993 3199 3050 reconciliavit
3223 2993 3456 3062 Christo,

121 3085 340 3158 imperii
376 3085 528 3142 facit.
557 3084 733 3152 (litua.
770 3087 887 3138 Vita
934 3086 988 3138 S.
1017 3083 1104 3152 P.)
1143 3082 1309 3136 Paula
1351 3081 1495 3136 inter
1523 3081 1744 3138 nobiles

121 3179 496 3235 Romanorum
514 3183 794 3232 matronas
820 3174 1150 3247 prenobilis,
1182 3174 1547 3230 abrenunciat
1579 3191 1742 3228 mun-

125 3271 214 3326 do.
247 3271 456 3336 (Iliam,
515 3271 674 3336 Prmf.
709 3271 770 3322 in
812 3267 1032 3336 Psalm.)
1082 3265 1408 3320 Psalterium
1449 3266 1595 3337 quod
1656 3281 1744 3320 se-

126 3366 374 3422 cundum
409 3363 539 3418 LXX
577 3363 908 3434 interpretes
939 3362 996 3416 in
1028 3361 1285 3416 omnibus
1311 3361 1576 3416 ecclesiis
1613 3377 1746 3416 ean-

127 3455 367 3520 tabatur,
422 3452 773 3508 Hieronimus
820 3449 1082 3506 correxit.
1125 3449 1240 3515 Quo
1279 3449 1478 3504 iterum
1535 3450 1746 3516 vitiato,

127 3549 449 3621 psalterium
492 3563 692 3602 novum
741 3544 1074 3617 composuit,
1105 3542 1253 3615 quod
1283 3552 1338 3598 et
1369 3559 1399 3596 a
1428 3543 1556 3596 LXX
1577 3543 1752 3597 inter-

129 3644 347 3708 pretum
393 3635 642 3690 editione
677 3649 789 3689 non
823 3635 1053 3688 multum
1103 3632 1464 3698 discordaret,
1525 3637 1579 3685 et
1625 3647 1749 3685 eum

133 3725 404 3780 Hebraico
449 3724 683 3778 multum
743 3721 1121 3778 concordarct.
1167 3721 1321 3786 Quod
1373 3729 1434 3776 ut
1489 3720 1752 3776 omnibus

131 3822 343 3876 clarum
376 3819 556 3885 fieret,
591 3819 770 3889 ipsum
807 3817 1123 3888 psalterium
1157 3817 1406 3872 distinxit
1451 3833 1551 3887 per
1607 3825 1754 3872 aste-

133 3911 328 3972 riseos,
352 3908 407 3962 id
440 3917 523 3962 est
548 3907 760 3962 stellam
795 3913 868 3971 ὲξξ,
903 3915 956 3960 et
989 3923 1086 3976 per
1113 3906 1325 3973 obelos,
1355 3906 1409 3960 id
1438 3915 1522 3960 est
1549 3907 1754 3981 virgam

128 4004 413 4072 jacentem
444 4013 504 4062 —:-
527 4044 542 4070 ,
593 4001 798 4055 docens
828 4016 894 4054 ea
923 4015 1044 4072 quae
1075 3999 1437 4054 continentur
1487 4001 1590 4077 sub
1617 4008 1763 4055 aste-

135 4100 279 4163 risco
431 4112 611 4167 usque
659 4094 725 4149 ad
801 4095 910 4150 duo
967 4103 1215 4166 puncta:
1277 4094 1333 4148 in
1394 4093 1606 4150 llcbreo
1661 4096 1762 4149 ha-

137 4193 254 4248 beri
288 4202 348 4248 et
381 4209 410 4245 a
446 4191 570 4245 LXX
613 4189 965 4262 pretermissa
1017 4205 1166 4254 esse;
1197 4199 1260 4243 ea
1319 4203 1444 4243 vero
1478 4205 1600 4260 quae
1629 4205 1764 4244 eon-

142 4287 394 4340 tinentur
409 4281 690 4337 subobelo
715 4291 776 4339 —-:—-
795 4297 980 4360 usque
1009 4281 1074 4335 ad
1095 4281 1202 4336 duo
1230 4288 1462 4352 puncta:
1485 4281 1763 4337 inllebreo

140 4393 250 4432 non
283 4373 502 4438 haberi,
535 4373 635 4428 sed
686 4389 717 4427 a
746 4373 872 4428 LXX
903 4371 1092 4428 addita
1140 4389 1287 4436 esse,
1317 4373 1463 4442 justa
1515 4373 1761 4429 Tlreodo-

1844 3080 2024 3154 palam
2056 3083 2326 3138 altercans
2344 3098 2467 3138 cum
2499 3083 2758 3148 diabolo;
2800 3084 2895 3155 qui
2927 3085 3241 3157 impetravit
3261 3103 3292 3142 a
3325 3088 3457 3156 Deo,

1844 3182 1903 3229 ut
1931 3181 2154 3229 sanctus
2181 3172 2380 3228 Effrem
2412 3175 2580 3245 Syrus
2609 3173 2780 3229 Grece
2810 3174 3131 3246 loqueretur
3158 3195 3172 3244 ;
3205 3177 3300 3250 qui
3332 3195 3464 3250 pec-

1846 3272 1964 3321 cata
1994 3265 2322 3337 peccatrieis
2345 3255 2546 3337 scripta
2593 3273 2647 3321 et
2677 3267 2892 3340 signata
2921 3267 3130 3322 orando
3173 3267 3462 3324 oblittera-

1846 3354 1924 3409 vit
1966 3354 2051 3423 (cf.
2089 3354 2299 3424 HIER.):
2333 3355 2418 3408 his
2455 3362 2511 3410 et
2548 3354 2736 3408 multis
2764 3355 2888 3410 aliis
2941 3355 3142 3422 clarus,
3171 3355 3303 3410 dum
3352 3372 3466 3410 ine-

1849 3443 2007 3498 dicus
2053 3444 2296 3498 Hebreus
2343 3443 2633 3498 imminere
2671 3443 2776 3496 sibi
2815 3451 3044 3498 mortem
3103 3460 3203 3514 per
3258 3453 3462 3500 tactum

1847 3546 2004 3584 venae
2027 3545 2216 3584 revera
2248 3529 2654 3600 pronuntiaret,
2681 3538 2912 3584 mortem
2935 3531 3146 3586 orando
3179 3531 3236 3584 in
3265 3533 3466 3586 crasti~

1849 3634 1986 3672 num
2027 3618 2259 3684 distulit,
2291 3626 2346 3671 et
2375 3617 2450 3671 ita
2483 3617 2756 3672 medicum
2788 3634 2910 3672 cum
2942 3619 3056 3672 suis
3082 3619 3150 3672 ad
3193 3619 3462 3675 Christum

1850 3716 2201 3776 convertens,
2245 3708 2484 3763 feliciter
2511 3709 2762 3764 moritur.
2818 3711 3082 3764 Damasus
3134 3727 3278 3782 papa
3323 3709 3470 3767 invi-

1851 3802 2008 3856 diose
2038 3799 2294 3856 adulterii
2325 3806 2632 3866 accusatus,
2666 3805 2931 3874 purgatur
2983 3818 3014 3855 a
3055 3803 3125 3856 41
3169 3802 3468 3874 episcOpis,

1858 3903 2210 3952 accusatores
2239 3895 2360 3966 ejus
2388 3911 2518 3950 vero
2549 3896 2617 3948 ab
2637 3895 2887 3951 mcclesia
2917 3897 3285 3968 expelluntur.
3314 3897 3475 3968 Apol-

1861 3987 2054 4042 linaris
2097 3987 2379 4042 Laodiceae
2421 3987 2744 4058 episcopus,
2789 4003 3087 4043 conversus
3119 3989 3172 4043 in
3228 3989 3469 4044 heresim

1862 4081 1948 4136 sui
1995 4079 2256 4146 nominis,
2289 4096 2320 4133 a
2352 4081 2582 4134 Damaso
2627 4097 2765 4150 papa
2798 4080 3107 4149 damnatur,
3163 4083 3291 4155 quia
3319 4082 3469 4138 dice-

1863 4175 1974 4238 bat,
1999 4173 2152 4245 quod
2207 4171 2452 4225 Christus
2479 4178 2638 4224 natus
2676 4171 2848 4226 solum
2900 4187 3143 4238 carnem,
3202 4190 3313 4228 non
3353 4175 3476 4230 ani-

1863 4281 2008 4320 mam
2032 4256 2357 4333 snsceperit,
2390 4270 2480 4318 aut
2505 4261 2550 4316 si
2582 4262 2829 4332 suscepit
2859 4279 2969 4319 non
3001 4265 3345 4330 rationalem,
3377 4267 3473 4320 sed

1866 4362 2078 4410 tantum
2108 4353 2435 4410 viviliealem
2475 4354 2712 4408 animam
2747 4355 3071 4425 susceperit,
3103 4355 3201 4409 sed
3232 4358 3476 4426 potentia

141 4418 250 4432 ην..
283 4418 502 4438 ......-..,
535 4418 635 4428 νυ.-
686 4418 717 4427 ..
748 4418 872 4428 ...-.-
904 4418 1092 4428 μνη..
1142 4418 1287 4436 ---η
1317 4418 1463 4442 νυ...
1524 4418 1692 4429 -..νυν

138 4465 310 4521 tionis
355 4465 636 4518 dumtaxat
680 4464 1093 4518 translationem
1162 4463 1200 4517 ⁷.
1263 4464 1374 4519 Hoc
1437 4465 1692 4534 psalteriu

1867 4448 2090 4502 deitatis
2113 4454 2386 4518 suscepta!
2407 4447 2555 4502 carni
2581 4462 2680 4518 pro
2711 4447 2892 4501 anima
2915 4447 3097 4514 fuerit,
3129 4454 3183 4502 et
3212 4449 3330 4519 ipsa
3351 4464 3478 4506 caro

143 4557 411 4610 Damasus
443 4571 585 4626 papa
615 4561 809 4629 rogatu
841 4554 1140 4609 Hieronimi
1168 4555 1221 4608 in
1259 4554 1551 4609 Gallicanis
1573 4556 1766 4611 teccle-

143 4645 242 4699 siis
275 4643 484 4699 cantari
516 4643 780 4711 instituit,
814 4652 869 4698 et
898 4649 1123 4714 prOpter
1150 4644 1252 4698 hoc
1301 4642 1638 4698 Gallicanum
1670 4661 1765 4700 vo-

146 4740 336 4798 catur;
371 4731 634 4787 Romanis
679 4731 1000 4802 psalterium
1033 4731 1338 4786 secundum
1369 4731 1496 4784 LXX
1524 4733 1770 4787 retinen-

147 4825 297 4880 tibus
351 4822 482 4891 sibi,
518 4829 751 4896 prepter
779 4823 927 4894 quod
983 4823 1289 4878 Romanum
1343 4831 1588 4880 vocatur.
1649 4825 1770 4880 llaec

148 4917 260 4972 duo
306 4913 575 4988 psalteria
625 4929 749 4970 eum
783 4930 894 4970 non
935 4911 1260 4970 sufficerent
1289 4914 1357 4968 ad
1409 4916 1770 4986 proponenda

153 5006 476 5064 testimonia
501 5005 572 5062 de
604 5004 818 5061 Christo
849 5013 1040 5061 contra
1081 5005 1324 5073 Iudaeos,
1364 5006 1458 5078 qui
1485 5021 1594 5061 non
1627 5008 1771 5063 reci-

153 5101 314 5172 piunt
352 5099 463 5154 nisi
504 5115 571 5153 ea
624 5113 749 5170 quae
781 5098 1056 5154 habentur
1092 5098 1150 5152 in
1211 5098 1446 5166 Hebreo,
1479 5098 1692 5154 addidit
1717 5106 1771 5156 et
1823 5119 1833 5128 ·

155 5187 408 5255 tertium,
443 5185 594 5259 quod
631 5195 857 5243 vocatur
887 5185 1234 5255 Hebraicum,
1267 5202 1366 5258 pro
1397 5202 1464 5242 eo
1491 5187 1640 5259 quod
1684 5203 1774 5244 ro-

1869 4556 1981 4596 non
2035 4540 2106 4594 (le
2136 4539 2300 4594 Maria
2353 4546 2612 4610 suscepta
2665 4539 2758 4606 sit,
2817 4539 2916 4593 sed
2969 4554 3096 4594 caro
3151 4545 3207 4594 et
3247 4540 3476 4597 verbum

1869 4632 2031 4688 unius
2061 4631 2387 4708 substantiae
2419 4630 2624 4686 fuerint
2651 4629 2692 4683 ’.

1941 4735 2298 4776 ROMANOBUM.
2317 4735 2598 4774 PBRSARUM
2643 4732 2978 4774 FRANGORUII.
3005 4735 3403 4778 BRINTANORUI.

1869 4793 1996 4848 384.
2107 4791 2162 4846 4.
2451 4792 2504 4846 ι.
2793 4791 2846 4846 4.
3209 4793 3264 4848 4.
3322 4832 3335 4842 .

1990 4897 2384 5009 ΨΑΝοΑὲοιιωι.
2419 4894 2852 5006 κγιεισίέτιιοιιυκ.
2881 4895 3360 5009 οετιιοοοίιιοιιυκ.

2535 5055 2814 5168 ιιυαῗιωι.

1942 5186 2141 5254 (Psauu
2224 5181 2388 5255 Dan.)
2436 5182 2696 5239 Damasus
2750 5199 2896 5256 papa
2925 5184 3188 5254 decrevit,
3223 5199 3294 5241 ne
3348 5185 3484 5258 quid

1511 5318 1730 5374 VARIAE
1761 5315 2140 5374 LECTIONES.

229 5428 433 5485 “ital.

465 5429 660 5499 prima.
696 5427 756 5482 A.
789 5425 917 5484 δι’.
949 5425 1012 5482 Ct
1073 5427 1126 5483 3.
1179 5424 1586 5499 tvcccxxxm
1629 5405 1811 5497 postea
1844 5427 2076 5499 correagit
2119 5421 2760 5499 _t._VCL}_(l(V‘llIl_02*.
2800 5420 2868 5499 _n.

2923 5420 2942 5493 ἴ
3003 5419 3130 5493 i._T_.
3165 5419 3219 5475 d.
3242 5426 3282 5476 t.
3305 5431 3487 5493 postea

163 5501 328 5566 alius,
357 5490 590 5568 fortasse
615 5501 913 5563 Amemus,
946 5502 1111 5554 erasit
1138 5502 1331 5568 etpost
1355 5490 1716 5554 concordaret
1740 5503 1938 5568 posuit,
1971 5495 2066 5550 ubi
2111 5495 2310 5549 habent
2342 5493 2430 5548 Ft.
2462 5493 2527 5558 2;
2553 5495 2762 5568 desunt
2787 5494 2846 5546 Α.
2883 5492 3009 5568 B3'.
3054 5490 3148 5548 F3.
3217 5490 3381 5568 {trist
3414 5524 3491 5568 7—-

164 5563 376 5626 cantari
416 5575 480 5626 in
507 5586 710 5625 rasura
735 5571 973 5625 dimidia:
998 5571 1158 5624 lineae
1177 5563 1283 5638 Sig.
1317 5585 1436 5623 cur.
1457 5582 1560 5625 sec.
1590 5563 1874 5640 Sequéntia
1907 5568 1972 5640 Ut
1989 5572 2184 5640 autem
2215 5595 2280 5606 —-
2337 5563 2676 5640 pervenitin
2727 5567 2975 5640 margine
2996 5570 3114 5640 post
3165 5563 3368 5620 addidit
3400 5567 3490 5633 16;

163 5643 358 5698 desunt
385 5645 488 5698 uni
517 5643 577 5696 .l.
611 5641 899 5708 defuerunt
923 5645 1092 5711 igitur
1110 5633 1305 5710 prima:
1329 5640 1550 5696 editioni
1577 5633 1716 5697 anni
1749 5641 1884 5695 1105
1936 5639 1957 5673 θ
1989 5636 2224 5693 Basilius
2248 5665 2318 5676 -—
2342 5633 2552 5690 fuerint
2583 5638 2641 5690 in
2668 5649 2866 5689 rasura
2896 5634 3066 5704 Sigeb.
3094 5650 3211 5691 cur.
3244 5649 3344 5692 sec.
