3868 6064
406 251 476 306 67
1615 231 1959 290 SIGEBERTI
1999 228 2510 290 GEMBLACENSIS.

3660 232 3738 287 68

412 386 605 436 contra
621 375 914 448 episcopos
933 376 1258 443 presumant
1276 368 1672 433 archidiaconi,
1705 366 1797 437 qui
1824 365 2021 421 dicun-
2038 370 2096 439 ,Α
2121 373 2333 436 septem
2362 365 2528 421 caelos
2555 364 2606 419 ei
2640 377 2738 435 per
2763 364 3028 435 quosdam
3068 361 3412 434 principatus
3438 360 3737 436 gradatim,

408 478 499 527 tur
524 468 687 525 etiam
715 463 1079 535 corepiscopi,
1112 462 1167 516 Id
1198 468 1284 517 est
1314 461 1600 535 regionum
1631 458 1715 514 vel
1769 457 2018 511 villarum

407 562 678 637 episcopi.
734 560 909 616 Chore
965 558 1112 614 enim
1153 558 1343 623 Grece,
1398 555 1528 610 villa
1556 554 1642 608 vel
1684 552 1836 627 regio
1867 551 2018 605 Lati-

406 672 478 711 ne
530 655 573 690 ¹⁰
605 651 827 722 (149*).1
891 650 1124 721 (Paosr.)
1160 648 1425 703 Maximus
1476 645 1658 699 Pictos
1714 650 1769 697 et
1807 642 2021 722 scottos

409 746 728 802 Brittaniam
784 744 1132 799 incursantes
1204 744 1446 810 superat.
1508 736 1672 806 (lsm.)
1728 732 2019 807 Wisigothi

406 840 530 894 sine
583 851 714 911 rege
743 835 847 891 sub
876 833 1186 890 Theodosio
1237 830 1460 886 fuerunt
1507 827 1668 883 annis
1697 826 1786 881 13.
1820 824 2015 896 (Jonn.)

407 929 768 984 Winitharius
798 943 888 981 rex
918 924 1368 997 Ostrogothorum
1404 936 1501 991 pro
1533 919 1785 974 libertate
1826 926 2016 971 contra

403 1023 592 1073 Hunos
615 1015 845 1070 rebellat
868 1014 922 1066 in
953 1011 1164 1067 Gothia.
1188 1010 1432 1081 (Paosp.)
1454 1006 1776 1062 Ambrosius
1797 1005 2014 1074 cpisco-

404 1121 510 1177 pus
528 1105 701 1158 libros
727 1103 796 1156 de
823 1100 1026 1171 Spiritu
1048 1106 1240 1154 sancto
1267 1098 1335 1152 ad
1366 1096 1680 1150 Gratianum
1713 1093 2014 1161 imperato-

404 1212 518 1251 rem
548 1194 757 1250 scribit.
792 1192 989 1263 (Cass.)
1021 1191 1226 1261 Corpus
1246 1189 1395 1244 Pauli
1424 1183 2012 1256 Constantinopolitani

404 1287 678 1360 episcOpi,
706 1286 810 1342 sub
844 1285 1199 1341 Constantino
1229 1284 1283 1337 in
1315 1282 1481 1338 exilio
1508 1282 1577 1335 ab
1602 1278 1864 1334 hereticis
1893 1276 2015 1332 suf-

402 1378 587 1445 focati,
622 1375 1148 1447 ConstantinOpolim
1171 1374 1399 1430 refertur
1432 1370 1759 1445 cum-gloria
1784 1386 1815 1423 a
1847 1368 2021 1424 Thoo-

403 1471 561 1528 dosio
593 1471 947 1542 imperatore.

481 1561 605 1617 385.
635 1560 915 1617 R.5.P.5.
941 1560 999 1614 F.
1022 1560 1077 1613 5.
1105 1559 1167 1613 Β.
1200 1558 1254 1612 5.
1277 1558 1362 1612 W.
1392 1559 1448 1613 5.
1478 1556 1563 1612 W.
1595 1555 1785 1613 1.0.5.
1814 1554 1947 1610 [1.5.

484 1653 697 1722 (ΒιευΑ)
750 1653 810 1706 In
853 1650 1025 1705 Gallia
1098 1656 1320 1705 sanctus
1376 1649 1657 1703 Romanus
1719 1644 1986 1701 Blaviensi

2180 1645 2233 1684 ie
2266 1630 2323 1683 in
2373 1630 2586 1700 synodo
2621 1627 3031 1701 Burdegalense
3085 1642 3117 1681 a
3163 1634 3354 1681 sancto
3405 1624 3636 1680 Martino

2180 1722 2353 1743 32----.-
2390 1721 2662 1743 l--.‘-a1----
2692 1720 2959 1743 !-_.I2-..a---
3022 1718 3113 1743 ..με
3145 1735 3202 1743 ..Α
3232 1717 3601 1743 κιρ-...ηκᾹ-...η

2122 458 2464 513 descendere
2493 464 2549 511 et
2589 456 2647 511 in
2683 456 2985 530 malignum
3018 455 3326 527 principem
3367 455 3668 523 incurrere,
3701 470 3739 508 a

2120 562 2231 618 quo
2280 546 2547 601 mundum
2578 545 2742 601 istum
2772 544 2973 600 factum
3007 561 3130 600 esse
3177 544 3417 612 dicebat,
3448 552 3613 616 atque
3659 543 3734 598 ab

2121 634 2227 689 hoc
2265 634 2517 706 principe
2546 650 2647 704 per
2698 634 2916 688 diversa
2939 633 3121 687 carnis
3161 647 3391 703 corpora
3429 630 3731 693 seminari;

2120 723 2373 779 homines
2416 738 2547 779 vero
2577 722 2836 777 fatalibus
2874 720 3048 776 stellis
3077 719 3383 793 colligatos,
3416 733 3734 790 corpusque

2120 823 2363 871 nostrum
2403 814 2710 869 secundum
2743 815 2810 869 12
2840 812 2960 868 caali
2990 812 3150 885 signa
3197 812 3563 883 compositum
3608 826 3735 866 esse

2117 906 2354 972 dicebat,
2412 905 2758 962 constituens
2786 904 3015 959 arietem
3072 903 3128 956 in
3166 902 3369 972 capite,
3408 902 3643 957 Taurum
3674 901 3735 955 in

2115 1000 2351 1063 cervice,
2384 998 2642 1053 Geminos
2691 998 2746 1051 in
2788 996 3053 1061 humeris,
3104 994 3366 1050 Cancrum
3393 994 3447 1047 in
3487 1000 3739 1064 pectore,

2116 1089 2353 1144 Leonem
2386 1088 2439 1142 in
2471 1087 2745 1153 manibus,
2777 1085 3054 1160 Virginem
3098 1085 3148 1139 in
3192 1091 3399 1152 ventre,
3431 1084 3644 1138 Libram
3677 1082 3737 1137 in

2117 1175 2404 1243 umbilico,
2433 1175 2717 1246 Seorpium
2748 1174 2804 1228 in
2844 1174 3016 1239 coxis,
3063 1172 3414 1244 Sagittarium
3474 1172 3531 1227 in
3563 1170 3736 1238 virili,

2118 1268 2416 1338 Aquarium
2461 1267 2515 1321 in
2547 1266 2748 1331 vesica,
2803 1266 3191 1336 Capricornum
3224 1265 3281 1319 in
3332 1263 3506 1329 tibiis,
3547 1262 3740 1318 Pisces

2120 1355 2176 1409 in
2209 1355 2427 1425 plantis.
2487 1356 2725 1421 (luamus
2754 1353 3011 1424 Marum.)
3066 1353 3245 1422 Super
3288 1350 3624 1415 his,auditus
3672 1349 3735 1404 in

2120 1444 2370 1499 conciliis
2399 1443 2806 1515 episcoporum,
2841 1442 3067 1498 Romam
3103 1441 3263 1513 petit,
3306 1439 3495 1511 ibique
3531 1455 3563 1494 a
3592 1454 3734 1494 san-

2124 1533 2226 1588 ctis
2245 1532 2475 1587 Darnaso
2500 1539 2554 1586 et
2583 1530 2874 1586 Ambrosio
2904 1529 3247 1600 repudiatus,
3288 1527 3344 1582 in
3372 1526 3560 1582 Galliis
3588 1541 3737 1599 quo—

3694 1624 3738 1658 ιι

402 1716 562 1797 obiit.
598 1716 939 1796 Théodosius
967 1738 1294 1793 Archadium
1324 1735 1496 1791 ﬁlium
1527 1751 1684 1791 suum
1725 1740 2018 1809 augustum
2048 1716 2097 1743 ν
2121 1722 2357 1793 aliisque
2390 1721 2665 1776 hereticus
2684 1720 2983 1790 judicatus,
3022 1718 3116 1773 ubi
3144 1735 3204 1774 se
3228 1717 3601 1773 damnandum
3638 1716 3733 1770 in-

403 1831 555 1887 facit.
612 1831 852 1899 (Ριιοδρ.)
904 1828 1120 1884 Justina
1175 1834 1350 1883 mater
1399 1825 1769 1881 Valentiniani
1797 1823 2022 1878 Arriana

406 1922 465 1977 in
496 1922 843 1979 Ambrosium
872 1928 928 1976 et
956 1936 1175 1976 omnem
1208 1926 1451 1974 sanctam
1502 1917 1805 1973 aecclesiam
1837 1915 2023 1970 catho-

402 2014 564 2070 licam
619 2012 914 2069 execrabili
972 2012 1105 2067 odio
1156 2010 1393 2066 desevit.
1461 2010 1537 2082 (G.
1592 2025 1640 2064 ν.
1684 2008 1766 2080 F.)
1796 2005 2018 2062 Francis

402 2110 528 2173 post
578 2102 848 2156 Priamum
880 2099 1079 2155 Priami
1121 2098 1267 2154 filius
1295 2098 1652 2154 Marcomirus
1711 2104 1765 2152 et
1803 2096 2014 2162 Sunno,

402 2195 551 2251 ﬁlius
576 2195 889 2260 Antenoris,
922 2194 1309 2265 principantur
1335 2193 1497 2247 annis
1526 2191 1614 2247 36.
1649 2190 1886 2255 Quorum
1909 2189 2018 2243 du-

397 2294 525 2344 catu
548 2288 739 2343 Franci
771 2286 1074 2343 Sicambria
1091 2285 1322 2360 egressi,
1356 2284 1661 2340 consedere
1691 2297 1853 2337 secus
1871 2281 2019 2336 Rhe-

398 2391 530 2431 num
564 2376 622 2430 in
653 2373 874 2446 oppidis
924 2374 1248 2430 Germaniae.
1283 2374 1490 2445 (leam)
1521 2371 1878 2427 Winitharius
1905 2369 2020 2424 Hu-

398 2481 500 2523 nos
535 2468 592 2521 in
638 2466 790 2522 bello
819 2475 1065 2537 superat.

473 2555 599 2612 386.
712 2555 768 2609 6.
879 2555 933 2608 6.
1052 2557 1098 2609 1.
1208 2554 1263 2608 6.
1389 2554 1443 2609 6.
1555 2554 1613 2608 2.
1723 2551 1777 2607 6.
1889 2552 1944 2607 6.

479 2644 694 2716 (ΒιυΑ.)
725 2643 991 2698 Maximus
1018 2643 1074 2698 in
1130 2640 1332 2697 Gallias
1359 2642 1574 2709 transit,
1608 2650 1663 2696 et
1701 2640 2018 2695 Gratianum

427 2739 801 2803 mperatorem
847 2730 1101 2804 Lugduni
1148 2729 1398 2801 perimit;
1453 2729 1669 2784 fratrem
1719 2744 1849 2783 vero
1896 2728 2018 2796 ejus

403 2823 845 2879 Valentinianum
876 2822 1134 2877 simulato
1161 2822 1312 2892 pacis
1350 2820 1560 2875 foedere
1590 2834 1687 2890 per
1714 2819 2011 2875 triennium

398 2919 554 2973 ltalia
582 2917 834 2989 expellit.
889 2915 1235 2987 Theodosius
1261 2916 1412 2972 solus
1438 2915 1601 2969 annis
1644 2916 1702 2970 11
1757 2914 2011 2984 imperat,

403 3011 590 3077 (lena)
648 3008 936 3064 Balamber
989 3024 1080 3064 rex
1167 3008 1447 3063 Hunorum
1514 3005 1903 3061 Winitharium
1951 3005 2008 3059 in

396 3098 549 3155 bello
578 3097 835 3170 perimit;
869 3104 991 3168 post
1027 3111 1192 3169 quem
1233 3095 1512 3151 secundus
1561 3094 1709 3165 apud
1754 3093 2013 3168 Ostrogo-

400 3186 525 3245 tbas
554 3192 748 3262 regnat
793 3186 1180 3241 Hunimundus
1230 3185 1391 3240 annis
1418 3185 1471 3239 2.
1503 3185 1719 3253 (Brom)
1758 3186 2013 3241 Secunda

401 3276 647 3349 synodus
684 3275 1016 3331 universalis
1071 3276 1173 3329 150
1210 3280 1425 3345 patrum
1478 3272 2009 3345 Constantinopolim

396 3372 785 3440 congregatur,
808 3365 1041 3434 jubente
1056 3364 1369 3419 Theodosio
1388 3371 1445 3418 et
1469 3380 1576 3417 ann
1589 3364 1758 3418 itente
1777 3365 2008 3419 Damaso

396 3474 576 3531 papa;
621 3474 745 3529 qua:
799 3456 1181 3513 Macedonium
1222 3465 1517 3531 negantem
1571 3455 1832 3525 Spiritum
1878 3473 2010 3511 san-

392 3558 541 3608 ctum
575 3540 745 3607 Deum
776 3566 897 3606 esse
913 3550 1310 3615 condemnans,
1352 3549 1879 3605 consubstantialem
1911 3549 2010 3603 Pa-

392 3640 462 3696 tri
491 3647 548 3695 et
574 3640 710 3695 Filio
737 3639 1004 3710 Spiritum
1032 3638 1280 3694 sanctum
1314 3653 1437 3693 esse
1462 3638 1672 3706 docuit,
1691 3638 1828 3692 dans
1852 3654 2006 3710 sym-

395 3728 510 3785 boli
566 3728 817 3797 formam,
873 3745 1038 3800 quam
1096 3735 1208 3784 tota
1257 3728 1571 3783 Latinorum
1630 3734 1685 3781 et
1713 3727 2008 3781 Grecorum

398 3810 676 3876 confe'ssio
714 3821 770 3874 in
801 3819 1050 3875 aecclesia
1088 3820 1155 3873 ad
1186 3820 1380 3875 missas
1422 3818 1785 3874 sollemnibus
1814 3818 2010 3872 diebus

395 3908 674 3963 decantat.
730 3909 824 3963 llic
903 3908 1183 3963 decretum
1229 3916 1334 3975 est,
1390 3916 1450 3971 ut
1506 3907 2029 3977 Constantinopolis

397 4002 658 4067 tanquam
686 4011 843 4050 novae
866 3994 1053 4050 Romae
1076 3996 1369 4067 episcopus
1398 3997 1839 4066 postRomanum
1872 4010 2005 4064 pon-

394 4081 600 4139 tiﬁcem
634 4082 834 4138 habeat
872 4083 1239 4158 privilegium.
1295 4083 1563 4151 (Manum)
1632 4081 2005 4137 Priscillianus

394 4172 451 4228 in
482 4173 740 4244 Hispania
761 4173 1055 4244 episcopus
1077 4174 1324 4229 condens
1353 4173 1590 4228 heresim
1622 4172 1707 4226 sui
1740 4172 2002 4238 nominis,

391 4261 697 4316 aecclesiam
739 4262 1045 4333 perturbat.
1084 4263 1356 4332 (Aucesr.,
1405 4268 1477 4317 De
1528 4265 1713 4317 haeres.
1772 4262 1878 4331 70.)
1913 4262 2008 4318 Hic

392 4368 657 4425 personas
683 4361 887 4409 sanctae
914 4353 1197 4408 Trinitatis
1216 4352 1609 4417 confundebat,
1637 4352 1830 4408 dicens
1849 4369 2007 4408 eum-

388 4448 512 4504 dem
555 4464 677 4504 esse
727 4449 940 4503 Patrem
980 4465 1145 4520 quem
1195 4448 1389 4502 Filium
1446 4457 1501 4503 et
1556 4447 1821 4519 Spiritum
1878 4464 2009 4502 san-

403 4548 575 4597 ctum.
626 4541 876 4598 Carnium
906 4559 1062 4599 escas
1111 4558 1209 4613 pro
1237 4542 1538 4597 immundis
1565 4541 1841 4608 habebat;
1874 4558 2007 4598 con-

386 4630 578 4705 juges,
610 4630 756 4686 viros
796 4648 825 4685 a
859 4630 1176 4688 nolentibus
1206 4629 1445 4696 feminis,
1483 4628 1719 4685 feminas
1753 4646 1783 4684 a
1812 4630 2006 4685 nolen-

390 4721 544 4777 tibus
592 4722 725 4778 viris
752 4722 1078 4794 separabat;
1136 4719 1423 4793 opificium
1454 4722 1635 4778 omnis
1688 4706 1870 4777 carnis
1894 4736 2007 4777 non

395 4811 510 4867 Deo
542 4810 691 4867 bono
722 4818 777 4867 et
814 4827 968 4879 vero,
1024 4811 1123 4867 sed
1175 4811 1337 4866 malis
1385 4811 1597 4887 angelis
1652 4810 2005 4884 assignabat;

400 4904 613 4959 animas
663 4903 913 4973 ejusdem
971 4910 1178 4959 natura:
1237 4912 1293 4959 et
1336 4903 1679 4972 substantiae,
1731 4903 1891 4971 cujus
1927 4913 2011 4959 est

396 4994 564 5063 Deus,
624 5011 746 5051 esse
784 4994 1029 5062 dicebat,
1076 5003 1131 5051 et
1185 5011 1279 5050 eas
1331 4995 1399 5049 ad
1452 5008 1683 5069 agonem
1732 4995 2009 5064 quendam

391 5096 784 5159 spontaneum,
816 5104 929 5144 non
958 5098 1141 5144 tamen
1198 5087 1254 5142 in
1294 5086 1456 5142 terris
1481 5084 1871 5152 exercendum,
1913 5102 2012 5157 per

2122 1814 2355 1881 tellexit,
2389 1814 2776 1885 imperatorem
2803 1811 3098 1865 Maximum
3128 1809 3389 1881 appellat.
3424 1812 3459 1863 A
3493 1824 3604 1880 quo
3629 1823 3737 1863 au-

2121 1908 2269 1963 ditus
2296 1916 2351 1963 et
2397 1908 2718 1978 episc0patu
2749 1906 2962 1977 pulsus,
2993 1904 3243 1959 Treveris
3273 1903 3342 1958 ab
3372 1903 3577 1959 Evodio
3608 1918 3743 1975 pre—

2120 1996 2264 2053 fecto
2294 1996 2600 2067 ‘perimitur
2637 2012 2760 2051 cum
2816 1993 3005 2048 multis
3059 1992 3175 2048 suis
3226 1992 3580 2064 sequacibus,
3620 1991 3740 2046 edi—

2117 2100 2278 2147 cente
2306 2091 2657 2161 imperatore,
2700 2098 2761 2144 ut
2807 2089 2972 2157 hujus
3000 2096 3163 2144 sectm
3185 2087 3486 2158 complices
3515 2088 3572 2142 in
3605 2086 3736 2141 His-

2118 2180 2282 2251 pania
2332 2180 2753 2251 perimerentur.
2798 2178 3037 2232 ltachius
3074 2186 3128 2232 et
3186 2176 3427 2231 Ursatiu.
3480 2174 3735 2247 episcopi

2118 2278 2465 2324 accusatores
2497 2267 2821 2322 Priscilliani
2874 2266 3267 2321 communione
3319 2264 3585 2320 zecclesiae
3613 2263 3737 2335 pri-

2119 2367 2317 2416 vantur
2365 2358 2434 2414 ab
2466 2358 2765 2429 episcOpis,
2800 2357 2955 2413 nefas
2984 2373 3108 2413 esse
3159 2356 3497 2422 dicentibus,
3546 2356 3740 2424 cujus-

2118 2466 2338 2521 cunque
2391 2448 2542 2505 modi
2603 2448 2890 2503 hominem
2948 2446 3335 2518 episcoporum
3380 2445 3738 2502 accusatione

2118 2539 2326 2605 necari,
2383 2538 2618 2593 Maximo
2675 2538 3008 2608 imperatore
3044 2543 3099 2590 et
3144 2535 3425 2607 aliquibus
3456 2534 3740 2607 episcopis

2120 2627 2383 2682 Itachium
2444 2636 2503 2681 et
2554 2625 2826 2680 Ursatium
2879 2623 3331 2679 defendentibus.
3402 2624 3464 2678 Et
3508 2624 3612 2678 hac
3664 2623 3741 2678 de

2117 2738 2283 2777 causa
2304 2729 2526 2776 sanctus
2558 2720 2822 2776 Martinus
2866 2736 2897 2774 a
2942 2720 3172 2774 Maximo
3203 2719 3567 2786 molestatur,,
3603 2717 3739 2790 quia

2118 2814 2337 2869 nolebat
2380 2812 2786 2868 communicare
2846 2810 3156 2865 ltachianis.
3207 2810 3303 2864 Vix
3345 2816 3530 2864 tamen
3586 2809 3740 2865 obti-

2115 2902 2254 2965 nuit,
2280 2910 2338 2956 ut
2355 2900 2779 2956 Priscillianistae
2809 2914 2917 2953 non
2937 2898 3347 2954 occiderentur.
3382 2897 3582 2968 (Iliam,
3614 2902 3737 2954 Vita

2112 2997 2164 3048 S.
2219 2997 2302 3060 P.)
2332 2992 2499 3047 Paula
2529 2992 2713 3048 Roma:
2765 3005 3082 3061 preponens
3109 2988 3434 3057 Betlhleem,
3478 2989 3556 3045 ibi
3599 3006 3731 3046 cum

2114 3083 2227 3139 ﬁlia
2256 3083 2550 3139 Eustochio
2588 3082 2879 3137 ancillatur
2922 3080 3159 3149 Christo,
3192 3090 3249 3136 et
3276 3087 3467 3137 sancte
3492 3080 3736 3138 vivendo

2111 3174 2310 3229 multas
2339 3173 2407 3228 ad
2437 3171 2827 3227 emulationem
2859 3170 3171 3226 sanctitatis
3199 3170 3415 3226 incitat.

2183 3294 2305 3347 387.
2427 3294 2474 3345 1.
2599 3291 2648 3345 7.
2760 3291 2815 3344 2.
2940 3289 2991 3343 7.
3105 3288 3158 3344 7.
3269 3288 3321 3345 3.
3438 3291 3491 3346 1.
3599 3288 3657 3342 7.

2182 3404 2432 3475 (Paosp;
2485 3410 2547 3459 G.
2621 3403 2798 3473 Pent)
2877 3402 3107 3457 Siricius
3160 3402 3419 3457 Romanae
3473 3400 3735 3457 ecclesiae

2108 3498 2235 3554 3'1us
2283 3500 2327 3533 ¹²
2358 3498 2620 3570 presidet.
2654 3498 2749 3552 Hic
2779 3497 3081 3564 constituit,
3112 3496 3417 3552 hereticum
3449 3496 3739 3569 peniten-

2110 3596 2218 3643 tem
2267 3604 2366 3659 per
2396 3587 2809 3659 impositionem
2843 3604 3039 3641 manus
3086 3586 3445 3643 sacerdotalis
3485 3586 3553 3641 ab
3610 3602 3735 3641 tec-

2110 3677 2277 3732 clesia
2314 3692 2434 3732 esse
2475 3675 2878 3747 recipiendum.
2923 3676 3019 3731 Hic
3071 3676 3387 3731 Manichcos
3424 3677 3609 3733 Rome
3642 3676 3739 3732 in-

2109 3775 2309 3822 ventos
2356 3765 2642 3820 exsiliavit.
2677 3764 2998 3818 Ambrosius
3054 3765 3336 3837 episcOpis
3365 3765 3529 3821 ritum
3584 3767 3731 3821 anti-

2110 3858 2322 3927 phonas
2344 3857 2398 3910 in
2424 3855 2674 3910 aecclesia
2704 3855 2937 3910 canendi
2969 3855 3179 3926 primus
3209 3857 3278 3911 ad
3303 3856 3526 3913 Latinos
3551 3867 3739 3913 trans-

2106 3950 2228 4021 tulit
2258 3966 2287 4003 a
2319 3948 2524 4014 Grecis,
2576 3948 2723 4018 apud
2756 3964 2895 4019 quos
2939 3949 3029 4002 hic
3064 3948 3201 4003 ritus
3226 3949 3565 4019 jamdudum,
3600 3950 3735 4006 ino-

2106 4038 2332 4105 lcverat,
2384 4053 2451 4091 ex
2481 4036 2729 4091 instituto
2771 4036 2967 4111 Ignatii
3022 4038 3309 4092 Antioceni
3359 4038 3611 4110 episcopi
3671 4047 3734 4095 et

2107 4125 2482 4197 apostolorum
2532 4124 2814 4195 discipuli,
2856 4125 2949 4196 qui
2984 4141 3082 4196 per
3124 4126 3392 4181 visionem
3441 4127 3496 4180 in
3528 4126 3735 4183 celum

2112 4228 2320 4290 raptus,
2354 4219 2490 4273 vidit
2520 4226 2574 4273 et
2620 4219 2849 4285 audivit,
2901 4220 3182 4291 quomodo
3222 4220 3401 4292 angeli
3436 4236 3536 4291 per
3581 4221 3730 4276 auti-

2031 4309 2086 4378 D
2111 4311 2419 4382 phonarum
2471 4311 2967 4382 reciprocationem
2996 4327 3193 4382 ymnos
3241 4321 3446 4367 sanctae
3474 4311 3735 4367 Trinitati

2108 4388 2401 4458 canebant.
2429 4403 2624 4473 (Cass)
2652 4403 2843 4458 Franci
2875 4402 3192 4467 Quintinum
3233 4411 3289 4456 et
3318 4402 3586 4457 Eraclium
3620 4402 3739 4458 Ro-

2110 4512 2396 4551 manorum
2428 4494 2595 4551 duces
2633 4511 2756 4550 cum
2790 4494 3049 4550 omnibus
3082 4511 3240 4565 paene
3270 4494 3559 4565 suisjuxta
3605 4493 3736 4549 Tre-

2106 4588 2279 4643 vcrim
2325 4587 2529 4641 delent.
2568 4585 2811 4656 (Pnosr.)
2844 4587 2902 4640 ln
2934 4586 3141 4658 Egypto
3169 4585 3452 4641 Johannes
3484 4583 3733 4640 anacho-

2109 4676 2212 4732 rita
2236 4678 2539 4732 sanctitataa
2561 4685 2616 4732 et
2650 4676 2957 4748 preplietire
2988 4676 3184 4746 Spiritu
3210 4676 3400 4732 claret.

2180 4787 2305 4844 788.
2414 4787 2468 4843 2.
2579 4787 2632 4839 8.
2760 4786 2813 4841 3.
2880 4785 2988 4839 -8.
3100 4784 3152 4840 8.
3267 4786 3321 4840 4.
3433 4786 3487 4841 2.
3600 4785 3656 4841 8.

2178 4904 2416 4973 (Ριιοςρ.)
2449 4902 2686 4973 Corpora
2717 4901 2958 4957 Gervasii
3013 4907 3068 4957 et
3117 4901 3387 4957 Prothasii
3439 4901 3726 4956 martirum

2108 4993 2407 5049 Mediolani
2432 4993 2501 5048 ab
2553 4992 2841 5049 Ambrosio
2868 5000 3085 5065 reperta
3114 5000 3261 5049 sunt.
3294 4993 3508 5064 (leam)
3543 4991 3727 5049 Ostro-

2110 5086 2294 5158 gothis
2324 5091 2515 5161 regnat
2543 5084 3007 5141 Horismudannis
3030 5085 3264 5142 duobus.

1734 5202 1959 5258 VARIE
1998 5202 2379 5259 LECTIONES.

458 5304 504 5340 ⁸ο
532 5305 801 5362 Damasus
826 5334 895 5347 α·-
936 5304 1125 5359 Latine
1177 5306 1238 5358 in
1265 5317 1468 5357 rasura
1502 5303 1551 5357 1.
1613 5303 1808 5357 desunt
1836 5306 1938 5357 uni
1959 5303 2020 5356 A.

2105 5303 2143 5337 ¹¹
2177 5318 2207 5356 a
2231 5302 2437 5357 sanctis
2476 5331 2533 5342 -
2587 5301 2816 5357 Martino
2840 5304 2946 5372 Sig.
2976 5304 3163 5370 ipsein
3189 5314 3411 5370 rasura,
3440 5301 3531 5357 sed
3550 5302 3727 5357 eodem

390 5392 495 5447 quo
516 5379 725 5448 reliqua
767 5382 1104 5448 atramento,
1136 5377 1326 5448 igitur:
1340 5377 1556 5448 statim,
1586 5389 1757 5443 quum
1789 5379 1928 5428 totus
1956 5374 2117 5429 codex
2164 5375 2533 5441 conﬁceretur,
2560 5389 2669 5429 non
2698 5377 2844 5430 curis
2868 5373 3113 5429 secundis
3161 5376 3364 5443 scripta
3457 5372 3500 5407 ¹²
3524 5372 3722 5427 XXXVI

394 5442 449 5503 et
471 5452 551 5504 sic
571 5442 731 5519 parra
761 5447 819 5503 B.
851 5446 906 5501 C.
931 5445 991 5500 D.
1028 5442 1091 5501 Ε.
1115 5448 1189 5513 cf.
1216 5461 1270 5499 α.
1298 5442 1421 5500 399.

1939 5533 2153 5591 ΝΟΤᾸΞ.

452 5610 633 5680 (449⁸)
652 5608 731 5665 Cf.
763 5609 886 5665 Mon
938 5608 1100 5685 Legg.
1137 5608 1201 5675 ll,
1225 5607 1384 5676 2,33.
