3870 6060
296 253 357 310 71
1502 239 1844 301 SIGEBERTI
1893 242 2412 301 GEMBLACENSIS.
3552 239 3623 299 ’12

290 366 394 437 bre
413 382 535 451 ejus
566 378 858 445 interfecit,
900 393 1063 449 quem
1121 383 1245 432 octo
1296 377 1429 452 juga
1480 377 1652 432 boum
1676 376 1764 433 vix
1794 382 1903 430 tra—
1927 380 1981 448 Α
2007 382 2213 443 rentur,
2241 391 2406 432 oecus
2451 391 2553 447 per
2580 391 2679 433 eos
2704 374 3069 444 illuminatur,
3102 377 3315 445 dicens,
3374 391 3436 432 se
3488 376 3621 431 illuc
3664 362 3671 366 ’

300 476 431 530 here
456 479 750 545 potuerunt
804 471 872 525 ad
930 471 1287 526 cremandum
1331 487 1345 536 ;
1387 470 1444 524 in
1472 463 1729 540 Hispania
1768 469 1904 524 Oro-

296 570 412 624 sius
440 567 951 640 historiographus;
981 566 1037 621 in
1085 565 1373 636 Aquitania
1412 565 1668 631 Severus,
1701 565 1794 635 qui
1821 564 1906 619 vi-

296 666 407 712 tam
429 655 643 710 Martini
682 664 737 710 et
762 654 869 710 alia
911 655 1083 710 multa
1124 654 1370 724 scripsit,
1425 654 1518 726 qui
1549 654 1605 708 in
1623 662 1847 708 senecta
1875 669 1906 707 a

296 744 606 820 Pelagianis
633 742 1234 811 scductus,-silentium
1266 759 1443 815 usque
1463 743 1531 797 ad
1552 750 1784 798 mortem
1820 748 1907 796 te-

298 837 437 902 nuit,
488 834 722 891 tacendo
773 836 1077 911 corrigens,
1118 834 1263 906 quod
1313 835 1594 906 loquendo
1639 833 1903 905 peccavit.

300 930 374 1001 (ν.
405 929 633 998 Servat)
667 930 724 982 In
757 928 928 983 Gallia
966 927 1264 982 Severinus
1328 926 1729 1000 Agripinensis,
1782 926 1908 979 Ser—

297 1020 476 1075 vatius
515 1034 735 1090 quoque
765 1019 1013 1072 decimus
1063 1016 1540 1091 Tungrcusium16
1583 1015 1905 1087 episcopus,

299 1108 519 1163 Domini
550 1105 717 1161 nostri
754 1106 884 1161 Jesu
912 1104 1109 1159 Christi
1140 1105 1607 1179 consanguineus,
1670 1119 1779 1158 non
1819 1119 1908 1158 so—

300 1197 410 1252 lum
441 1213 505 1253 ex
535 1213 602 1252 eo
633 1197 780 1268 quod
800 1196 1139 1251 voluntatem
1174 1194 1270 1249 Dei
1328 1194 1498 1265 patris
1528 1192 1781 1255 faciebat,
1811 1193 1910 1248 sed

301 1284 464 1339 etiam
516 1283 820 1338 secundum
876 1298 1119 1337 carnem.
1166 1287 1311 1349 (Gen.
1361 1285 1549 1336 Servat
1574 1281 1696 1352 )Qui
1751 1288 1912 1336 natus

301 1375 524 1447 quidem
555 1374 614 1428 in
649 1373 874 1428 Perside
930 1372 1079 1428 filius
1134 1372 1237 1428 fuit
1288 1372 1526 1438 Emmiu,
1577 1372 1734 1443 cujus
1762 1379 1916 1444 pater

300 1467 403 1522 fuit
434 1466 591 1521 Eliud
616 1465 783 1520 frater
810 1464 1111 1532 Elisabeth,
1169 1478 1291 1536 quae
1350 1463 1568 1535 peperit
1604 1464 1914 1519 Johannem

301 1561 620 1633 baptistam.
644 1560 815 1614 Mater
862 1575 993 1615 vero
1019 1558 1180 1612 Eliud
1228 1567 1282 1614 et
1322 1559 1620 1627 Elisabeth,
1648 1558 1912 1623 Esmeria,

300 1665 458 1705 soror
484 1648 588 1704 fuit
616 1650 808 1715 Annae,
866 1663 989 1719 quae
1044 1647 1240 1721 genuit
1278 1648 1498 1702 Mariam
1550 1656 1780 1703 matrem
1814 1648 1914 1703 Do—
1968 1662 1976 1670 '

303 1756 462 1795 mlnl.
640 1792 643 1795 λ

373 1827 594 1884 40011.
655 1827 708 1886 3.
788 1827 844 1882 P.
899 1824 988 1881 20.
1066 1828 1121 1881 F.
1181 1828 1269 1885 15.
1346 1828 1405 1882 Β.
1462 1826 1555 1886 20.
1632 1825 1716 1882 W.
1749 1827 1840 1882 20.

757 1919 841 1973 W.
902 1919 957 1973 2.
1034 1918 1206 1983 0.10,
1285 1919 1347 1973 Η.
1380 1918 1469 1975 20.

376 2015 463 2086 (H.
489 2031 548 2069 m
575 2014 591 2084 )
621 2014 991 2069 Romanorum
1049 2013 1358 2084 provincias
1401 2014 1532 2069 hinc
1598 2013 1914 2085 Wisigothi,

304 2103 434 2157 inde
457 2103 595 2158 Huni
630 2091 870 2177 graviter
900 2102 1202 2157 incursant.
1263 2103 1448 2157 Romae
1478 2101 1758 2158 celebrato
1803 2103 1919 2173 gla-

304 2193 536 2248 diatorio
567 2193 721 2257 ludo,
751 2192 1084 2247 Telcmatius
1135 2193 1438 2247 monachus
1490 2193 1786 2261 increpans
1816 2206 1920 2262 po-

303 2280 492 2350 pulum
523 2280 785 2335 attentius
834 2281 1151 2350 spectaculo
1198 2280 1522 2347 inhiantem,
1581 2280 1856 2350 lapidatur
1887 2296 1919 2334 a

305 2370 530 2440 populo.
577 2370 732 2426 Unde
775 2369 1020 2426 oﬁ‘ensus
1062 2371 1335 2426 Honorius
1364 2371 1683 2443 imperator,
1716 2371 1919 2443 gladia-

305 2462 508 2516 torium
538 2462 729 2517 ludum
762 2462 946 2517 edicto
976 2478 1076 2518 suo
1106 2463 1514 2534 imperpetuum
1554 2463 1804 2519 removit.

377 2553 503 2607 401.
578 2555 638 2607 4.
718 2554 816 2608 21.
907 2555 990 2609 16.
1068 2556 1158 2610 16.
1241 2556 1330 2610 21.
1420 2556 1477 2610 3.
1566 2558 1655 2610 11.
1739 2557 1837 2610 21.

377 2643 745 2713 Imperatores
800 2642 978 2698 zelum
1011 2643 1182 2713 patris
1230 2643 1315 2697 sui
1372 2643 1664 2699 Theodosii
1723 2645 1916 2699 secuti.

301 2730 502 2800 jubent
530 2734 585 2786 in
616 2739 729 2788 toto
755 2733 890 2788 orbe
936 2734 1182 2789 Romano
1223 2736 1427 2806 templa
1488 2736 1759 2791 idolorum
1822 2737 1921 2792 de-

306 2823 464 2890 strui,
498 2824 848 2880 Hierouimus
887 2832 941 2880 et
971 2825 1199 2881 Rufinus
1230 2827 1598 2899 Aquileiensis
1628 2828 1918 2899 presbiter,

312 2924 432 2970 orta
465 2916 610 2970 inter
638 2932 697 2970 se
724 2916 1000 2972 simultate
1031 2934 1129 2989 pro
1185 2919 1570 2990 questionibus
1615 2919 1918 2990 scriptura-

311 3022 452 3072 rum,
488 3006 660 3062 libros
714 3007 1107 3063 invectivarum
1156 3009 1290 3064 satis
1327 3009 1553 3080 quidem
1611 3009 1917 3078 luculento,

306 3096 403 3150 sed
437 3096 602 3151 nimis
641 3098 886 3155 mordaci
915 3114 1172 3155 sermone
1227 3100 1283 3154 in
1315 3100 1632 3157 alterutrum
1663 3102 1916 3158 conscri-

307 3186 471 3242 bunt.

375 3279 506 3335 402.
588 3279 648 3337 5.
730 3281 826 3337 22.
913 3283 1002 3338 17.
1084 3283 1174 3337 22.
1249 3284 1347 3341 22.
1448 3286 1506 3340 4.
1599 3286 1676 3340 12.
1754 3286 1844 3341 22.

377 3368 614 3441 (Ριιοερ.)
646 3370 880 3425 Sanctus
910 3370 1175 3426 Martinus
1205 3374 1380 3428 aetatis
1411 3389 1557 3429 anno
1582 3374 1672 3441 81,
1701 3375 1920 3445 episco-

303 3467 468 3531 patus
488 3476 617 3517 vero
648 3462 719 3516 26
745 3461 885 3517 obiit
913 3462 1021 3518 hoc
1051 3480 1196 3520 anno
1223 3466 1532 3521 secundum
1565 3464 1921 3538 Prosperum',

305 3554 401 3626 qui
433 3556 644 3623 scribit,
678 3573 803 3612 eum
835 3556 1021 3613 obisse
1049 3575 1197 3614 anno
1235 3561 1293 3614 5°
1338 3561 1593 3616 Archadii
1644 3570 1699 3617 et
1738 3562 1922 3619 Hono-

304 3650 372 3704 rii
406 3651 613 3723 ;(Sr.v.)
642 3652 809 3706 immo
840 3653 1144 3708 secundum
1196 3656 1481 3719 Severum,
1515 3657 1606 3728 qui
1638 3657 1831 3713 scribit
1862 3658 1918 3712 in

306 3739 415 3793 vita
441 3740 562 3805 ejus
591 3740 757 3808 (150),
788 3755 913 3793 eum
959 3750 1084 3811 post
1119 3751 1349 3796 mortem
1400 3742 1725 3798 Priscilliani
1757 3744 1924 3799 sede-

308 3844 414 3882 Clm
460 3843 636 3882 annos
663 3844 883 3883 γιχιεεθ.

382 3918 505 3972 403.
599 3919 651 3971 6.
729 3918 826 3973 23.
918 3919 1005 3974 18.
1089 3920 1182 3974 23.
1266 3920 1362 3976 23.
1466 3921 1520 3975 5.
1603 3922 1685 3987 13,
1760 3922 1850 3977 23.

380 4010 456 4079 (V.
489 4007 693 4080 Ambr.)
720 4009 1041 4066 Ambrosius
1094 4010 1521 4066 Mediolanensis
1551 4012 1710 4079 obiit,
1761 4013 1918 4083 cujus

302 4100 468 4156 vitam
504 4099 763 4155 Paulinus
813 4100 1055 4156 Nolanus
1098 4102 1407 4173 episcopus
1435 4102 1503 4157 ad
1551 4104 1914 4177 Augustinum

310 4188 633 4259 episcOpum
674 4189 951 4243 describit.
1004 4191 1222 4260 (Pnosp.
1261 4209 1275 4245 :
1310 4191 1484 4263 Ioac.)
1526 4191 1622 4246 Hic
1661 4192 1920 4249 Paulinus

307 4279 454 4334 Nolae
486 4280 834 4351 postmodum
864 4280 1183 4352 episcopus,
1217 4297 1340 4336 cum
1364 4291 1510 4338 esset
1545 4283 1921 4339 innumerabi-

307 4373 440 4429 lium
483 4374 802 4445 prediorum
821 4376 1103 4443 dominus,
1144 4376 1479 4431 ammirabili
1508 4378 1762 4449 exemplo
1786 4396 1920 4435 ven-

306 4464 438 4519 ditis
465 4465 724 4520 omnibus
751 4466 1077 4539 religionem
1107 4467 1584 4539 elegitexpeditus
1617 4486 1631 4537 ;
1661 4470 1749 4525 cui
1767 4471 1923 4526 Tera-

305 4558 387 4611 sia
419 4574 483 4613 ex
524 4559 761 4634 conjuge
794 4576 952 4616 soror
1003 4560 1165 4630 facta,
1218 4569 1465 4634 aequatur
1495 4563 1671 4621 beatae
1692 4565 1815 4621 vitae
1847 4573 1924 4622 te-

305 4651 566 4708 stimonio
598 4659 652 4707 et
679 4654 895 4710 merito.
932 4655 1027 4711 ilic
1048 4672 1109 4712 se
1139 4657 1463 4728 episcOpum
1488 4672 1587 4728 pro
1618 4659 1835 4730 captivo
1866 4658 1923 4713 fi-

300 4738 376 4796 lio
408 4743 671 4812 pauperis
695 4742 875 4799 viduae
914 4745 971 4799 in
1003 4746 1329 4802 servitutem
1378 4747 1596 4803 barbari
1664 4749 1873 4805 addixit
1904 4768 1920 4819 ;

300 4833 398 4888 sed
435 4833 701 4892 divinitus
741 4837 992 4907 proditus
1040 4839 1166 4912 quis
1212 4849 1380 4906 esset,
1430 4842 1637 4897 multos
1671 4843 1922 4914 captivos

300 4919 545 4978 libertati
577 4925 815 4980 restituit
865 4926 950 4998 (II.
979 4929 1074 4998 γη.)
1135 4928 1247 4984 Hoc
1276 4937 1525 5002 tempore
1572 4930 1627 4985 in
1652 4931 1807 4987 Italia
1834 4932 1922 4988 Si-

298 5012 534 5081 sinnius,
567 5012 841 5069 Martirius
860 5021 914 5070 et
943 5015 1247 5072 Alexander
1276 5034 1305 5072 a
1351 5019 1657 5091 gentilibus
1680 5021 1922 5078 martiri-

300 5114 514 5165 zantur.
568 5109 808 5175 Quorum
849 5125 1081 5182 corpora
1134 5128 1256 5167 cum
1305 5113 1677 5172 Mediolanum
1735 5116 1922 5174 deier-

2008 485 2107 540 per
2128 469 2305 524 visum
2337 469 2609 524 directum
2631 484 2754 523 esse
2787 468 2855 522 ab
2887 468 3175 524 Ambrosio
3205 468 3490 540 episcopo,
3522 468 3621 524 di-

2007 566 2190 625 cente,
2223 572 2282 612 se
2321 557 2374 611 in
2418 559 2612 612 horum
2641 562 2937 628 martyrum
2989 558 3271 613 consortio
3293 557 3621 628 deputatum

2009 666 2129 706 esse
2169 650 2249 721 (H.
2304 651 2403 722 γη.)
2462 650 2653 707 Stilico
2711 667 2904 722 pacem
2952 649 3178 705 fratrum
3227 650 3623 721 imperatorum

2006 732 2373 795 interturbare
2401 739 2614 804 volens,
2652 739 2923 793 Alaricum
2976 754 3161 811 regem
3203 738 3501 795 Gothorum
3531 737 3622 793 fe-

2009 833 2083 888 cit
2106 833 2349 888 ordinari
2371 833 2694 907 magistrum
2721 832 2957 887 militum
2989 834 3141 901 (151)

2080 926 2203 980 404.
2318 926 2371 979 7.
2447 926 2538 980 24.
2619 925 2711 980 19.
2795 925 2884 979 24.
2961 925 3051 979 24.
3164 926 3198 981 6
3298 926 3382 980 14.
3458 925 3548 980 24.

2080 1017 2159 1086 (G.
2202 1016 2376 1088 Ροηι.)
2434 1017 2792 1072 Innocentius
2847 1017 3106 1072 Romana:
3168 1017 3437 1073 aecclesize
3496 1017 3627 1071 38“S

2011 1107 2255 1179 presidet
2300 1108 2362 1160 ‘7.
2424 1108 2520 1163 llic
2573 1107 2818 1163 decrevit
2859 1108 3011 1180 pacis
3041 1109 3288 1164 osculum
3336 1108 3402 1163 ad
3431 1107 3629 1162 missas

2012 1196 2149 1262 dari,
2181 1196 2412 1252 sabbato
2438 1196 2713 1265 jejunium
2742 1196 3037 1264 celebrari,
3066 1197 3190 1252 oleo
3221 1197 3289 1251 ad
3350 1213 3484 1251 usus
3539 1196 3632 1250 in-

2013 1285 2294 1341 ﬁrmorum
2345 1285 2415 1340 ab
2467 1286 2729 1357 episcopo
2787 1294 3109 1341 consecrato
3165 1286 3330 1341 licere
3376 1287 3456 1341 uti
3513 1302 3627 1342 non

2014 1376 2189 1430 solum
2219 1374 2562 1444 presbiteris,
2595 1375 2694 1430 sed
2715 1375 2973 1430 omnibus
3005 1375 3169 1431 etiam
3199 1375 3537 1442 christianis,
3568 1375 3627 1428 in

2015 1484 2172 1522 suam
2224 1483 2565 1540 suorumque
2607 1468 2993 1523 necessitatem
3038 1467 3360 1542 unguenda.
3405 1468 3626 1535 (Paosr.

2015 1558 2148 1611 Auo.
2186 1562 2258 1612 De
2307 1559 2491 1613 horres.
2549 1556 2662 1627 88.)
2693 1556 2750 1611 ln
2807 1557 3090 1613 Britannia
3139 1557 3396 1632 Pelagius
3415 1573 3632 1614 execra-

2013 1649 2108 1704 bili
2149 1650 2398 1706 doctrina
2460 1650 2751 1707 ecclesiam
2802 1651 2996 1707 Christi
3057 1653 3335 1708 maculare
3410 1653 3628 1719 nititur,

1938 1731 1991 1800 B
2014 1738 2225 1805 dicens,
2252 1739 2537 1794 hominem
2584 1739 2704 1794 sine
2734 1740 2910 1815 gratia
2935 1740 3032 1795 Dei
3083 1755 3252 1810 posse
3279 1740 3480 1795 salvari
3510 1739 3629 1795 suis

2016 1832 2230 1887 meritis
2259 1849 2732 1904 :unumquenquc
2773 1834 2842 1888 ad
2878 1834 3150 1902 justitiam
3184 1834 3404 1905 propria
3432 1834 3632 1889 volun-

2018 1926 2125 1975 tate
2148 1920 2262 1992 regi
2287 1937 2302 1985 ;
2324 1920 2562 1975 infantes
2601 1921 2721 1975 sine
2750 1928 2976 1992 peccato
3009 1922 3265 1996 originali
3313 1922 3487 1990 nasci,
3533 1923 3632 1977 sed

2020 2015 2130 2063 tam
2162 2010 2412 2065 insontes
2446 2026 2592 2077 esse,
2653 2026 2817 2081 quam
2870 2010 3062 2066 insons
3126 2010 3228 2066 fuit
3274 2012 3441 2066 Adam
3503 2019 3633 2066 ante

2021 2100 2546 2169 prevaricationem;
2588 2117 2693 2155 nec
2746 2102 2874 2157 ideo
2913 2102 3277 2173 baptizandos
3332 2119 3474 2170 esse,
3505 2111 3566 2159 ut
3600 2120 3632 2157 a

2021 2200 2247 2261 peccato
2273 2191 2572 2260 solvantur,
2599 2192 2696 2248 sed
2719 2202 2779 2248 ut
2806 2210 2907 2264 per
2935 2195 3292 2266 adOptionem
3326 2195 3380 2250 in
3398 2209 3629 2270 regnum

2020 2286 2118 2340 Dei
2173 2286 2590 2353 ammittantur;
2622 2287 2719 2357 qui
2779 2288 2881 2343 etsi
2930 2304 3041 2344 non
3099 2288 3466 2360 baptizentur,
3509 2305 3632 2344 esse

2018 2386 2203 2435 tamen
2243 2381 2325 2435 eis
2379 2388 2531 2436 extra
2582 2397 2812 2455 regnum
2866 2383 2963 2437 Dei
3014 2389 3276 2438 aeternam
3326 2393 3380 2439 et
3418 2384 3631 2439 beatam

2018 2471 2225 2537 vitam;
2253 2471 2423 2525 Adam
2468 2472 2645 2526 solum
2689 2487 2790 2528 suo
2820 2480 3047 2544 peccato
3097 2474 3272 2530 lesum
3300 2490 3448 2541 esse,
3483 2491 3635 2529 eum-

2020 2581 2130 2635 que
2167 2572 2439 2620 mortuum
2464 2582 2587 2621 esse
2619 2582 2727 2621 non
2746 2583 2813 2622 ex
2843 2567 3021 2639 culpa;
3046 2569 3265 2636 merito,
3298 2568 3397 2623 sed
3419 2585 3484 2624 ex
3498 2584 3635 2624 con-

2021 2653 2229 2709 ditione
2252 2662 2460 2709 naturae
2486 2672 2500 2722 ;
2523 2655 2618 2726 qui
2671 2657 2971 2711 moriturus
3001 2656 3216 2724 fuisset,
3274 2657 3488 2711 etiamsi
3521 2672 3634 2712 non

2022 2752 2321 2816 peccasset.
2377 2746 2603 2802 Dicebat
2653 2747 2840 2814 etiam,
2897 2747 3081 2803 irritas
3144 2764 3265 2803 esse
3320 2748 3636 2814 orationes,

2024 2852 2145 2907 quae
2173 2837 2397 2891 iiuntab
2421 2838 2696 2898 aecclesia.
2739 2838 2855 2893 sive
2878 2853 2976 2910 pro
3020 2837 3365 2907 infidelibus,
3389 2840 3506 2895 sive
3533 2856 3636 2910 pro

2022 2929 2302 2986 fidelibus.
2337 2932 2491 2988 Hunc
2515 2939 2568 2987 et
2595 2932 2897 2988 Caelestium
2953 2932 3304 2989 etJulianum
3332 2934 3638 3005 complices

2018 3022 2139 3089 ejus
2166 3021 2222 3076 In
2232 3023 2521 3078 nocentius
2534 3040 2675 3094 papa
2687 3023 2984 3078 damnavit:
3018 3024 3365 3080 Hieronimus
3388 3040 3634 3097 quoque,

2017 3110 2356 3183 Augustinus
2379 3118 2433 3167 et
2457 3111 2551 3166 alii
2599 3128 2696 3168 eos
2726 3120 2787 3167 ut
2823 3112 2951 3167 fidei
2982 3114 3168 3169 hostes
3190 3115 3357 3170 armis
3384 3114 3637 3170 veritatis

2020 3199 2435 3277 impugnabant.
2476 3202 2669 3275 iCASS.)
2702 3204 3007 3260 Orientales
3069 3205 3232 3261 etiam
3273 3206 3511 3279 graviter
3538 3221 3637 3261 ex-

2020 3290 2189 3363 agitat
2218 3298 2365 3346 mota
2410 3291 2478 3345 de
2506 3292 2619 3347 Deo
2636 3293 3066 3363 questio,utrum
3091 3295 3234 3349 Deus
3263 3295 3337 3350 sit
3364 3310 3563 3365 corpus
3580 3303 3639 3350 et

2027 3381 2323 3436 humanum
2354 3398 2539 3437 scema
2572 3383 2793 3452 habeat,
2840 3401 2909 3439 an
2969 3386 3039 3440 sit
3079 3386 3440 3456 incorporeus
3480 3395 3534 3441 et
3567 3387 3639 3441 ab

2024 3468 2266 3524 humano
2296 3478 2538 3526 scemate
2595 3473 2821 3527 omnino
2867 3472 3082 3528 alienus
3140 3491 3155 3541 ;
3202 3473 3641 3545 simplicioribus

2023 3561 2194 3617 Deum
2248 3577 2574 3635 corporeum
2639 3572 2694 3618 et
2758 3564 2862 3619 sub
2919 3566 3159 3621 humano
3209 3574 3451 3623 scemate
3512 3582 3639 3622 esse

2022 3652 2417 3719 astruentibus,
2438 3651 2560 3707 aliis
2579 3653 2683 3707 hoc
2702 3652 3141 3721 destruentibus,

2096 3743 2225 3799 405.
2308 3743 2341 3797 8
2448 3744 2545 3799 25.
2627 3744 2722 3800 20.
2806 3746 2901 3800 25.
2984 3746 3080 3802 25.
3167 3746 3216 3801 7.
3297 3746 3390 3803 15.
3472 3747 3563 3801 25.

2098 3833 2282 3888 Romae
2309 3832 2490 3887 Alexis
2549 3834 2916 3891 Romanorum
2965 3836 3298 3892 nobilissimi
3340 3837 3451 3892 vita
3471 3838 3642 3892 mira-

2027 3923 2154 3977 bilis
2201 3923 2477 3978 declarata
2516 3932 2600 3980 est
2656 3944 2671 3993 ;
2731 3928 2826 3998 qui
2882 3927 3059 3997 prima
3119 3928 3435 3999 nuptiarum
3476 3936 3640 3984 nocte

2018 4030 2276 4086 sponsam
2306 4016 2648 4088 relinquens,
2706 4035 2806 4089 pro
2860 4019 3072 4075 Christo
3128 4021 3515 4092 peregrinatus
3552 4027 3642 4076 est

2022 4123 2119 4177 per
2141 4107 2384 4162 sedecim
2415 4124 2613 4177 annos,
2645 4119 2701 4165 et
2731 4111 2949 4166 tandem
2982 4109 3129 4183 apud
3177 4113 3421 4168 Edissam
3463 4112 3638 4184 Syria:

2020 4201 2212 4256 urbem
2244 4202 2484 4274 imagine
2508 4210 2711 4259 sancta:
2741 4206 3024 4278 genitricis
3054 4206 3233 4261 Mariae
3273 4222 3401 4262 eum
3445 4206 3635 4261 divul-

1939 4303 2208 4402 Dgante,
2249 4295 2379 4349 inde
2402 4311 2624 4402 quoque
2665 4295 2826 4369 fugit,
2868 4304 2924 4351 et
2967 4297 3036 4351 ad
3086 4305 3303 4369 portum
3334 4298 3638 4397 Romanum

2023 4400 2133 4439 non
2181 4393 2379 4455 sponte
2422 4384 2706 4456 appulsus,
2738 4403 2768 4439 a
2800 4393 2955 4457 patre
2987 4402 3089 4443 suo
3147 4394 3209 4443 ut
3262 4403 3473 4459 pauper
3498 4387 3643 4443 exci-

2023 4477 2171 4548 pitur
2200 4477 2287 4549 (cf.
2321 4482 2448 4533 Ann
2476 4480 2606 4534 Leod
2621 4479 2648 4550 )
2675 4479 2868 4550 lbique
2926 4480 3063 4535 nulli
3112 4480 3367 4556 cognitus
3397 4480 3640 4536 sedecim

2026 4585 2204 4625 annos
2230 4585 2421 4645 agens,
2456 4577 2648 4627 tenore
2675 4572 2799 4628 vitae
2850 4587 2963 4627 suae
2995 4571 3052 4626 in
3084 4581 3234 4629 carta
3264 4573 3543 4644 descripto
3575 4574 3640 4639 η,

2024 4658 2187 4727 obiit,
2219 4667 2275 4715 et
2313 4660 2503 4716 divina
2553 4677 2690 4718 voce
2737 4662 3138 4731 manifestatus,
3190 4669 3358 4719 totam
3413 4664 3640 4719 Romam

2023 4757 2250 4822 stupore
2271 4759 2326 4808 et
2361 4753 2567 4827 gaudio
2606 4751 2808 4809 affecit.
2855 4753 2940 4825 (H.
2990 4758 3091 4823 γη.)
3138 4755 3423 4812 Iohannes
3461 4754 3642 4811 Crisa-

2022 4852 2234 4902 stomus
2288 4847 2613 4915 Eudoxiam,
2667 4863 2893 4904 uxorem
2949 4849 3206 4906 Archadii
3272 4847 3644 4923 imperatoris,

2022 4936 2340 5007 multosque
2371 4937 2721 4993 sacerdotum
2778 4936 3011 4994 infestos
3049 4939 3284 5006 habens,
3314 4938 3647 5010 episcopatu

2022 5027 2249 5098 pellitur
2292 5034 2349 5083 et
2403 5027 2675 5084 exiliatur.
2722 5027 2832 5084 Sed
2888 5029 3095 5101 populo
3151 5045 3250 5103 pro
3283 5030 3389 5087 hoc
3433 5027 3648 5086 tumul—

2023 5127 2235 5188 tuante,
2267 5127 2573 5179 revocatur.
2606 5122 2863 5180 Secundo
2885 5123 3188 5192 exsiliatur,
3211 5124 3311 5181 sed
3337 5128 3638 5181 terremotu

1657 5221 1880 5279 VARM'J
1907 5223 2291 5282 LECTIONES.

377 5321 424 5357 ¹⁶
464 5322 894 5397 Trungrensium
928 5324 976 5381 1.
1021 5322 1062 5359 ⁸⁷
1084 5326 1166 5380 ita
1198 5324 1248 5380 1.
1279 5340 1416 5382 corr.
1448 5341 1479 5382 θ
1499 5325 1791 5383 XXXVllll.
1822 5331 1921 5386 rell
1976 5331 2019 5367 ιε
2045 5331 2297 5403 descipto
2330 5333 2380 5386 1.

1874 5437 2086 5495 NO'UE.

373 5539 727 5620 llﬁQlAPgtins
753 5542 808 5598 in
852 5544 1078 5620 Dialogo
1114 5544 1183 5600 de
1229 5543 1351 5601 virt.
1384 5546 1559 5601 sancti
1605 5546 1758 5605 Mart.
1809 5549 1902 5617 lll,

308 5610 377 5665 15
406 5611 664 5670 IIIRSCH.

2087 5551 2229 5628 (I51)
2268 5552 2421 5628 [falso
2450 5572 2477 5628 ςΔ
2522 5554 2609 5611 his
2668 5555 2721 5611 id
2755 5552 2978 5622 factum,
3015 5556 3257 5628 primum
3291 5557 3361 5612 ab
3384 5557 3651 5624 Arcadio,

2006 5622 2212 5679 deinde
2241 5624 2309 5679 ab
2341 5625 2539 5683 Attalo.
