3868 6064
353 235 420 292 75
712 211 718 216 ’
1065 258 1067 260 -
1572 222 1912 278 SlGEBERTl
1955 213 2442 274 GEMBLACENSIS
2812 205 2815 208 ’
3011 189 3016 193 ’
3608 219 3676 279 7's

355 363 614 427 Honorio,
648 375 769 415 cum
797 356 867 413 ad
898 355 1098 411 Gallias
1127 353 1235 408 sibi
1281 351 1434 407 datas
1466 349 1738 416 tenderet,
1771 347 1960 403 Stilico
1988 351 2038 417 Α
2067 345 2178 407 ille,
2211 360 2374 418 quem
2407 344 2564 400 Gothi
2595 353 2755 418 capta
2802 347 2973 424 Roma
3026 348 3413 419 imperatorem
3461 350 3676 405 lndicro

353 455 476 526 ipso
518 458 706 506 sancto
737 448 827 503 die
883 447 1099 518 paschae
1147 461 1210 498 ex
1262 440 1559 514 improviso
1617 453 1789 510 super
1835 452 1961 492 eum

353 545 534 612 irruit,
566 550 620 598 et
659 542 837 613 primo
866 541 1074 608 impetu
1102 535 1293 600 vietor,
1335 540 1530 604 postea
1560 547 1591 584 a
1620 529 1809 585 Gothis
1841 535 1962 582 tur-

355 634 500 704 piter
552 631 788 686 vincitur
817 628 963 700 (:53)
1036 627 1118 697 (H.
1153 642 1208 679 ιη
1226 623 1251 694 )
1297 620 1579 676 Honorius
1603 618 1823 690 cognito
1853 615 1963 670 Sti-

353 723 591 778 liconem
623 733 746 775 esse
776 725 1052 774 tantorum
1092 715 1360 769 malorum
1405 712 1744 764 incentorem
1770 713 1824 761 et
1841 705 1965 761 vita:

351 829 465 869 suas
523 812 924 876 insidiatorem,
986 825 1108 863 eum
1168 823 1292 862 cum
1351 804 1466 860 ﬁlio
1523 803 1644 872 ejus
1699 799 1964 856 Euchario

353 901 558 958 occidit
592 901 758 971 (152).
793 899 991 971 (Jonn.)
1025 895 1268 950 Alaricus
1316 901 1474 964 rupto
1510 890 1715 947 foedere
1756 890 1962 944 Italiam

353 991 576 1062 repetit,
628 991 801 1060 ipsam
835 988 1060 1043 Romam
1115 985 1282 1056 capit,
1317 984 1372 1038 in
1404 982 1572 1037 multa
1627 981 1746 1034 loca
1773 979 1963 1033 incen-

354 1087 452 1153 dit,
485 1086 688 1141 multos
727 1083 940 1154 affligit,
981 1099 1009 1136 a
1042 1081 1312 1151 sanguine
1343 1086 1523 1134 tamen
1553 1086 1607 1131 et
1637 1075 1790 1130 caede
1817 1081 1962 1128 tem-

352 1185 525 1248 perat,
581 1183 636 1230 et
666 1175 734 1229 ad
786 1180 1098 1228 sanctorum
1158 1170 1349 1224 limina
1404 1166 1834 1241 confugentibus
1882 1163 1961 1216 in-

349 1267 538 1339 dulget
567 1266 740 1336 (155);
775 1263 930 1318 tertia
959 1262 1050 1315 die
1094 1269 1291 1331 sponte
1333 1259 1502 1312 Roma
1547 1255 1849 1329 egreditur,
1890 1251 1958 1306 ad

348 1357 591 1411 Siciliam
622 1370 875 1426 navngare
907 1351 1251 1407 contendens
1280 1347 1625 1420 naufragium
1654 1344 1876 1416 patitur,
1907 1349 1960 1396 et

351 1463 463 1502 non
526 1445 695 1499 multo
755 1449 874 1514 post
923 1441 1069 1512 apud
1126 1439 1476 1495 Consentiam
1535 1435 1730 1491 urbem
1781 1432 1962 1488 subita

351 1546 526 1594 morte
558 1537 899 1611 defungitur.
933 1535 1098 1605 Capta
1148 1541 1232 1588 est
1260 1539 1444 1586 autem
1479 1530 1648 1584 Roma
1701 1529 1735 1582 9
1766 1527 1964 1580 Kalen-

353 1632 452 1687 das
479 1626 786 1702 Septembr.
807 1643 953 1682 anno
979 1627 1116 1681 1164
1147 1625 1190 1658 ²⁰
1219 1623 1554 1679 conditionis
1585 1636 1699 1676 suae
1757 1621 1820 1689 (II
1860 1619 1962 1688 τη.)

279 1735 293 1747 ⁸
355 1723 449 1777 His
486 1722 686 1776 diebus
733 1719 878 1791 apud
925 1716 1159 1772 Africam
1213 1716 1266 1770 in
1315 1713 1555 1770 Uticensi
1609 1711 1768 1766 litore
1823 1709 1963 1763 dens

351 1815 606 1890 gygantis
645 1814 900 1867 inventus
929 1817 1014 1866 est
1058 1817 1165 1865 tam
1201 1809 1420 1883 ingens,
1449 1813 1509 1862 ut
1559 1805 1604 1860 si
1649 1803 1960 1858 minutatim

351 1911 407 1964 in
439 1909 701 1965 modulos
733 1914 1041 1963 nostrorum
1087 1905 1332 1959 dentium
1387 1901 1790 1967 concideretur,
1821 1914 1962 1954 cen-

352 2009 465 2056 tum
506 2000 703 2054 dentes
733 1998 862 2052 inde
911 1995 1027 2050 fieri
1061 2000 1287 2066 possent
1321 1994 1386 2047 ’1.
1421 1992 1607 2060 (Gneo.
1636 1991 1786 2063 Tua.)
1822 1991 1962 2044 lnte-

350 2094 451 2148 rim
508 2091 790 2147 Wandalis
831 2091 1027 2145 iterum
1097 2088 1296 2143 Gallias
1361 2085 1771 2140 incursantibus
1831 2099 1959 2137 con-

348 2182 521 2253 gressi
562 2180 775 2246 Franci,
807 2176 1181 2252 Modigisilum
1222 2191 1431 2249 regem,
1477 2189 1599 2228 cum
1636 2170 1709 2226 20
1736 2168 1959 2224 milibus

351 2274 747 2333 Wandalorum
797 2271 1156 2344 extinguunt:
1189 2275 1246 2323 et
1301 2281 1559 2337 suprema
1594 2263 1733 2320 forte
1781 2263 1958 2317 inter-

351 2369 511 2425 necio
535 2366 927 2422 Wandalorum
985 2362 1198 2428 fuisset,
1230 2360 1336 2415 nisi
1369 2357 1597 2429 reliquis
1635 2372 1824 2411 eorum
1861 2371 1960 2410 seu

350 2458 644 2513 Alanorum
701 2454 1069 2525 Resplendiat'
1095 2450 1346 2506 subsidio
1401 2448 1663 2504 venisset.
1717 2446 1960 2514 (Pnosr.,

353 2547 533 2615 Cana.)
611 2545 990 2599 Britannorum
1049 2541 1195 2597 vires
1257 2556 1320 2595 ac
1398 2544 1722 2609 tempestate
1778 2535 1964 2590 nimiis

351 2635 590 2690 hostium
659 2630 1058 2702 irruptionibus
1112 2628 1277 2683 nimis
1333 2634 1490 2682 erant
1539 2632 1858 2690 attenuatu;
1910 2631 1964 2679 et

349 2724 481 2796 quia
527 2739 558 2778 a
589 2720 852 2777 Romanis
897 2717 1146 2790 undique
1205 2716 1349 2771 bello
1382 2714 1763 2771 laborantibus
1825 2711 1964 2766 nihil

346 2815 577 2871 subsidii
629 2814 832 2869 habere
885 2821 1160 2882 poterant,
1195 2811 1529 2866 subtrahunt
1566 2824 1624 2863 se
1668 2809 1736 2862 ab
1769 2823 1962 2862 eorum

347 2908 744 2972 dominatione,
779 2913 833 2960 et
865 2921 962 2975 per
1002 2919 1177 2959 annos
1207 2904 1424 2959 circiter
1448 2903 1516 2958 67
1558 2900 1790 2956 multum
1815 2899 1961 2953 mul-

2065 442 2334 500 creatum,
2398 451 2507 490 uno
2561 435 2652 490 die
2709 421 2980 506 imperiali
3049 445 3291 492 scemate
3353 439 3676 509 procedere,

2066 523 2302 578 crastino
2332 530 2514 578 autem
2547 540 2672 580 sero
2707 532 2947 581 scemate
3007 526 3112 580 sibi
3164 527 3475 582 ministrare
3521 528 3678 583 fece-

2067 623 2222 679 runt;
2257 614 2363 678 hic,
2398 615 2644 686 inquam,
2682 633 2793 672 non
2838 617 2948 688 jam
2977 617 3213 685 ludicro,
3269 619 3365 673 sed
3395 619 3542 674 serio
3575 619 3680 673 im-

2069 723 2261 778 perare
2291 705 2581 762 affectans:
2625 709 2680 763 hi
2710 725 2927 777 omnes,
2957 717 3016 764 ut
3058 711 3430 782 tyrrannidem
3460 711 3675 767 invase-

2067 807 2214 869 runt,
2244 802 2478 857 diversis
2507 803 2661 869 locis,
2692 804 2928 858 diversis
2956 805 3315 876 temporibus,
3347 822 3377 860 a
3410 805 3675 861 militibus

2069 893 2288 949 Honorii
2313 894 2456 964 capti
2495 902 2588 950 aut
2617 895 2842 950 extincti
2871 896 3176 966 perierunt.

2229 985 2353 1042 415.
2428 987 2481 1042 5.
2558 987 2610 1041 7.
2689 985 2778 1042 30.
2853 988 2907 1041 2.
2983 987 3036 1043 2.
3111 989 3167 1043 2.
3244 988 3333 1042 25.
3413 987 3501 1044 33.

2137 1079 2376 1145 (GENNAD
2404 1078 2420 1148 )
2451 1077 2716 1132 Maximus
2758 1078 3080 1133 Turinensis
3131 1079 3426 1149 episcopus
3479 1078 3672 1145 claret,

2060 1173 2153 1244 qui
2187 1174 2240 1227 in
2265 1173 2484 1227 omeliis
2505 1172 2905 1243 componendis
2922 1179 2976 1228 et
3003 1173 3058 1227 in
3081 1173 3331 1229 zecclesia
3359 1173 3677 1228 declaman-

2061 1265 2145 1318 dis
2173 1264 2383 1318 studuit
2411 1263 2712 1334 eleganter.
2771 1263 3042 1334 Hispaniae
3082 1263 3469 1318 Wandalorum
3503 1262 3670 1329 ferro,

2061 1352 2226 1419 fame,
2258 1351 2590 1423 pestilentia,
2614 1352 2886 1407 morsibus
2914 1352 3211 1407 bestiarum
3243 1353 3483 1427 graviter
3511 1352 3673 1407 labo-

2064 1451 2204 1497 rant.
2267 1441 2458 1512 (lose)
2495 1441 2741 1496 Valentia
2796 1442 3089 1496 Galliarum
3155 1442 3346 1497 civitas
3403 1458 3431 1496 a
3485 1442 3675 1497 Gothis

2065 1541 2222 1605 capta
2267 1544 2370 1589 est.
2433 1534 2668 1605 (Paosr)
2733 1534 3228 1589 Predestinatorum
3289 1534 3498 1589 heresis
3572 1534 3675 1588 hoc

1993 1661 2038 1726 Β
2066 1630 2312 1726 tempore
2341 1624 2508 1726 caspit
2533 1639 2757 1726 serpere
2779 1642 2793 1690 ;
2815 1625 2908 1721 qui
2935 1624 3060 1679 ideo
3077 1623 3442 1726 Flredestinati
3471 1639 3677 1726 vocan-

2068 1718 2172 1775 tur,
2213 1712 2343 1784 quia
2369 1713 2438 1766 de
2481 1712 2951 1784 predestinatione
2987 1721 3042 1766 et
3071 1712 3257 1767 divina
3283 1713 3457 1787 gratia
3483 1713 3674 1782 dispu-

2065 1811 2242 1858 tantes
2283 1805 2626 1872 asserebant,
2683 1806 2831 1876 quod
2869 1821 2972 1860 nec
3011 1805 3100 1876 pie
3144 1805 3456 1860 viventibus
3503 1805 3677 1876 prosit

2067 1892 2335 1948 bonorum
2383 1910 2613 1964 cperum
2647 1895 2818 1956 labor,
2852 1895 2897 1948 si
2952 1911 2982 1949 a
3013 1896 3123 1950 Deo
3171 1894 3238 1948 ad
3270 1904 3499 1950 mortem
3549 1910 3675 1965 pre-

2067 1981 2323 2037 destinati
2352 1981 2591 2046 fuerint;
2624 1998 2728 2037 nec
2751 1982 2935 2054 impiis
2961 1984 3124 2051 obsit,
3155 1984 3300 2055 quod
3333 1985 3580 2056 improbe
3597 1985 3681 2038 vi-

2064 2079 2211 2136 vant,
2240 2070 2284 2124 si
2335 2087 2367 2124 a
2405 2071 2514 2125 Deo
2554 2070 2760 2125 fuerint
2790 2072 3150 2141 predestinati
3193 2073 3261 2128 ad
3310 2073 3497 2129 vitam.
3548 2074 3678 2139 Quae

2060 2162 2293 2217 assertio
2323 2169 2376 2216 et
2407 2161 2586 2218 bonos
2637 2179 2666 2217 a
2721 2163 2883 2218 bonis
2939 2164 3226 2232 avocabat,
3274 2173 3329 2220 et
3380 2167 3553 2222 malos
3605 2168 3674 2220 ad

2062 2255 2201 2309 mala
2235 2257 2584 2326 provocabat.
2632 2258 2703 2327 (ΙΙ)
2731 2260 2750 2326 )
2784 2258 2906 2313 Haec
2952 2259 3165 2314 heresis
3193 2275 3257 2313 ex
3305 2259 3461 2314 libris
3490 2261 3678 2335 Augu-

2061 2342 2190 2398 stini
2219 2344 2362 2398 male
2386 2344 2680 2400 intellectis
2707 2345 2923 2401 initium
2951 2347 3253 2418 sumpsisse
3284 2347 3503 2403 dicitur.

2228 2434 2351 2490 416.
2427 2436 2482 2490 6.
2559 2435 2614 2492 8.
2690 2437 2751 2491 31
2857 2437 2906 2492 3.
2986 2436 3037 2492 3.
3117 2438 3167 2492 3.
3246 2439 3335 2492 26.
3414 2438 3502 2494 36.

2135 2531 2212 2597 (Η.
2240 2530 2341 2601 m.)
2371 2530 2639 2585 Honorius
2669 2529 2969 2600 imperator
3006 2530 3203 2601 sopitis
3250 2530 3305 2584 in
3353 2530 3528 2585 Africa
3580 2531 3679 2586 he-

2066 2620 2268 2687 reticis,
2301 2637 2491 2692 pacem
2528 2621 2708 2676 reddit
2733 2622 3021 2678 (ecclesiis.
3052 2623 3342 2693 Perempto
3368 2638 3398 2676 a
3419 2623 3532 2677 suis
3561 2625 3680 2678 Ata-

2066 2711 2216 2766 nulfo
2256 2712 2692 2786 Wisigothorum
2760 2729 2910 2784 rege,
2968 2712 3246 2787 Sigericus
3293 2721 3484 2786 regnat
3531 2730 3680 2769 anno

2064 2821 2195 2860 uno.
2241 2805 2435 2876 (Cass)
2499 2806 2709 2860 Judeus
2767 2806 2991 2877 quidam
3049 2822 3169 2860 cum
3229 2817 3460 2877 questus
3511 2825 3678 2863 causa

2064 2909 2214 2963 saape
2283 2893 2338 2947 in
2388 2893 2574 2948 multis
2619 2895 2982 2949 hereticorum
3050 2894 3320 2949 mcclesiis
3365 2894 3681 2966 baptizatus

346 2999 416 3055 tis
471 2995 873 3053 calamitatibus
907 2994 1314 3049 laboraverunt.
1384 2993 1666 3048 Wandalis
1697 2999 1819 3063 post
1848 2991 1961 3045 Mo-
1991 2986 2280 3103 Cfuisset,
2337 2988 2490 3041 venit
2529 2987 2693 3042 etiam
2743 2987 2811 3042 ad
2870 2986 3172 3042 aecclesiam
3220 2988 3678 3050 orthodoxorum.

365 3089 398 3103 ι·
445 3089 454 3100 ι
495 3088 527 3103 οι
649 3087 694 3103 ιιι
755 3087 789 3103 ι·
836 3087 846 3096 ο
887 3083 1116 3103 quor.--
1147 3085 1179 3103 η
1213 3101 1254 3103 ,-
1279 3085 1329 3103 j-
1357 3083 1750 3103 ,9-____-.__-__:.
1774 3083 1823 3103 ξ--
1844 3082 1932 3103 112-
2061 3077 2159 3103 η-ειι
2197 3078 2384 3103 ..ΑᾹΑΜ
2413 3078 2717 3103 Σηιλκιίλκη
2751 3078 3114 3103 μλλιε-,κληη
3168 3080 3223 3103 DA
3259 3096 3372 3103 --μμ
3407 3081 3672 3103 L-.-‘:___:

347 3088 624 3162 digisilum
649 3086 964 3160 Modigisilii
979 3083 1124 3140 filius
1145 3085 1489 3139 Gundericus
1508 3083 1756 3155 regnavit
1774 3083 1828 3136 in
1844 3082 1959 3136 His-

348 3179 516 3250 punia
545 3178 706 3233 annis
734 3177 818 3232 16.
850 3176 1280 3248 Wisigothorum
1306 3173 1500 3228 tertius
1524 3172 1771 3246 regnavit
1800 3173 1960 3226 Atha-

349 3267 534 3323 nulfus
560 3267 720 3321 annis
749 3267 782 3322 3
832 3265 1043 3337 [Franci
1073 3279 1227 3334 saepe
1250 3263 1450 3317 Gallias
1480 3262 1842 3328 incessentes,
1876 3261 1962 3315 di-

348 3363 557 3435 ripiunt
589 3361 788 3433 prima,
819 3370 875 3416 et
903 3359 1149 3415 secunda
1179 3359 1486 3427 irruptione
1529 3357 1835 3412 incendunt
1865 3373 1961 3410 ur-

353 3457 476 3510 bem
516 3454 812 3518 Treverim,
857 3469 1019 3525 quam
1069 3451 1316 3507 condidit
1354 3452 1578 3516 Treber,
1639 3450 1786 3505 filius
1841 3448 1962 3504 Nini

355 3547 688 3602 Assiriorum
722 3545 887 3619 regis,
921 3544 1185 3618 profugus
1223 3543 1412 3599 aiacie
1441 3558 1690 3598 noverca
1721 3557 1835 3596 suae
1861 3541 1964 3594 Se-

357 3635 796 3701 miramidis,eta
821 3649 921 3690 suo
935 3633 1158 3690 nomine
1182 3632 1460 3688 Treberim
1487 3631 1920 3688 denominavit”
1946 3628 1962 3699 ]

461 3726 585 3780 414.
668 3724 727 3778 [ι.
777 3725 828 3776 4.
909 3723 965 3776 Ρ.
1023 3723 1077 3778 6.
1157 3723 1212 3776 F.
1265 3722 1355 3776 29.
1437 3722 1492 3774 Β.
1549 3723 1597 3775 1.
1677 3719 1760 3775 W.
1805 3721 1855 3774 1.

791 3811 872 3865 W.
925 3813 968 3865 1.
1049 3810 1108 3865 Ο.
1157 3811 1246 3862 24.
1327 3810 1388 3862 ll.
1433 3809 1515 3863 34.

425 3902 509 3973 (Η.
541 3919 598 3956 m
626 3902 642 3971 )
695 3898 1023 3955 Athanulfus
1052 3899 1276 3952 Romam
1306 3898 1486 3963 redit;
1517 3897 1664 3967 quod
1693 3895 1963 3966 reliquum

353 4005 472 4051 erat
498 3995 744 4060 abradit;
788 3995 932 4049 inter
956 4000 1185 4048 caeteros
1215 3992 1512 4047 Placidiam
1545 4005 1961 4062 quoque,soro-

355 4102 470 4142 rem
495 4084 719 4141 Honorii
745 4083 1115 4156 imperatoris,
1148 4082 1419 4154 captivam
1451 4081 1698 4149 abducit,
1730 4096 1963 4151 eamque

2061 3077 2162 3132 sub
2194 3078 2388 3132 eadem
2413 3078 2720 3133 intentione
2751 3078 3135 3149 baptizandus.
3166 3080 3376 3136 Etcum
3407 3081 3674 3151 baptizari

2063 3166 2316 3234 deberet,
2385 3183 2525 3238 aqua
2579 3166 2744 3222 fontis
2792 3166 2974 3222 subito
3021 3168 3319 3240 disparuit;
3367 3176 3422 3224 et
3478 3170 3676 3225 iterum

2063 3269 2228 3332 atque
2260 3261 2456 3316 iterum
2489 3278 2633 3334 aqua
2665 3262 2978 3334 disparens,
3020 3262 3278 3319 virtutem
3301 3264 3396 3318 Dei
3425 3270 3479 3318 et
3517 3264 3680 3320 Judci

2066 3348 2360 3444 perfidiam
2385 3351 2644 3406 ostendit.

2234 3445 2359 3500 417.
2437 3445 2469 3498 7
2568 3444 2603 3500 9
2699 3446 2788 3500 32.
2864 3445 2918 3500 4.
2995 3447 3048 3499 4.
3127 3446 3181 3500 4.
3255 3445 3344 3501 27.
3422 3444 3509 3501 37.

2139 3540 2229 3606 (Il.
2268 3543 2402 3592 Pont
2429 3539 2441 3610 )
2470 3538 2716 3594 Zosimus
2747 3538 3004 3593 Romana
3035 3537 3300 3593 mcclesiaa
3348 3538 3476 3592 39'm
3508 3539 3685 3609 presi-

2069 3633 2162 3687 det
2186 3634 2250 3689 ’3.
2273 3633 2368 3688 Hic
2399 3632 3110 3689 decrevitcereumsabbato
3131 3639 3318 3688 sancto
3339 3633 3555 3704 pascha
3587 3650 3687 3704 per

2067 3723 2344 3777 ascclesias
2374 3723 2651 3777 benedici.
2676 3723 2800 3792 (ISID
2827 3726 2846 3790 )
2878 3723 3214 3794 Peremptoa
3245 3721 3566 3795 Wisigothis
3594 3722 3686 3775 Si—

2066 3813 2272 3883 gerieo,
2307 3821 2499 3888 regnat
2533 3814 2728 3868 Wallia
2756 3815 2915 3868 annis
2935 3815 3005 3868 22
3036 3814 3203 3883 (156).
3236 3814 3514 3884 (ΜΑιυΑΝ.)
3545 3815 3682 3879 Qui-

2066 3904 2191 3958 dam
2223 3904 2595 3960 occidentales
2618 3905 2810 3960 ultimo
2834 3921 2980 3960 anno
3007 3905 3145 3977 cycli
3175 3905 3684 3962 deeennovennalis

2067 4012 2166 4066 pro
2207 3997 2534 4052 embolismo
2557 4013 2906 4052 communem
2942 4014 3145 4053 annum
3184 4008 3455 4067 tenentes,
3485 4016 3548 4054 ac
3581 4017 3682 4068 per

2069 4091 2173 4145 hoc
2203 4090 2259 4144 in
2308 4092 2513 4162 pascha
2543 4092 2880 4148 celebrando
2911 4091 3253 4159 aberrantes,
3287 4094 3474 4149 divino
3510 4093 3677 4148 mira-

354 4179 458 4236 sibi
489 4195 714 4236 uxorem
745 4178 916 4233 ducit.
949 4177 1068 4248 (Ib)
1102 4177 1373 4233 Honorius
1403 4177 1723 4247 imperator,
1757 4174 1962 4246 (μιὶειίη
2065 4185 2188 4240 culo
2245 4185 2311 4238 ad
2366 4186 2651 4240 veritatem
2685 4193 3028 4242 revocantur.
3066 4188 3123 4241 ln
3174 4204 3283 4242 una
3329 4188 3475 4243 enim
3509 4188 3680 4242 [taliae

356 4274 464 4330 Deo
484 4271 728 4345 speravit
749 4269 944 4326 affectu
972 4269 1196 4340 optimae
1228 4268 1535 4343 religionis,
1567 4267 2031 4347 liberaviteumn
2063 4274 2331 4342 aeeelesia,
2387 4274 2479 4328 ubi
2553 4275 2833 4329 annuatim
2911 4275 3142 4331 sabbato
3199 4282 3386 4332 sancto
3433 4276 3676 4347 paschm,

355 4367 496 4422 Deus
523 4382 555 4421 a
582 4365 766 4420 multis
791 4364 847 4417 in
879 4379 936 4417 se
968 4363 1217 4434 undique
1248 4359 1664 4436 insurgentibus
1690 4358 1956 4430 tyrannis.
1977 4358 2034 4394 υ
2066 4365 2196 4420 hora
2226 4366 2565 4437 baptizandi,
2597 4367 2810 4422 solebat
2863 4383 3004 4438 aqua
3033 4367 3300 4423 divinitus
3344 4384 3565 4422 manare
3624 4375 3681 4423 et

352 4458 554 4528 (Joan)
586 4457 869 4530 Siquidem
897 4455 951 4509 in
986 4454 1279 4510 Britanniis
1321 4455 1625 4519 Gratianus,
1677 4453 1732 4507 in
1773 4452 1961 4507 Galliis
2061 4454 2242 4508 statim
2274 4471 2340 4508 ex
2363 4471 2484 4510 sese
2511 4455 2715 4523 redire,
2749 4456 2901 4511 nullo
2933 4455 3260 4511 deductorio
3316 4456 3536 4527 penitus
3567 4475 3675 4528 ap-

354 4547 738 4602 Constantinus
790 4552 844 4601 et
887 4545 1151 4601 Constans
1198 4543 1345 4599 filius
1409 4546 1531 4612 ejus
1581 4559 1645 4597 ex
1688 4544 1960 4598 monacho
2063 4557 2318 4618 parente;
2353 4565 2500 4604 nunc
2529 4550 3022 4620 temperiusjusto,
3075 4549 3128 4604 id
3160 4558 3242 4605 est
3271 4551 3304 4605 8
3335 4551 3449 4608 Kal.
3480 4552 3673 4622 April.,

351 4655 524 4694 caesar
562 4639 754 4706 factus,
801 4640 932 4693 item
960 4645 1081 4710 post
1120 4653 1218 4694 eos
1249 4637 1304 4691 in
1359 4637 1526 4691 Gallis
1576 4635 1868 4712 Gerontius
1905 4642 1962 4690 et
2062 4640 2266 4709 pascha
2314 4640 2676 4707 celebrantes,
2745 4657 2888 4712 aqua
2950 4657 3060 4696 non
3108 4658 3372 4697 emanans
3415 4653 3676 4714 expecta-

351 4730 635 4798 Maximus,
689 4731 961 4786 Salustius
1007 4731 1259 4797 Iovinus,
1312 4729 1707 4793 Sebastianus;
1767 4727 1954 4797 (lnam)
2063 4733 2213 4788 tione
2244 4734 2410 4789 totius
2441 4734 2552 4789 diei
2594 4751 2656 4789 ac
2716 4734 2894 4790 noctis
2923 4733 3152 4801 fefellit;
3212 4736 3459 4810 legitima
3489 4743 3672 4792 autem

350 4822 406 4876 in
453 4822 628 4878 Africa
674 4822 1022 4889 Eraclianus;
1084 4823 1267 4878 Romae
1333 4820 1608 4876 Tertullus
1642 4827 1696 4876 et
1749 4821 1959 4877 Attalus
2059 4824 2148 4879 die
2178 4826 2394 4896 pascha
2446 4827 2581 4882 hora
2624 4825 2942 4898 baptizandi
2998 4843 3140 4898 aqua
3174 4827 3334 4884 solito
3386 4845 3673 4897 emanans,

1679 4919 1760 4974 VA
1772 4920 1902 4975 RUE
1943 4921 2326 4979 LECTIONES.

417 5021 464 5056 ²⁰
482 5021 644 5091 Sijeb.
670 5020 1175 5096 scriip§ern_t._iCLG_l
1206 5021 1284 5086 ll;
1311 5019 1399 5096 sed
1423 5017 1494 5096 L._
1504 5023 1628 5089 jam
1655 5034 1872 5074 erasum
1897 5020 2224 5096 esQlCXIlll
2256 5021 2412 5076 habet
2432 5021 2525 5078 F3.
2558 5037 2704 5096 anno
2733 5020 2817 5076 lll.-
2840 5020 2895 5076 Ο.
2928 5021 3352 5096 quadragesimo
3378 5031 3574 5096 quarto
3600 5025 3671 5090 A;

342 5090 545 5164 reliqui
562 5108 743 5148 omnes
776 5090 1041 5148 lCLXllll.
1121 5093 1162 5164 ²ί¹
1197 5090 1529 5164 conditionis
1578 5120 1648 5129 —
1687 5098 1914 5164 possent
1948 5091 2118 5162 Sigeb.
2148 5096 2208 5147 in
2242 5096 2491 5164 margine
2541 5095 2790 5160 inferiori
2823 5090 2969 5148 curis
3000 5090 3243 5149 securidz’s
3273 5090 3441 5150 addit.
3519 5095 3564 5128 ²²
3596 5099 3672 5149 ita

343 5170 404 5247 ia
431 5161 654 5248 fassam
674 5167 763 5245 1v.
814 5166 928 5245 rell.
965 5163 1159 5248 Franci.
1193 5179 1238 5242 s_.
1271 5161 1330 5214 G.
1368 5162 1714 5248 incursantes
1746 5162 1800 5215 d.
1832 5179 1884 5231 p.
1915 5161 2106 5248 θέης).
2142 5163 2178 5216 i.
2218 5179 2271 5218 u.
2310 5163 2524 5248 T.|quaa
2549 5165 2633 5248 sic
2659 5165 2804 5248 dicta
2835 5171 2917 5218 est
2950 5165 3018 5218 ab
3045 5166 3524 5248 auctore_'_l‘rebeta
3551 5167 3668 5248 pri-

347 5237 511 5310 vigno
529 5235 858 5310 Semiramis
886 5235 1070 5290 uxoris
1091 5233 1258 5310 Nini;
1291 5249 1322 5288 a
1347 5249 1453 5304 qua
1455 5239 1598 5310 _pos_t
1623 5232 1908 5310 decessum
1941 5234 2063 5310 Nini
2098 5249 2272 5310 regno
2294 5232 2486 5310 pulsus
2509 5252 2523 5298 ;
2549 5235 2690 5310 hanc
2717 5236 2906 5290 urbem
2935 5251 3104 5304 super
3130 5236 3405 5290 Mosellam
3440 5232 3666 5310 fluvium

343 5304 610 5374 condidit,
645 5322 848 5432 vacans
887 5323 1008 5361 eam
1059 5305 1285 5361 nemine
1325 5319 1424 5359 suo
1454 5304 1732 5360 Treberim
1786 5321 1929 5360 unus
1958 5306 2039 5371 A;
2091 5304 2201 5361 haec
2245 5308 2411 5374 igitur
2452 5307 2754 5375 Sigebertus
2792 5310 2968 5376 primo
3010 5309 3314 5376 scripserat.
3366 5311 3447 5362 ita
3497 5309 3552 5363 .1.
3609 5313 3668 5362 in

343 5393 586 5432 rassura.
618 5394 676 5432 re
722 5420 734 5432 .

341 5393 586 5446 rassura,
618 5393 734 5434 νεα.

1899 5445 2091 5503 NOTAE

2044 5547 2518 5623 {139U'l‘hegderici
2558 5564 2740 5623 annos
2809 5547 3052 5602 hauserit
3119 5549 3465 5623 Sigebertus,
3498 5622 3504 5623 ί
3537 5565 3662 5606 cum

2047 5619 2251 5674 ldalius
2295 5619 2502 5674 Walliae
2549 5620 2584 5674 2
2641 5627 2848 5674 tantum
2890 5634 3066 5675 annos
3108 5619 3368 5689 ascribat,
3402 5622 3649 5677 Isidorus

2047 5699 2175 5745 tres.
2212 5690 2312 5744 Pro
2342 5698 2532 5748 nostro
2561 5690 2818 5747 Jordanis
2854 5707 2902 5746 c.
2939 5691 3028 5746 32.

411 5546 558 5617 (153)
601 5546 708 5601 Hoc
736 5547 940 5602 factum
973 5547 1026 5602 d.
1060 5547 1150 5602 29.
1187 5547 1337 5602 Mart.
1374 5547 1496 5602 403.

410 5618 551 5683 (154)
594 5620 746 5671 Anno
772 5619 895 5672 408.

412 5690 557 5761 (155)
601 5706 649 5742 Ix
682 5690 794 5743 lial.
831 5691 960 5761 Sep.
994 5691 1117 5746 410.

411 5760 552 5828 (ltiti)
594 5761 706 5815 Non
750 5758 985 5828 constat,
1021 5763 1166 5816 unde
1211 5762 1308 5816 hos
1353 5759 1558 5816 Walliae
1589 5767 1640 5814 et
1698 5758 1837 5814 infra
1893 5775 1940 5813 a.
