3870 6060
219 188 283 246 77
1709 195 2059 256 CHRONICA.
3465 207 3533 267 78

221 314 283 370 10
337 314 448 369 Kal.
520 313 646 368 Maii
709 315 909 385 pascha
967 316 1176 373 debere
1223 318 1492 376 celebrari
1557 324 1818 377 ostendit.
1847 323 2144 396 Ainvillis
2170 325 2475 380 Germaniae
2500 326 3532 406 Salehaim,Bodohaim,Windohaim,

219 406 423 474 (ΒεοΑ.)
457 406 695 475 Corpora
724 415 1039 463 sanctorum
1089 411 1358 480 Stephani
1426 415 1822 484 prothomarti-

219 501 307 566 ris,
338 501 648 568 Nicodemi,
673 503 986 558 Gamalielis
1037 513 1091 560 et
1148 505 1364 562 Abibon
1432 508 1668 564 Luciano
1701 527 1827 581 pre-

214 595 410 650 sbitero
437 596 681 651 revelata
717 604 864 651 sunt.
902 598 963 652 Et
984 613 1188 670 corpus
1217 601 1442 672 quidem
1483 604 1832 674 prothomar-

217 686 330 740 tiris
358 688 622 758 Stephani
662 683 942 744 Iohannes
991 690 1290 762 episcopus
1341 710 1371 748 a
1402 694 1828 766 Caphargamala

217 775 544 832 Hierusalem
578 779 877 844 transtulit,
912 779 1060 851 quod
1095 791 1219 850 post
1239 782 1448 854 aliquot
1487 799 1663 840 annos
1699 786 1828 841 inde

218 866 450 922 levatum
502 878 583 922 est
613 884 644 922 a
663 867 880 923 Iuliana
909 877 1180 937 matrona,
1200 888 1324 942 quae
1357 889 1561 944 corpus
1590 877 1826 931 Alexan-

217 961 294 1013 dri
346 960 448 1014 viri
515 961 599 1016 sui
641 961 844 1032 sepulti
904 963 1058 1031 juxta
1124 979 1324 1034 corpus
1393 969 1830 1036 prothomartiris

215 1047 391 1104 levare
412 1050 628 1114 volens,
649 1067 747 1121 pro
778 1067 1012 1123 corpore
1039 1053 1139 1107 viri
1181 1055 1264 1108 sui
1325 1071 1526 1127 corpus
1586 1061 1819 1128 protho-

211 1140 446 1194 martiiis
477 1142 695 1208 levavit,
728 1152 781 1198 et
811 1144 982 1198 multa
1023 1144 1412 1202 miraculorum
1451 1149 1628 1223 gloria
1695 1153 1822 1210 illu-

213 1240 434 1287 stratum
467 1232 999 1306 Constantinopolim
1031 1239 1252 1296 detulit.

212 1325 332 1380 418.
413 1325 476 1378 Β.
517 1326 570 1379 8.
649 1327 706 1381 Ρ.
740 1328 830 1383 ’10.
908 1330 963 1386 F.
1012 1332 1100 1387 33.
1179 1334 1320 1388 8.5.

797 1418 855 1475 Ο.
900 1419 988 1474 28.
1070 1421 1130 1475 H.
1163 1422 1249 1477 38.

1401 1335 1481 1390 W.
1517 1337 1567 1391 5.
1647 1337 1731 1392 κν.
1771 1340 1819 1392 1.

286 1508 567 1581 (ϐεΝΝΑο.)
616 1511 838 1567 Orosius
917 1511 1194 1582 presbiter
1267 1515 1488 1570 rediens
1545 1533 1576 1570 a
1631 1517 1822 1573 Hiero-

218 1603 388 1664 nimo,
434 1605 503 1658 ad
535 1622 700 1676 quem
767 1607 969 1662 missus
1015 1607 1192 1664 fuerat
1250 1610 1318 1664 ab
1376 1613 1679 1685 Augustino
1727 1629 1824 1684 pro
1853 1647 1906 1715 B

225 1695 472 1715 _..__ur,,
539 1714 563 1715 η
603 1714 612 1715 ί
864 1699 877 1715 .
1030 1700 1100 1711 ..
1308 1703 1318 1712 .
1468 1705 1519 1715 ,..
1660 1705 1668 1715 .
1764 1705 1795 1715 ..

217 1695 482 1749 discenda
513 1698 805 1768 questione
847 1699 916 1754 de
961 1700 1179 1771 origine
1233 1703 1429 1758 animae
1457 1705 1671 1773 (Βεολ.)
1700 1705 1827 1760 reli-

218 1785 374 1854 quias
399 1786 842 1854 prothomartiris
889 1788 1155 1859 Stephani
1215 1790 1281 1844 ad
1338 1791 1575 1846 Africam
1637 1793 1834 1850 detulit

219 1892 344 1930 cum
384 1868 612 1933 historia
643 1879 983 1936 inventionis
1013 1883 1151 1951 ejus,
1185 1901 1347 1956 quam
1379 1887 1554 1958 gratia
1596 1889 1835 1944 miracu-

220 1964 396 2020 lorum
425 1976 800 2040 prosequente
856 1971 1064 2043 ubique
1119 1973 1264 2028 Deus
1319 1974 1646 2031 mirificavit.
1684 1977 1834 2033 Unde

221 2055 379 2126 plura
444 2059 799 2130 Augustinus,
849 2061 1021 2116 multo
1097 2063 1254 2133 plura
1300 2063 1522 2134 scripsit
1578 2064 1832 2121 Evodius.

219 2155 300 2207 111.
337 2155 439 2220 m.)
474 2152 766 2220 Honorius,
834 2162 991 2226 pacto
1025 2155 1233 2212 ftedere
1277 2174 1402 2213 cum
1434 2158 1838 2232 Gothis,Aqui-

222 2242 425 2296 taniam
459 2243 682 2298 tradidit
712 2245 813 2299 eis.
874 2244 1068 2299 Wallia
1117 2244 1411 2300 Placidiam
1468 2247 1536 2302 ab
1585 2249 1836 2305 Atanulfo

221 2341 435 2403 captam
503 2332 684 2387 reddit
743 2333 984 2389 Honorio
1038 2332 1188 2388 fratri
1237 2335 1555 2390 :Honorius
1594 2353 1712 2391 eam
1745 2338 1838 2393 dat

221 2436 450 2476 uxorem
484 2420 797 2476 Constantio
844 2421 1052 2490 comiti,
1106 2438 1171 2477 ex
1223 2439 1332 2494 quo
1380 2424 1615 2480 Placidia
1642 2426 1836 2480 Valen-

224 2508 496 2562 tinianum
524 2510 739 2583 genuit,
773 2510 866 2580 qui
899 2517 1021 2580 post
1049 2511 1345 2566 Honorium
1371 2512 1640 2584 regnavit.

365 2599 492 2654 419.
586 2599 639 2653 9.
723 2600 806 2654 11.
883 2599 968 2654 34.
1047 2601 1100 2654 6.
1178 2600 1228 2656 6.
1305 2602 1362 2656 2.
1437 2602 1526 2656 29.
1604 2602 1694 2656 39.
1781 2590 1786 2594 ’

296 2691 374 2757 (G.
399 2706 445 2745 r.
481 2690 847 2758 F.)Sunnone
877 2701 932 2746 et
961 2691 1288 2748 Marcomiro
1347 2693 1678 2748 Francorum
1742 2694 1846 2750 du-

226 2778 385 2833 cibus
413 2777 712 2846 defunctis,
745 2779 936 2834 Franci
992 2780 1047 2834 in
1111 2796 1409 2836 commune
1437 2782 1769 2850 deliberant,
1791 2791 1848 2838 ut

228 2873 428 2942 etipsi,
461 2873 600 2928 sicut
628 2874 750 2929 alia;
777 2882 998 2948 gentes,
1047 2891 1217 2930 unum
1269 2893 1454 2948 regem
1483 2877 1726 2932 habeant
1758 2885 1850 2943 ;et

227 2965 402 3020 filium
459 2966 763 3022 Marcomiri
803 2969 961 3025 ducis
1027 2970 1468 3027 Pharamundum
1501 2972 1603 3027 sibi
1662 2989 1848 3045 regem

227 3056 509 3121 ordinant,
540 3056 634 3127 qui
677 3058 925 3130 regnavit
951 3058 1112 3114 annis
1134 3062 1155 3115 1
1177 3067 1221 3114 I.

371 3147 479 3202 420
576 3147 661 3204 10.
747 3150 828 3205 12.
907 3151 955 3206 1.
1031 3151 1082 3203 7.
1177 3153 1233 3207 7.
1310 3152 1366 3206 3.
1441 3153 1530 3208 30.
1607 3153 1694 3210 40.

298 3238 570 3306 (G.pont.)
627 3235 956 3292 Bonefacius
1004 3238 1133 3291 4οιιε
1180 3239 1226 3273 ⁸⁸
1282 3239 1540 3294 Romanae
1580 3240 1843 3296 aecclesiae

229 3326 494 3397 presidet.
530 3327 726 3383 Contra
749 3329 895 3383 hunc
951 3329 1302 3385 Bonefacium
1333 3331 1588 3386 ordinato
1610 3331 1843 3400 Eulalio,

231 3425 286 3472 et
323 3434 426 3488 pro
460 3418 564 3473 hoc
591 3419 895 3474 dissidente
924 3419 1197 3487 aecclesia,
1225 3419 1390 3476 ambo
1416 3421 1580 3487 jussu
1621 3421 1844 3477 Honorii

231 3510 450 3583 augusti
485 3509 627 3564 Urbe
657 3510 1018 3584 egrediuntur
1049 3528 1062 3566 :
1091 3516 1145 3566 et
1171 3510 1250 3566 sic
1279 3511 1573 3582 reprobato
1614 3511 1846 3578 Eulalio,

226 3599 386 3666 jussu
416 3601 633 3673 augusti
664 3599 1012 3664 Bonefacius,
1066 3601 1195 3672 quia
1231 3601 1380 3672 prior
1409 3601 1694 3657 ordinatus
1725 3601 1850 3657 fue-

232 3694 337 3752 rat,
366 3687 486 3742 sedi
518 3689 836 3759 apostolicae
892 3689 1198 3744 restituitur
1246 3690 1413 3759 (157).
1463 3689 1558 3745 Hic
1579 3691 1845 3756 decrevit,

233 3788 293 3833 ut
320 3779 476 3834 nulla
512 3780 713 3835 mulier
737 3787 831 3835 aut
878 3782 1146 3836 monacha
1189 3782 1388 3853 pallam
1416 3791 1680 3839 sacratam
1711 3784 1848 3839 alta-

235 3871 313 3924 ris
343 3870 695 3943 contingeret
724 3877 818 3925 aut
848 3870 1071 3939 lavaret,
1114 3879 1206 3927 aut
1252 3872 1541 3930 incensum
1570 3883 1801 3946 poneret
1834 3893 1848 3938 ;

235 3969 288 4016 et
317 3969 590 4018 utservus
645 3962 729 4017 vel
780 3961 1055 4019 obnoxius
1094 3965 1260 4020 curiae
1309 3975 1404 4022 aut
1432 3967 1732 4036 cujuslibet
1772 3967 1851 4022 rei

236 4071 352 4112 non
383 4053 478 4109 fiat
506 4054 760 4110 clericus.

381 4145 507 4200 421.
591 4147 672 4199 11.

758 4145 840 4201 13.
915 4147 950 4200 2
1046 4147 1080 4200 8
1192 4149 1246 4204 8.
1322 4150 1375 4203 4.
1453 4150 1542 4204 31.
1617 4150 1706 4205 41.

310 4236 455 4306 (Vita
481 4240 533 4290 S.
567 4235 732 4308 Hier.)
793 4237 1140 4294 Hieronimus
1207 4255 1306 4310 per
1344 4241 1413 4295 56
1462 4256 1637 4295 annos
1703 4240 1856 4297 libris

233 4329 358 4384 suis
377 4327 666 4391 confectis,
699 4327 772 4381 ita
805 4339 1033 4398 corpore
1073 4345 1184 4399 prae
1204 4329 1485 4386 laboribus
1525 4331 1764 4398 defecto,
1797 4339 1857 4386 ut

1929 415 1988 469 Hi
2015 423 2272 487 quattuor
2298 433 2555 487 proceres
2586 436 2684 489 per
2710 429 2820 476 tres
2850 423 3046 479 mallos
3103 440 3394 480 causarum
3423 425 3537 481 οιί-

1926 504 2084 576 gincs
2110 506 2508 562 convenientes
2567 508 2801 564 sollicite
2859 518 3174 581 tractantes,
3206 513 3276 568 de
3301 513 3535 589 singulis

1927 593 2296 660 discutiendo,
2334 595 2478 650 sicut
2516 596 2602 650 lex
2651 596 2826 653 Salica
2847 599 3109 666 declarat,
3133 601 3384 670 judicare
3432 604 3538 659 de-

1929 691 2220 738 creverunt
2265 686 2455 753 (lose)
2509 685 2784 752 Wandali,
2823 688 2997 754 Alani,
3055 688 3238 756 Suevi,
3279 691 3538 765 regiones

1931 771 2311 842 Hispaniarum
2344 773 2411 827 ad
2445 773 2803 828 habitandum
2833 775 2977 830 inter
3015 792 3075 830 se
3104 775 3364 832 trifariam
3391 795 3538 835 com-

1931 861 2112 930 partiti
2145 868 2198 915 et
2228 862 2282 915 in
2311 862 2488 917 tribus
2514 864 2698 936 regnis
2727 864 2911 932 divisi,
2943 863 3282 921 colliduntur
3306 867 3452 922 inter
3476 883 3537 922 se

1931 952 2192 1008 intestino
2223 954 2368 1010 bello

2034 1047 2158 1103 423.
2240 1048 2323 1104 13.
2405 1052 2489 1105 15.
2566 1053 2619 1105 4.
2700 1051 2786 1107 10.
2867 1051 2958 1107 10.
3041 1053 3096 1109 6.
3173 1053 3261 1110 33.
3340 1054 3430 1109 43.

2000 1140 2216 1211 (Paosp.
2249 1143 2523 1214 —II.-m)
2584 1143 2854 1198 Honorius
2899 1143 3300 1213 Constantium,
3362 1147 3538 1201 virum

1927 1228 2132 1282 sororis
2160 1245 2274 1284 suae
2305 1229 2580 1297 Placidia,
2640 1230 2693 1284 in
2745 1231 3033 1301 imperium
3064 1232 3272 1298 ascisit,
3315 1233 3409 1304 qui
3443 1249 3540 1288 oc-

1927 1327 2050 1374 tavo
2081 1319 2298 1390 imperii
2348 1335 2536 1375 mense
2591 1320 2746 1376 obiit.
2819 1321 3094 1375 Britannis
3131 1321 3537 1390 subjectionem

1927 1407 2170 1464 Romano
2202 1408 2433 1478 imperio
2489 1410 3023 1480 repromittentibus,
3083 1410 3335 1465 subsidia
3375 1412 3541 1466 mittit

1927 1502 2219 1573 Honorius,
2249 1513 2303 1559 et
2324 1503 2578 1580 Hispanis
2625 1505 3019 1562 Wandalorum
3051 1505 3200 1561 bello
3246 1505 3544 1563 laboranti-

1928 1591 2035 1648 bus
2067 1610 2080 1658 ;
2114 1593 2208 1648 sed
2241 1593 2297 1647 id
2331 1592 2531 1648 frustra
2563 1593 2690 1648 fuit.

2039 1684 2163 1739 424.
2246 1686 2330 1749 14,
2413 1686 2496 1741 16.
2573 1687 2625 1740 5.
2708 1688 2794 1741 11.
2891 1688 2976 1742 11.
3052 1687 3106 1740 7.
3179 1686 3267 1744 34.
3344 1688 3438 1742 44.

2005 1780 2248 1852 (Paosr)
2309 1781 2578 1836 Honorius
2608 1782 3003 1837 tricennalibus
3053 1783 3172 1838 suis
3223 1783 3292 1838 de
3345 1799 3548 1855 pompa

1935 1869 2079 1939 capti
2147 1869 2364 1923 Maximi
2413 1870 2629 1941 tyranni
2708 1871 2983 1926 Ravennae
3039 1871 3332 1927 celebratis
3387 1872 3546 1927 obiit.

1935 1961 2280 2016 Theodosius
2305 1962 2522 2033 utrique
2551 1978 2722 2036 regno
2751 1963 2982 2033 imperat
3033 1964 3194 2019 annis
3245 1965 3298 2020 3.
3343 1965 3550 2034 (Ιοιω.)

1936 2050 2131 2105 Wallia
2163 2067 2255 2105 rex
2311 2051 2740 2123 Wisigotharum
2804 2053 3104 2111 Wandalos
3155 2055 3214 2110 in
3273 2055 3551 2128 Hispaniis

1941 2152 2286 2214 prosecutus,
2309 2143 2554 2201 debellat

2043 2234 2166 2290 425.
2254 2239 2298 2291 l.
2403 2236 2483 2290 17.
2579 2238 2633 2292 6.
2713 2237 2799 2292 12.
2893 2239 2979 2292 12.
3055 2238 3109 2293 8.
3186 2238 3276 2294 35.
3352 2239 3444 2296 45.

2009 2325 2092 2396 (II.
2126 2327 2225 2394 τη.)
2249 2324 2533 2380 Johannes
2557 2325 2742 2382 Hunos
2773 2342 2945 2398 regno
2977 2326 3243 2393 immittit,
3267 2333 3323 2382 et
3359 2342 3549 2382 eorum

1937 2419 2139 2474 auxilio
2201 2420 2268 2474 ad
2317 2421 2662 2490 tyrannidem
2731 2421 2988 2476 intendit.
3045 2421 3253 2490 (1030.)
3301 2421 3552 2477 Wandali

1938 2511 2313 2566 Mauritaniam
2361 2512 2646 2568 invadunt.
2734 2513 2844 2568 Hoc
2922 2520 3174 2584 tempore
3224 2511 3554 2568 Theonistus

1945 2601 2239 2670 episcOpus
2261 2600 2330 2655 ab
2362 2601 2622 2656 hereticis
2667 2601 2860 2674 pulsus
2915 2609 2998 2658 est
3027 2602 3095 2656 ab
3143 2602 3278 2656 urbe
3303 2617 3402 2656 sua
3434 2601 3556 2656 Phi-

1948 2692 2133 2763 lippis,
2163 2710 2285 2748 cum
2337 2693 2626 2763 discipulis
2654 2693 2770 2748 suis
2823 2693 3054 2761 Albano,
3112 2695 3266 2760 Urso,
3323 2694 3556 2748 Thabra-

1948 2785 2095 2851 ham,
2117 2784 2425 2839 Tubraham
2456 2802 2470 2850 ;
2503 2801 2569 2839 ex
2594 2785 2795 2856 quibus
2849 2785 3093 2840 Albanus
3148 2785 3296 2858 apud
3325 2785 3556 2860 Mogun-

1902 2864 1904 2866 ’
1949 2876 2078 2932 tiam
2097 2876 2307 2943 Galliae,
2340 2876 2536 2948 reliqui
2569 2891 2698 2931 vero
2730 2876 2784 2930 in
2816 2876 3046 2932 diversis
3089 2876 3259 2932 Italiae
3284 2876 3422 2932 locis
3455 2891 3555 2948 pro

1878 3012 1929 3082 C

1949 2967 2160 3024 Christo
2187 2967 2590 3022 martirizantur
2616 2968 2682 3024 ³⁸.

2054 3057 2177 3111 426.
2253 3055 2306 3110 2.
2393 3056 2474 3111 18.
2552 3056 2603 3112 7.
2707 3056 2792 3112 13.
2899 3056 2983 3113 13.
3061 3057 3113 3113 9.
3191 3058 3281 3115 36.
3359 3059 3447 3116 46.

2017 3145 2096 3216 (G.
2127 3152 2256 3215 pont
2282 3147 2296 3213 )
2319 3143 2622 3200 Celestinus
2681 3144 2940 3200 Romanae
2987 3146 3252 3202 aecclesire
3279 3147 3406 3202 41118
3435 3162 3560 3218 pre-

1945 3232 2106 3289 sidet.
2137 3234 2234 3290 Hic
2262 3233 2565 3300 constituit,
2620 3242 2679 3288 ut
2735 3234 2931 3305 psalmi
2988 3235 3156 3301 David
3185 3234 3286 3291 158
3315 3241 3442 3290 ante
3472 3252 3562 3290 sa-

1945 3322 2212 3378 crificium
2277 3332 2610 3378 canerentur
2678 3323 3076 3394 antiphonatim
3152 3338 3218 3379 ex
3276 3323 3558 3391 omnibus,

1946 3415 2094 3486 quod
2123 3420 2246 3468 ante
2304 3429 2414 3470 non
2465 3413 2652 3481 fiebat,
2713 3415 2814 3468 nisi
2869 3423 3075 3470 tantum
3135 3416 3371 3487 epistola
3411 3416 3557 3472 beati

1947 3507 2137 3560 Paulet
2173 3513 2420 3560 sanctum
2478 3506 2826 3577 evangelium
2888 3507 3240 3564 recitabatur.
3319 3508 3394 3561 Ex
3455 3509 3558 3563 hoc

1949 3595 2195 3649 instituto
2225 3593 2466 3664 excerpti
2495 3594 2564 3648 de
2591 3593 2813 3663 psalmis
2843 3593 3124 3661 introitus,
3176 3595 3444 3669 gradalia,
3477 3595 3562 3650 of-

1949 3685 2172 3740 fertoria
2195 3691 2323 3739 ante
2379 3683 2732 3749 sacriﬁcium,
2792 3684 3214 3740 communiones
3241 3685 3384 3740 inter
3411 3701 3564 3741 com-

1949 3777 2340 3833 municandum
2370 3792 2492 3832 cum
2557 3775 2932 3830 modulatione
2981 3777 3049 3830 ad
3099 3776 3320 3832 missam
3376 3776 3431 3831 in
3457 3793 3566 3832 aec-

1952 3866 2116 3922 clesia
2146 3865 2389 3921 Romana
2415 3863 2621 3918 cantari
2646 3871 2930 3934 ceperunt.
2970 3869 3050 3933 (II.
3094 3881 3152 3920 m
3177 3867 3192 3934 )
3222 3865 3566 3921 Theodosius

1956 3956 2433 4029 perArdaburium
2468 3957 2633 4012 ductu
2687 3956 2870 4027 angeli
2909 3957 3218 4012 Iohannem
3273 3964 3566 4029 tyrannum

1957 4049 2239 4120 opprimit.
2271 4049 2456 4103 Romae
2504 4048 2646 4103 inter
2696 4048 2873 4102 Etium
2922 4058 2977 4103 et
3015 4049 3368 4105 Bonefacium
3399 4066 3464 4105 ex
3486 4051 3565 4105 rei

1959 4137 2208 4191 militaris
2247 4136 2420 4210 gloria
2474 4143 2590 4192 orta
2638 4136 2867 4204 invidia,
2937 4137 3015 4192 rei
3068 4137 3568 4212 publicagparturit

1960 4227 2272 4300 dispendia.

2071 4329 2193 4383 427.
2271 4327 2321 4384 3.
2404 4328 2490 4384 19.
2569 4329 2623 4382 8.
2696 4329 2784 4384 14.
2867 4331 2952 4385 14.
3040 4328 3126 4384 10.
3204 4329 3291 4384 37.
3369 4331 3458 4386 47.

235 4382 384 4474 lecto
435 4382 665 4490 surgere
715 4382 967 4490 nequiret
1037 4382 1142 4473 nisi
1196 4421 1545 4491 apprehenso
1600 4382 1933 4477 manibusD
2031 4424 2219 4494 (H.m,
2263 4421 2842 4494 Paosr.)1‘lieodosius
2868 4420 3332 4489 Valentinianum,
3391 4421 3571 4476 Placi-

236 4508 395 4575 fune,
437 4506 530 4578 qui
562 4506 631 4560 ad
685 4506 791 4562 hoc
847 4506 916 4561 de
966 4507 1120 4561 trabe
1177 4507 1479 4577 pendebat,
1540 4508 1681 4564 obiit
1711 4509 1859 4581 apud

237 4599 528 4653 Bethleem
562 4612 708 4652 anno
725 4597 902 4652 aetatis
921 4613 1034 4652 sua:
1055 4596 1124 4652 98
1151 4597 1215 4650 ’5.

389 4688 518 4744 422.
598 4688 664 4744 12
765 4689 847 4743 14.
925 4690 979 4742 3.
1069 4691 1120 4744 9.
1201 4690 1253 4745 9.
1335 4688 1387 4745 5.
1464 4688 1551 4745 32.
1631 4689 1720 4744 42.

319 4786 444 4840 lLex
466 4783 548 4836 sal
573 4826 590 4849 ,
623 4781 777 4836 Gesta
825 4798 872 4835 r.
907 4781 1014 4851 Fr.)
1065 4781 1252 4837 Franci
1283 4781 1360 4838 uti
1402 4789 1687 4852 cmperunt
1719 4782 1862 4856 legi-

239 4875 374 4940 bus,
402 4882 457 4927 et
489 4876 668 4947 legem
701 4873 933 4928 Salicam
959 4874 1305 4930 dictaverunt
1332 4891 1430 4946 per
1458 4881 1696 4945 quatuor
1723 4891 1861 4950 gen-

241 4963 315 5018 tis
347 4979 464 5017 suaa
505 4978 766 5032 proceres
796 4963 1004 5018 electos
1032 4963 1100 5017 de
1134 4962 1407 5033 pluribus,
1441 4962 1526 5018 his
1555 4963 1863 5034 appellatos

242 5054 592 5121 nominibus,
623 5054 874 5127 Usogast,
933 5055 1216 5127 Bosogast,
1271 5053 1535 5128 Salagast,
1568 5053 1860 5128 Widigast,

1962 4511 2065 4567 dite
2091 4511 2268 4565 amitae
2306 4526 2419 4564 suae
2451 4525 2516 4564 ex
2565 4509 2882 4564 Constantio
2923 4507 3118 4575 filium,
3180 4507 3569 4580 imperatorem

1962 4604 2110 4670 facit,
2133 4617 2372 4673 eumque
2403 4618 2527 4657 cum
2559 4600 2796 4655 Placidia
2833 4606 3006 4654 matre
3035 4601 3260 4656 Romam
3294 4601 3362 4655 ad
3394 4602 3573 4674 impe-

1963 4695 2191 4748 randum
2239 4692 2405 4746 mittit
2451 4710 2466 4755 ;
2525 4697 2580 4744 et
2630 4697 2997 4763 regnaverunt
3044 4690 3208 4745 simul
3261 4691 3425 4746 annis
3481 4693 3570 4750 24.

1964 4782 2227 4853 Carthago
2259 4779 2525 4851 permissa
2564 4784 2646 4832 est
2687 4793 2840 4831 muro
2895 4777 3251 4834 circumdari.
3287 4780 3576 4836 Cassianus

1963 4872 2032 4927 de
2062 4872 2312 4927 aecclesia
2373 4869 2974 4940 Constantinopolitana
3031 4888 3063 4927 ο,
3113 4871 3367 4928 Johannc
3400 4873 3578 4928 Criso-

1961 4973 2140 5022 stomo
2184 4966 2393 5037 ejectus
2422 4971 2476 5018 et
2531 4964 2588 5018 in
2635 4964 2924 5020 Massiliam
2981 4965 3167 5021 Galliae
3196 4967 3578 5038 presbiteror—

1964 5056 2202 5121 dinatus,
2237 5053 2407 5110 multa
2436 5053 2658 5125 scripsit
2685 5069 2700 5120 ;
2726 5053 2870 5110 inter
2895 5071 3019 5126 quae
3051 5056 3215 5112 etiam
3263 5061 3576 5128 compertas

1611 5184 1833 5239 VARIIE
1871 5185 2248 5241 LECTIONES.

318 5287 367 5322 ἰ
397 5291 477 5343 ita
505 5288 525 5341 1
587 5289 705 5341 sine
749 5300 990 5353 rasura;
1017 5287 1157 5354 rell.,
1185 5292 1235 5342 et
1262 5292 1525 5342 tractatus
1549 5288 1611 5342 de
1636 5289 1957 5342 investitura
2004 5288 2050 5322 ²δ
2101 5286 2416 5340 LXXXVIII!
2442 5301 2510 5341 ex
2537 5293 2843 5342 correctura
2875 5286 2922 5340 1.
2956 5285 3083 5346 83",
3119 5284 3208 5339 F1.
3244 5283 3579 5341 LXXXXVIII

240 5361 416 5428 Sigei).
443 5363 628 5430 prima
662 5374 837 5414 manu
866 5365 916 5412 et
944 5358 1063 5412 rell.
1122 5359 1167 5393 ²⁶
1199 5359 1310 5413 Hoc
1339 5367 1582 5429 tempore
1628 5388 1697 5398 —
1750 5359 2159 5414 martirizantur
2213 5362 2274 5413 in
2337 5361 2586 5426 margine
2647 5358 2815 5427 Sigeb.
2858 5360 3002 5413 curis
3061 5358 3236 5410 teretis
3267 5373 3285 5422 ;
3318 5357 3432 5412 rell.
3467 5373 3582 5412 om-

1817 5501 2026 5557 NOTE.

318 5601 470 5668 (151)
501 5600 625 5655 Haec
657 5600 720 5654 ad
759 5600 980 5656 verbum
1004 5599 1293 5670 exscripsit
1315 5606 1503 5655 auctor
1525 5606 1783 5655 tractatus
1814 5600 1888 5654 De
1916 5597 2258 5665 investitura,
2291 5599 2346 5652 in
2388 5598 2626 5654 Goldasti
2662 5597 2938 5670 apologia,
2965 5612 3016 5666 p.
3046 5593 3174 5652 23l.

243 5446 366 5486 ηδε.
