3868 6064
295 259 365 314 79
1505 233 1849 293 SlGEBERTl
1888 228 2399 287 GEMBLACENSIS.
3551 211 3620 276 80

298 387 356 442 in
381 383 612 458 Egypto
650 379 789 434 vitas
841 384 1083 448 patrum,
1133 369 1522 438 doctrinaeque
1561 371 1617 420 et
1668 361 1905 436 regulas,
1937 359 2143 430 Atium
2177 372 2335 412 caesa.
2369 354 2698 410 Gensericus
2750 352 2878 407 odia
2933 351 3230 406 Gothorum
3285 348 3510 410 veritus,
3568 355 3624 401 et

295 443 534 530 datisvad
557 467 828 541 plurimos
844 443 1015 517 vlibris
1039 458 1286 530 exponit.
2009 451 2173 506 simul
2198 468 2228 505 a
2258 449 2552 504 Bonet‘acio
2608 448 2885 511 invitatus,
2938 461 3060 500 cum
3120 443 3402 498 Wandalis
3427 449 3482 497 et
3503 457 3627 496 om—

399 534 750 618 438.'a.1.
829 551 1008 608 9.20.
1086 550 1143 603 F.
1204 548 1258 603 9.
1335 543 1516 600 13.15.
1595 543 1680 597 w.
1716 542 1800 605 15,

2097 559 2172 597 ius
2200 557 2389 597 eorum
2424 539 2650 594 familiis
2675 540 2743 592 ad
2783 537 3018 592 Africam
3051 534 3437 598 transfretavit,
3479 549 3624 588 eam-

751 645 814 700 W
851 646 934 699 11.
1013 641 1072 696 Ο.
1105 640 1195 697 38.
1275 637 1333 692 H.
1365 636 1452 692 48.
2012 648 2118 703 que
2147 630 2415 686 invadens
2439 637 2494 683 et
2525 627 2856 693 dilacerans,
2906 625 3134 681 multam
3177 624 3351 678 multo
3375 630 3624 693 tempore

367 745 442 813 (Ib
469 745 481 810 ι
509 744 567 796 In
593 738 793 795 Bitinia
841 735 1160 790 Timotheus
1215 729 1438 801 quidam
1472 723 1826 782 continentiae
1856 729 1910 775 et
2011 722 2372 776 calamitatem
2403 719 2662 774 Romanis
2692 716 2897 771 intulit.
2957 717 3142 785 (laxe,
3180 713 3352 773 Cass.)
3409 713 3468 765 In
3500 711 3625 764 Gal-

299 799 586 904 religionis
632 827 874 900 imagine
912 821 1100 877 multis
1150 799 1407 882 illudens,
1456 830 1552 870 eos
1582 815 1638 868 in
1669 825 1908 866 errorem
2011 810 2084 864 lia
2110 825 2234 864 eum
2267 809 2468 878 Suptar
2515 823 2608 860 rex
2661 806 2942 860 Hunorum
2992 802 3412 875 Burgundiones
3459 799 3624 854 nimis

297 900 664 980 suae-heresis
690 917 921 982 induxit,
977 914 1190 977 dicens,
1243 909 1511 964 Christum
1560 920 1751 960 verum
1783 901 1910 974 qui-
2012 906 2371 976 Opprimeret,
2412 902 2490 956 illi
2545 902 2601 956 in
2629 902 2738 956 Deo
2794 900 3215 955 Christianorum
3273 912 3425 967 spem
3467 911 3620 949 suam

300 1015 425 1068 dem
467 1013 641 1067 Deum
674 1014 727 1062 et
752 1020 941 1060 verum
974 1001 1254 1057 hominem
1288 996 1590 1070 chirgine
1620 994 1786 1048 Maria
1819 1007 1911 1046 na-
2013 1005 2302 1069 ponentes,
2342 1013 2402 1052 se
2455 994 2720 1067 baptizari
2774 994 3051 1064 petierunt
3090 1011 3106 1058 ς
3137 999 3190 1046 ει
3228 991 3410 1046 statim
3452 988 3624 1042 Hunis

299 1112 412 1159 tum
440 1103 608 1158 fuisse
638 1098 767 1165 ςεθά
819 1095 1092 1150 mentiens
1122 1091 1380 1151 ἀίοθηάος
1423 1087 1573 1160 (ιιιοά
1599 1085 1786 1140 (“Vina
1813 1099 1911 1136 ηδ·
2012 1093 2316 1166 congressi,
2350 1091 2509 1162 pauci
2549 1090 2720 1145 multa
2775 1089 2925 1142 milia
2951 1103 3139 1143 eorum
3173 1091 3548 1157 peremerunt,
3574 1089 3627 1136 et

297 1206 417 1253 tura
439 1207 702 1250 conversa
732 1191 802 1245 sit
829 1190 882 1242 in
906 1189 1204 1242 humanam
1235 1191 1504 1238 naturam.
1550 1179 1703 1248 (Jono
1729 1179 1747 1243 )
1796 1175 1908 1230 Ro-
2010 1185 2088 1239 sic
2120 1183 2328 1237 rabiem
2357 1181 2604 1252 ipsorum
2626 1179 3064 1234 refrenavemm.

296 1286 442 1340 mani
478 1283 662 1338 Hunos
694 1296 724 1334 a
755 1276 1035 1334 Pannonia
1059 1274 1269 1345 fugant,
1300 1287 1464 1342 quam
1490 1284 1592 1340 per
1617 1267 1695 1338 ,50
1732 1281 1823 1320 an!

2149 1271 2273 1324 431.
2353 1271 2406 1322 7.
2483 1269 2552 1322 26
2652 1268 2704 1323 lt.
2779 1268 2869 1321 2'1.
2961 1267 3014 1319 5.
3093 1265 3180 1320 17.
3260 1265 3314 1317 4.
3391 1263 3478 1316 54.

297 1380 606 1428 tenuerant.
2076 1367 2155 1433 (G.
2185 1363 2361 1429 Pont)
2408 1360 2590 1415 Sixtus
2646 1360 2904 1414 Romanae
2960 1356 3223 1412 aecclesiaa
3253 1353 3410 1408 42ἀυ³
3456 1352 3633 1424 presi-

400 1458 524 1512 429.
601 1458 656 1514 2.
729 1457 818 1510 2|.
903 1454 984 1508 10.
1081 1452 1146 1506 16
1248 1449 1330 1504 16.
1416 1448 1495 1502 12.
1574 1446 1663 1502 39.
1739 1443 1829 1508 49,

2128 1454 2371 1523 (Paosr.)
2401 1450 2633 1506 Romani
2663 1450 2719 1503 in
2758 1448 2956 1503 Affrica
3021 1445 3302 1501 Wandalis
3341 1458 3629 1516 congressa

368 1552 567 1621 (Joao.)
619 1547 945 1604 Bonetacius
985 1544 1236 1608 Africam,
1296 1541 1383 1596 cui
1429 1545 1666 1611 preerat,
1704 1534 1895 1592 sollici-

2097 1554 2363 1619 perantur.
2419 1543 2746 1600 Bonefacius
2773 1542 3030 1599 conflictu
3087 1558 3210 1596 cum
3252 1540 3390 1595 lEtio
3415 1537 3624 1603 habito,

298 1649 375 1697 tat
405 1642 472 1696 ad
528 1638 908 1694 rebellionem.
963 1631 1307 1689 Gundericus
1358 1646 1451 1684 rex
1493 1625 1910 1689 Wandalorum,
1943 1640 2188 1746 Βνίοιοι»
2209 1638 2454 1709 quidem,
2487 1637 2584 1691 sed
2616 1636 2914 1690 moriturus
2935 1632 3188 1688 abscedit

409 1741 418 1746 .
477 1731 533 1746 η-
643 1730 676 1746 ι·
757 1744 860 1746 -..η
902 1725 1063 1746 μμφε-
1115 1724 1281 1746 Δι..ι...
1311 1736 1503 1746 ...αι-υ...
1553 1719 1606 1746 ς..
1667 1714 1912 1746 Μηηιηοςη
2172 1732 2261 1746 ιηυ
2361 1731 2392 1746 η
2489 1731 2556 1746 τι..
2657 1730 2686 1746 υ
2782 1728 2852 1746 nm
2969 1727 2999 1746 η
3103 1725 3164 1746 ιο

299 1741 458 1804 capta
477 1730 702 1800 Hispali,
748 1744 869 1783 cum
901 1725 1067 1796 impie
1111 1724 1285 1778 elatus
1311 1736 1506 1776 manus
1553 1719 1608 1772 in
1667 1715 1826 1772 aeccle

1953 1714 1992 1746 υ
2157 1732 2279 1786 435.
2359 1731 2410 1785 8.
2489 1731 2578 1784 2⁸7.
2655 1730 2708 1784 5.
2782 1728 2872 1784 se.
2967 1727 3020 1783 6.
3101 1725 3186 1781 18.
3263 1724 3316 1780 5.
3392 1725 3480 1778 55.

297 1826 475 1897 ipsius
499 1823 736 1878 civitatis
775 1818 1132 1881 extendisset,
1191 1830 1317 1870 mox
1367 1813 1462 1868 Dei
1503 1810 1716 1880 judicio
1744 1826 1775 1864 a
1816 1808 1914 1863 de-
2087 1821 2330 1888 (pnosp)
2375 1819 2678 1872 Germanus
2733 1813 3226 1879 Amisiodorensis,
3281 1812 3463 1881 Lupus
3504 1811 3630 1864 Tm-

299 1930 464 1969 mone
489 1918 776 1982 correptus
819 1907 1054 1972 interiit,
1089 1905 1279 1976 (inae)
1313 1903 1410 1958 Cui
1442 1897 1826 1956 Gensericusf

2104 1913 2254 1979 .inus,
2289 1909 2593 1965 Eucherius
2639 1908 3042 1980 Lugdunensrs,
3092 1904 3325 1959 Hilarius
3352 1903 3631 1958 Arelaten-

300 2005 470 2075 ter,in
495 2019 665 2078 regno
693 2001 1022 2062 succedens,
1075 1997 1323 2071 regnavit
1379 1993 1540 2049 annis
1583 1992 1670 2046 48.
1709 1989 1824 2054 Hic.
1857 1996 1915 2042 ut
2015 2001 2092 2055 sis
2116 1999 2362 2070 episcOpi
2397 2000 2450 2052 in
2501 1997 2690 2051 Galliis
2736 1997 2964 2051 clarent.
3009 1995 3180 2049 Aitius
3229 1990 3521 2048 conferens
3569 2007 3630 2044 se

301 2094 491 2160 fertur,
511 2093 579 2148 de
612 2092 720 2147 fide
751 2089 1021 2146 catholica
1055 2087 1110 2141 in
1162 2086 1442 2140 Arrianam
1499 2088 1703 2138 sectam
1779 2092 1916 2149 apo-
2020 2088 2090 2143 ad
2120 2087 2369 2159 Rugilam
2403 2100 2588 2157 regem
2634 2083 2935 2149 Hunorum,
2992 2083 3112 2151 ejus
3141 2080 3348 2136 auxilio
3382 2079 3629 2151 regredi-

305 2183 541 2238 statavit.
2022 2183 2107 2230 tur
2135 2175 2204 2230 ad
2256 2177 2558 2229 Romanum
2605 2173 2782 2228 solum
2834 2171 2912 2243 (G.
2959 2173 3136 2241 pont.)
3179 2170 3364 2226 Sixtus
3429 2183 3570 2238 papa
3602 2183 3631 2220 a

409 2274 534 2332 430-
609 2274 663 2327 3.
741 2271 829 2326 22-
931 2271 1016 2324 “-
1096 2268 1182 2322 17-
1263 2266 1312 2319 ¹ο
1393 2263 1458 2318 13
1556 2261 1644 2316 40-
1721 2260 1810 2314 50-
2027 2274 2189 2327 Basso
2213 2271 2553 2326 criminatur.
2580 2275 2632 2323 ct
2666 2269 2822 2338 jussu
2883 2265 3252 2321 Valentiniani
3287 2262 3634 2334 imperatoris

375 2370 572 2436 (G.reg
625 2364 735 2433 Fr)
787 2361 1028 2427 Clodius,
1083 2358 1229 2412 filius
1284 2354 1631 2421 Faramundi,
1695 2369 1788 2407 rex
1815 2351 1902 2406 cri-

2109 2383 2209 2421 [ηαξ
2236 2370 2569 2439 congregata
2598 2362 2794 2418 sinodo
2825 2377 3008 2417 coram
3032 2361 3102 2414 56
3127 2358 3404 2430 episcopis
3428 2355 3633 2411 sinodi—

308 2459 478 2529 nitus,
509 2463 705 2531 regnat
725 2471 894 2526 super
933 2455 1170 2508 Francos
1193 2451 1353 2506 annis
1371 2450 1460 2504 20.
1498 2449 1569 2502 Ex
1602 2447 1709 2502 hoc
1748 2445 1920 2500 Franc
2020 2471 2084 2512 co
2100 2455 2312 2525 judicio
2367 2461 2631 2528 purgatur
2680 2469 2694 2517 ;
2731 2451 2928 2504 Bassus
2977 2463 3106 2505 vero
3166 2446 3456 2501 damnatus
3503 2458 3633 2514 ρι-ο-

306 2553 537 2608 crinitos
577 2567 736 2622 reges
776 2548 984 2603 habere
1039 2554 1325 2618 ceperunt.
1356 2545 1628 2599 Walamer
1659 2543 1921 2613 Ostrogo-
2019 2547 2278 2603 scribitur
2311 2563 2324 2611 ;
2355 2553 2410 2600 et
2436 2560 2548 2600 non
2580 2543 2752 2598 multo
2820 2549 2944 2613 post
2973 2557 3003 2594 a
3032 2541 3144 2594 Deo
3196 2551 3510 2609 percussus,
3545 2535 3630 2604 ip-

305 2643 524 2698 thorum
555 2656 784 2712 regnum
827 2638 1156 2707 suscipiens,
1190 2635 1439 2708 regnavit
1497 2635 1658 2689 annis
1686 2634 1773 2690 31.
1819 2633 1922 2686 Hu-
2021 2639 2135 2694 sius
2163 2638 2294 2692 Sixti
2323 2636 2580 2691 manibus
2606 2633 2912 2689 honoriﬁce
2940 2631 3226 2703 sepelitur.

299 2729 392 2798 jus
431 2727 597 2782 frater
636 2726 735 2780 fuit
762 2726 1112 2792 Thiudcmer,
1155 2725 1223 2778 de
1251 2739 1362 2795 quo
1381 2730 1534 2778 ortus
1567 2731 1651 2778 est
1676 2723 1822 2777 Theo

2161 2729 2286 2786 436.
2364 2730 2417 2782 9.
2493 2727 2583 2782 28.
2661 2725 2714 2780 6.
2790 2724 2880 2781 23.
2957 2724 3011 2776 ’7.
3099 2722 3188 2776 19.
3265 2721 3318 2773 5.
3397 2719 3486 2772 56.

301 2819 449 2875 Ficus
487 2834 581 2873 rex
617 2818 804 2872 Ιιᾶιίέθ·
850 2817 1045 2885 (λολυι)
1108 2815 1443 2889 Αυὲἶυδιίηυδ
1484 2815 1540 2868 in
1594 2813 1915 2883 episcopatu
2092 2823 2334 2893 (Paosr.)
2396 2819 2567 2872 ditius
2612 2817 2668 2870 in
2707 2816 2937 2890 gratiam
2965 2813 3253 2884 recipitur.
3299 2810 3500 2884 Rugila
3542 2825 3635 2862 rex

305 2905 644 2978 Hipponensi
672 2904 984 2959 Heraclium
1016 2903 1124 2958 sibi
1151 2903 1410 2958 substitni
1443 2903 1572 2958 fecit
1610 2902 1673 2956 ’7.
2022 2916 2302 2970 Hunorum
2347 2911 2648 2967 ῑωάθινδιυε
2726 2908 3096 2962 Romanorum
3157 2903 3410 2968 moritur,
3473 2901 3638 2972 eique

406 2995 530 3050 431.
607 2995 660 3049 4.
736 2993 828 3047 23.
930 2995 978 3048 1.
1085 2991 1174 3046 18.
1277 2993 1330 3047 2.
1439 2993 1513 3046 34.
1599 2997 1643 3045 1.
1721 2991 1809 3044 51.

971 3037 978 3045 .
1085 2991 1174 3046 18.
1277 2993 1330 3047 2.
1439 2993 1513 3046 λιι.
1599 2997 1643 3045 1.
1721 2991 1809 3044 51.
1957 3000 2188 3054 -Bleda
2233 2998 2497 3054 succedit.

374 3044 1038 3158 (5f;.g.}r.{'mo.ims
1099 3044 1410 3156 Toringiam
1473 3044 1713 3150 invadit,
1773 3093 1827 3138 et
1866 3044 2498 3148 inC"”13'-}T"161"
2536 3091 2626 3145 29.
2704 3090 2756 3144 7.
2845 3087 2936 3143 24.
3012 3087 3066 3141 8.
3142 3086 3232 3140 ao.
3310 3086 3363 3140 7.
3440 3085 3492 3138 1.

307 3175 578 3249 Dispargo
609 3174 835 3230 castello
867 3173 1227 3246 Toringorum
1267 3172 1593 3244 aliquandiu
1635 3171 1834 3226 habita‘

2111 3186 2221 3255 'Ib.)
2250 3186 2420 3241 Gallia
2450 3186 2707 3241 citeriore
2747 3200 2779 3238 a
2811 3183 3037 3238 Battone
3062 3181 3312 3255 principe
3356 3179 3412 3233 in
3454 3178 3638 3233 rebel-

441 3267 564 3324 432.
646 3269 695 3322 5.
774 3266 868 3320 21.
942 3266 996 3320 '2.
1077 3265 1162 3320 19.
1257 3265 1309 3321 3.
1391 3267 1474 3320 15.
1552 3265 1604 3319 2.
1691 3264 1780 3320 52.

2114 3291 2231 3329 aem
2260 3273 2963 3343 eommota,conspiravere
2993 3271 3047 3324 in
3082 3268 3428 3340 Baugaudam
3457 3267 3641 3322 omnia

373 3353 646 3423 (Mauram)
684 3353 1008 3408 Caelestinus
1040 3368 1181 3424 papa
1211 3353 1280 3407 ad
1321 3353 1536 3408 Scottos
1562 3353 1615 3406 in
1652 3351 1900 3407 Christun

2120 3379 2188 3418 ne
2223 3362 2500 3418 Gallorum
2523 3362 2766 3416 servitia.
2809 3359 3024 3414 Cirillus
3084 3357 3486 3413 Alexandrinus
3521 3355 3643 3426 epi—

308 3442 625 3509 crcdentes,
688 3441 988 3496 Palladium
1049 3439 1286 3511 primum
1347 3439 1514 3495 mittit
1579 3441 1835 3512 episc0pu

2114 3471 2229 3526 ipllS
2250 3455 2318 3510 ab
2349 3456 2454 3510 hoc
2483 3470 2628 3510 anno
2679 3454 2890 3510 orditus
2935 3451 3148 3524 cyclum
3181 3451 3251 3505 de
3298 3451 3506 3504 ratione
3539 3465 3641 3519 pa-

316 3535 442 3589 Post
478 3549 643 3605 quem
674 3534 742 3588 ad
765 3534 986 3589 eosdem
1042 3533 1108 3588 ab
1152 3534 1347 3590 eodem
1381 3533 1674 3590 Caelestino
1728 3535 1843 3588 mis:

2117 3563 2178 3602 lae
2200 3563 2299 3619 per
2318 3548 2388 3602 95
2414 3563 2591 3603 annos
2639 3563 2852 3602 summa
2911 3545 3181 3600 brevitate
3229 3543 3470 3615 collegit,
3504 3541 3644 3596 intra

316 3633 399 3682 est
427 3628 478 3681 δ·
511 3626 793 3694 Ρεητίοίυεν
826 3642 1031 3698 genere
1089 3626 1283 3691 Βνίῐιον
1346 3625 1492 3681 ﬁlius
1530 3625 1781 3682 (30001185
1837 3642 1928 3682 80-
2030 3653 2195 3707 quem
2219 3651 2414 3692 omnes
2438 3635 2712 3706 paschalis
2757 3631 3466 3690 observationisvarietates
3489 3644 3644 3684 com-

317 3718 457 3775 roris
483 3719 537 3773 S.
564 3718 1146 3783 MartiniTuronensis,
1181 3720 1276 3789 qui
1312 3717 1366 3772 in
1398 3718 1671 3789 baptismo
1703 3719 1928 3790 quidem
2031 3724 2298 3794 prehendi
2332 3723 2561 3778 notavit.

317 3807 498 3862 dictus
527 3808 928 3871 estSuchat,a
971 3805 1027 3858 S.
1089 3805 1358 3860 Germano
1390 3805 1692 3878 Magonius,
1735 3823 1767 3859 a
1807 3806 1926 3860 (ἒξε-
2193 3815 2317 3868 438,
2399 3815 2487 3867 11,
2565 3811 2652 3865 30,
2731 3812 2782 3865 8.
2861 3811 2950 3865 25.
2999 3811 3052 3864 9.
3127 3809 3219 3863 2|.
3295 3809 3348 3862 8.
3425 3809 3478 3863 2.

317 3895 516 3949 lestino
548 3909 678 3948 vero
699 3893 973 3956 Patritius,
1025 3909 1055 3946 a
1082 3907 1192 3963 quo
1239 3892 1688 3962 archiepiscopus
1716 3893 1931 3947 Scotto-
2101 3904 2295 3975 (ωδε.)
2314 3903 2469 3973 Apud
2500 3902 2693 3956 persas
2721 3900 3097 3956 οιπίειίεηίιαε
3130 3900 3233 3955 hoc
3261 3906 3512 3970 tempore
3543 3899 3664 3952 ἀί-.

317 4003 436 4041 mm
467 3985 771 4051 ονάίηίιῐυδν
794 3983 976 4054 Ρθτδθ
1003 3998 1178 4038 annos
1206 3983 1400 4058 signis,
1432 3984 1740 4049 δδηοῐίιεὶῑθν
1787 3984 1927 4039 (100·
2030 3995 2195 4050 latata
2215 4003 2312 4050 est.
2347 3995 2477 4048 Nam
2499 3993 2774 4048 Maruthas
2822 3991 3120 4063 episcopus
3150 3991 3423 4065 legatione
3456 3991 3521 4044 ad
3547 4006 3646 4046 eos

317 4076 460 4130 trina
492 4075 790 4142 excellens,
831 4082 995 4130 totam
1025 4075 1262 4129 insulam
1298 4073 1625 4145 Hyherniam
1658 4076 1930 4130 convertit
2023 4082 2270 4150 functus,
2306 4081 2482 4136 tilium
2536 4081 2817 4154 Sdigerdis
2874 4080 3019 4155 regis
3069 4081 3277 4136 orando
3300 4097 3332 4134 a
3369 4080 3646 4135 daemonio

317 4167 386 4220 ad
453 4165 746 4220 Christum.
807 4166 1008 4236 (Cass)
1086 4165 1368 4220 Nestorius
1425 4165 1928 4236 ConstantinOpolis
2031 4171 2610 4242 liberavit;perquod
2635 4171 2809 4238 major
2849 4170 3073 4240 quidem
3109 4170 3283 4245 gloria
3304 4169 3561 4233 accrevit,
3591 4177 3646 4223 at

317 4255 611 4326 episcopus
659 4254 852 4322 ἷῖιοιυδν
908 4254 967 4308 ῆι
1023 4262 1213 4309 auem"
1281 4254 1492 4309 Ῐιθτθδίδ
1537 4256 1843 4326 separantis
1874 4257 1926 4310 ίη
2029 4274 2220 4320 contra
2250 4265 2319 4318 ab
2353 4263 2592 4318 inimicis
2619 4263 2714 4318 Dei
2744 4262 2964 4336 gravior
2991 4263 3046 4316 in
3074 4263 3405 4318 christianos
3453 4277 3648 4332 perse-

318 4345 528 4402 Chl‘isw
579 4347 857 4402 hominem
902 4364 933 4401 ἃ
982 4347 1115 4414 ῡθον
1168 4346 1358 4401 dicens
1392 4364 1587 4417 Durum
1620 4349 1924 4417 hominem,
1952 4405 2001 4428 η
2029 4356 2177 4412 cutio
2206 4355 2408 4410 exarsit
2439 4357 2522 4426 (II.
2555 4355 2656 4424 τη.)
2717 4354 2958 4409 Eudoxia
3006 4361 3258 4428 augusta,
3293 4369 3430 4409 uxor
3454 4352 3646 4407 Theo-

318 4454 431 4494 non
453 4440 618 4494 Deum
652 4441 720 4494 de
769 4440 934 4494 Maria
965 4445 1152 4494 natum
1203 4447 1258 4495 et
1309 4458 1339 4494 a
1367 4441 1558 4497 Judcis
1585 4442 1924 4500 crucifixum.
1947 4440 2003 4472 υ
2031 4449 2192 4514 dosii,
2238 4449 2653 4504 llierosolimam
2684 4464 2748 4502 ex
2783 4455 2910 4503 voto
2952 4447 3287 4518 properavit,
3320 4455 3374 4502 et
3406 4447 3534 4501 inde
3559 4460 3650 4500 re-

319 4532 864 4602 (Joan.)Wandalos,
899 4534 991 4606 qui
1021 4533 1151 4588 olim
1197 4535 1390 4590 timore
1421 4535 1654 4592 Atanulti
1687 4555 1932 4594 excessc-
2031 4541 2232 4613 liquias
2285 4541 2726 4612 prothomartiris
2777 4540 3043 4610 Stephani
3099 4547 3155 4594 et
3207 4539 3344 4594 duas
3399 4547 3645 4604 catenas,

321 4630 442 4678 rant
468 4640 500 4679 a
522 4624 728 4691 Galliis,
760 4626 956 4682 Wallia
1014 4643 1109 4681 rex
1168 4627 1465 4683 Gothorum
1517 4631 1792 4701 expellere
1837 4647 1930 4702 pa-
2037 4650 2171 4705 quas
2193 4634 2424 4704 angelus
2453 4634 2522 4688 de
2566 4633 2820 4687 manibus
2856 4632 3004 4687 Petri
3022 4631 3254 4703 apostoli
3284 4632 3522 4702 disjecit,
3551 4631 3648 4686 Dei

320 4721 400 4770 νει
426 4716 590 4770 etiam
624 4716 690 4770 ab
727 4717 1018 4788 Hispaniis.
2034 4737 2168 4783 nutu
2195 4727 2403 4793 attulit;
2431 4728 2622 4800 eisque
2664 4727 2923 4796 adjuncta
2956 4733 3175 4789 catena,
3208 4741 3318 4797 qua
3348 4725 3511 4780 etiam
3547 4724 3648 4779 Ro-

461 4811 583 4866 433.
659 4812 712 4866 6.
791 4812 878 4866 25.
958 4814 1011 4869 3.
1089 4814 1177 4868 20.
1273 4815 1326 4868 4.
1407 4815 1491 4872 16.
1569 4816 1620 4872 3.
1698 4816 1784 4875 53.

2119 4839 2136 4876 ξ
2168 4823 2360 4877 Petrus
2377 4823 2593 4878 vinctus
2631 4821 2754 4888 fuit,
2777 4820 3010 4876 triadem
3052 4819 3200 4887 fecit,
3256 4830 3312 4876 et
3364 4819 3492 4874 inde
3522 4835 3646 4874 cum

391 4900 582 4974 (Cass)
611 4903 792 4958 Tertia
839 4905 1086 4974 synodus
1128 4906 1475 4972 universalis,
1504 4907 1778 4977 Ephesina
1820 4908 1932 4978 pri-
2033 4910 2266 4966 consilio
2308 4910 2536 4966 Romani
2589 4909 2820 4980 presulis
2893 4909 3304 4965 solemnitatem
3365 4909 3416 4961 S.
3480 4906 3647 4971 Petri,

318 5011 427 5060 ma,
458 4996 564 5051 200
599 4995 984 5067 episcoliorum
1030 4997 1188 5065 jussu
1249 4998 1540 5054 Theodosii
1568 5000 1808 5068 junioris
1835 5017 1934 5056 au-
2034 5018 2157 5074 quae
2179 5002 2382 5058 dicitur
2421 5002 2498 5056 Ad
2524 5001 2766 5068 vincula,
2817 5001 3001 5057 Romae
3060 5000 3294 5055 instituit
3324 4998 3437 5053 Kal.
3486 4999 3650 5071 Aug,

315 5086 463 5160 gusti
495 5086 644 5142 edita
697 5094 819 5152 est;
853 5102 975 5157 quae
1031 5086 1338 5142 Nestorium
1387 5089 1526 5145 duas
1577 5106 1843 5161 personas
1875 5091 1931 5145 in
2034 5093 2160 5150 ideo
2178 5093 2434 5160 maxime,
2465 5099 2525 5148 ut
2573 5093 2837 5164 populum
2887 5099 3169 5148 revocaret
3225 5108 3256 5146 a
3301 5090 3495 5163 gentili
3552 5105 3651 5143 su-

319 5175 885 5230 Christoasserentem
935 5175 1087 5244 justo
1147 5178 1498 5234 anathemate
1525 5180 1928 5248 condemnavit,
2034 5184 2377 5255 perstitionis
2424 5198 2649 5255 pompa,
2703 5184 2853 5256 quod
2896 5183 3076 5238 adhuc
3128 5181 3552 5237 Sollemnizabat
3593 5181 3648 5234 in

315 5266 617 5320 ostendens
637 5281 859 5320 manere
889 5265 944 5319 in
967 5265 1104 5319 duas
1131 5272 1353 5320 naturas
1391 5283 1554 5322 unam
1585 5269 1802 5325 Domini
1833 5286 1931 5326 no-
2032 5272 2135 5327 hac
2165 5271 2254 5327 die
2293 5272 2485 5327 civitas
2510 5287 2576 5326 ex
2607 5272 2711 5327 ritu
2754 5270 2946 5346 gentili
2978 5284 3078 5342 pro
3105 5269 3331 5325 victoria
3355 5270 3650 5326 Octaviano

315 5355 560 5411 striJesu
611 5355 805 5411 Christi
866 5372 1180 5428 personam.
1241 5357 1481 5429 (Paosra)
1538 5362 1596 5415 In
1657 5361 1932 5432 Hispaniis
2034 5364 2279 5436 Augusto
2321 5363 2390 5418 de
2420 5362 2656 5419 Antonio
2690 5374 2747 5418 et
2809 5362 3097 5432 Cleopatra
3153 5361 3352 5418 collata
3419 5362 3474 5416 in
3533 5359 3646 5415 Kal.

315 5443 552 5502 20milia
584 5445 759 5501 ferme
810 5446 1044 5501 militum
1105 5453 1293 5502 contra
1349 5446 1648 5506 Wandalos
1677 5467 1929 5524 pugnan-
2029 5456 2281 5530 Augusti.
2318 5456 2518 5529 (sts.)
2550 5455 2810 5512 Diabolus
2856 5455 3064 5511 Judeos
3092 5454 3150 5509 in
3187 5453 3375 5525 specie
3415 5452 3656 5524 speudo-

1673 5555 1890 5610 VARUE
1923 5553 2304 5615 LECTIONES.

389 5649 430 5682 9"
462 5651 522 5704 A.
554 5649 588 5704 i.
613 5666 665 5706 e.
690 5650 750 5706 H.
777 5651 836 5705 H.
863 5668 908 5704 s.
939 5669 964 5707 s
1013 5652 1051 5708 f.
1084 5651 1234 5708 addit
1263 5653 1428 5722 Sigeb.
1464 5659 1608 5710 curis
1634 5671 1761 5723 sea,
1796 5655 1914 5712 rell.
