3870 6060
230 279 298 331 81
1477 325 1488 334 .
1662 258 1834 328 PBOL

1955 270 2167 327 lMENA.
3501 285 3572 342 82

232 405 522 476 prophetae
551 402 776 473 Moysen
799 414 860 456 se
883 414 1007 455 esse
1054 399 1377 455 mentientis
1394 398 1634 466 seduxit,
1657 405 1712 455 et
1734 413 1857 470 pro-
1884 402 1931 469 Α

230 493 466 547 mittens
503 506 563 546 se
606 491 665 544 in
706 498 904 545 terram
965 487 1410 559 repromissionis
1463 503 1561 543 eos
1606 488 1859 543 reductu-

231 602 379 650 rum,
410 585 478 639 ad
511 600 665 639 mare
707 581 1175 638 transfretandum
1224 580 1452 636 adduxit
1500 598 1513 635 :
1543 580 1732 652 ibique
1763 595 1855 635 eo-

227 691 353 733 rum
372 673 580 729 multos
595 672 786 727 multis
824 670 1004 727 modis
1033 670 1217 741 perire
1248 669 1395 725 fecit.
1430 670 1558 735 Quae
1592 685 1678 723 res
1707 668 1852 722 mul-

229 764 308 817 tis
334 777 528 818 eorum
555 762 664 816 hoc
699 759 947 832 periculo
997 757 1168 813 erutis
1193 757 1456 814 credendi
1490 758 1546 812 in
1575 756 1849 813 Christum

231 871 401 911 causa
428 854 549 909 fuit.

337 946 467 1000 439.
548 944 609 999 Β.
651 943 738 998 12.
818 940 991 998 Ρ.31.
1067 940 1197 997 F.9.
1277 941 1336 996 Β.
1367 940 1458 994 26.
1536 938 1619 993 W.
1657 939 1741 993 10.

739 1033 947 1089 W.22.
1023 1031 1163 1088 09.
1244 1030 1388 1088 “.3.

300 1122 486 1193 (lsm.)
528 1122 722 1177 Wallia
761 1137 857 1176 rex
910 1120 1210 1176 Gothorum
1269 1116 1570 1174 Wandalos
1602 1116 1731 1171 odio
1773 1116 1852 1170 in-

222 1222 469 1280 sectans,
494 1215 657 1269 etiam
682 1215 739 1267 in
794 1212 971 1268 Africa
1001 1227 1100 1267 eos
1130 1211 1391 1282 persequi
1435 1210 1703 1281 disponit.
1738 1209 1846 1264 Sed

223 1317 407 1366 morte
440 1315 736 1380 preventus
765 1307 926 1364 obiit.
971 1307 1134 1379 eique
1166 1307 1225 1361 in
1278 1322 1509 1380 regnum
1553 1304 1849 1360 Theoderi-

221 1418 324 1457 cus
346 1400 636 1465 successit,
664 1408 720 1454 et
751 1400 817 1455 15
845 1399 892 1433 ³⁸
914 1398 1075 1453 annis
1104 1399 1355 1470 regnavit
1376 1398 1540 1467 (158).

333 1488 462 1545 440.
544 1488 632 1544 13.
710 1488 799 1542 32.
877 1487 968 1541 10.
1041 1487 1132 1541 27.
1210 1486 1300 1543 11.
1379 1488 1435 1540 1.
1516 1486 1582 1541 10
1681 1487 1734 1540 4.

298 1577 520 1650 (RBDA)
563 1576 814 1632 Wandali
855 1576 1098 1632 invasam
1139 1574 1373 1630 Africam
1419 1576 1708 1631 devastant
1733 1589 1847 1630 om-

224 1667 498 1723 nimodis.
539 1665 654 1721 Sub
682 1665 788 1720 hoc
817 1664 1039 1720 turbine
1080 1663 1453 1718 tribulationis
1496 1670 1719 1718 sanctus
1742 1663 1845 1717 Au-

2065 400 2190 454 414.
2268 400 2355 456 17.
2432 402 2488 455 2.
2587 405 2669 457 t4.
2766 405 2856 460 31.
2934 406 3021 462 15.
3098 406 3150 464 5.
3233 412 3320 468 14.
3401 413 3456 466 8.

2029 487 2224 557 (Cass)
2257 489 2464 561 Corpus
2491 490 2762 547 Johannis
2809 494 3122 552 Crisostomi
3181 498 3237 554 in
3269 500 3437 557 exilio
3470 503 3570 559 de-

1956 573 2126 630 functi
2153 578 2371 632 tandem
2405 577 2939 651 Constantinopolim
2997 584 3250 653 refertur,
3309 588 3567 647 instantia

1954 666 2130 722 Procli
2154 668 2400 739 episcopi
2442 678 2498 725 et
2522 670 2681 738 jussu
2720 672 3030 744 Theo]dosii
3062 676 3412 747 imperatoris
3440 697 3564 737 eum

1954 756 2192 811 lacrimis
2219 758 2448 824 orantis,
2480 765 2540 813 ut
2560 760 2779 814 veniam
2812 761 2966 817 daret
2996 764 3265 821 Archadio
3296 769 3435 838 patri
3466 785 3568 826 suo

1952 854 2008 902 et
2032 847 2291 903 Eudoxiae
2318 849 2499 917 matri,
2528 851 2621 922 qui
2652 868 2776 907 eum
2820 854 3185 911 exiliaverunt
3212 876 3226 924 ;
3256 867 3310 913 et
3336 876 3438 931 per
3460 862 3565 918 hoc

1952 934 2103 991 finita
2132 944 2215 992 est
2243 938 2542 1005 dissensio,
2574 955 2699 1011 quae
2745 942 2928 997 adhuc
2958 952 3073 1000 erat
3100 945 3157 1000 in
3184 948 3434 1004 zeeclesia
3463 967 3561 1022 pro

1952 1032 2200 1101 ejusdem
2230 1033 2497 1089 Johannis
2513 1036 2867 1092 damnatione
2900 1038 2984 1109 (Η.
3024 1040 3127 1111 m.)
3166 1041 3558 1101 Constantino-

1951 1128 2062 1200 poli
2096 1145 2193 1199 per
2220 1130 2254 1183 4
2282 1135 2815 1187 mensesterremotu
2830 1139 2972 1188 terra
2998 1133 3557 1211 ﬂuctuante,quidam

1949 1233 2131 1273 coram
2165 1218 2422 1273 omnibus
2451 1218 2737 1274 orantibus
2775 1221 3023 1297 sublatus
3060 1223 3117 1277 in
3169 1240 3297 1279 aera
3326 1226 3562 1282 adivina

1947 1306 2170 1372 virtute,
2202 1307 2535 1363 ammonitus
2564 1315 2647 1364 est
2690 1324 2723 1363 a
2760 1309 2947 1365 divina
2971 1327 3126 1377 voce,
3159 1322 3218 1368 ut
3245 1313 3401 1370 factis
3422 1317 3561 1371 leta-

1949 1398 2055 1454 niis
2074 1408 2338 1455 canerent
2382 1415 2576 1455 omnes
2628 1400 2863 1457 Sanctus
2918 1409 3074 1471 Deus,
3122 1406 3354 1462 Sanctus
3381 1410 3556 1476 fortis,

1944 1489 2179 1546 Sanctus
2210 1492 2553 1558 immortalis,
2581 1495 2832 1547 miserere
2856 1495 3025 1563 nobis,
3077 1496 3212 1550 nihil
3270 1498 3429 1553 aliud
3450 1516 3556 1570 ap-

1946 1588 2256 1649 ponentes;
2286 1595 2394 1650 quo
2417 1578 2559 1635 facto
2612 1581 2845 1637 cessavit
2904 1590 3265 1640 terrmmotus.
3299 1586 3418 1658 (1b.)
3450 1588 3557 1643 Bo-

1946 1670 2093 1724 mani
2116 1670 2256 1725 duce
2298 1669 2498 1724 Litorio
2544 1686 2667 1725 cum
2729 1671 3045 1745 Wisigonhis
3087 1686 3334 1749 pugnant
3386 1677 3558 1733 mise-

228 1759 488 1830 gustinus
507 1757 765 1829 migravit
819 1756 888 1810 ad
931 1755 1246 1821 Dominum,
1269 1754 1338 1808 43
1387 1769 1576 1808 mense
1605 1754 1842 1810 obsidio-
1870 1787 1920 1854 Β
1946 1758 2214 1813 rabiliter.

220 1848 438 1903 nissum
461 1847 643 1913 urbis,
676 1861 824 1901 anno
880 1844 1059 1900 anatis
1119 1858 1233 1899 sua:
1262 1844 1374 1911 73°,
1443 1843 1733 1899 clericatus
1754 1846 1842 1901 vel

221 1940 587 2012 episcopatus
604 1941 719 2005 40°,
756 1937 851 2009 qui
891 1944 1041 1992 tanta
1078 1935 1319 2007 scripsit,
1350 1942 1409 1989 ut
1456 1935 1641 1990 nullus
1670 1936 1842 1993 libros

219 2035 519 2104 ejusomni
572 2043 819 2103 tempore
873 2032 996 2087 vita:
1052 2046 1167 2086 suae
1216 2046 1326 2086 non
1364 2030 1543 2086 solum
1572 2031 1836 2099 scribere,

216 2128 319 2182 sed
342 2143 450 2183 nec
478 2128 661 2199 legere
689 2125 912 2197 qui-lem
940 2123 1138 2179 valeat.

322 2220 454 2273 441.
532 2218 622 2283 14,
699 2216 787 2273 33.
866 2216 954 2271 11.
1032 2215 1121 2270 28.
1216 2214 1300 2271 12.
1375 2215 1430 2269 2.
1508 2215 1598 2269 11.
1674 2216 1726 2270 5'

287 2315 365 2376 (G.
399 2310 570 2379 pont,)
602 2309 708 2364 Leo
732 2308 992 2363 Romanae
1022 2290 1286 2362 aecclesite
1314 2306 1443 2363 43ιιε
1468 2305 1836 2377 presidet.Hic

210 2398 269 2453 in
300 2398 525 2454 omeliis
553 2396 932 2452 declamandis
948 2396 1178 2450 multum
1206 2395 1395 2450 valuit.
1418 2393 1513 2449 Hie
1536 2395 1592 2448 in
1622 2410 1834 2451 canone

211 2494 397 2547 missae
436 2490 669 2545 addidit.
715 2489 982 2544 Sanctum
1029 2489 1381 2554 sacriﬁcium,
1421 2489 1835 2543 immaculatum

210 2586 460 2639 hostiam.
496 2580 613 2652 [Hic
645 2579 691 2613 ²⁰
725 2578 947 2649 quoties
979 2578 1275 2651 rogabatur
1335 2576 1404 2632 ab
1434 2577 1732 2649 aliquibus,
1774 2587 1834 2638 ut

213 2672 297 2725 eis
324 2670 639 2740 aliquorum
702 2667 1078 2738 apostolorum
1134 2667 1222 2723 vel
1253 2667 1538 2721 martirum
1568 2667 1835 2739 reliquias

214 2764 389 2823 daret,
422 2758 770 2816 consuefacit
797 2758 863 2813 ad
899 2774 1135 2829 corpora
1162 2758 1249 2814 vel
1287 2758 1585 2813 memorias
1612 2765 1833 2829 aposto-

214 2854 387 2909 lorum
420 2853 507 2907 vel
535 2851 820 2907 martirum
876 2866 1109 2922 quorum
1161 2850 1410 2922 reliquiae
1480 2850 1829 2922 petebantur,

216 2948 387 3002 missa
417 2946 700 3003 celebrare
733 2946 789 3000 in
819 2946 1317 3017 honoreipsorum,
1339 2953 1394 3001 et
1413 2946 1494 3002 sic
1524 2945 1829 3001 brandeum

212 3041 422 3106 altaris,
455 3055 567 3111 quo
597 3046 978 3094 consecratum
1002 3054 1205 3110 corpus
1257 3038 1474 3095 Domini
1504 3040 1830 3105 involverat,

2072 1847 2198 1903 445.
2276 1849 2362 1905 18.
2440 1849 2492 1905 3.
2574 1851 2659 1905 15.
2738 1849 2827 1905 32.
2907 1852 2991 1906 16.
3069 1853 3125 1908 6.
3202 1856 3287 1911 15.
3367 1857 3423 1920 9,

2013 1941 2091 2009 (6.
2117 1956 2163 1993 r.
2199 1939 2281 2010 F.)
2322 1940 2583 1996 Chlodins
2610 1958 2705 1997 rex
2762 1943 3093 2000 Francorum
3152 1947 3331 2003 missis
3361 1953 3556 2022 explo-

1943 2028 2215 2084 ratoribus
2244 2029 2312 2083 de
2343 2029 2606 2105 DiSpargo
2645 2031 2869 2088 castello
2923 2050 3099 2105 usque
3130 2037 3199 2091 ad
3229 2038 3422 2094 urbem
3457 2042 3556 2096 Ca-

1940 2136 2239 2187 meracum,
2287 2120 2501 2175 transiit
2556 2121 2808 2177 Rhenum
2842 2140 2856 2189 ;
2889 2130 2944 2177 et
2972 2125 3205 2193 protrito
3255 2129 3423 2184 multo
3448 2131 3556 2186 llo-

1938 2223 2224 2264 manorum
2259 2208 2465 2279 populo
2518 2209 2663 2265 circa
2690 2209 2941 2266 Rhenum
2984 2229 3158 2283 usque
3190 2214 3425 2286 Ligerim
3457 2218 3556 2273 ﬂu-

1936 2303 2083 2360 vium
2141 2304 2532 2368 habitantium,
2589 2306 2908 2361 Carboniam
2993 2307 3185 2364 silvam
3245 2311 3550 2384 ingressus,

1935 2395 2129 2450 urbem
2155 2396 2456 2452 Tornaeum
2488 2398 2831 2468 optinuit,'et
2861 2398 2991 2454 inde
3023 2416 3213 2472 usque,
3251 2406 3320 2458 ad
3355 2407 3548 2462 urbem

1935 2484 2284 2539 Cameraeum
2315 2487 2643 2557 properavit.
2678 2486 2782 2541 Ubi
2806 2504 2983 2558 pauco
3002 2499 3252 2561 tempore
3276 2495 3546 2564 residens,

1933 2573 2232 2639 Romanos,
2261 2575 2307 2628 si
2366 2590 2505 2646 quos
2553 2575 2627 2629 ibi
2676 2575 2903 2638 invenit,
2962 2580 3243 2648 peremit;
3277 2584 3550 2640 etexinde

1937 2679 2113 2734 usque
2137 2664 2206 2717 ad
2226 2664 2504 2718 Summam
2552 2664 2779 2719 ﬂuvium
2830 2668 3180 2738 perveniens,
3238 2673 3425 2728 omnia
3454 2690 3551 2730 oe-

1935 2757 2175 2827 cupavit.
2228 2756 2432 2827 (Faxo)
2490 2756 2864 2814 Theodericus
2950 2776 3044 2816 rex
3116 2762 3546 2837 Wisigothorum

1934 2850 2222 2921 Hispanias
2259 2858 2512 2922 occupat.
3195 2914 3201 2925 ,

2038 2942 2162 2997 446.
2246 2943 2327 2999 19.
2404 2945 2460 2997 4.
2536 2943 2624 3009 16,
2701 2944 2789 3001 33.
2881 2946 2971 3001 17.
3046 2948 3079 3001 7
3186 2950 3267 3004 16.
3349 2950 3435 3008 10.

2003 3034 2088 3105 (II.
2120 3050 2179 3089 m
2204 3034 2218 3105 )
2247 3034 2587 3091 Gauraranes
2619 3036 2672 3092 in
2701 3036 2926 3093 Perside
2983 3041 3430 3110 persecutionem
3489 3045 3544 3100 in
3607 3056 3613 3063 ‘

210 3130 587 3203 particulatim
617 3129 897 3184 dividebat
948 3137 1003 3184 et
1031 3145 1129 3200 pro
1169 3129 1419 3201 reliquiis
1459 3130 1831 3201 apostolorum
1859 3126 1908 3158 υ
1932 3126 2264 3183 christianos
2286 3127 2562 3195 excitavit,
2604 3145 2767 3201 quam
2822 3146 2921 3202 per
2983 3131 3053 3188 30
3100 3150 3279 3190 annos
3309 3137 3548 3211 graviter

206 3222 290 3276 vel
321 3217 847 3291 martyrum,dabat.
871 3218 1023 3273 Unde
1056 3218 1102 3272 si
1133 3218 1202 3272 ab
1228 3217 1515 3289 aliquibus
1544 3219 1835 3274 dubitaba-
1934 3216 2193 3271 exercuit.
2226 3216 2391 3273 Porro
2442 3218 2788 3273 Theodosius
2819 3221 3071 3291 quamvis
3129 3238 3278 3294 saepe
3309 3223 3548 3296 feliciter

206 3320 315 3379 tur,
353 3311 584 3367 cultello
610 3326 825 3383 pannos
854 3310 979 3364 illos
1006 3311 1627 3384 pungens,sanguinem
1644 3310 1835 3366 elicie-
1937 3306 2126 3361 Persas
2147 3307 2386 3375 vicisset,
2457 3324 2648 3379 pacem
2703 3316 2886 3365 tamen
2945 3313 3203 3383 amplecti
3242 3316 3436 3383 voluit,
3490 3325 3548 3374 ut

209 3404 301 3458 bat
332 3421 349 3469 ;
381 3403 465 3458 sic
493 3404 674 3474 palam
708 3402 921 3458 cunctis
973 3400 1207 3467 faciens,
1267 3402 1413 3474 quod
1448 3402 1505 3456 in
1531 3419 1830 3459 consecra-
1934 3402 2246 3472 persecutio
2293 3411 2535 3459 cessaret
2564 3421 2595 3459 a
2644 3406 2979 3461 christianis.
3011 3407 3225 3478 (Paosp.
3252 3440 3314 3450 -
3347 3416 3409 3465 Η.
3445 3415 3543 3479 m.)

207 3494 363 3548 tione
388 3492 774 3562 mysteriorum
823 3490 1045 3556 Christi,
1091 3491 1318 3563 sanguis
1338 3493 1709 3561 apostolorum
1742 3494 1831 3548 vel
1929 3491 2257 3547 Gensericus
2282 3492 2409 3546 dolo
2437 3493 2817 3564 Carthaginem
2843 3496 3032 3566 erepit,
3074 3503 3128 3550 et
3154 3512 3373 3552 omnem
3407 3499 3546 3554 Afri-

208 3590 539 3654 martyrum,
571 3583 665 3654 qui
696 3599 797 3654 pro
826 3583 923 3638 illo
955 3581 1160 3637 effusus
1187 3591 1291 3648 est,
1336 3583 1499 3638 intret
1538 3600 1639 3655 per
1685 3584 1827 3639 divi-

208 3689 337 3728 nam
368 3673 627 3728 virtutem
683 3673 738 3727 in
772 3687 983 3742 pannos
1013 3671 1138 3726 illos
1170 3689 1184 3737 ;
1225 3678 1281 3726 et
1309 3672 1436 3728 ideo
1466 3673 1661 3728 merito
1703 3673 1827 3729 illos

204 3764 325 3818 dari
367 3778 466 3834 pro
517 3763 771 3834 reliquiis
832 3769 1167 3829 sanctorum,
1222 3762 1279 3817 in
1329 3777 1564 3834 quorum
1615 3763 1827 3819 honore

202 3852 509 3908 consecrati
542 3858 687 3906 sunt.
735 3851 968 3921 (Paosr.)
1028 3852 1234 3907 Bellum
1264 3859 1455 3907 contra
1475 3851 1858 3927 Burgundio-l

205 3962 306 4002 nes
335 3946 699 4001 memorabile
757 3947 992 4013 exarsit;
1025 3963 1135 4019 quo
1184 3954 1297 4002 tota
1357 3962 1496 4017 pene
1536 3962 1675 4021 gens
1701 3962 1825 4002 cum

204 4058 338 4116 rege
366 4056 470 4096 suo
521 4056 621 4112 per
676 4040 852 4096 Etium
908 4041 1052 4097 victa
1091 4041 1335 4097 concidit
1401 4041 1463 4112 (V
1520 4042 1581 4097 S.
1622 4043 1823 4109 Germ)

205 4133 456 4200 Corpora
478 4129 649 4184 Prisci
677 4129 1023 4201 aliorumque
1054 4146 1178 4185 cum
1234 4146 1300 4185 eo
1332 4132 1478 4201 apud
1508 4131 1824 4186 Autisiodo-

204 4238 322 4275 rum
356 4236 644 4292 passorum
697 4221 967 4278 Germano
1025 4222 1290 4293 episcopo
1345 4223 1611 4278 divinitus
1666 4239 1826 4279 reve-

211 4313 415 4368 lantur.

312 4405 439 4459 442.
521 4403 607 4459 15.
685 4402 774 4459 34.
851 4404 941 4458 12.
1021 4404 1110 4457 29.
1190 4404 1280 4460 13.
1355 4405 1406 4459 3.
1486 4405 1574 4462 12.
1661 4406 1715 4462 6.

275 4496 545 4552 Defuncto
575 4496 866 4571 Sdigerde,
925 4496 1265 4552 Gauraranes
1317 4497 1464 4553 ﬁlius
1498 4499 1618 4566 ejus
1648 4499 1830 4554 Persis

204 4588 444 4657 imperat
472 4587 637 4642 annis
677 4588 768 4642 38.
801 4587 859 4641 In
893 4587 1082 4643 Galliis
1114 4589 1464 4661 principibus
1490 4590 1826 4647 seditionum

204 4675 385 4731 atritis
414 4683 469 4731 et
498 4677 726 4733 Battone
757 4685 939 4747 capto,
974 4678 1212 4749 quiescit
1259 4680 1634 4754 Bagaudarum
1677 4696 1830 4737 com-

210 4766 407 4823 motio.

314 4857 438 4914 443.
521 4858 606 4914 16.
683 4859 736 4914 1.
839 4860 926 4916 13.
1002 4859 1091 4916 30.
1198 4863 1274 4917 14.
1368 4865 1419 4919 4.
1508 4865 1587 4920 t3.
1668 4865 1719 4921 7.

282 4947 449 5017 tlsm.)
511 4949 855 5004 Gauraranes
882 4948 1063 5004 fuadus
1102 4966 1225 5005 cum
1263 4952 1523 5008 Romanis
1582 4971 1612 5008 a
1676 4961 1828 5025 patre

212 5035 414 5091 initum
447 5036 723 5104 dissolvit,
743 5044 798 5092 et
820 5038 1132 5109 provincias
1175 5041 1540 5098 Romanorum
1565 5043 1825 5099 incursat.

213 5122 475 5180 Portione
508 5124 703 5180 Africae
730 5141 997 5182 concessa
1051 5126 1118 5181 ad
1147 5127 1501 5184 habitandum
1535 5129 1831 5187 Genserico

213 5230 245 5267 a
288 5212 573 5279 Romanis,
604 5214 866 5270 convenit
910 5214 1055 5269 inter
1107 5215 1403 5273 Wandalos
1458 5225 1513 5274 et
1561 5220 1835 5277 Romanos

215 5317 324 5372 pax
354 5301 533 5375 magis
561 5303 881 5358 necessaria
910 5319 1075 5376 quam
1107 5305 1281 5360 utilis.

1929 3596 2047 3635 cam
2075 3579 2181 3633 sibi
2217 3578 2545 3650 subjiciens,
2577 3581 2902 3636 lacrimabili
2926 3584 3083 3637 clade
3107 3585 3406 3654 potentiam
3442 3586 3545 3641 Ro-

1926 3672 2073 3725 mani
2100 3672 2254 3743 regni
2282 3671 2504 3739 dejecit.
2556 3675 2641 3740 (II.
2686 3689 2787 3736 φη..
2823 3675 2993 3744 leae)
3040 3675 3135 3729 Hic
3166 3675 3335 3730 nichil
3377 3662 3540 3747 pensi

1927 3775 2109 3830 neque
2135 3760 2309 3815 sancti
2342 3760 2570 3825 habens,
2624 3768 2679 3815 et
2725 3761 2958 3817 infestus
3016 3765 3249 3830 cunctis,
3306 3765 3541 3821 maxime

1927 3855 2201 3911 nobilitati
2233 3864 2287 3911 et
2303 3856 2579 3931 religioni,
2612 3856 2795 3912 omnia
2827 3857 3015 3913 divina
3064 3866 3119 3914 et
3156 3860 3396 3914 humana
3423 3861 3541 3916 exi-

1930 3944 2160 4012 nanivit,
2189 3945 2512 4017 episcOpum
2541 3953 2596 4001 et
2624 3962 2843 4002 omnem
2877 3949 3084 4005 clerum
3117 3951 3383 4008 tecclesiae
3414 3951 3541 4007 Car-

1929 4034 2294 4108 thaginiensis
2342 4035 2568 4106 expulit,
2604 4038 2722 4092 loca
2772 4045 2961 4092 sancta
2999 4046 3093 4095 aut
3130 4055 3353 4096 suorum
3390 4042 3543 4097 habi-

1925 4128 2104 4183 tacula
2131 4127 2280 4196 fecit,
2327 4135 2420 4183 aut
2458 4129 2698 4184 Arrianis
2750 4132 3103 4200 contradidit,
3153 4142 3208 4189 et
3238 4135 3542 4191 catholicos

1927 4219 2132 4291 ubique
2163 4219 2422 4291 persequi
2466 4219 2653 4288 jussit.
2706 4220 2926 4292 (linum).
2978 4222 3281 4279 Germanus
3301 4226 3539 4282 Antisio-

1928 4310 2177 4365 dorensis
2201 4317 2256 4365 et
2286 4311 2469 4380 Lupus
2516 4311 2882 4367 Treeassenus
2922 4314 3240 4383 petentibus
3266 4316 3539 4375 Britannis

1926 4400 1983 4454 in
2016 4400 2348 4455 Britanniam
2401 4401 2733 4477 diriguntur,
2768 4411 2825 4458 ut
2870 4404 3107 4458 heresim
3164 4406 3535 4477 Pelagianam,

1931 4508 2053 4563 qua:
2084 4491 2161 4546 ibi
2187 4500 2312 4547 ante
2334 4493 2737 4565 aliquotannos
2754 4494 3135 4565 pullulaverat.
3164 4497 3533 4565 eonfutarent,

1931 4595 1986 4643 et
2022 4594 2226 4643 rectam
2261 4586 2423 4643 ﬁdem
2458 4574 2846 4643 aecclesiastiea
2872 4590 3194 4645 auctoritate
3212 4591 3535 4648 solidarent.

1934 4677 2156 4732 Interim
2190 4677 2439 4733 hostibus
2490 4694 2557 4732 ex
2616 4692 2769 4732 more
2802 4677 3033 4733 insulam
3105 4681 3537 4747 incursantibus,

1929 4767 2180 4821 animans
2220 4782 2415 4822 omnes
2444 4767 2508 4820 ad
2564 4766 2928 4821 resistendum
2981 4770 3286 4825 Germanus
3334 4778 3388 4826 et
3419 4772 3539 4842 ipse

1932 4857 2041 4911 dux
2081 4872 2271 4912 eorum
2329 4856 2525 4923 factus,
2550 4856 2660 4926 jam
2721 4855 2777 4910 in
2826 4858 3112 4928 procinctu
3147 4859 3340 4931 positis
3362 4861 3540 4916 hosti-

1931 4950 2055 5016 bus,
2098 4949 2241 5004 elato
2272 4950 2510 5004 clamore
2540 4947 2768 5003 Alleluia
2797 4949 3097 5022 incipiens,
3130 4961 3185 5006 et
3216 4953 3329 5006 suis
3351 4968 3537 5007 secum

1932 5041 2314 5107 clamantibus,
2356 5041 2501 5095 idem
2549 5041 2737 5096 hostes
2781 5042 2943 5098 vertit
2999 5043 3051 5097 in
3105 5043 3315 5117 fugam,
3345 5050 3399 5096 et
3448 5043 3535 5097 in-

1935 5141 2215 5189 cruentam
2259 5132 2521 5188 oblinens
2577 5133 2883 5199 Victoriam,
2931 5133 3000 5187 ab
3051 5133 3361 5188 imminenti
3392 5133 3541 5204 peri-

1936 5226 2060 5279 culo
2090 5224 2538 5296 eripuitpatriam
2569 5224 2689 5295 (1b.)
2722 5223 2991 5291 Britanni,
3023 5224 3116 5296 qui
3166 5239 3266 5294 per
3310 5229 3388 5278 tot
3438 5240 3541 5278 an-

1938 5329 2039 5369 nos
2070 5312 2304 5384 expositi
2359 5311 2579 5369 fuerant
2634 5312 2818 5384 predae
2876 5320 2933 5368 et
2983 5312 3220 5367 hostium
3279 5312 3543 5381 ludibrio,

1577 5410 1796 5466 VARI/8
1830 5412 2206 5468 LECTIONES.

289 5505 337 5587 ²ξ³
360 5504 526 5587 lilii].
554 5505 684 5577 83',
710 5506 801 5564 (13.
830 5509 917 5564 4*.
946 5509 1003 5563 Ι).
1043 5509 1087 5543 ²⁰
1134 5509 1429 5579 sequentia
1462 5511 1558 5568 Hic
1604 5546 1669 5555 —
1701 5515 1948 5587 episc0pi
1984 5524 2040 5572 et
2078 5517 2235 5587 jussu
2287 5516 2435 5571 Theo
2472 5518 2571 5572 sub
2621 5531 2769 5571 anno
2797 5513 2923 5581 444,
2966 5528 3165 5570 rasura
3220 5514 3289 5570 16
3315 5534 3333 5585 ;
3360 5518 3552 5572 desunt

1812 5658 2018 5714 NOT/‘E.

224 5579 327 5630 uni
350 5578 412 5630 A.

298 5716 444 5789 (I58)
478 5716 558 5773 Cf.
592 5718 660 5773 ad
690 5734 739 5775 a.
762 5721 863 5777 M7
894 5739 910 5790 ;
945 5722 1186 5779 Isidorus
1218 5742 1232 5779 :
1262 5728 1424 5780 (mnis
1452 5725 1539 5783 33.
