3870 6060
226 203 297 257 83
1439 201 1780 255 SIGEBERTI
1821 200 2334 256 GEMBLACENSIS.
3479 199 3552 252 81

228 328 432 402 Anglos
460 325 692 384 invitant
730 341 758 377 a
791 325 1102 380 Germania.
1157 325 1315 399 Angli
1360 325 1698 380 Britanniam
1746 341 1835 379 ve-
1861 331 1911 398 Α
1940 334 1995 380 et
2018 326 2182 381 domo
2214 325 2488 391 exclusus,
2521 324 2795 395 reliquum
2824 322 2956 378 vitae
3015 338 3190 395 usque
3220 323 3288 377 ad
3316 330 3551 378 mortem

231 415 409 482 niunt,
439 428 670 485 eamque
697 413 766 467 ab
799 412 1050 468 hostibus
1075 421 1246 468 tutam
1289 412 1496 468 faciunt
1524 428 1644 468 esse
1676 432 1691 474 ;
1725 427 1835 468 non
1938 417 2121 472 nudus
2146 417 2249 472 sub
2283 417 2429 472 nudo
2471 431 2598 471 aere
2644 416 2844 490 exegit.
2881 415 3124 486 (Paosr.)
3163 414 3404 470 Placidia
3431 430 3554 468 ma-

230 504 400 560 multo
421 512 544 574 post
581 518 702 556 eam
733 500 838 555 sibi
870 501 1173 556 vindicant.
1209 501 1556 556 Ambrosium
1590 502 1835 556 Aurelia-

233 610 360 647 num
384 591 490 646 sibi
521 591 766 646 Britanni
826 606 1010 664 regem
1069 598 1334 652 statuunt.
1385 591 1614 661 ejusque
1668 591 1835 644 ductu

233 698 330 754 per
359 696 536 736 annos
559 683 628 737 45
675 681 720 714 ³ο
773 681 923 736 vario
969 680 1100 736 belli
1153 690 1351 738 eventu
1394 687 1584 735 contra
1635 681 1836 755 Anglos

229 777 557 850 conﬂigunt.

337 873 466 928 417.
543 872 604 926 Β.
633 871 722 926 20.
801 871 858 926 Ρ.
900 872 954 926 5.
1036 870 1089 924 F.
1129 871 1212 926 17.
1293 871 1439 926 Β.1.

696 963 864 1020 W.8.
941 963 1002 1017 G.
1037 964 1123 1016 17.
1202 962 1378 1016 H.lf.

307 1056 392 1127 (11.
421 1072 498 1112 m.
535 1056 761 1124 )Bledte
822 1055 1102 1110 Hunorum
1168 1053 1282 1127 regi
1324 1069 1448 1108 eum
1491 1053 1650 1108 fratre
1681 1053 1843 1108 Attila

236 1144 551 1217 pervaganti
579 1143 846 1199 orientale
891 1141 1208 1213 imperium,
1257 1142 1348 1196 dat
1375 1141 1717 1196 Theodosius
1747 1157 1845 1211 pro

240 1249 461 1288 recessu
513 1249 610 1287 sex
665 1231 817 1287 milia
845 1231 1111 1286 librarum
1172 1230 1453 1302 pollicitus
1493 1231 1544 1284 ei
1602 1246 1845 1284 annuum

236 1327 388 1382 mille
415 1327 676 1381 librarum
732 1325 1020 1381 tributum.
1073 1325 1260 1396 (Gneo.
1323 1325 1450 1380 Tun.
1485 1331 1556 1380 De
1583 1326 1652 1394 gl.
1679 1331 1843 1378 mart.

235 1419 350 1488 95.)
379 1419 533 1489 Apud
557 1418 833 1488 Ephesum
867 1425 1078 1488 septem
1113 1418 1307 1472 fratres
1335 1434 1366 1471 a
1406 1417 1570 1472 Decio
1602 1417 1846 1487 impera-

236 1519 354 1567 tore
380 1527 479 1582 pro
511 1510 724 1566 Christo
767 1510 1104 1577 tormentati,
1149 1510 1204 1563 in
1258 1509 1521 1580 spelunca
1547 1524 1606 1564 se
1632 1509 1849 1564 clause-

240 1607 386 1666 runt,
419 1607 474 1654 et
502 1599 642 1655 facta
697 1599 946 1655 oratione
1003 1598 1080 1652 ibi
1145 1598 1559 1654 obdormierunt
1594 1615 1607 1652 :
1641 1609 1694 1652 et
1727 1604 1851 1668 post

1516 869 1598 924 W.
1643 869 1730 925 18.

1936 517 2022 565 ter
2050 508 2417 564 Valentiniani
2453 509 2637 564 Romae
2657 507 2917 563 defuncta
2948 514 3049 562 est.

2043 597 2161 650 452.
2252 600 2298 650 1.
2379 597 2464 652 10.
2570 597 2622 652 4,
2717 596 2770 651 6.
2866 596 2956 652 23.
3054 597 3142 651 13.
3217 594 3308 650 22.
3386 595 3437 650 3.

2011 683 2226 755 (ΒεοΑ.)
2274 684 2537 739 lnstantia
2567 684 2764 739 Leonis
2795 699 2972 755 papae,
3025 683 3258 752 jubente
3291 683 3553 737 Martiano

1941 773 2292 843 imperatore,
2326 780 2657 847 congregata
2688 780 2742 828 et
2774 773 2966 828 habita
2997 781 3080 828 est
3105 781 3297 844 quarta
3326 771 3556 826 univer-

1940 866 2072 919 salis
2102 867 2348 937 synodus
2376 868 2480 922 630
2511 867 2898 937 episcoporum
2956 866 3101 936 apud
3143 865 3506 920 Calcedonem
3541 883 3556 930 ;

1945 958 2000 1011 in
2023 975 2130 1029 qua
2163 959 2387 1014 Eutice'n
2420 958 3087 1030 Constantinopolitanum
3118 957 3395 1024 abbatem,
3437 973 3562 1028 pro-

1946 1048 2292 1102 nuntiantem
2314 1049 2469 1102 verbi
2494 1049 2589 1102 Dei
2642 1057 2696 1102 et
2734 1047 2914 1103 carnis
2946 1063 3109 1102 unam
3140 1062 3260 1102 esse
3284 1053 3560 1111 naturam,

1948 1139 2180 1211 ejusque
2198 1140 2549 1196 defensorem
2577 1140 2895 1195 Dioscorum
2927 1139 3352 1194 Alexrandinum
3386 1153 3564 1209 quon-

1951 1229 2074 1283 dam
2107 1232 2450 1302 episc0pum,
2482 1247 2589 1285 una
2611 1239 2823 1302 patrum
2865 1231 3142 1286 sententia
3173 1229 3558 1301 prejudicavit.

1950 1322 2255 1379 Nestorium
2277 1325 2445 1378 etiam
2463 1323 3122 1393 Constantinopolitanum
3142 1323 3422 1395 quondam
3447 1322 3565 1393 epi-

1948 1433 2197 1486 sc0pum,
2230 1417 2359 1471 olim
2391 1417 2445 1470 in
2475 1416 2744 1487 Ephesina
2769 1415 2966 1472 sinodo
2993 1417 3334 1477 damnatum,
3363 1415 3560 1469 iterum

1948 1504 2436 1571 anathematizans,
2482 1521 2605 1559 cum
2664 1504 2894 1576 reliquis
2961 1504 3222 1558 hereticis
3258 1503 3562 1571 damnavit,

1951 1594 2242 1663 pretlicans
2273 1593 2465 1647 eadem
2498 1594 2728 1648 sinodus
2751 1593 3022 1649 Christum
3057 1594 3227 1647 Deum
3257 1591 3337 1647 sic
3366 1592 3435 1646 de
3455 1592 3570 1646 Viro

239 1704 416 1745 annos
455 1704 568 1742 suae
599 1687 947 1743 dormitionis
999 1688 1218 1743 circiter
1272 1687 1372 1741 192
1401 1702 1497 1742 ore
1543 1687 1846 1758 speluncze,
1877 1687 2079 1776 Bgine
2109 1695 2318 1754 natum,
2345 1693 2404 1740 ut
2443 1686 2496 1740 in
2530 1701 2596 1741 eo
2638 1695 2691 1740 et
2746 1685 2946 1740 divina:
2973 1693 3027 1739 et
3071 1685 3327 1738 humanae
3358 1691 3567 1738 natura

241 1778 390 1851 quod
416 1777 719 1849 imperator
739 1777 936 1832 Decius
984 1777 1351 1842 obstruxerat,
1406 1775 1677 1846 patefacto
1710 1775 1851 1829 divi-

242 1871 413 1936 nitus,
434 1886 463 1924 a
490 1884 704 1925 sommo
755 1877 1009 1943 surgunt,
1066 1876 1120 1922 et
1141 1877 1346 1922 asserta
1395 1865 1503 1922 ﬁde
1535 1874 1732 1922 nostra:
1756 1883 1849 1921 re-

243 1959 600 2016 surrectionis
629 1975 812 2015 coram
873 1959 1185 2014 Theodosio
1220 1959 1574 2029 imperatore,
1647 1959 1714 2013 de
1746 1976 1854 2030 qua

243 2053 474 2108 multum
499 2050 875 2117 dubitabatur,
904 2050 1100 2105 iterum
1150 2050 1434 2106 dormiunt
1460 2051 1515 2104 in
1549 2050 1758 2106 Christo
1785 2052 1848 2106 3‘.

348 2145 474 2200 448.
548 2144 638 2198 21.
715 2143 769 2198 6.
863 2143 950 2198 18.
1062 2143 1117 2196 2.
1198 2143 1263 2198 19
1357 2143 1411 2198 9.
1489 2142 1576 2204 18.
1658 2141 1744 2197 12.

313 2233 395 2304 (G.
427 2249 477 2287 ν.
504 2230 934 2303 F.)Meroveeus
982 2229 1130 2284 ﬁlius
1182 2229 1354 2284 Clodii
1410 2247 1579 2302 super
1620 2231 1856 2285 Francos

243 2334 439 2397 regnat
467 2320 630 2375 annis
664 2319 745 2386 10,
789 2336 820 2374 a
850 2335 958 2390 quo
990 2318 1155 2372 nimis
1213 2318 1333 2373 utili
1385 2333 1514 2391 rege
1547 2319 1735 2373 Franci
1768 2335 1857 2374 co-

243 2412 548 2486 gnominati
571 2421 699 2480 sunt
718 2410 1042 2486 Merovingi.

351 2507 477 2562 449.
552 2505 642 2560 22.
719 2505 772 2556 7.
877 2503 928 2557 1.
1007 2503 1059 2559 3.
1157 2504 1247 2559 20.
1326 2505 1410 2560 10.
1495 2506 1579 2561 19.
1659 2505 1747 2562 13.

316 2589 755 2664 (Pnosn.)Bleda
790 2606 882 2646 rex
941 2590 1220 2646 Hunorum
1280 2591 1472 2648 fraude
1538 2593 1719 2648 fratris
1774 2593 1857 2648 sui

247 2685 423 2740 Attila;
448 2683 760 2756 perimitur,
789 2683 951 2754 eique
1008 2685 1312 2739 succedens
1370 2685 1488 2756 ipse
1520 2687 1676 2740 Attila
1715 2694 1862 2744 totus

246 2775 302 2829 in
342 2774 618 2829 excidium
644 2771 795 2828 orbis
836 2772 1022 2828 animo
1054 2772 1243 2829 fertur.
1281 2779 1354 2844 (V.
1386 2776 1553 2846 Rem.)
1582 2776 1862 2850 Remigius

247 2865 539 2921 Remensis
571 2863 816 2919 nascitur
867 2865 1035 2936 (159),
1094 2867 1479 2936 prenuntiatus
1519 2884 1584 2922 ex
1635 2869 1860 2924 nomine

246 2973 348 3028 per
377 2957 691 3012 Montanum
726 2957 1077 3012 monachum.
1147 2959 1260 3023 Quo
1308 2967 1436 3014 nato
1485 2959 1628 3014 idem
1655 2961 1860 3015 Monta-
1884 2984 1932 3049 (χ

247 3059 374 3107 nus,
403 3043 533 3114 quia
583 3058 766 3098 caecus
787 3053 925 3112 erat,
981 3045 1050 3100 de
1081 3046 1220 3101 lacte
1252 3045 1462 3102 Cilinia:
1508 3049 1696 3102 matris
1741 3049 1861 3117 ejus

247 3132 438 3189 oculos
481 3148 614 3188 suos
655 3131 880 3200 liniens,
938 3134 1280 3190 illuminatus
1333 3144 1416 3192 est
1472 3139 1535 3201 (II
1595 3138 1696 3207 m.)
1730 3138 1860 3193 Ger-

249 3230 444 3280 manus
471 3222 942 3279 Antisiodorensis
989 3241 1112 3280 eum
1159 3226 1359 3282 Severo
1399 3225 1708 3281 Trevirensi
1740 3228 1858 3298 epi-

247 3331 416 3386 scopo
445 3315 639 3370 iterum
699 3317 768 3370 ad
815 3316 1148 3371 Britanniam
1201 3317 1421 3385 missus,
1473 3329 1855 3374 renascentem

249 3405 597 3482 Pelagianam
623 3405 860 3460 heresim
887 3405 1153 3462 confutet.

352 3496 478 3552 450.
553 3496 643 3550 23.
721 3495 776 3551 8.
880 3493 914 3550 2
1034 3495 1088 3550 4.
1192 3495 1282 3549 21.
1362 3496 1449 3550 11.
1527 3495 1616 3550 20.
1698 3498 1747 3550 1.

317 3588 557 3660 (Paosr.)
581 3589 729 3644 Nova
756 3587 952 3642 iterum
982 3587 1183 3643 orienti
1208 3587 1492 3659 consurgit
1518 3588 1698 3650 ruina,
1729 3586 1860 3658 quia

247 3680 599 3753 septuaginta
616 3695 724 3734 non
753 3680 936 3734 minus
961 3679 1214 3734 civitates
1254 3678 1651 3748 depredatione
1677 3679 1861 3734 Huno-

248 3789 366 3828 rum
396 3777 694 3826 vastantur.
729 3772 917 3838 (Bsm)
965 3770 1268 3824 Germanus
1311 3770 1776 3825 Antisiodorensis
1804 3771 1858 3824 in

247 3864 455 3918 Italiam
485 3863 784 3934 profectus,
839 3862 1112 3917 Ravennae
1169 3863 1418 3918 moritur.
1481 3861 1687 3932 Corpus
1738 3864 1859 3933 ejus

247 3969 373 4008 cum
420 3950 592 4006 multa
643 3951 1030 4007 miraculorum
1080 3952 1256 4025 gloria
1303 3952 1712 4008 Antisiodoruai
1768 3971 1858 4009 re-

247 4041 437 4096 fertur.

389 4133 515 4188 451.
590 4132 680 4189 24.
757 4133 808 4189 6.
886 4133 939 4187 3.
1016 4133 1051 4189 5
1144 4133 1234 4188 22.
1333 4134 1418 4189 12.
1495 4133 1586 4189 21.
1663 4134 1714 4189 2.

319 4223 513 4290 arma.)
545 4221 887 4277 Theodosius
918 4222 1217 4294 imperator
1243 4222 1405 4289 obiit,
1438 4222 1524 4277 cui
1556 4224 1861 4280 succedens

248 4317 544 4372 Martianus
575 4317 808 4388 imperat
844 4317 1006 4370 annis
1059 4316 1162 4380 73’,
1215 4331 1339 4370 cum
1396 4331 1505 4386 quo
1531 4315 1935 4408 Valentinia-D

249 4424 352 4462 nus
378 4407 540 4463 annis
569 4408 623 4464 5.
657 4408 807 4479 (VICT
856 4407 996 4477 VIT.)
1051 4406 1109 4460 ln
1159 4406 1335 4462 Africa
1367 4408 1859 4464 exardescentibus

245 4496 642 4559 Wandalisita,
673 4503 733 4551 ut
771 4496 941 4551 libros
988 4495 1209 4551 divinos
1263 4505 1556 4552 exurerent
1595 4505 1650 4552 et
1681 4498 1749 4552 de
1778 4515 1860 4554 sa-

248 4587 356 4642 cris
381 4588 541 4658 pallis
569 4604 633 4643 ac
656 4589 901 4643 vestibus
943 4596 1124 4644 vestes
1154 4588 1258 4643 sibi
1304 4588 1567 4655 facerent,
1627 4590 1862 4646 Valeria-

250 4693 353 4732 nus
402 4678 699 4749 episcopus
741 4680 1148 4752 octogenarius,
1195 4681 1394 4736 nolens
1437 4681 1623 4735 divina
1676 4698 1862 4736 sacra-

249 4767 696 4839 mentaprofanis
726 4769 1010 4835 tradere,a
1035 4787 1166 4844 rege
1197 4771 1490 4828 Genserico
1521 4773 1673 4828 omni
1724 4775 1859 4829 urbe

1952 1779 2314 1833 substantiam
2345 1795 2465 1834 esse
2530 1778 2820 1834 fateamur.
2881 1778 2974 1832 Hic
3032 1777 3315 1832 decretum
3373 1783 3478 1843 est,
3513 1784 3574 1830 ut

1954 1877 2130 1925 mater
2155 1871 2372 1926 Domini
2420 1871 2586 1925 Maria
2629 1886 2740 1925 non
2771 1872 2946 1926 solum
3007 1870 3428 1935 christothocos,
3472 1869 3574 1924 sed

1955 1959 2118 2014 etiam
2192 1961 2518 2015 theothocos
2567 1961 2825 2015 credatur
2878 1968 2932 2014 et
2988 1959 3298 2031 appeletur,
3349 1965 3579 2029 propter

1956 2052 2328 2122 blasphemias
2383 2053 2614 2108 Nestorii
2672 2052 3010 2119 mentientis,
3065 2068 3184 2106 eam
3232 2067 3342 2107 non
3375 2052 3572 2115 Deum,

1955 2141 2051 2194 sed
2087 2157 2280 2210 purum
2306 2140 2586 2194 hominem
2620 2140 2903 2213 genuisse.
2933 2140 3281 2195 Terremotus
3310 2156 3454 2210 pene
3485 2157 3577 2195 as-

1955 2232 2099 2287 sidui
2133 2232 2364 2306 etsigna
2398 2231 2634 2302 plurima
2667 2232 2720 2285 in
2776 2233 2912 2287 caelo
2970 2232 3358 2287 ostenduntur.
3381 2233 3575 2300 (leae)

1957 2324 2194 2395 Vespere
2226 2323 2293 2377 ab
2325 2323 2582 2395 aquilone
2613 2324 2803 2379 caelum
2835 2323 3074 2378 efficitur
3097 2323 3304 2377 rubens
3328 2329 3385 2377 ut
3406 2323 3572 2395 ignis,

1960 2413 2286 2467 intermixtis
2316 2429 2416 2484 per
2445 2413 2669 2485 igneum
2730 2413 2989 2468 ruborem
3023 2411 3350 2468 clarioribus
3369 2412 3575 2467 lichnis

1962 2503 2016 2556 in
2058 2512 2294 2557 astarum
2350 2503 2591 2573 speciem
2641 2501 2980 2558 deformatis.
3054 2502 3204 2556 Luna
3231 2501 3574 2568 obfuscatur,

1961 2601 2205 2646 cometes
2226 2599 2472 2662 apparet.
2497 2598 2550 2645 et
2571 2592 2740 2645 multa
2766 2591 2892 2646 alia.
2926 2591 3055 2655 Quae
3081 2604 3195 2645 non
3227 2607 3345 2646 esse
3375 2591 3576 2656 otiosa,

1963 2681 2208 2734 ostendit
2239 2681 2448 2735 instans
2478 2697 2656 2735 rerum
2685 2679 3100 2752 consequentia.

2033 2773 2154 2828 453.
2258 2775 2312 2829 2.
2425 2776 2503 2830 11,
2599 2772 2652 2828 5.
2755 2775 2808 2828 7.
2910 2771 2998 2827 24.
3086 2773 3166 2827 14.
3265 2771 3354 2826 23.
3451 2774 3506 2836 4,

2034 2865 2116 2934 (Η.
2156 2863 2256 2934 m.)
2289 2863 2450 2917 Attila
2491 2863 2768 2918 Hunornm
2830 2878 2924 2916 rex
2960 2862 3285 2918 Walameris
3316 2863 3577 2938 Ostrogo-

1964 2954 2179 3008 thorum
2213 2952 2358 3026 regis
2381 2960 2436 3007 et
2465 2953 2706 3007 Ardarici
2739 2951 3067 3022 Gepidarum
3113 2952 3262 3027 regis
3290 2960 3342 3007 et
3375 2953 3574 3006 multa-

1964 3061 2080 3098 rum
2101 3043 2506 3115 aquilonarium
2537 3044 2787 3116 gentium
2819 3042 2926 3096 sibi
2971 3043 3339 3111 subjectarum
3371 3042 3575 3098 auxilio

1960 3135 2150 3201 fultus,
2173 3152 2202 3188 a
2233 3135 2533 3190 Pannoniis
2563 3151 2839 3209 egressus,
2903 3134 3248 3190 occidentale
3280 3133 3573 3204 imperium

1960 3224 2168 3279 invadit
2200 3239 2323 3278 cum
2347 3223 2666 3296 quingentis
2723 3231 3054 3279 armatorum
3107 3222 3354 3278 milibus.
3383 3223 3441 3276 Et
3464 3222 3578 3293 pri-

1958 3335 2048 3372 mo
2073 3334 2171 3389 per
2193 3325 2330 3372 totas
2361 3317 2579 3384 Gallias,
2615 3327 2765 3372 tanta
2797 3334 2894 3389 per
2939 3333 3036 3374 eos
3067 3317 3158 3371 Dei
3191 3316 3447 3372 efferbuit
3479 3317 3572 3370 in-

1961 3410 2228 3484 dignatio,
2261 3419 2321 3464 ut
2350 3409 2553 3463 nullam
2586 3410 2816 3465 omnino
2847 3410 3145 3475 civitatem,
3167 3408 3456 3464 castellum
3490 3408 3576 3462 vel

1961 3503 2225 3573 Oppidum
2250 3502 2434 3573 aliqua
2465 3517 2496 3556 a
2521 3500 2704 3557 furore
2757 3517 2948 3557 eorum
2992 3499 3233 3572 potuerit
3256 3499 3418 3555 tutari
3450 3516 3574 3554 mu-

1962 3595 2116 3650 nitio.
2148 3595 2428 3650 Postremo
2461 3593 2766 3648 Aurelianis
2795 3594 2986 3648 urbem
3019 3594 3117 3660 eis
3155 3591 3574 3658 obsidentibus,

1962 3684 2029 3737 ad
2053 3682 2364 3738 subsidium
2396 3682 2691 3737 Galliarum
2733 3681 3008 3736 advolavit
3064 3681 3327 3752 patricius
3379 3680 3582 3734 Roma-

1963 3784 2156 3823 norum
2195 3769 2363 3834 Etius,
2397 3769 2565 3824 fultus
2593 3778 2648 3823 et
2693 3768 2814 3840 ipse
2864 3768 3192 3824 Theoderici
3244 3767 3584 3843 Wisigotho-

1961 3875 2080 3912 rum
2109 3858 2253 3931 regis
2274 3867 2327 3912 et
2353 3858 2621 3913 Meroveci
2683 3859 3011 3914 Francorum
3062 3859 3208 3933 regis
3233 3858 3579 3928 aliarumque

1959 3949 2206 4023 gentium
2239 3949 2414 4020 copiis
2441 3950 2795 4006 militaribus.
2829 3951 3090 4006 Conserto
3122 3948 3303 4021 prelio
3352 3949 3407 4003 in
3434 3965 3580 4003 cam-

1962 4045 2048 4114 pis
2078 4044 2464 4112 Catalaunicis,
2497 4052 2794 4119 pugnatum
2825 4051 2909 4100 est
2937 4059 3114 4115 usque
3146 4044 3216 4098 ad
3257 4042 3580 4113 diremptio-

1963 4147 2087 4187 nem
2123 4132 2318 4187 noctis.
2354 4133 2505 4187 Elius
2533 4132 2787 4203 superior
2816 4132 3040 4204 quidem
3072 4131 3319 4198 recessit,
3357 4130 3577 4185 Attilam

1962 4231 2145 4277 tamen
2187 4240 2297 4279 non
2347 4239 2522 4295 usque
2565 4223 2631 4276 ad
2672 4223 3115 4280 internecionem
3161 4221 3388 4276 delevit.
3426 4220 3580 4275 Cassa

1961 4316 2179 4370 suntibi
2214 4324 2433 4371 centum
2486 4316 2768 4390 octoginta
2793 4315 2944 4370 milia
2989 4321 3361 4388 pugnatorum
3395 4337 3412 4378 ;
3443 4314 3590 4368 inter

1961 4428 2101 4484 quos
2129 4413 2290 4467 etiam
2336 4413 2537 4467 cecidit
2566 4413 2931 4468 Theoderitus
2992 4428 3086 4466 rex
3117 4411 3574 4483 Wisigothorum.

1963 4501 2142 4564 Attila,
2176 4508 2456 4572 resumpta
2497 4518 2595 4572 spe
2617 4518 2683 4556 ex
2733 4501 2833 4555 Etii
2894 4500 3161 4563 discessu,
3224 4498 3585 4568 irepatriavit,

1965 4600 2174 4645 mature
2204 4591 2482 4645 rediturus
2511 4590 2766 4662 suppleto
2790 4589 3031 4645 exercitu
3089 4588 3250 4658 (160).
3281 4589 3408 4656 (1b.)
3441 4588 3589 4642 Thu-

1963 4681 2239 4737 rismodus
2289 4681 2436 4736 filius
2490 4681 2801 4737 Theoderiti
2860 4697 3093 4754 regnum
3149 4678 3585 4753 Wisigotharum

1960 4777 2226 4846 suscepit,
2282 4776 2556 4847 annisque
2603 4776 2636 4830 3
2691 4775 2941 4849 regnavit
2988 4781 3051 4838 (V
3099 4774 3334 4841 Servat.)
3374 4773 3559 4844 Nycha

1599 4871 1819 4928 VARl/E
1837 4873 2212 4930 LECTlONES.

319 4970 364 5003 ⁸ο
394 4974 472 5025 ita
505 4985 644 5025 corr.
673 4969 845 5039 Sigeb.
880 4971 1016 5044 quod
1037 4973 1210 5038 primo
1239 4972 1411 5044 XLXV
1434 4977 1765 5043 scripserunt
1792 4975 1972 5030 XLIIII
2007 4977 2204 5031 habent
2257 4976 2348 5030 Cl.
2406 4975 2495 5029 2³⁵.
2544 4973 2593 5030 3.
2633 4975 2669 5028 D
2745 4974 2801 5028 E.
2845 4974 3149 5028 Germanus
3180 5005 3244 5012 —
3278 4955 3602 5044 conﬂigunt

246 5043 439 5097 desunt
461 5044 543 5118 ad.
569 5059 656 5113 pr.
681 5049 734 5118 et
756 5045 873 5097 sine
900 5042 1060 5118 dubio
1077 5045 1202 5111 jam
1232 5043 1361 5118 Dl‘.
1397 5046 1513 5098 1".
1543 5042 1684 5099 7E8h.
1727 5047 1766 5080 3'
1799 5047 1954 5118 Apud
1984 5078 2054 5087 ——
2095 5047 2310 5102 Christo
2346 5049 2591 5115 primum
2643 5049 2811 5100 unius
2858 5053 2911 5100 et
2961 5048 3198 5118 dimidia:
3235 5047 3392 5099 linem
3419 5042 3598 5114 spatio

247 5117 642 5188 comprehensa,
672 5117 728 5168 in
766 5114 1399 5188 rasuratitauampliavit
1427 5133 1625 5172 manus
1653 5114 1880 5186 incerta,
1914 5121 2029 5173 rell.
2065 5127 2258 5188 praeter
2284 5114 2368 5182 AI,
2395 5121 2490 5185 qui
2517 5121 2594 5171 ita
2642 5118 2799 5172 habet
2828 5136 2843 5170 :
2879 5117 3033 5187 Apud
3070 5117 3342 5188 Ephesum
3377 5123 3591 5188 septem

248 5182 588 5262 (lcrmientes
628 5201 659 5262 a
690 5193 936 5254 tempore
967 5182 1266 5262 Deciipo'st
1290 5201 1465 5262 annos
1495 5205 1614 5262 suae
1643 5182 1994 5262 dormitionis
2025 5182 2131 5262 382
2166 5207 2196 5262 a
2223 5182 2420 5262 sumne
2459 5197 2712 5262 surgunt.
2759 5196 2814 5242 et
2843 5182 3055 5242 asserta
3098 5182 3206 5262 fide
3238 5182 3596 5262 resurrectio~

249 5254 334 5306 nis
364 5264 589 5322 nostrae,
621 5255 1676 5329 dequatuncAmultumdubitabatur,
1715 5261 1914 5315 iterum
1965 5260 2021 5313 in
2078 5261 2285 5315 Christo
2343 5254 2651 5314 dormiu'nt.
2708 5265 2792 5314 Ita
2840 5262 3008 5327 igitur
3065 5261 3364 5329 .S'igebertus
3414 5261 3589 5327 primo

1807 5402 2013 5457 ΝΟΤᾹΞ.

245 5329 551 5395 scripserat.
580 5329 626 5361 ³²
654 5325 944 5381 Vl‘habent
977 5325 1102 5383 83'.
1143 5327 1233 5383 (It.
1262 5327 1330 5382 2‘
1363 5330 1414 5384 3.
1441 5330 1526 5384 4*.
1555 5331 1615 5384 D.

251 5564 276 5619 1
311 5491 468 5621 ἑὲὸο)
507 5494 626 5550 Non
668 5494 772 5551 hoc
796 5511 965 5564 anno,
997 5496 1094 5553 sed
1129 5497 1233 5554 457
1263 5515 1278 5564 ;
1309 5496 1380 5552 cf.
1411 5499 1537 5554 Acta
1599 5500 1694 5557 SS.
1744 5500 1859 5559 Oct.

2043 5499 2190 5569 (160)
2224 5501 2346 5558 llaec
2371 5518 2430 5556 a.
2467 5501 2566 5557 «151
2624 5508 2746 5557 acta
2777 5508 3012 5558 constat.
