3870 6060
162 271 234 326 83
1656 260 2014 316 CllRONlCA.
3429 260 3501 317 86

160 401 279 454 Silis
321 396 618 453 Βθωθηείε
646 394 944 465 episcopus
981 407 1104 447 cum
1168 390 1428 460 ΕυιΓοΡία
1479 404 1670 446 sorore
1715 388 1854 464 aPA
1887 406 2164 462 Coloniam
2197 405 2442 476 appulsa
2482 410 2628 461 sunt.
2660 405 2852 477 Ibique
2914 422 2980 461 ex
3054 406 3237 482 angeli
3284 407 3497 463 monitu

166 489 344 545 Hunis
401 486 837 558 martyrizantur.
893 484 1095 541 Auctor
1148 482 1431 538 Mettensis
1486 483 1694 554 episcol

1970 514 2111 552 mam
2162 496 2475 561 tendentes,
2536 496 2604 551 ad
2636 496 2826 551 urbem
2884 496 3146 552 Basileam
3181 495 3435 563 navibus,
3466 513 3498 552 a

164 585 493 657 eaptivatur,
523 582 622 637 sed
654 580 825 636 Hunis
854 580 1100 636 cacitate
1114 579 1412 652 percussis,
1445 595 1565 634 cum
1598 593 1692 649 cap

1968 590 2094 645 silea
2136 589 2361 649 Romam
2418 605 2595 661 usque
2660 589 2895 660 pedibus
2960 589 3242 660 profecta,
3298 590 3496 645 eodem

162 676 247 730 vis
276 690 393 729 sua
437 671 593 728 urbis
621 670 915 726 relaxatur.
967 670 1077 725 Hoc
1133 668 1405 725 excidium
1439 666 1628 721 Galliis
1675 666 1783 720 im-
1883 682 2052 739 eundi
2086 689 2276 738 tenore
2310 681 2591 737 Coloniam
2624 688 2753 736 sum
2794 698 3050 748 reversa},
3083 682 3151 736 ab
3183 682 3354 736 Hunis
3384 699 3494 738 υη,

162 763 411 834 Pendere
439 760 718 816 servam“
745 759 1082 834 Τυιιετθηείε
1129 760 1423 831 episcopus
1453 758 1615 832 longe
1651 763 1778 813 θυῖε
1881 774 2049 847 dique
2077 773 2358 830 obsessam
2412 774 2448 827 A
2483 774 2686 846 quibus
2703 789 2914 829 cuncta
2942 773 3324 845 martyrizata,
3351 790 3496 830 novo

162 853 218 906 in
251 852 454 924 spiritu
487 849 823 922 previderat,
853 856 910 904 et
937 849 1121 905 Roma
1147 865 1178 902 a
1210 849 1367 904 Petro
1393 849 1641 919 apostolo
1672 847 1690 901 Ι

1967 867 2203 922 mirabili
2247 866 2411 922 modo
2448 866 2878 938 triumpharunt,
2937 872 2992 920 et
3037 865 3315 920 Coloniam
3365 882 3493 921 san-

157 940 434 1011 judicium
465 938 562 993 Dei
591 936 911 993 inevitabile
939 936 1054 993 fore
1080 938 1378 1003 didicerat;
1420 937 1657 1009 ideoque
1688 952 1776 991 re-

161 1030 295 1084 licta
341 1025 651 1098 Tungrensi
680 1026 836 1093 urbe,
893 1042 1015 1098 qua
1045 1027 1347 1082 evertenda
1385 1032 1523 1092 erat,
1554 1024 1622 1080 ad
1647 1024 1773 1079 Tra-

154 1116 368 1185 jectum
410 1116 602 1171 sedem
649 1115 1020 1186 episcopalem
1074 1115 1428 1186 transposuit.
1491 1114 1674 1185 (Cano.
1706 1118 1776 1169 De

156 1213 315 1279 gl°m
358 1227 400 1277 ι,
432 1211 543 1281 13.)
585 1210 894 1266 Pullulante
947 1211 1088 1265 intra
1145 1210 1346 1265 Gallias
1391 1210 1619 1265 Arriana
1673 1210 1777 1264 he-

158 1305 293 1377 resi,
326 1321 452 1377 qua
507 1305 814 1379 inaquales
858 1308 1092 1363 credens
1129 1323 1253 1362 esse
1280 1322 1547 1378 personas
1576 1316 1778 1361 sancta

157 1392 463 1460 Trinitatis,
495 1393 736 1461 dicebat,
763 1394 958 1451 Filium
989 1396 1261 1452 minorem
1284 1411 1404 1451 esse
1435 1396 1611 1461 Patre,
1643 1394 1774 1466 Spi-

155 1484 323 1541 ritum
357 1501 493 1542 vero
535 1493 786 1543 sanctum
820 1487 1090 1544 minorem
1125 1488 1283 1544 Patre
1314 1497 1368 1544 et
1398 1488 1562 1544 Filio:
1592 1487 1778 1544 Domi-

157 1598 261 1636 nus
307 1590 562 1638 errantes
618 1583 866 1656 corrigit,
922 1585 1224 1640 ostendens
1267 1584 1432 1656 plano
1485 1583 1773 1651 miraculo,

1878 955 2050 1028 guine
2080 962 2134 1009 et
2158 954 2438 1024 sepultura
2469 970 2569 1009 sua
2597 953 2886 1009 clariorem
2919 954 3280 1009 reddiderunt
3298 954 3361 1007 ³³.

1984 1044 2110 1099 454.
2188 1043 2250 1096 R.
2295 1041 2348 1098 3.
2427 1043 2487 1098 Ρ.
2543 1042 2625 1097 l2.
2705 1042 2762 1096 F.
2801 1042 2855 1098 6.
2938 1043 2992 1098 Β.
3034 1043 3088 1098 8.
3165 1043 3249 1098 W.
3291 1042 3384 1097 25.

2273 1136 2356 1190 W.
2401 1137 2449 1191 1.
2529 1136 2589 1191 Ο.
2628 1136 2718 1191 24.
2798 1136 2858 1190 H.
2899 1138 2955 1191 5.

1954 1229 2036 1300 (A.
2064 1228 2165 1299 m.)
2196 1227 2356 1283 Attila
2386 1227 2594 1283 Italiam
2626 1244 2936 1301 aggressus,
2981 1244 3174 1284 omnes
3200 1245 3344 1300 pene
3372 1230 3494 1303 ejus

1878 1323 2130 1379 civitates
2161 1331 2254 1378 aut
2304 1321 2494 1390 diruit,
2523 1329 2619 1377 aut
2647 1322 2892 1394 diripuit,
2952 1331 3045 1378 aut
3090 1323 3355 1378 incendit.
3411 1323 3489 1377 Ad

1877 1428 2004 1467 enm
2062 1411 2169 1467 Leo
2202 1427 2346 1483 papa
2383 1411 2556 1477 venit,
2606 1419 2660 1465 et
2716 1426 2825 1466 non
2871 1411 3048 1467 solum
3096 1412 3348 1478 salutem,
3389 1412 3488 1467 sed

1877 1505 2041 1560 etiam
2075 1512 2134 1560 ut
2191 1504 2397 1558 rediret
2437 1501 2694 1559 obtinuit.
2754 1503 2865 1557 Rex
2920 1502 3083 1558 Attila
3125 1504 3419 1574 requisitus
3459 1521 3490 1559 a

1878 1597 2013 1664 suis,
2047 1613 2145 1652 cur
2173 1595 2225 1651 ei
2248 1603 2356 1651 tam
2386 1596 2577 1651 fuisset
2602 1594 2909 1667 placabilis,
2945 1595 3252 1665 respondit,
3287 1611 3347 1650 se
3377 1611 3487 1651 non

155 1677 325 1731 Deum
367 1677 424 1731 in
457 1676 631 1732 tribus
668 1678 922 1748 personis
964 1678 1126 1733 unius
1153 1684 1206 1734 et
1242 1678 1470 1750 aqualis
1499 1692 1619 1733 esse
1650 1676 1778 1733 sub—
1801 1720 1854 1788 Β
1877 1701 2004 1741 eum
2036 1701 2158 1740 esse
2189 1685 2506 1750 remi-itum,
2542 1685 2639 1739 sed
2671 1699 2860 1738 senem
2884 1683 3178 1754 quemdam
3200 1683 3494 1738 veneram-

155 1764 368 1788 -n-_A!_
407 1781 508 1788 ..-Α
542 1765 741 1788 .l-l_-__
773 1765 836 1788 ..1.
866 1766 916 1788 2..
934 1767 1186 1788 .l:.__2__l-
1219 1767 1496 1788 J!-_2_2._n-
1528 1765 1743 1788 Α..--ι--3
1877 1778 1890 1788 ι
2177 1777 2187 1788 η
2273 1784 2281 1788 .
2392 1777 2406 1788 1
2466 1777 2500 1788 ..
2614 1777 2645 1788 η
2672 1776 2682 1786 ο
2841 1782 2850 1788 .
3039 1776 3050 1786 ο
3099 1776 3129 1788 ι.
3219 1782 3228 1788 .
3423 1775 3433 1785 ι
3474 1775 3486 1786 ο

152 1764 389 1824 stantia.
407 1781 513 1821 nec
538 1765 745 1822 debere
770 1765 840 1821 ab
866 1766 1109 1842 indignis
1122 1767 1192 1822 de
1212 1767 1501 1837 divinitate
1528 1765 1767 1823 tractari.

151 1852 284 1906 Nam
317 1853 602 1909 Vasatensi
640 1853 779 1910 urbe
809 1854 879 1910 ab
909 1855 1186 1911 Hunorum
1214 1854 1507 1911 obsidione
1537 1854 1770 1909 liberata

151 1965 251 2018 per
271 1948 525 2004 divinum
558 1948 981 2018 auxilium,cum
1012 1950 1312 2023 cpiscopus
1341 1965 1440 2021 pro
1469 1948 1766 2024 gratiarum

148 2038 369 2093 actione
391 2038 615 2093 missam
639 2040 846 2111 populo
869 2039 1195 2107 celebraret,
1216 2038 1525 2111 respiciens
1546 2054 1762 2093 sursum

148 2132 283 2185 vidit
307 2131 554 2201 desuper
582 2132 751 2186 altare
807 2132 961 2204 quasi
993 2132 1063 2186 de
1093 2147 1309 2187 camera
1342 2131 1532 2203 templi
1564 2132 1764 2187 cadere

148 2224 437 2294 a-qualiter
489 2232 602 2279 tres
649 2231 831 2298 guttas
886 2224 1115 2296 aqualis
1166 2224 1589 2299 magnitudinis,
1661 2224 1765 2280 cri-

146 2313 302 2367 stallo
334 2312 634 2380 clariores;
668 2330 789 2385 qua
842 2313 1005 2369 simul
1046 2313 1356 2369 deﬂuentes
1385 2320 1441 2370 et
1484 2314 1540 2369 in
1590 2330 1762 2370 unum

146 2405 477 2473 conjuncta,
507 2405 665 2477 quasi
693 2422 859 2461 unam
909 2421 1180 2481 gemmam
1222 2406 1647 2478 pulcherrimam
1680 2405 1760 2462 ef-

144 2496 410 2552 fecerunt.
447 2497 616 2562 Quam
645 2513 769 2553 cum
811 2497 863 2552 in
900 2498 1083 2554 medio
1114 2498 1295 2553 crucis
1324 2514 1508 2554 aurea
1539 2505 1594 2553 et
1614 2514 1763 2571 gem-

145 2594 299 2642 mata
322 2588 676 2659 posuissent;
709 2588 831 2643 alia
870 2604 1103 2664 gemma
1132 2588 1476 2655 ceciderunt,
1508 2604 1776 2644 seorsum.

141 2691 265 2731 vero
300 2677 504 2747 posita,
553 2674 786 2731 inﬁmis
839 2675 1005 2731 dabat
1053 2677 1368 2746 sanitatem,
1402 2676 1762 2733 adorantihus

140 2782 266 2822 vero
295 2767 600 2839 imaginem
655 2774 857 2823 sancta
885 2767 1064 2824 crucis
1112 2769 1351 2844 augebat
1380 2770 1756 2836 devotionem,

140 2861 262 2931 quia
294 2863 408 2933 piis
435 2871 492 2918 et
537 2865 758 2920 mundis
788 2866 954 2935 clara,
1005 2866 1191 2938 impiis
1221 2872 1275 2921 et
1311 2864 1610 2920 immundis
1656 2864 1756 2921 ob-

138 2965 293 3005 srura
326 2951 641 3009 videbatur.
681 2957 753 3025 (V.
811 2954 849 3010 S
903 2956 1036 3027 Urs.)
1091 2954 1359 3011 Omnibus
1390 2954 1553 3010 bellis
1582 2954 1755 3011 famo-

136 3044 249 3097 sius
279 3042 386 3098 fuit
417 3044 649 3112 bellum,
682 3046 833 3117 quod
868 3048 1194 3103 candidatus
1220 3053 1528 3103 sanctarum
1562 3046 1746 3102 unde-

133 3137 232 3191 cim
263 3137 488 3193 milium
516 3139 789 3214 virginum
823 3142 1094 3197 exercitus
1112 3141 1357 3209 bellavit,
1400 3141 1540 3196 duce
1565 3147 1753 3197 sancta

132 3232 344 3305 virgine
376 3231 590 3288 Ursula.
624 3234 753 3298 Qua
786 3232 897 3291 ﬁlia
919 3236 1084 3292 unica
1115 3236 1296 3302 Nothi,
1332 3236 1665 3292 nobilissimi
1700 3241 1757 3291 et

130 3322 388 3378 ditissimi
440 3324 821 3382 Britannorum
884 3328 1173 3401 principis,
1213 3346 1334 3385 cum
1369 3329 1614 3385 nondum
1647 3346 1755 3385 nu-

130 3416 251 3472 bilis
280 3434 315 3472 a
354 3417 469 3475 tilio
500 3420 789 3488 cujusdam
839 3422 1097 3478 ferissimi
1134 3424 1351 3496 tyranni
1416 3424 1484 3480 ad
1526 3426 1752 3497 nuptias

130 3513 506 3575 expeteretur,
541 3514 594 3563 et
646 3516 855 3580 patrem
887 3526 1049 3565 suum
1106 3526 1273 3583 super
1302 3512 1408 3567 hoc
1437 3512 1647 3567 anxiari
1681 3513 1753 3567 vi,

130 3596 309 3663 deret,
340 3596 434 3669 qui
476 3597 647 3651 Deum
681 3598 983 3668 metuebat,
1020 3598 1065 3654 si
1098 3599 1264 3655 tiliam
1303 3601 1414 3656 Deo
1441 3600 1551 3670 jam
1584 3602 1755 3658 devo-

131 3690 235 3738 tam
271 3685 487 3740 nubere
518 3695 774 3761 cogeret;
809 3694 864 3742 et
907 3692 1197 3760 tyrannum
1227 3689 1476 3754 timebat,
1506 3690 1550 3745 si
1585 3689 1753 3746 ﬁliam

131 3776 178 3830 ei
210 3776 555 3849 denegaret:
615 3777 879 3834 divinitus
909 3780 1174 3851 inspirata
1205 3781 1420 3837 nutanti
1456 3782 1594 3854 patri
1626 3798 1748 3838 sua-

131 3868 220 3935 sit,
250 3874 315 3923 ut
347 3873 581 3939 tyranno
618 3871 998 3938 assentiretur,
1031 3887 1096 3926 ea
1137 3881 1325 3928 tamen
1355 3874 1433 3929 illi
1463 3875 1747 3947 proposita

130 3962 475 4030 conditione,
532 3972 592 4020 ut
618 3965 736 4036 ipse
765 3974 820 4021 et
846 3973 1108 4037 tyrannus
1150 3967 1341 4023 decem
1372 3970 1619 4046 virgines
1648 3987 1743 4044 ge-

132 4069 284 4118 nere,
320 4052 520 4122 forrna,
552 4060 607 4109 et
639 4062 798 4110 atate
828 4056 1031 4112 electas
1059 4057 1165 4112 sibi
1196 4059 1498 4127 traderent,
1556 4067 1609 4116 et
1637 4069 1745 4116 tam

130 4144 235 4198 sibi
257 4160 426 4216 quam
458 4144 692 4221 singulis
723 4146 939 4202 illarum
983 4148 1130 4204 mille
1154 4149 1401 4223 virgines
1430 4150 1749 4206 subscribe-

132 4246 271 4305 rent,
300 4246 359 4294 et
391 4242 725 4311 comparatis
780 4242 847 4296 ad
889 4260 1177 4300 numerum
1220 4244 1459 4317 ipsarum
1490 4245 1744 4301 undecim

132 4328 412 4396 trieribus,
444 4329 698 4387 inducias
738 4332 1085 4388 trienniisibi
1109 4335 1306 4390 darent
1331 4335 1397 4390 ad
1425 4335 1744 4390 exercitium

1877 1778 2005 1845 lem,
2034 1777 2324 1850 evaginato
2354 1777 2542 1850 gladio
2582 1776 2685 1830 sibi
2714 1782 2945 1831 mortem
2978 1776 3348 1843 minitantem,
3382 1775 3486 1830 nisi

1870 1867 1990 1936 ejus
2020 1867 2075 1921 in
2094 1867 2351 1923 omnibus
2381 1867 2628 1938 expleret
2659 1866 3019 1922 voluntatem.

1937 1959 2061 2013 455.
2181 1961 2238 2014 4,
2331 1960 2416 2013 13.
2530 1960 2559 2013 7
2694 1958 2748 2015 9.
2824 1959 2914 2013 26.
3027 1958 3079 2014 2.
3157 1958 3245 2014 25.
3357 1959 3410 2015 6.

1938 2053 2137 2124 (10am)
2184 2053 2344 2108 Attila
2384 2052 2723 2125 Wisigothos
2771 2053 3052 2108 debellare
3093 2071 3408 2128 aggressus,
3453 2072 3485 2110 a

1863 2147 2224 2204 Thurismodo
2270 2147 2449 2203 victus
2484 2147 2651 2202 rediit
2700 2146 2987 2219 inglorius.
3045 2147 3129 2217 (II.
3183 2150 3286 2215 m)
3342 2147 3485 2202 Illar-

1864 2238 2015 2294 tiano
2058 2236 2376 2308 imperatori
2417 2251 2693 2307 apparens
2742 2233 3007 2289 Dominus
3038 2235 3093 2288 in
3125 2235 3357 2301 somnis,
3388 2252 3480 2290 ar-

1863 2342 1988 2382 cum
2043 2324 2216 2381 Attilae
2267 2324 2498 2379 fractum
2552 2338 2675 2377 esse
2713 2321 2976 2378 ostendit.
3034 2321 3142 2376 Nec
3187 2321 3240 2374 id
3278 2337 3477 2376 vanum

1865 2419 1989 2476 fuit.
2031 2418 2229 2473 Eadem
2262 2418 2466 2490 quippe
2489 2425 2651 2472 nocte
2705 2415 2865 2470 Attila
2894 2415 2950 2469 in
2982 2415 3195 2486 nuptiis
3221 2415 3337 2470 suis
3366 2432 3482 2470 cra-

1865 2515 2105 2586 pulatus,
2125 2518 2450 2584 erumpente
2478 2529 2580 2583 per
2604 2511 2952 2583 ap0plexiam
2979 2509 3251 2585 sanguine
3282 2510 3349 2565 de
3380 2527 3477 2565 na-

1865 2607 2041 2677 ribus,
2072 2606 2126 2660 in
2157 2605 2300 2661 lecto
2332 2610 2415 2660 est
2442 2603 2733 2660 oH‘ocatus.
2769 2602 2982 2657 Hernac
3012 2601 3160 2657 ﬁlius
3204 2601 3325 2672 ejus
3354 2608 3480 2673 post

1865 2716 1991 2755 eum
2040 2706 2254 2773 regnat.
2286 2696 2702 2752 Valentinianus
2752 2694 3055 2768 imperator
3098 2693 3272 2750 Etium
3306 2693 3480 2766 patri-

1861 2792 2006 2847 cium
2037 2788 2315 2846 interficit.

1930 2883 2053 2938 456.
2165 2884 2215 2937 5.
2303 2883 2384 2937 HL.
2499 2880 2552 2937 8.
2644 2880 2724 2934 l0.
2802 2879 2892 2937 27.
3007 2880 3058 2933 3.
3136 2879 3229 2936 26.
3346 2881 3398 2935 1.

1929 2974 2103 3044 (lsrn)
2158 2972 2555 3028 Thurismodus
2613 2988 2702 3028 rcx
2754 2971 3243 3045 Wisigotharuma
3296 2972 3477 3027 fratri-

1779 3084 1828 3153 Ο
1850 3063 1956 3120 bus
1983 3064 2098 3120 suis
2129 3062 2390 3119 Friterico
2417 3070 2472 3118 et
2499 3062 2842 3119 'lheoderico
2885 3062 3187 3136 jugulatur.
3216 3062 3475 3118 Theode-

1856 3152 2003 3208 ricus
2030 3152 2195 3207 frater
2243 3152 2362 3221 ejus
2391 3151 2448 3205 in
2477 3167 2708 3227 regnum
2762 3151 2812 3205 ei
2838 3151 3165 3218 succedens,
3220 3152 3473 3226 regnavit

1857 3247 2018 3301 annis
2074 3246 2159 3303 13.
2194 3250 2278 3313 (Η.
2310 3248 2405 3315 m.)
2436 3246 2559 3301 Filii
2610 3246 2786 3301 Attila
2818 3246 2948 3301 dum
3005 3245 3354 3301 contendunt
3405 3246 3475 3301 de

1858 3352 2050 3409 regno,
2082 3337 2344 3406 subjecta
2378 3336 2549 3391 Hunis
2574 3342 2771 3411 gentes
2801 3335 2868 3391 ab
2902 3335 3185 3392 Hunorum
3216 3351 3277 3390 se
3306 3350 3475 3391 excu-

1860 3428 2002 3483 tiunt
2036 3429 2193 3503 jugo.
2257 3430 2337 3498 (Η.
2390 3430 2488 3493 m.)
2546 3428 2787 3484 Consilio
2849 3427 3065 3483 Maximi
3127 3427 3471 3499 tyrannidem

1854 3520 2176 3574 meditantis
2227 3519 2647 3575 Valentinianus
2696 3519 2997 3590 imperator
3026 3534 3057 3572 a
3086 3517 3333 3573 Transila
3363 3518 3470 3573 mi-

1855 3611 1948 3665 lite
1975 3608 2115 3664 Ethii
2151 3607 2457 3679 perimitur.

1925 3703 2051 3759 457.
2163 3701 2216 3756 6.
2300 3700 2384 3755 15.
2497 3701 2551 3755 9.
2630 3702 2718 3755 11.
2804 3698 2898 3754 28.
3010 3699 3059 3754 1.
3138 3698 3231 3756 27.
3339 3698 3396 3753 2.

1919 3794 1996 3863 (ν.
2030 3793 2182 3862 Gen.)
2234 3790 2512 3847 Geuovefa
2550 3791 2704 3866 virgo
2750 3790 3076 3846 Parisiensis
3114 3789 3286 3846 multa
3331 3806 3468 3846 san-

1847 3887 2033 3942 ctitate
2062 3886 2232 3941 claret
2284 3901 2383 3956 per
2409 3884 2624 3940 Gallias.
2658 3884 2743 3957 (II.
2782 3885 2878 3953 τη.)
2912 3884 3176 3940 Maximus
3221 3874 3468 3956 tyranni-

1847 3972 1971 4027 dem
2030 3972 2253 4044 arripit:
2298 3972 2622 4040 Eudoxiam,
2686 3972 2930 4029 relictam
2984 3972 3371 4041 Valentiniani,
3416 3975 3469 4030 vi

1848 4065 2006 4136 rapit.
2070 4064 2168 4120 llla
2218 4064 2573 4120 Gensericum
2629 4080 2694 4119 ex
2767 4063 2937 4120 Africa
2988 4064 3202 4133 invitat,
3244 4071 3304 4121 ut
3331 4082 3391 4121 se
3438 4082 3470 4121 a

1847 4156 2079 4211 Maximo
2111 4155 2312 4228 eripiat
2340 4156 2400 4210 δι.
2462 4156 2789 4211 Gensericus
2817 4156 3044 4212 Romam
3071 4164 3241 4228 capit,
3282 4156 3469 4212 omnia

1848 4248 2070 4319 diripit;
2104 4256 2163 4304 ut
2192 4257 2375 4304 tamen
2407 4248 2475 4303 ab
2508 4249 2659 4323 igne,
2690 4249 2841 4304 cade
2869 4255 2924 4304 et
2952 4249 3242 4321 suppliciis
3276 4248 3464 4304 homi-

1848 4354 1978 4392 num
2009 4338 2331 4404 abstineret,
2365 4337 2473 4394 Leo
2506 4355 2647 4410 papa
2677 4338 2745 4392 ah
2803 4352 2869 4394 eo
2907 4337 3166 4394 obtinuit.
3201 4336 3467 4392 Maximus

132 4417 463 4491 \irginitatis
491 4435 629 4489 sua,
679 4436 820 4477 novo
847 4439 945 4478 usa
974 4425 1229 4493 consilio,
1265 4432 1327 4480 ut
1356 4432 1449 4481 aut
1503 4424 1743 4481 difﬁcul-
1764 4458 1822 4527 D
1848 4435 2161 4501 tyrannusa
2189 4428 2395 4500 populo
2428 4428 2772 4484 membratim
2802 4427 3152 4498 discerpitur.
3187 4426 3289 4481 Per
3317 4442 3462 4496 qua-

132 4518 237 4564 tate
269 4511 572 4581 proposita
599 4514 936 4570 conditionis
965 4516 1205 4572 animum
1240 4519 1362 4587 ejus
1393 4535 1423 4573 a
1452 4534 1511 4573 se
1539 4511 1818 4572 averte-”
1848 4521 2151 4577 tuordecim
2181 4521 2301 4577 dies
2344 4521 2515 4577 Roma
2553 4520 2875 4593 despoliata,
2911 4518 3238 4574 Gensericus
3282 4517 3466 4574 Eudo-

131 4614 230 4669 ret,
261 4612 357 4661 aut
378 4607 483 4661 hac
511 4609 889 4679 oportunitate
926 4626 1119 4668 omnes
1148 4629 1360 4668 coavas
1394 4629 1525 4667 suas
1555 4628 1744 4668 secum
1848 4609 1990 4665 xiam
2018 4626 2139 4665 cum
2182 4609 2397 4665 duabus
2429 4608 2649 4665 ﬁliabus
2677 4616 2730 4664 et
2758 4607 2932 4664 multo
2981 4607 3182 4679 pOpulo
3208 4607 3463 4679 captivat,

135 4694 242 4748 Deo
268 4694 500 4750 dicaret.
536 4696 593 4752 Et
621 4714 687 4752 ex
718 4699 823 4754 hoc
850 4700 1106 4757 condicto
1132 4701 1444 4776 virginibus
1490 4701 1751 4758 trieribus
1849 4706 1905 4753 et
1935 4697 2246 4770 Campania
2279 4698 2446 4754 urbes
2493 4698 2643 4753 omni
2683 4696 3002 4752 vastationis
3049 4713 3256 4772 genere
3282 4705 3467 4752 exter-

134 4791 183 4837 et
211 4787 530 4858 sumptibus
554 4791 887 4860 comparatis
916 4809 1015 4862 per
1039 4793 1358 4861 triennium,
1392 4794 1521 4849 belli
1556 4794 1749 4865 prelu-
1851 4791 2039 4845 minat.
2069 4792 2183 4861 (Ιὺ.)
2240 4791 2387 4845 lnter
2435 4791 2549 4844 hac
2571 4787 2831 4843 Paulinus
2885 4788 3149 4857 Nolanus,
3187 4789 3316 4844 dum
3366 4804 3464 4860 pro

134 4873 220 4927 dia
248 4875 471 4930 cunctis
500 4877 847 4942 mirantibus.
888 4881 1111 4937 tandem
1161 4883 1264 4938 sub
1292 4900 1402 4940 uno
1430 4885 1519 4940 die
1551 4892 1749 4960 agente
1852 4882 2068 4954 captivo
2093 4880 2207 4937 tilio
2237 4881 2415 4937 vidua
2445 4897 2503 4936 se
2529 4879 2793 4935 vicarium
2818 4880 2871 4935 in
2893 4881 3215 4938 servitutem
3249 4879 3466 4937 barbari

135 4970 296 5020 vento
345 4965 413 5019 ad
464 4973 681 5037 portum
710 4967 918 5037 Gallia,
950 4970 1044 5042 qui
1096 4969 1244 5026 Tiela
1281 4972 1505 5043 dicitur,
1534 4981 1589 5030 et
1617 4975 1750 5031 inde
1854 4976 2307 5046 subjicit,omnes
2329 4975 2699 5046 captivossua
2714 4974 2867 5032 urbis
2881 4975 3469 5048 recipitttﬁi).Avitus

1494 5112 1714 5169 VARl/E
1735 5114 2114 5171 LECTIONES.

207 5203 253 5291 ”_
276 5203 574 5291 Omnibus
600 5204 781 5291 bellis_
822 5237 878 5291 τ-
938 5209 1324 5291 reddiderunt
1348 5217 1406 5268 in
1458 5215 1674 5291 scedula
1720 5222 1906 5271 assuta
1936 5219 2083 5271 curis
2133 5217 2380 5272 secundis
2412 5214 2521 5286 Sig.
2565 5216 2863 5291 addiderat,
2898 5218 3048 5286 signa
3070 5223 3123 5277 alt
3146 5214 3381 5291 apposito
3406 5215 3468 5267 in

145 5281 342 5362 ‘3?“ij
359 5278 453 5331 ³εά
475 5279 639 5362 hujffs
662 5280 888 5362 Μαξίμῳ
914 5281 1353 5362 ᾳᾳρᾳνᾱὶιιελὶῃ-ί.
1385 5286 1606 5362 nultum
1638 5290 1762 5362 jam
1788 5291 2071 5357 vestigium
2110 5294 2353 5357 apparet,
2381 5278 2494 5342 nisi
2509 5278 2881 5362 perforami‘na
2906 5278 3472 5362 αὲηελρααὶτωιέπιςιαε

142 5347 234 5432 ηιξ.
516 5350 694 5432 adhuc
718 5353 853 5431 uidit
1189 5356 1395 5432 Reliqm
1414 5358 1618 5432 codices
1638 5347 1844 5413 habent
1872 5347 2071 5426 crimes,
2099 5347 2297 5429 prater
2333 5347 2524 5415 unum.
2549 5347 2640 5414 F3.
2673 5362 2767 5428 qui
2796 5365 2979 5414 tamen
3004 5347 3223 5428 signum
3258 5347 3397 5411 illud
3419 5369 3470 5423 διε

142 5419 370 5474 exhibet.
448 5419 496 5454 ³⁴
529 5419 829 5477 Eudoxiam
858 5452 927 5464 -—
952 5419 1149 5495 eripiat
1175 5419 1369 5481 desunt
1397 5428 1458 5483 A.

172 5588 509 5676 [‘(i632'lloc
531 5589 681 5676 circa
718 5608 788 5676 ει..
826 5592 1061 5676 Min-iit?
1098 5594 1319 5652 factum.
1368 5596 1578 5655 Erroris
1636 5599 1760 5654 fons
1810 5599 1923 5668 jam
1965 5605 2049 5654 est
2096 5599 2228 5656 Hist.
2286 5599 2467 5667 misc.,
2500 5617 2621 5674 qua
2666 5615 2780 5657 rem
2836 5599 3017 5656 hausit
3062 5616 3127 5657 ex
3186 5601 3372 5676 Greg.,
3403 5600 3475 5658 ll.

147 5658 272 5714 dtal.
309 5660 405 5726 ill,
440 5662 491 5715 1.
516 5659 587 5716 cf.
623 5660 859 5734 Hirschp
910 5664 1000 5721 65.
