3868 6064
313 258 383 312 87
1549 253 1889 308 SIGEBERTI
1929 253 2423 311 GEMBLACENSIS
3575 259 3646 312 88

318 384 622 441 aRomanis
648 385 946 454 imperator
962 381 1328 438 constituitur.
1351 381 1540 450 (lose)
1562 381 1930 436 Theodericus
1957 388 2002 454 Α
2035 381 2329 437 medietate
2358 382 2535 438 amico
2565 398 2665 440 suo
2687 383 3048 450 Widiomaro,
3081 383 3229 454 quod
3263 390 3406 437 esset
3424 383 3643 455 signum

321 493 414 533 rex
445 476 868 548 Wisigotharum
909 475 1116 528 Suevos
1144 473 1197 528 in
1253 473 1510 544 Hispania
1539 473 1726 539 vincit,
1759 479 1813 527 et
1839 488 1929 526 re-

319 581 428 640 gno
450 581 638 620 eorum
669 564 970 628 destructo,
1001 578 1228 635 regnum
1255 578 1412 616 suum
1443 577 1510 616 eo
1535 577 1709 632 usque
1739 570 1932 615 exten-

321 661 418 716 dit.
446 661 654 730 (Βεολ.)
674 659 764 713 His
785 658 1027 712 Martiani
1057 657 1401 728 temporibus
1427 657 1730 712 Jobannem
1760 657 1930 726 bapti-

320 760 456 807 stam
487 759 652 823 caput
671 768 829 806 suum
862 750 1078 805 duobus
1101 750 1384 804 monachis
1407 749 1676 803 revelasse
1706 749 1926 820 quidam

321 843 590 898 scribunt.
625 843 828 911 (Joau.)
859 841 1113 897 Ardarico
1147 841 1262 913 regi
1296 841 1651 909 Cepidarum,
1685 841 1776 912 qui
1817 840 1930 911 pri-

323 952 491 990 musa
531 935 755 990 servitio
791 937 1067 991 Hunorum
1099 933 1330 997 resiluit,
1370 933 1555 988 Iletlac
1578 933 1724 988 filius
1753 935 1930 988 Attilae

325 1023 532 1078 bellum
562 1022 774 1078 indixit.
825 1025 951 1078 Cum
984 1038 1094 1092 quo
1146 1021 1434 1076 Ardaricus
1459 1022 1722 1087 conflixit,
1755 1038 1932 1094 eoque

327 1131 449 1170 cum
500 1114 722 1189 triginta
773 1114 996 1168 milibus
1053 1113 1328 1167 Hunorum
1389 1121 1694 1184 perempto,
1753 1115 1939 1169 Ilunos

326 1203 564 1276 graviter
600 1201 825 1268 afﬂixit;
850 1201 1039 1273 sicque
1067 1209 1286 1273 recepta
1319 1203 1567 1257 libertate
1597 1203 1777 1276 gentis
1801 1221 1936 1271 suae,

336 1302 390 1350 et
423 1295 583 1349 terris
614 1310 805 1349 eorum
837 1294 1059 1361 invasis,
1093 1295 1308 1349 caeteris
1337 1295 1599 1369 gentibus
1627 1297 1938 1368 exemplum

329 1387 483 1442 dedit
514 1387 828 1458 repetenda:
856 1386 1129 1442 libertatis
1185 1389 1350 1455 (BI-30A
1382 1391 1397 1456 )
1442 1388 1648 1444 Mortuo
1676 1389 1936 1445 Martiano

328 1481 635 1536 succedens
682 1481 788 1536 Leo
820 1481 1067 1555 regnavit
1119 1482 1280 1535 annis
1341 1483 1399 1535 t7
1441 1483 1506 1536 ³⁵.
1544 1483 1636 1537 Hic
1657 1499 1826 1555 super
1850 1501 1938 1555 sy-

332 1575 477 1629 nodo
506 1572 918 1628 Calcedonense
943 1573 1288 1647 singulorum
1324 1580 1535 1645 patrum
1555 1575 1801 1649 singulas
1821 1592 1941 1630 sen-

333 1665 533 1720 tentias
580 1665 889 1735 requisivit,
947 1672 1002 1719 et
1042 1665 1172 1735 quia
1211 1665 1454 1719 omnium
1487 1683 1649 1720 unam
1691 1684 1811 1722 esse
1843 1684 1939 1722 co-

329 1753 540 1826 gnovit,
568 1769 686 1808 eam
722 1752 958 1808 fideliter
1000 1755 1177 1808 tenuit
1240 1755 1322 1824 (II.
1354 1757 1448 1822 τη.)
1503 1756 1598 1811 Hic
1635 1773 1756 1812 cum
1816 1757 1943 1812 Wa-

334 1843 535 1896 lamarc
557 1841 1006 1914 Ostrogotborum
1048 1857 1176 1916 rege
1203 1841 1382 1898 fmdus
1412 1844 1640 1918 pepigit,
1667 1852 1720 1899 et
1767 1845 1943 1900 Theo-

332 1931 578 1985 dericum
611 1930 926 1985 tratruelem
967 1931 1088 1999 ejus
1119 1947 1350 2002 puerum
1369 1939 1660 1987 octennem
1693 1933 1941 1988 obsidem

333 2021 563 2090 accepit.
598 2020 892 2092 Hucusque
920 2020 1155 2091 Prosper
1183 2021 1441 2076 chronica
1473 2038 1571 2076 sua
1598 2024 1869 2094 perduxit.

404 2115 528 2172 458.
610 2115 670 2170 R.
715 2117 763 2170 1.
846 2115 902 2170 P.
959 2116 1042 2170 16.
1122 2115 1176 2170 F.
1223 2113 1309 2171 10.
1389 2116 1446 2170 Β.
1492 2118 1577 2173 12.
1655 2118 1870 2174 W.29.

793 2204 877 2258 W.
919 2204 973 2258 2.
1051 2204 1111 2259 0.
1153 2205 1244 2258 28.
1324 2204 1384 2258 Η.
1427 2205 1478 2262 3.

405 2299 494 2367 (G.
547 2316 592 2354 ν.
626 2301 709 2367 F.)
759 2299 1084 2355 Merovccho
1136 2301 1467 2356 Francorum
1523 2318 1652 2375 rege
1707 2308 1946 2369 mortuo,

339 2391 646 2446 Hilclericus
676 2390 820 2445 filius
851 2391 972 2460 ejus
1003 2393 1254 2467 regnavit
1283 2394 1444 2448 annis
1467 2395 1558 2449 26.
1589 2395 1781 2463 (Jonn.)
1818 2395 1951 2449 Her-

335 2499 439 2538 nac
477 2483 621 2537 filius
659 2482 854 2548 Attilae,
889 2483 1168 2538 Hunorum
1228 2500 1340 2552 rex,
1388 2485 1742 2557 Ostrogothos
1794 2485 1947 2558 quasi

335 2571 555 2648 refugas
580 2571 974 2627 dominationis
999 2588 1113 2626 sum
1146 2572 1292 2628 bello
1330 2581 1608 2644 repetens,
1636 2591 1801 2645 super
1826 2575 1951 2630 Wa-

336 2660 596 2714 lamerem
656 2659 848 2723 irruit;
905 2676 935 2712 a
964 2674 1073 2730 quo
1102 2659 1230 2716 victi
1265 2661 1426 2727 Huni,
1479 2663 1531 2717 in
1567 2663 1787 2718 ultimas
1818 2664 1949 2734 Scy-

337 2749 464 2805 thia:
524 2753 705 2818 partes
750 2747 938 2820 fugere
970 2757 1103 2802 sunt
1151 2750 1444 2820 compulsi.
1489 2752 1572 2820 (11.
1606 2753 1706 2823 m.)
1739 2753 1948 2807 Mortuo

338 2837 518 2905 Avito,
545 2835 906 2904 Marjorianus
948 2836 1182 2907 imperat
1237 2838 1397 2892 annis
1454 2841 1507 2892 4.
1555 2841 1814 2910 Symeon,
1858 2841 1950 2912 qui

337 2929 407 2985 40
431 2928 592 2982 annis
622 2927 872 2982 inclusus
921 2928 968 2962 ³⁵
999 2928 1053 2981 in
1086 2929 1342 2984 columna
1373 2931 1539 2995 stetit,
1587 2932 1722 2986 mira
1753 2933 1952 2987 sancti-

2033 471 2396 527 revocationis
2425 487 2559 538 suae,
2603 471 2649 525 si
2677 472 2973 543 aliquando
3006 471 3374 526 intercederet
3403 474 3649 527 reconci-

2030 563 2201 629 liatio,
2234 561 2381 634 apud
2415 563 2673 617 Basinum
2720 579 2905 637 regem
2938 563 3342 637 Thuringorum
3373 563 3528 618 latuit
3547 581 3645 618 an-

2030 657 2116 711 nis
2152 658 2206 712 8.
2251 657 2442 712 Franci
2474 672 2605 712 vero
2634 657 2886 731 Egidium
2922 657 3516 713 ducem‘Romanorum
3559 675 3647 713 re-

2030 761 2152 818 gem
2189 745 2296 798 sibi
2334 744 2646 816 preﬁciunt.
2697 746 2907 816 (Jonn.)
2942 747 3327 800 Hunimundus
3368 764 3460 801 rex
3509 747 3650 802 Suc-

2035 849 2250 900 vorum,
2304 833 2474 888 fultus
2505 835 2834 905 Schyrorum
2877 834 3102 901 auxilio,
3144 835 3498 907 Ostrogothos
3541 853 3644 910 ag-

2031 925 2296 1000 greditur,
2355 926 2409 980 in
2442 941 2552 997 quo
2603 925 2750 982 bello
2791 943 2881 981 rex
2909 925 3177 982 Walamer
3212 927 3519 998 perimitur.
3555 928 3650 982 Cui

2032 1017 2336 1072 succedens
2385 1017 2550 1072 frater
2587 1019 2708 1090 ejus
2764 1018 3095 1073 Thiudemer
3129 1026 3317 1091 regnat
3361 1020 3520 1073 annis
3565 1023 3646 1073 tt.

2042 1106 2178 1160 Huni
2208 1122 2377 1179 regno
2403 1121 2503 1161 suo
2537 1105 2809 1162 diminuto
2841 1123 2962 1162 cum
2997 1125 3060 1162 ex
3101 1108 3344 1181 gentium
3366 1107 3648 1176 subjecta-

2042 1211 2159 1249 rum
2193 1194 2556 1259 discessione,
2609 1205 2722 1250 tum
2756 1212 2821 1250 ex
2875 1195 3156 1269 pugnandi
3190 1195 3532 1260 infelicitate,
3562 1211 3653 1250 re-

2040 1293 2344 1356 gnaverunt
2371 1283 2618 1354 quidem,
2673 1283 2769 1338 sed
2830 1299 2939 1339 non
2991 1283 3046 1338 in
3100 1283 3267 1353 priori
3310 1283 3652 1350 fortitudine,

2042 1376 2222 1432 donec
2259 1375 2423 1449 longo
2481 1383 2602 1446 post
2646 1383 2894 1446 tempore
2937 1392 2967 1430 a
3021 1376 3212 1431 Carolo
3260 1377 3452 1450 Magno
3505 1376 3654 1442 victi,

2040 1485 2162 1523 cum
2196 1467 2318 1537 ipso
2371 1483 2471 1523 suo
2514 1467 2738 1522 nomine
2792 1468 3118 1539 disperiere.
3168 1468 3261 1522 His
3313 1468 3512 1522 abhinc
3555 1468 3656 1522 lilii

2041 1563 2235 1629 Attilae,
2269 1572 2322 1617 ct
2353 1570 2475 1633 post
2497 1579 2594 1618 eos
2617 1563 2866 1618 Zeliohes
2902 1571 3269 1637 regnaverunt
3291 1579 3466 1619 annos
3493 1563 3562 1619 50
3585 1565 3653 1618 37.

2043 1649 2236 1719 (Ιυλα.)
2272 1649 2449 1720 [Apud
2481 1650 2732 1705 Tolosam
2765 1651 2955 1705 urbem
2989 1651 3194 1718 Calliae,
3227 1669 3292 1706 ex
3323 1653 3442 1720 ejus
3471 1653 3656 1707 medio

1969 1707 2018 1774 Β
2043 1707 2154 1796 tota
2185 1707 2288 1795 die‘
2307 1707 2535 1814 sanguis
2575 1742 2880 1817 largissimo
2921 1743 3074 1797 fluxit
3112 1744 3263 1810 rivo;
3319 1707 3465 1816 quod
3499 1745 3655 1800 Gothi

2045 1850 2143 1904 pro
2166 1841 2420 1905 portento
2450 1849 2562 1888 suae
2595 1834 2922 1903 perditionis
2947 1842 3276 1905 acceperunt
3316 1836 3379 1890 ³⁸.

2185 1926 2308 1981 462.
2421 1927 2474 1979 5.
2561 1925 2650 1980 20.
2726 1927 2782 1979 4.
2876 1925 2958 1980 16.
3037 1927 3122 1981 33.
3200 1927 3252 1982 6.
3331 1928 3383 1982 1.
3470 1932 3518 1983 1.

2118 2019 2194 2086 (G.
2227 2022 2402 2084 Pent).
2439 2016 2688 2086 Hylarius
2733 2017 2992 2072 Romana:
3021 2018 3282 2073 aecclesiae
3322 2019 3447 2074 Mus
3487 2021 3668 2089 presi-

2045 2111 2158 2165 det.
2202 2110 2408 2176 (Dens)
2459 2109 2570 2163 Iloc
2615 2108 2845 2178 jubente
2895 2111 3163 2165 Victorius
3210 2111 3418 2182 cyclum
3477 2111 3662 2185 magni

2045 2197 2175 2252 anni
2209 2197 2528 2252 conscribit.
2573 2197 2770 2266 (Ione)
2801 2198 3142 2253 Theudemer
3198 2200 3408 2256 Suevos
3437 2207 3492 2254 et
3521 2201 3661 2271 Scy-

2050 2301 2138 2342 ros
2179 2286 2235 2339 in
2293 2285 2558 2340 ultionem
2599 2285 2780 2340 fratris
2833 2287 3001 2342 occisi
3035 2303 3210 2358 usque
3241 2289 3308 2342 ad
3341 2289 3667 2344 internetio-

2051 2390 2174 2430 nem
2209 2375 2468 2430 debellat.

2208 2471 2334 2527 463.
2419 2471 2473 2526 6.
2549 2471 2639 2527 21.
2715 2471 2768 2527 5.
2849 2473 2934 2528 17.
3013 2474 3099 2528 34.
3182 2473 3236 2528 7.
3308 2473 3363 2528 2.
3439 2474 3494 2527 2.

2122 2563 2204 2630 (Η.
2246 2563 2343 2627 m.)
2401 2560 2580 2615 Pictor
2623 2561 2847 2632 quidam
2907 2578 3030 2615 cum
3087 2561 3421 2618 Salvatorem
3471 2577 3667 2616 secun-

2051 2651 2179 2704 dum
2239 2650 2656 2705 similitudinem
2697 2651 2847 2706 Jovis
2905 2651 3134 2724 pingere
3184 2651 3466 2715 voluisset,
3525 2651 3671 2704 aruit

2050 2755 2246 2794 manus
2275 2740 2413 2808 ejus.
2469 2742 2636 2804 Quem
2669 2741 2886 2809 culpam
2937 2739 3250 2794 confessum
3284 2739 3496 2793 sanavit
3525 2739 3669 2792 Gen-

2056 2833 2252 2887 nadius
2282 2832 2579 2904 episcopus
2634 2830 3207 2900 Constantinopoleos.
3253 2831 3450 2901 tJoao.)
3497 2831 3671 2886 Theu-

2054 2923 2265 2988 demer,
2299 2919 2501 2993 glatiali
2533 2919 2618 2974 via
2644 2920 2872 2976 transito
2904 2919 3172 2986 Danubio,
3206 2920 3370 2974 etiam
3407 2919 3480 2973 ibi
3515 2920 3662 2974 Sue-

339 3027 448 3075 tatc
480 3018 780 3074 Antiochiae
831 3017 1027 3072 claruit
1071 3020 1203 3090 (qui
1241 3020 1382 3075 inter
1419 3029 1619 3076 caetera
1671 3022 1948 3087 monebat,
1985 3044 2032 3109 ρ
2055 3030 2151 3070 VOS
2183 3015 2427 3084 proterit.

340 3127 411 3168 ne
442 3111 566 3183 quis
593 3127 691 3181 per
720 3109 814 3163 Dei
845 3117 938 3164 aut
959 3110 1130 3165 sancti
1164 3111 1397 3180 alicujus
1440 3129 1664 3180 nomen,
1699 3114 1807 3168 imo
1859 3131 1956 3185 per

340 3217 543 3257 nomen
590 3199 876 3271 Symeonis
914 3200 1150 3268 juraret:
1193 3203 1521 3272 promittens
1570 3205 1954 3275 impunitatem

343 3293 398 3346 in
429 3307 488 3346 se
517 3289 790 3362 pejuranti
819 3305 877 3344 se
899 3306 930 3345 a
958 3290 1067 3346 Deo
1099 3292 1524 3362 postulaturum.

421 3382 546 3439 469.
657 3381 879 3437 2.17.
994 3385 1044 3438 1.
1125 3383 1207 3439 13.
1285 3385 1374 3438 30.
1487 3384 1520 3441 3
1615 3386 1705 3440 29.
1819 3389 1872 3441 4.

414 3471 619 3542 (1030.)
651 3470 960 3544 Ostrogotbi
1006 3471 1146 3526 duce
1177 3471 1545 3528 Thiudemcrc
1573 3474 1782 3530 Suevos
1808 3476 1956 3532 bello

342 3570 588 3630 vincunt,
619 3569 673 3618 et
703 3563 1113 3618 Hunimundum
1140 3581 1324 3638 regem
1356 3582 1547 3620 eorum
1579 3567 1826 3639 capiunt,
1858 3569 1956 3623 sed

344 3672 468 3712 eum
501 3655 735 3710 liberum
768 3655 1070 3710 remittunt.

415 3748 540 3803 460.
665 3746 718 3802 3.
800 3747 883 3800 18.
996 3747 1050 3800 2.
1130 3748 1216 3802 14.
1295 3749 1383 3804 31.
1497 3752 1548 3804 4.
1628 3751 1698 3806 30
1831 3751 1884 3805 5.

415 3841 496 3909 (Η.
523 3856 580 3894 m
608 3845 623 3906 )
656 3839 885 3895 Romani
943 3838 1199 3908 Biorgum
1259 3840 1551 3895 Alanorum
1609 3857 1790 3914 regem
1834 3859 1958 3898 cum

345 3933 584 3988 exercitu
625 3947 725 3986 suo
753 3932 805 3985 in
838 3930 1064 3985 Venetia
1095 3931 1440 4004 extinguunt.
1489 3933 1682 4003 (Joan)
1718 3934 1958 3989 Dintzich

348 4020 491 4074 filius
517 4019 716 4086 Attila},
748 4019 1026 4073 Hunorum
1059 4035 1172 4085 rex,
1196 4019 1554 4091 OstrOgothos
1585 4021 1780 4076 iterum
1812 4022 1959 4077 bello

347 4117 634 4182 provocat;
690 4127 721 4162 a
773 4109 976 4181 quibus
1024 4111 1162 4164 Huni
1205 4110 1277 4164 ita
1333 4118 1461 4165 sunt
1518 4111 1739 4178 devicti,
1775 4119 1832 4166 ut
1881 4113 1962 4167 eis

348 4202 539 4271 postea
564 4213 785 4268 semper
825 4197 1136 4268 Ostrogothi
1175 4197 1380 4252 fuerint
1409 4199 1624 4253 terrori.

419 4285 544 4340 461.
667 4285 699 4339 4
818 4283 878 4340 19
986 4285 1040 4338 2.
1131 4291 1214 4338 15.
1291 4285 1377 4340 32.
1491 4287 1544 4340 5.
1634 4287 1721 4341 31.
1834 4289 1885 4343 6.

421 4379 622 4450 (lose)
651 4379 836 4433 Occiso
855 4377 1179 4447 Majoriano,
1202 4379 1438 4433 Severus
1461 4379 1693 4450 imperat
1721 4381 1880 4435 annis
1906 4384 1958 4436 4.

356 4470 434 4531 (G.
483 4485 529 4523 ν.
582 4471 663 4535 F.)
723 4467 1053 4520 Hildericum
1109 4465 1411 4521 insolenter
1471 4475 1526 4522 et
1578 4469 1856 4524 luxuriose
1905 4487 1963 4524 se

352 4567 606 4632 agentem
650 4558 837 4614 Franci
906 4576 1080 4634 regno
1137 4559 1453 4615 deturbant.
1491 4561 1588 4625 Qui
1641 4563 1764 4616 data
1811 4562 1961 4618 aurei

2221 3105 2344 3159 461.
2423 3104 2472 3155 7.
2553 3100 2642 3157 22.
2719 3101 2772 3157 6.
2855 3103 2941 3158 15.
3019 3101 3107 3157 35.
3187 3103 3240 3156 8.
3317 3101 3350 3156 3
3448 3103 3501 3155 3.

2127 3197 2212 3266 (Η.
2240 3195 2340 3264 m.)
2367 3195 2616 3250 Heliseus
2643 3195 2930 3266 prepheta,
2973 3194 3067 3265 qui
3113 3194 3319 3264 duplici
3365 3193 3527 3248 Helia:
3557 3194 3677 3263 spi-

2057 3286 2158 3340 ritu
2189 3285 2408 3356 plenus,
2440 3285 2627 3340 multis
2659 3285 2713 3338 in
2744 3284 2855 3339 vita
2883 3284 3077 3339 claruit
3102 3285 3398 3338 virtutibus
3440 3292 3494 3339 et
3524 3299 3678 3338 mor-

2058 3383 2183 3429 tuus
2222 3383 2496 3428 mortuum
2548 3373 2827 3428 hominem
2884 3388 3047 3443 supra
3088 3388 3291 3443 corpus
3330 3388 3486 3425 suum
3542 3388 3672 3426 casu

2059 3470 2335 3535 iactatum,
2388 3467 2506 3523 solo
2543 3467 2788 3538 corporis
2832 3465 2915 3520 sui
2967 3471 3171 3520 attactu
3212 3462 3579 3532 resuscitavit,
3614 3470 3674 3517 et

2058 3560 2229 3614 multo
2266 3566 2515 3630 tempore
2550 3559 2603 3612 in
2637 3557 2900 3624 Samaria,
2943 3557 3036 3610 ubi
3068 3557 3319 3626 sepultus
3350 3561 3454 3620 est,
3487 3554 3678 3608 multis

2059 3649 2330 3703 claruerat
2357 3647 2652 3710 miraculis,
2682 3654 2738 3701 ut
2770 3655 2969 3718 prmter
2989 3654 3184 3701 caetera
3211 3645 3374 3700 etiam
3411 3645 3678 3698 demones

2065 3740 2138 3793 ibi
2185 3739 2482 3794 frementes
2511 3738 2781 3792 variarum
2824 3737 3058 3790 ferarum
3091 3737 3341 3801 vocibus,
3376 3735 3444 3788 ab
3478 3735 3684 3790 invasis

2063 3832 2378 3903 fugarentur
2454 3828 2800 3899 corporibus,
2877 3828 3259 3882 Alexandriam
3331 3828 3680 3882 transfertur.

2061 3925 2140 3990 (Ib
2170 3924 2184 3992 )
2215 3921 2560 3975 Theudemer
2590 3919 2763 3974 tilium
2809 3935 2967 3974 suum
3007 3918 3406 3974 Theodericum
3440 3936 3470 3972 a
3495 3919 3678 3975 Leone

2061 4018 2293 4084 augusto
2320 4010 2425 4063 sibi
2457 4008 2656 4062 remitti
2687 4016 2950 4081 gratatur.

2229 4101 2352 4155 465.
2430 4100 2483 4154 8.
2562 4100 2651 4154 23.
2730 4101 2782 4153 7.
2862 4100 2948 4154 19.
3027 4099 3113 4154 36.
3191 4099 3226 4152 9
3324 4100 3375 4154 4.
3454 4099 3506 4154 4.

2134 4192 2359 4263 (H.’m.)
2418 4192 2621 4246 Severo
2681 4199 2918 4258 mortuo,
2979 4191 3261 4245 Antemius
3311 4191 3544 4260 imperat
3577 4207 3678 4244 an-

1989 4314 2044 4381 D
2065 4289 2151 4342 nis
2183 4289 2235 4343 4.
2298 4287 2498 4356 (leae)
2528 4287 2906 4342 Theodericus
2940 4286 3264 4342 adolescens
3290 4300 3557 4339 annorum
3590 4285 3680 4352 18,

2067 4382 2293 4436 transito
2325 4379 2598 4446 Danubio,
2655 4396 2824 4451 super
2881 4380 3154 4434 Sarmatas
3185 4379 3364 4441 irruit,
3413 4385 3466 4431 ct
3497 4393 3681 4450 regem

2065 4489 2255 4528 eorum
2309 4472 2486 4526 Babaz
2542 4471 2763 4542 perimit
2844 4477 2897 4526 et
2948 4486 3070 4526 cum
3127 4469 3345 4525 bellicis
3406 4467 3686 4523 manubiis

2066 4564 2241 4618 victor
2272 4563 2339 4618 ad
2371 4569 2580 4633 patrem
2613 4562 2759 4616 redit
2782 4562 2848 4616 3°.

1702 4753 1918 4809 VARIAS
1959 4754 2336 4810 LECTIONES.

427 4916 472 4949 ⁸⁸
497 4914 626 4970 XVI.
670 4913 727 4968 CI
802 4915 892 4968 2'.
948 4915 999 4970 3.
1038 4915 1098 4968 D.
1180 4915 1226 4950 ³⁸
1252 4917 1488 4986 Symeon
1542 4947 1607 4956 —
1671 4917 1918 4972 inclusus
1962 4924 2022 4973 in
2072 4922 2319 4988 margine
2375 4927 2426 4973 et
2478 4923 2536 4972 in
2595 4933 2792 4972 rasura
2846 4919 3060 4986 scripsit
3116 4920 3128 4964 1

431 5001 594 5040 moon
635 4986 728 5044 aui
761 4988 926 5044 fuisse
952 4987 1179 5041 videtur.
1213 4987 1458 5042 inclusus
1513 4990 1650 5044 deest
1680 4990 1738 5042 A.
1826 4990 1868 5022 ³⁷
1903 4989 2054 5044 LVIII
2101 4992 2296 5044 habent
2348 4989 2436 5044 C1.
2498 4989 2585 5044 2*.
2639 4989 2690 5042 3.
2734 4989 2798 5040 4"
2834 4987 2870 5041 D
2982 4987 3128 5041 38adt

357 4989 594 5057 Symeon
631 4986 728 5058 qui
761 4988 926 5052 fuisse
952 4987 1179 5041 videtur.
1213 4987 1458 5042 inclusus
1513 4990 1650 5044 deest
1680 4990 1738 5042 A.

3146 4919 3194 4984 β,
3255 4922 3417 4970 antea
3460 4920 3681 4968 tantum

2982 4989 3026 5021 ³⁸
3048 4987 3195 5041 addit
3225 4988 3284 5050 1γ
3321 4988 3460 5051 relt.;
3492 4986 3685 5040 desunt

360 5062 459 5112 uni
489 5059 547 5112 A.
626 5057 669 5091 ⁸9
701 5063 784 5130 Ita
810 5059 955 5111 hunc
983 5063 1032 5111 et
1059 5065 1329 5126 sequentes
1378 5061 1506 5113 ducs
1533 5075 1702 5114 annos
1755 5060 2055 5128 .S'igebertus
2109 5077 2216 5130 ipse
2257 5065 2542 5129 scripserat
2596 5061 2696 5114 Sed
2723 5062 2787 5114 iis
2816 5063 2983 5114 erasis
3014 5062 3070 5113 in
3114 5063 3179 5124 l.,
3213 5074 3411 5130 manus
3439 5059 3687 5130 quaedam

356 5130 636 5200 δὶιηὶιιὶ-ιῃςι
690 5129 777 5200 1η.
825 5135 882 5200 ait
913 5143 1022 5182 ηοη
1051 5131 1164 5197 ipsa
1196 5132 1281 5200 In.
1304 5133 1516 5198 scripsit
1563 5147 1749 5186 eorum
1777 5127 1912 5185 loco:
1949 5127 2138 5196 (Caec—
2187 5131 2316 5186 Tua.
2366 5127 2440 5194 'n,
2495 5131 2600 5200 I4.)
2653 5133 2841 5184 Annus
2873 5146 3122 5199 presens,
3153 5129 3247 5198 qui
3281 5136 3361 5183 est
3392 5145 3422 5182 a
3449 5127 3680 5200 transitu

358 5200 532 5254 sancti
566 5198 782 5253 Martini
838 5199 984 5253 64113.
1017 5199 1441 5254 reverentissimi
1491 5201 1738 5272 corporis
1769 5203 1889 5270 ejus
1927 5203 2286 5258 translatione
2346 5202 2446 5255 insi
2494 5198 2658 5256 nitur.
2720 5201 2852 5254 Cum
2875 5198 3032 5254 enim
3091 5216 3155 5252 ea
3189 5199 3551 5271 prerogativa,
3580 5215 3690 5270 qua

359 5271 547 5325 vivens
577 5270 738 5324 etiam
785 5278 1035 5324 mortuus
1064 5269 1483 5326 incomparabili
1515 5273 1798 5326 signorum
1836 5272 2139 5326 fulguraret
2165 5273 2432 5326 claritate.
2455 5218 2663 5326 ﬁeatus
2692 5272 2996 5326 Pernetuus
3021 5269 3305 5325 Turonicae
3345 5269 3581 5324 civitatis
3597 5285 3690 5322 an-

359 5271 547 5352 vivens
577 5270 738 5350 etiam
785 5278 1035 5352 mortuus
1064 5269 1809 5352 incomparabilisignorum
1836 5272 2139 5352 fulguraret
2165 5273 2432 5337 claritate,

2507 5280 2663 5327 eatus
2692 5272 2996 5342 Perpetuus
3021 5269 3305 5325 Turonicae
3345 5269 3581 5342 civitatis
3597 5269 3692 5342 an-

359 5343 636 5417 tisteSpro
659 5341 827 5417 priori
857 5341 1074 5396 edicula
1105 5341 1370 5411 templum
1402 5341 1594 5397 multae?
1619 5341 1962 5410 ambitionis,
1991 5345 2131 5417 adeo
2164 5353 2221 5399 ut
2252 5352 2474 5398 centum
2507 5357 2562 5398 et
2588 5341 2805 5417 vigenti
2827 5342 3243 5417 columpnarum
3289 5341 3426 5417 mira
3458 5341 3692 5417 disposi-

361 5413 511 5486 tione
555 5413 851 5486 subnixum
881 5419 1051 5486 totum
1091 5420 1530 5486 concameraret,
1578 5431 1902 5486 superreum
1963 5415 2257 5480 editicavit,
2296 5431 2607 5486 corpusque
2647 5413 2909 5468 sanctum
2959 5429 2989 5466 a
3026 5413 3279 5483 sepulcro
3328 5413 3622 5486 eleuatum,
3654 5413 3688 5464 4

361 5484 542 5538 Nonas
569 5483 717 5547 Julii,
750 5499 931 5538 annuo
959 5483 1217 5537 videlicet
1246 5482 1675 5540 consecrationis
1714 5485 1835 5555 ejus
1866 5486 1921 5539 in
1951 5487 2271 5567 episcOpum
2300 5482 2411 5552 die,
2443 5488 2498 5540 in
2520 5482 2676 5551 loco,
2706 5485 2758 5538 in
2789 5499 2899 5610 quo
2918 5499 3067 5538 nunc
3091 5482 3404 5548 veneratur,
3436 5482 3686 5608 anfgelico

361 5555 533 5610 fretus
561 5554 764 5610 auxilio
801 5554 1095 5610 transtulit.
1141 5554 1432 5610 insumaue
1491 5556 1752 5610 templum
1785 5557 1983 5610 eodem
2014 5557 2406 5610 niclnlominus
2447 5559 2536 5610 die
2571 5564 2786 5610 nostmo
2831 5570 2919 5609 um
2961 5554 3256 5610 dedicavit.
3297 5555 3452 5609 Unde
3507 5561 3570 5610 it.
3625 5559 3686 5608 ut

361 5555 533 5613 fretus
561 5554 764 5610 auxilio
801 5554 1095 5622 transtulit,
1141 5554 1432 5628 ipsumque
1491 5556 1752 5628 templum
1785 5554 2406 5614 eodem‘nicbilominus
2447 5559 2536 5614 die
2571 5564 2786 5628 postmo

2831 5570 2919 5609 um
2961 5554 3256 5610 dedicavit.
3297 5555 3452 5609 Unde
3489 5554 3570 5620 fit,
3625 5559 3687 5608 ut
