3870 6060
245 257 320 311 39
1743 255 2090 316 CHRONICA.
3513 272 3584 327 9O

322 385 431 442 466
528 385 590 441 R.
644 385 699 440 9.
777 383 834 438 P.
883 383 975 438 24.
1051 383 1108 439 F.
1169 384 1222 438 8.
1301 384 1360 440 Β.
1421 382 1509 439 20.
1586 384 1671 440 W.
1702 385 1791 442 37.

719 475 805 530 W.
863 475 944 531 10.
1021 475 1170 532 0.5.
1255 475 1386 532 H.5

322 576 390 636 (Η
429 573 532 638 m.)
563 569 880 625 Servandus
927 567 1279 640 tyrannidem
1325 569 1600 626 meditans
1655 570 1726 624 ab
1769 569 1872 624 An-

249 665 422 722 temio
448 664 760 736 perimitur.

361 758 485 815 467.
561 757 654 814 10.
731 755 802 812 25
897 755 952 812 9.
1052 755 1143 812 21.
1243 754 1330 816 38.
1413 755 1628 810 11.-6.
1703 755 1758 810 6.

324 844 414 914 (G.
441 846 620 914 pont.)
644 842 963 914 Simplicius
984 842 1245 899 Romana:
1285 842 1550 900 ecclesiae
1578 844 1650 898 45
1687 843 1871 914 presi-

251 943 367 996 det.
407 939 504 994 Hic
541 939 860 1010 dampnavit
899 938 1122 994 Petrum
1174 938 1598 994 Alexandrinum
1654 938 1872 1008 episco-

253 1048 412 1102 pum,
455 1029 753 1086 Euticianaa
811 1029 1026 1086 heresis
1077 1038 1393 1086 accusatum
1429 1034 1507 1090 (ﬂ.
1547 1033 1647 1096 m)
1679 1029 1872 1084 Roma-

251 1139 361 1176 nus
390 1119 739 1193 tyrannidem
799 1120 1073 1176 meditans
1117 1120 1188 1176 ab
1243 1120 1496 1176 Antemio
1557 1119 1847 1191 perimitur

249 1213 586 1268 Gensericus
609 1228 700 1267 rex
727 1211 774 1247 ⁴⁰
801 1211 1014 1268 Italiam
1069 1227 1386 1288 aggressus,
1434 1211 1611 1268 navali
1663 1211 1811 1268 bello
1840 1227 1873 1266 a

252 1302 520 1358 Romanis
547 1302 811 1359 vincitur.

362 1391 490 1447 468.
571 1395 624 1448 11
729 1393 819 1448 26.
897 1392 988 1449 10.
1075 1393 1166 1449 22.
1245 1391 1333 1450 39.
1411 1393 1500 1449 12.
1576 1394 1631 1449 7.
1709 1394 1760 1449 7.

325 1485 411 1536 (Η.
440 1483 543 1549 m.)
572 1481 826 1536 Antemio
867 1486 921 1535 et
945 1496 1152 1555 genero
1200 1497 1300 1537 suo
1337 1479 1611 1536 Ricimere
1638 1480 1872 1552 patricio

257 1571 446 1626 Romae
475 1570 946 1626 contendentibus
987 1570 1056 1625 de
1101 1569 1358 1641 imperio,
1410 1569 1630 1624 interim
1665 1570 1872 1625 Olibrio

256 1663 326 1718 ad
352 1662 737 1734 imperandum
765 1678 796 1716 a
842 1660 1025 1717 Leone
1070 1667 1300 1736 augusto
1360 1661 1698 1726 transmisso,
1732 1661 1873 1718 Rici-

255 1771 375 1811 mer
431 1754 742 1810 Antemium
821 1753 1064 1824 perimit.
1124 1753 1308 1823 (Gneo.
1365 1752 1521 1822 Ton.)
1577 1752 1946 1852 MamertusB

251 1843 550 1914 episcopus
587 1842 918 1898 Viennensis
967 1842 1180 1910 claruit,
1213 1842 1308 1915 qui
1343 1842 1576 1898 letanias
1628 1849 1754 1898 ante
1785 1860 1870 1898 as-

253 1931 577 1988 censionem
609 1931 868 1999 instituit,
909 1932 1011 1987 hac
1035 1931 1106 1987 de
1145 1948 1310 1988 causa
1339 1930 1486 2003 quod
1535 1938 1869 1987 terraemotus

254 2022 312 2076 in
341 2023 482 2078 urbe
503 2021 716 2078 Vienna
747 2021 1015 2077 ecclesias
1045 2023 1352 2094 domosque
1371 2022 1675 2089 evertebat,
1705 2031 1760 2078 et
1791 2021 1874 2078 fe-

255 2116 390 2170 ritas
449 2115 703 2186 luporum
754 2115 1100 2187 aliarumque
1153 2113 1522 2170 silvaticarum
1573 2114 1871 2170 bestiarum

252 2211 368 2260 toto
389 2217 539 2258 anno
559 2217 660 2274 per
689 2201 884 2258 urbem
917 2202 1235 2276 vagantium
1269 2203 1522 2260 homines
1549 2203 1870 2258 devorabat.

251 2297 458 2352 Adboc
489 2294 754 2366 palatium
805 2295 950 2370 regis
1009 2295 1100 2349 die
1156 2303 1348 2351 sancto
1415 2296 1636 2366 pascha
1667 2297 1872 2351 caelesti

253 2389 384 2462 igne
404 2393 790 2458 consumptum
813 2386 883 2441 ad
921 2386 1134 2442 cladem
1162 2387 1393 2442 multum
1428 2388 1653 2444 terroris
1693 2388 1871 2443 adde-

254 2479 367 2534 bat.
400 2479 502 2544 Qui
559 2478 886 2534 letaniarum
941 2478 1123 2534 ritusa
1182 2479 1482 2534 Viennensi
1540 2480 1771 2536 ecclesia
1815 2480 1871 2534 in

255 2585 454 2626 omnes
484 2569 777 2624 Galliarum
810 2569 1094 2625 ecclesias
1125 2570 1460 2626 decucurrit.
1809 2633 1814 2638 ,

363 2658 492 2714 469.
568 2658 657 2713 12.
733 2658 822 2712 27.
904 2660 988 2714 11.
1065 2658 1156 2713 23.
1233 2657 1321 2715 40.
1403 2659 1486 2714 13.
1580 2659 1633 2713 8.
1709 2660 1744 2713 8

331 2755 420 2818 (H.
452 2766 528 2805 m.
563 2749 770 2806 Olibrio
801 2749 1020 2820 imperii
1050 2750 1136 2805 sui
1178 2765 1372 2806 mense
1413 2752 1446 2805 7
1473 2757 1710 2817 mortuo,
1769 2751 1873 2806 Lu-

258 2839 446 2894 cerius
500 2839 738 2910 imperat
791 2839 871 2908 (G.
931 2857 978 2895 ν.
1020 2840 1105 2911 F.)
1171 2839 1397 2913 Egidius
1467 2856 1592 2896 cum
1638 2840 1875 2896 Francos

257 2929 599 3003 opprimeret
623 2929 844 3005 gravius
883 2931 1056 3000 justo,
1090 2931 1442 3004 perpendens
1479 2931 1872 2999 Widiomarus,

257 3023 500 3078 Francos
528 3023 780 3093 penitere
832 3038 1003 3094 super
1066 3023 1244 3096 ejecto
1303 3023 1600 3092 Hilderico,
1657 3034 1876 3081 revocat

257 3132 388 3171 eum
419 3115 559 3170 clam
578 3115 744 3171 misso
770 3114 930 3170 divisi
961 3116 1116 3172 aurei
1147 3116 1308 3192 signo
1330 3117 1576 3190 egitque,
1607 3126 1668 3174 ut
1695 3118 1873 3189 cjecto

259 3207 457 3281 Egidio
496 3205 591 3261 ille
619 3205 1001 3262 restitueretur
1028 3206 1082 3262 in
1116 3223 1309 3282 regno.
1342 3209 1562 3274 Basina,
1593 3225 1730 3266 uxor
1771 3211 1874 3265 Ba-

256 3299 368 3354 sini
401 3297 547 3373 regis
582 3297 1008 3374 Thuringorum,
1041 3299 1234 3356 relicto
1264 3299 1383 3356 viro
1413 3316 1534 3366 suo,
1564 3301 1630 3356 ad
1684 3301 1873 3358 Hilde-

253 3389 431 3444 ricum
461 3388 616 3443 venit
640 3405 656 3454 ;
685 3404 848 3460 quam
875 3387 968 3444 ille
987 3404 1213 3445 uxorem
1241 3389 1415 3456 duxit,
1445 3399 1500 3446 et
1521 3407 1585 3446 ex
1613 3407 1680 3446 ea
1699 3391 1874 3448 Ludo-

257 3481 456 3537 wicum
477 3481 690 3556 genuit.
722 3480 1252 3552 (lsto.)Theoderico
1284 3483 1714 3559 Wisigotharum
1743 3501 1888 3558 rege.

256 3590 290 3627 a
319 3571 588 3629 fratribus
615 3573 730 3628 suis
761 3573 1037 3647 jugulato,
1065 3575 1292 3631 Eoricus
1313 3577 1565 3651 regnavit
1592 3579 1752 3634 annis
1789 3581 1868 3635 19.

364 3661 491 3716 470.
570 3661 657 3716 13.
733 3661 824 3741 βε.
906 3661 990 3717 12.
1091 3663 1182 3719 24.
1259 3663 1348 3719 41.
1454 3665 1504 3720 1.
1581 3665 1634 3719 9.
1711 3666 1765 3720 9.

331 3753 403 3821 (Η
450 3751 551 3823 m.)
583 3753 767 3824 Nepos
795 3753 1078 3824 patricius,
1133 3754 1361 3811 Lucerio
1412 3755 1645 3826 expulso
1671 3763 1726 3813 et
1751 3757 1876 3830 epi-

257 3859 430 3916 scopo
459 3843 678 3900 Salonis
699 3859 768 3900 eo
797 3844 1074 3916 ordinato,
1107 3845 1402 3918 imperium
1428 3847 1638 3918 arripit.
1673 3849 1876 3922 (lenm)

261 3937 491 3994 Eoricus
527 3953 623 3993 rex
651 3935 1080 4010 Wisigothorum
1135 3939 1336 3995 Gallias
1397 3956 1671 4012 occupare
1700 3941 1877 4008 nisus,

262 4029 604 4086 Riothimum
629 4044 813 4104 regem
872 4031 1152 4087 Britonum
1219 4031 1288 4086 ad
1338 4031 1718 4088 defensionem
1752 4033 1879 4090 Gal-

259 4116 460 4172 liarum
486 4117 749 4173 Romanis
777 4118 981 4176 auxilio
1007 4121 1321 4176 venientem
1352 4120 1499 4178 bello
1521 4123 1802 4179 contrivit.

333 4205 429 4260 471
540 4207 622 4262 14.
706 4207 790 4262 29.
888 4208 972 4263 13.
1065 4209 1156 4264 25.
1249 4209 1336 4265 42.
1413 4209 1466 4267 3.
1550 4213 1614 4267 10
1715 4213 1800 4271 10.

231 4297 246 4312 ⁶
335 4293 586 4362 (Ιοιω.)
653 4295 877 4352 Eoricus
971 4297 1395 4373 Burgundiones
1492 4299 1667 4356 victos
1769 4301 1875 4356 sibi

263 4384 506 4456 subegit.
563 4387 821 4443 Arvernis
875 4387 1064 4455 etiam,
1133 4389 1408 4444 Arelatum
1467 4396 1523 4446 et
1583 4390 1874 4448 Massiliam

265 4474 564 4531 Galliarum
641 4477 806 4532 urbes
863 4477 1080 4546 invasit,
1167 4479 1236 4534 ad
1319 4481 1670 4553 occupandas
1749 4500 1891 4554 pro-.

267 4567 478 4622 vincias
523 4568 892 4624 Romanorum
951 4570 1226 4627 animatus
1281 4572 1512 4629 consilio
1551 4573 1877 4644 Genserici;

267 4659 360 4729 qui
391 4665 608 4714 versute
651 4659 870 4736 agebat,
900 4669 960 4716 ut
1001 4661 1290 4733 [orientem
1349 4662 1681 4738 Ostrogothi,
1731 4665 1881 4721 occi-

267 4746 488 4803 dentem
520 4755 799 4803 vastarent
828 4748 1138 4822 Wisigothi,
1197 4761 1256 4806 ut
1286 4753 1570 4825 occupatis
1607 4753 1744 4808 alias
1775 4754 1882 4809 im-

270 4837 638 4907 peratoribus,
723 4837 843 4910 ipse
922 4839 977 4894 in
1059 4839 1239 4896 Africa
1323 4853 1578 4918 regnaret
1631 4860 1878 4900 securus.

1897 4529 1954 4596 D

1891 388 2543 463 A(V.Rem.)Remigius
2592 393 2884 449 Remorum
2943 395 3004 450 fit
3059 395 3585 468 episcOpus..Sara-

1971 481 2126 536 cenis
2153 482 2416 554 Egyptum
2447 483 2878 553 incursantibus,
2913 488 3018 543 hoc
3044 495 3294 559 tempore
3332 491 3584 564 negotia-

1971 579 2120 627 tores
2147 571 2388 628 Venetia:
2445 591 2649 646 corpus
2702 577 2876 632 sancti
2915 578 3077 633 Marci
3119 580 3475 656 evangelista;
3515 582 3585 636 ab

1971 659 2295 716 Alexandria
2325 663 2727 719 transtulerunt
2754 665 2822 719 ad
2850 665 3131 722 Venetiam
3160 669 3202 703 ⁴¹
3231 669 3248 740 ]

2040 753 2165 807 472.
2248 753 2330 806 15.
2408 754 2478 808 30
2604 756 2690 810 14.
2789 755 2881 811 26.
2959 757 3048 814 43.
3125 759 3178 816 3.
3256 761 3342 817 11.
3419 759 3508 816 11.

2042 843 2126 908 (Η.
2156 843 2252 908 m)
2286 841 2503 898 Orestes
2534 845 2796 914 patricius
2836 846 3101 918 Nepotem
3161 865 3332 922 regno
3389 851 3583 923 expel-

1973 933 2052 988 lit.
2102 931 2444 992 Theudemer
2527 952 2621 991 rex
2707 937 3158 1012 Ostrogothorum
3219 943 3468 1007 moritur,
3528 949 3584 998 et

1971 1027 2343 1083 Theodericus
2370 1029 2517 1085 illius
2542 1031 2664 1098 ejus
2695 1047 2866 1106 regno
2896 1035 3270 1092 substituitur.

2077 1120 2200 1175 473.
2283 1122 2349 1177 16
2445 1123 2533 1177 31.
2617 1123 2698 1178 15.
2775 1125 2864 1179 27.
2957 1127 3052 1180 44.
3126 1129 3179 1183 4.
3264 1130 3310 1184 1.
3392 1128 3458 1182 12

2042 1211 2126 1272 (Η.
2157 1214 2260 1276 m)
2311 1210 2492 1266 Leone
2517 1211 2649 1283 imp.
2687 1220 2926 1281 mortuo,
2975 1214 3160 1269 Zenon
3220 1215 3458 1287 imperat
3486 1232 3588 1272 an-

1975 1305 2062 1360 nis
2082 1305 2218 1372 18",
2252 1306 2468 1362 Orestes
2520 1309 2882 1382 Augustulum
2942 1309 3115 1366 ﬁlium
3151 1327 3310 1367 suum
3351 1328 3586 1388 regnare

1973 1395 2274 1458 constituit,
2311 1404 2364 1450 et
2391 1397 2573 1452 ftedus
2603 1413 2724 1453 cum
2759 1398 3054 1454 Genserico
3095 1417 3224 1474 rege
3259 1401 3406 1457 facit.
3438 1400 3588 1456 Inte-

1973 1484 2072 1539 rim
2105 1484 2492 1540 Odoacercum
2526 1487 2694 1541 multa
2740 1487 3037 1542 multarum
3090 1489 3340 1558 gentium
3399 1489 3586 1546 multi-

1973 1572 2164 1626 tudine
2195 1572 2264 1626 ab
2289 1573 2546 1628 extremis
2588 1574 2887 1630 Pannonia:
2935 1576 3138 1631 finibus
3164 1577 3366 1632 Italiam
3394 1578 3537 1650 petit
3567 1597 3583 1645 ;

1971 1666 2066 1736 qui
2098 1681 2196 1736 per
2234 1665 2485 1721 Noreiam
2519 1667 2621 1722 iter
2676 1667 2904 1736 faciens,
2953 1670 3098 1726 beati
3128 1670 3396 1738 Severini,
3428 1671 3587 1740 cujus

1971 1773 2174 1814 nomen
2195 1766 2324 1814 tunc
2363 1759 2438 1813 ibi
2483 1758 2895 1822 celebrabatur,
2918 1762 3368 1818 benedictionem
3401 1762 3582 1834 petiit,

1969 1855 2024 1902 et
2052 1849 2121 1902 ab
2148 1864 2214 1903 eo
2240 1855 2471 1903 ventura
2519 1847 2624 1902 sibi
2657 1849 2872 1905 didicit.
2916 1851 3164 1906 Odoacer
3197 1851 3388 1907 Oreste
3417 1851 3582 1919 victo,

1970 1939 2117 2008 apud
2144 1939 2368 2010 Papiam
2401 1940 2652 2005 obsesso,
2681 1948 2864 2012 capto__
2889 1947 2944 1996 et
2971 1942 3178 2006 occiso,
3210 1942 3419 1998 Italiam
3442 1942 3582 1998 sub-

1973 2033 2052 2088 dit
2071 2033 2176 2104 juri
2220 2032 2446 2104 proprio

2077 2125 2202 2178 474.
2283 2125 2332 2178 1.
2409 2124 2498 2178 32.
2607 2123 2686 2179 16.
2779 2121 2871 2180 28.
2964 2126 3053 2180 45.
3129 2127 3180 2179 5.
3257 2126 3313 2180 2.
3397 2124 3478 2184 13.

2046 2221 2130 2289 (11.
2184 2219 2284 2289 m.)
2333 2218 2666 2292 Augustulus
2747 2218 3036 2289 imperium
3115 2220 3366 2290 deponit,
3434 2221 3584 2294 quod

1972 2306 2220 2364 Odoacer
2237 2307 2528 2379 arripiens,
2571 2309 2632 2362 14
2657 2308 2818 2362 annis
2847 2309 2999 2363 nullo
3045 2309 3395 2380 inquietaute
3441 2309 3589 2365 obti-

1974 2403 2110 2458 nuit.
2135 2406 2320 2458 Zenon
2351 2403 2480 2474 imp.
2516 2403 2917 2459 Theodericum
2933 2404 3582 2480 Ostrogothorumregem

1973 2491 2256 2547 consulem
2294 2491 2634 2548 ordinarium
2687 2492 2834 2560 facit,
2884 2509 3007 2564 quae
3063 2502 3184 2564 post
3241 2493 3586 2566 imperialem

1973 2583 2300 2657 dignitatem
2347 2583 2524 2654 prima
2571 2576 2655 2639 est
2695 2583 2977 2659 dignitas;
3011 2594 3065 2640 et
3112 2592 3424 2657 equestrem
3482 2592 3590 2640 sta-

1975 2683 2122 2732 tuam
2150 2690 2370 2730 auream
2396 2683 2520 2730 ante
2539 2676 2743 2750 regiam
2777 2675 2856 2730 illi
2883 2676 3136 2732 collocat.

2079 2783 2205 2840 475.
2281 2784 2337 2839 2.
2415 2785 2507 2840 33.
2614 2784 2698 2839 17.
2795 2785 2884 2840 29.
2962 2785 3051 2839 46.
3126 2786 3181 2841 6.
3259 2785 3311 2840 3.
3399 2785 3480 2840 14.

2048 2875 2203 2945 (G.r.
2233 2874 2522 2945 F.)l-‘ranci
2580 2881 2703 2947 post
2757 2875 3056 2932 Waudalos
3111 2881 3166 2930 et
3210 2875 3431 2944 Alanos,
3463 2885 3590 2948 post

1975 2966 2180 3022 Gothos
2209 2971 2264 3022 et
2297 2966 2481 3022 Hunos
2503 2966 2786 3022 incessunt
2808 2967 3028 3036 Gallias,
3054 2984 3163 3023 non
3186 2974 3392 3023 tantum
3418 2977 3476 3024 ut
3496 2984 3592 3024 eas

1976 3059 2217 3114 habeant
2246 3058 2568 3130 direptioni,
2599 3060 2696 3114 sed
2748 3067 2808 3115 ut
2835 3059 2940 3114 sibi
2974 3061 3084 3115 sint
3107 3067 3387 3132 perpetuae
3423 3059 3589 3116 habi-

1899 3158 1947 3224 Ο
1980 3153 2192 3209 talioni.
2238 3152 2360 3220 Qui,
2394 3160 2552 3224 capta
2611 3153 2834 3210 Colonia
2909 3155 3231 3229 Agrippina,
3292 3154 3479 3230 fugato
3518 3155 3591 3212 de

1973 3243 2118 3300 bello
2148 3243 2286 3298 duce
2313 3242 2522 3316 Egidio,
2567 3243 2770 3299 multos
2801 3243 3170 3299 Romanorum
3197 3244 3482 3301 occidunt.

2079 3358 2186 3413 476
2283 3357 2336 3411 3.
2413 3357 2501 3412 34.
2586 3357 2668 3413 18.
2775 3358 2845 3412 30
2963 3358 3054 3414 47.
3130 3359 3184 3412 7-
3259 3360 3316 3413 4.
3400 3359 3463 3414 15

1995 3439 2005 3443 ’
2048 3450 2162 3520 (1b.)
2193 3449 2382 3504 Franci
2439 3448 2716 3504 Treverim
2769 3449 3043 3506 civitatem
3105 3464 3277 3522 super
3312 3449 3593 3506 Mosellam

1973 3539 2219 3610 capiunt.
2254 3537 2529 3605 (Manum)
2576 3537 2796 3592 Heresis
2838 3539 3232 3609 acephalorum
3264 3545 3456 3594 exorta
3485 3547 3591 3606 est,

1977 3626 2417 3702 impugnantium
2464 3625 2567 3679 tria
2631 3624 2870 3696 capitula
2925 3623 3126 3695 synodi
3165 3624 3594 3682 Calcedonensis

1977 3717 2098 3771 sine
2121 3715 2348 3770 nomine
2377 3713 2653 3780 auctoris;
2685 3713 2758 3769 ob
2816 3714 2964 3786 quod
3019 3712 3232 3778 acefali,
3257 3713 3313 3768 id
3351 3714 3588 3770 estsine

1979 3807 2182 3879 capite,
2215 3805 2391 3868 vocati
2416 3811 2564 3860 sunt.
3059 3799 3066 3804 ’

2085 3919 2210 3975 477.
2287 3919 2340 3975 4.
2419 3918 2508 3976 35.
2591 3919 2675 3974 19.
2776 3918 2864 3974 31.
2966 3918 3056 3974 48.
3135 3918 3187 3972 8.
3266 3917 3318 3972 5.
3402 3916 3471 3973 16

2053 4007 2255 4078 (Joan.)
2284 4007 2614 4063 Gensericus
2642 4024 2736 4062 rex
2768 4007 3184 4071 Wandalorum,
3245 4005 3601 4061 successione

1979 4099 2244 4174 regnandi
2276 4101 2420 4155 inter
2465 4099 2608 4156 ﬁlios
2645 4115 2777 4155 suos
2833 4100 3105 4166 ordinata,
3165 4107 3226 4154 ut
3283 4097 3438 4154 fratri
3469 4113 3596 4154 mo-

1978 4189 2146 4253 rienti,
2195 4188 2360 4244 frater
2414 4195 2698 4260 superstes
2753 4187 2876 4244 sine
2941 4187 3318 4244 controversia
3357 4186 3594 4242 filiorum

1977 4285 2319 4348 succederet,
2353 4284 2604 4339 moritur.
2634 4282 2728 4338 Cui
2777 4283 3085 4339 succedens
3117 4281 3421 4337 llonoricus
3447 4279 3596 4336 filius

1977 4374 2550 4451 ejusregnavitannis
2599 4373 2724 4431 9‘3.
2786 4375 2872 4446 (G.
2929 4391 2976 4428 ν.
3033 4376 3111 4442 F.)
3174 4372 3482 4427 llildericus
3505 4387 3599 4427 rex

1981 4465 2309 4521 Francorum
2326 4463 2631 4519 Aurelianis
2670 4463 2862 4519 urbem
2895 4463 3158 4516 devastat.

2086 4573 2210 4628 478.
2287 4573 2341 4629 5.
2445 4573 2516 4629 36
2638 4573 2728 4628 20.
2809 4572 2896 4627 32.
3005 4571 3054 4625 1.
3134 4571 3187 4626 9.
3265 4572 3301 4626 6
3407 4571 3489 4625 17.

2059 4665 2242 4736 (Gneo.
2275 4665 2428 4735 Tun.)
2482 4664 2760 4739 Eugenius
2789 4662 3260 4739 Carthaginiensis
3305 4663 3605 4736 episcopus

1982 4763 2037 4812 et
2064 4758 2247 4813 omnis
2284 4757 2464 4812 clerus
2515 4757 2635 4825 ejus
2681 4761 2870 4811 contra
2899 4756 3156 4811 Arianam
3208 4755 3602 4814 Wandalorum

1984 4847 2226 4902 heresim
2255 4845 2471 4902 fortiter
2495 4860 2594 4916 pro
2627 4845 2841 4902 Christo
2859 4846 3172 4921 agonizant.

1617 4977 1835 5034 VARIIB
1867 4979 2244 5036 LECTIONES.

265 5073 371 5150 sub
402 5088 517 5150 uno
537 5072 630 5150 die
662 5073 867 5146 triplici
895 5075 1574 5150 oecurrenteﬂfestivitate,
1602 5078 1952 5150 ordinatione
2017 5079 2230 5135 scilicet
2293 5080 2664 5150 episcopatus,
2709 5081 3070 5137 translatione
3100 5079 3348 5150 corporis
3375 5077 3600 5150 dedica:

268 5144 422 5222 tione
441 5144 856 5222 basiliceﬁute,
878 5147 914 5202 4
939 5147 1123 5222 Nonas
1150 5147 1280 5203 Julii
1300 5144 1584 5222 annuatim
1616 5149 1812 5206 beatus
1841 5151 2104 5206 Martinus
2159 5144 2624 5222 sollempnissima
2651 5144 2658 5147 ’
2689 5151 2858 5206 totius
2912 5144 3383 5222 comprovihtiali‘s
3409 5148 3603 5222 populi

266 5214 651 5294 frequentetur
676 5217 994 5294 devotione.
1016 5218 1191 5294 Locus
1240 5227 1446 5294 autem,
1476 5221 1533 5275 in
1565 5237 1682 5294 quo,
1718 5223 2144 5294 sacratissimum
2196 5214 2398 5294 corpus
2425 5222 2548 5291 ejus
2603 5222 2856 5294 quiescit.
2891 5221 2962 5277 ab
2992 5214 3129 5278 urbe
3158 5214 3427 5294 Τιμφηὶρέ
3450 5214 3601 5294 occi-

267 5239 651 5288 [requeuteulr
676 5239 994 5274 uevouone.
1016 5239 1191 5274 Locus
1240 5239 1446 5285 autem,
1476 5239 1533 5275 in
1565 5239 1676 5292 quo
1718 5239 2144 5277 sacraussnmum
2196 5239 2292 5278 cor
2335 5239 2398 5278 us
2425 5239 2548 5291 ejus
2603 5239 2856 5294 quiesctt.
2891 5239 2962 5277 an
2992 5239 3129 5278 urne
3167 5239 3427 5276 turonu-a
3450 5239 3601 5277 occi-

265 5287 491 5365 dentem
521 5303 718 5365 versus
765 5288 918 5365 brevi
970 5289 1355 5360 interjacentis
1400 5291 1580 5365 campi
1635 5292 1868 5365 planitie
1902 5294 2240 5365 disparatus,
2292 5239 2535 5348 Eastrum
2595 5310 2795 5350 novum
2825 5300 3049 5350 vocatur
3085 5310 3103 5365 _;
3133 5291 3227 5347 ubi
3271 5291 3604 5365 inipredicto

267 5359 882 5439 temp|_o__sub__cibori0,
905 5375 1064 5439 auro,
1093 5359 1332 5439 argento
1348 5359 1695 5439 gemmisque
1736 5364 1936 5439 vestito
1979 5359 2275 5439 _'decenter
2301 5365 2672 5439 _colloc_atum,
2701 5372 2849 5439 tanta
2877 5363 3261 5439 miraculorum
3293 5359 3604 5439 illustratur

265 5429 792 5509 magn_iticentia,_u_t
814 5438 926 5487 toto
952 5429 1381 5509 Christianitatis
1395 5434 1527 5509 orbe
1547 5429 1907 5506 apostolicam
1939 5436 2168 5509 gloriam
2201 5437 2447 5493 obtineat
2487 5429 2690 5493 Severo
2731 5453 2782 5491 m
2826 5433 3138 5509 Anthimius
3167 5433 3538 5509 imperat.‘l‘h.
3571 5450 3605 5490 a

267 5501 504 5577 transito
535 5501 665 5577 D._s.
693 5504 748 5558 S.
770 5502 805 5558 i.
827 5511 881 5558 et
901 5520 953 5559 e.
990 5521 1036 5558 r.
1063 5503 1120 5559 B.
1145 5504 1412 5577 interfuit.
1443 5501 1764 5577 Sequean
1791 5501 2006 5564 αηητὶἱη
2029 5523 2140 5564 non
2161 5512 2397 5565 mutavit
2419 5525 2439 5577 ;
2466 5511 2529 5563 in
2553 5513 2708 5565 tertio
2727 5507 2888 5563 verba
2915 5501 3342 5562 Gensericus'—
3366 5504 3609 5561 vincitur

264 5575 464 5651 omisit.
493 5575 696 5651 Eadem
712 5589 932 5651 prorsus
956 5575 1259 5651 legunt_Fl.
1284 5577 1348 5651 2.
1364 5577 1414 5632 3.
1445 5575 1652 5651 Reliqui
1673 5594 1857 5636 munes
1879 5581 2099 5651 habent,
2127 5582 2266 5651 quod
2293 5597 2386 5637 nos
2415 5575 2676 5636 dedimus.
2705 5579 2751 5651 βο
2775 5577 3144 5651 Vandalorurn
3182 5577 3332 5632 addit
3356 5591 3501 5632 unus
3530 5578 3593 5630 A.

266 5645 308 5679 ⁶¹
337 5647 400 5699 in
427 5659 630 5700 rasura
657 5645 728 5712 1γ
751 5646 868 5702 rell.
897 5645 1188 5704 Saracenis
1219 5678 1287 5689 —
1309 5645 1594 5706 Venetiam
1623 5653 1818 5708 desunt
1838 5653 1897 5708 A.
1929 5652 1974 5686 ⁸³
2003 5645 2115 5706 XIX
2137 5645 2230 5708 Cl.
2261 5651 2336 5708 2⁸.
2371 5652 2423 5706 3.
2455 5651 2516 5705 D.
2548 5652 2594 5688 ‘3
2618 5650 2735 5708 Vlll
2764 5649 2857 5705 61.
2889 5649 2972 5707 2'.
3004 5647 3056 5706 3.
3089 5649 3150 5706 D.
