3868 6064
233 253 290 304 91
1405 258 1751 316 SlGEBERTl
1791 260 2310 317 GEMBLACENSIS.
3492 270 3562 325 92

302 371 424 427 479.
532 374 690 429 11.6.
777 376 833 430 Ρ.
883 376 969 429 37.
1052 376 1101 430 F.
1169 376 1254 433 21.
1341 379 1516 436 8.33.
1597 382 1680 437 W.
1711 382 1766 436 2.

684 461 767 518 W.
825 461 901 518 10.
984 464 1121 520 0.7.
1206 466 1364 521 11.18

301 552 482 622 (qun.
512 552 682 622 Duc.)
715 553 959 609 Odoaeer
988 572 1082 612 rex
1109 557 1279 612 Italiae
1304 559 1620 615 Feletbeum
1654 577 1838 636 regem

232 644 508 714 Rugorum
549 643 698 699 bello
717 661 1042 716 oppressum
1077 650 1368 724 extinguit.
1421 651 1555 708 Huic
1587 653 1840 710 Feletheo

230 744 284 787 et
310 735 460 789 uxori
495 736 616 804 ejus
647 737 788 792 Gisa:
841 748 1068 795 sanctus
1123 742 1418 797 Severinus
1461 745 1578 799 haec
1608 753 1841 802 ventura

230 825 564 894 predixerat,
586 828 716 900 quia
747 845 842 885 eos
871 847 901 885 a
942 832 1098 886 malis
1154 848 1509 904 compescere
1541 852 1648 891 non
1681 843 1836 907 pote-

232 924 329 972 rat.
365 919 448 989 (Η.
482 924 578 990 m')
635 923 692 976 ln
740 922 917 978 Africa
977 925 1282 980 l-1onoricus
1317 941 1411 981 rex
1449 927 1839 984 Wandalorum

231 1009 432 1065 multos
459 1014 795 1069 orthodoxos
836 1015 1040 1071 diversi
1085 1018 1318 1085 ordinis,
1377 1020 1606 1076 diversa:
1638 1023 1835 1089 aetatis,

232 1118 404 1172 usque
428 1104 492 1157 ad
522 1104 661 1159 4975
691 1106 747 1160 in
776 1107 1000 1162 exilium
1033 1115 1211 1166 trusos
1267 1111 1501 1166 diversis
1557 1113 1612 1168 in
1685 1115 1835 1182 locis,

228 1189 463 1246 diversis
494 1195 851 1264 temporibus,
885 1196 1118 1252 diversis
1162 1199 1339 1268 poenis
1385 1200 1451 1255 ad
1485 1211 1716 1256 mortem
1741 1219 1833 1258 ex-

228 1286 508 1341 cruciavit.
565 1288 732 1354 (Pam.
810 1291 982 1360 Duc.)
1040 1292 1424 1350 Exterminatis
1475 1297 1642 1372 Rugis
1688 1297 1833 1352 Lan-

155 1407 171 1412 —
226 1375 451 1446 gobardi
481 1377 757 1449 Rugilant,
789 1380 843 1434 id
868 1388 951 1436 est
977 1381 1253 1453 Rugorum
1273 1385 1504 1454 patriam
1528 1387 1830 1453 invadunt;

224 1463 424 1532 quibus
456 1470 586 1520 tunc
615 1468 880 1537 temporis
911 1469 1137 1540 quintus
1189 1487 1281 1526 rex
1322 1472 1578 1528 Gudeoch
1631 1475 1832 1546 princi-

226 1553 475 1620 pabatur.
511 1555 644 1618 Quia
670 1571 800 1630 ergo
854 1556 1337 1632 Langobardorum
1371 1563 1708 1618 mentionem
1740 1564 1830 1619 fe-

221 1643 414 1702 cimus.
450 1644 666 1701 illorum
707 1657 955 1719 tempora
1012 1657 1236 1721 propter
1294 1653 1598 1726 ignoratam
1645 1656 1831 1726 hysto-

223 1737 347 1791 rica:
375 1740 704 1796 narrationis
759 1744 1166 1800 distinctionem
1224 1749 1468 1803 nondum
1524 1749 1826 1822 attigimus.

221 1827 337 1881 Jam
362 1845 508 1884 nunc
556 1832 923 1888 narrationem
967 1850 1180 1903 eorum,
1222 1838 1522 1907 ordiamur,
1557 1847 1612 1895 et
1642 1842 1834 1912 paula-

224 1919 320 1974 tim
353 1922 419 1974 ad
454 1923 672 1993 plenam
699 1933 754 1982 et
806 1927 1123 1984 distinctam
1155 1946 1344 1986 eorum
1389 1934 1687 2005 hysteriam
1737 1953 1832 1992 as-

228 2010 466 2066 cendere
499 2014 744 2070 nitamur
796 2018 1016 2084 Horum,
1073 2028 1132 2074 ut
1170 2021 1429 2087 diximus,
1466 2024 1586 2096 post
1619 2026 1746 2082 lbor
1782 2035 1839 2082 et

231 2100 403 2174 Agion
435 2103 646 2173 primus
693 2105 794 2160 fuit
849 2124 939 2162 rex
977 2109 1374 2184 Agelmundus,
1434 2115 1715 2170 secundus
1746 2116 1844 2171 1a-

232 2191 542 2259 missio,sic
599 2195 796 2256 dictus.
858 2199 1004 2270 quod
1053 2217 1084 2254 a
1128 2201 1289 2269 lama,
1325 2203 1380 2258 id
1437 2212 1522 2258 est
1559 2206 1842 2278 voragine,

230 2282 643 2341 fuitextractus.
705 2289 836 2343 Nam
898 2299 1072 2346 matre
1121 2293 1241 2360 ejus
1293 2302 1504 2365 septem
1535 2313 1646 2352 uno
1688 2308 1844 2369 partu

227 2378 408 2446 enixa,
438 2395 561 2436 cum
593 2398 689 2436 eos
712 2383 765 2437 in
787 2385 1054 2455 piscinam
1087 2388 1424 2458 projecisset.
1479 2397 1534 2445 et
1560 2407 1653 2447 rex
1685 2395 1847 2466 Agel-

229 2467 470 2521 mundus
502 2469 605 2522 iter
629 2470 839 2526 faciens
868 2489 963 2528 eos
1013 2475 1166 2530 hasta
1192 2479 1520 2546 revolveret,
1555 2481 1601 2535 is
1633 2482 1843 2538 hastam

228 2554 349 2622 ejus
393 2555 623 2610 ﬁrmiter
675 2561 853 2615 tenuit
897 2569 952 2616 et
1005 2564 1074 2618 ab
1112 2580 1178 2620 eo
1229 2567 1488 2636 nutritus,
1522 2585 1588 2625 eo
1628 2571 1847 2628 virtutis

231 2648 518 2716 processit,
549 2657 605 2704 ut
639 2651 693 2705 in
747 2670 917 2728 regno
964 2657 1013 2711 ei
1055 2662 1408 2728 successerit,
1441 2671 1706 2720 etnecem
1728 2667 1849 2736 ejus

230 2739 283 2792 in
311 2740 568 2814 Bulgares
591 2744 737 2798 ultus
761 2746 850 2801 sit.
887 2747 1056 2803 Lethu
1103 2752 1583 2820 tertius,Hildeoch
1603 2767 1847 2829 quartus,

231 2834 490 2926 Gudeoch
530 2836 630 2892 fuit
660 2839 905 2910 quintus.
956 2843 1026 2897 Ex
1055 2861 1164 2916 quo
1193 2862 1323 2921 ergo
1347 2849 1402 2903 in
1435 2846 1850 2926 Rugilant‘pro-

227 2923 353 2979 fecti
376 2936 524 2994 sunt,
559 2945 733 3001 usque
768 2932 834 2985 ad
865 2949 1040 2989 annos
1083 2935 1174 3002 40,
1210 2938 1336 2994 talis
1377 2939 1480 2995 fuit
1509 2923 1689 2998 rerum
1721 2923 1848 3019 ges-

229 3025 403 3072 tarum
425 3020 618 3076 horum
677 3028 1091 3096 consequentia.
1155 3029 1269 3084 Sub
1321 3031 1583 3091 Gudeoch
1641 3043 1696 3091 et
1728 3035 1842 3093 ﬁlio

227 3109 599 3175 ejusClaffone
631 3122 784 3170 sexto
811 3132 942 3192 rege
971 3119 1025 3173 in
1060 3121 1314 3195 Rugilant
1346 3125 1688 3183 habitavere.
1725 3129 1837 3184 Sub
1871 3103 1920 3128 υ

223 3197 450 3254 Tattone
479 3201 716 3271 septimo
751 3220 878 3277 rege
917 3205 974 3260 in
1023 3210 1234 3281 campis
1263 3211 1447 3268 Asfeld
1482 3215 1838 3286 habitavere;

227 3290 322 3344 ubi
345 3292 504 3347 tertio
523 3309 690 3361 anno,
745 3295 981 3354 Bodulfo
1014 3300 1337 3359 Herulorum
1385 3321 1512 3379 rege
1552 3323 1583 3361 a
1612 3309 1841 3366 Tattone

231 3388 514 3451 perempto
545 3390 789 3456 etregno
845 3386 1165 3445 Herulorum
1200 3392 1502 3463 destructo,
1537 3396 1843 3472 Langobar-

227 3468 419 3523 dorum
447 3471 618 3527 crevit
657 3475 920 3544 potentia.
979 3479 1264 3535 Tattonem
1325 3482 1530 3540 Wacho
1580 3468 1839 3557 peremit,

225 3570 278 3616 et
307 3563 428 3633 ipse
459 3574 683 3622 octavus
712 3573 982 3646 regnavit,
1016 3573 1304 3650 ﬁliumque
1359 3596 1517 3635 suum
1578 3582 1840 3640 Walthari

229 3670 608 3712 successorem
641 3660 795 3734 regni
831 3662 1072 3733 reliquit.

229 3749 352 3806 480.
433 3751 486 3805 7.
563 3752 649 3808 38.
727 3753 816 3812 22.
898 3758 953 3815 L.
1025 3763 1071 3816 1.
1149 3762 1219 3815 34
1319 3763 1369 3816 3.
1457 3767 1537 3818 11.
1617 3765 1649 3820 8
1751 3767 1834 3822 19.

301 3844 370 3908 (Η
433 3846 530 3913 m.)
586 3845 768 3902 Persis
850 3851 1085 3921 imperat
1168 3852 1381 3908 Cuades
1437 3857 1600 3909 annis
1652 3857 1722 3911 42
1773 3859 1838 3913 1‘.

233 3935 312 3989 lG.
368 3951 398 3988 r
449 3939 532 4006 F.)
589 3939 1002 3997 Audovachrius
1049 3943 1157 3998 dux
1213 3945 1489 4000 Saxonum
1534 3948 1708 4003 navali
1739 3951 1840 4006 ho-

231 4021 367 4078 stico
397 4023 704 4100 Andegavis
761 4030 1074 4101 papulatur.
1133 4033 1302 4101 (Vter.
1347 4035 1484 4104 Vir.)
1515 4034 1838 4112 Carthagine

232 4113 516 4172 Liberatus
553 4119 722 4176 abbas
786 4137 909 4177 cum
939 4122 1196 4180 fratribus
1233 4142 1327 4182 sex
1353 4144 1384 4182 a
1412 4145 1539 4204 rege
1569 4128 1838 4188 Honorico

230 4221 468 4274 carcere,
503 4211 732 4280 catenis,
767 4213 880 4288 igni
915 4224 968 4270 et
997 4216 1250 4271 vectibus
1280 4219 1719 4290 martyrizantur.

303 4297 422 4353 481.
501 4300 552 4354 8.
641 4309 684 4356 1.
760 4302 850 4358 23.
926 4302 980 4359 2.
1058 4305 1146 4359 35.
1227 4308 1279 4361 4.
1378 4307 1462 4363 12.
1541 4308 1593 4363 9.
1669 4309 1761 4366 20.

1865 383 2064 460 A483.
2145 384 2231 439 το.
2312 383 2363 440 3.
2440 383 2514 440 25
2609 386 2644 438 4

2770 385 2856 441 37.
2934 386 2985 441 6.
3077 389 3156 453 l4,
3237 391 3322 455 11,
3399 389 3486 455 ‘22,

2012 485 2092 546 (II.
2147 480 2247 551 tm.)
2305 480 2362 534 In
2421 479 2598 536 Africa
2656 481 2961 538 Honoricus
3017 498 3112 539 rex
3169 485 3555 540 Wandalorum

1940 564 1997 619 in
2029 565 2334 622 recclesiam
2385 565 2480 621 Dei
2535 568 2760 642 gravius
2813 569 2975 625 solito
3032 570 3310 637 efferatus,
3364 588 3559 628 omnes

1940 655 2131 710 Africae
2157 657 2448 727 episcopos
2499 659 2656 730 quasi
2715 660 2782 714 ad
2842 661 3100 732 sinodum
3161 672 3448 731 convocat,
3504 673 3561 720 et

1941 743 2144 816 fugatis
2181 751 2234 800 et
2263 746 2496 801 exiliatis
2525 748 2631 802 444
2683 749 2962 822 episcopis
3017 752 3322 820 catholicis,
3361 753 3558 808 accele-

1941 835 2051 890 sias
2085 835 2282 891 clausit
2308 845 2402 892 aut
2422 838 2638 893 Arianis
2669 840 2842 906 dedit,
2871 841 3209 915 plebemque
3233 846 3398 900 variis
3429 863 3558 918 sup-

1943 925 2124 996 pliciis
2144 926 2355 983 afflixit.
2393 928 2581 984 Letum
2620 945 2752 986 vero
2775 931 3099 1002 episcOpum
3129 932 3388 989 incendio
3418 951 3554 991 con-

1941 1019 2204 1073 cremavit
2232 1019 2570 1095 ;Eugenium
2601 1037 2823 1094 quoque
2856 1023 3199 1094 Carthaginis
3230 1026 3554 1098 episcOpum

1940 1128 2063 1168 cum
2095 1113 2311 1170 clericis
2339 1115 2454 1170 suis
2508 1116 2633 1186 plus
2684 1134 2848 1190 quam
2920 1118 3243 1195 quingentis
3283 1123 3557 1178 cruciatos

1941 1201 2132 1256 multis
2162 1203 2340 1257 modis
2371 1203 2634 1260 cxiliavit.

2008 1294 2132 1350 484.
2211 1296 2296 1351 11.
2374 1296 2425 1350 4.
2506 1294 2594 1352 26.
2698 1298 2752 1353 5.
2828 1298 2916 1353 38.
2999 1301 3047 1355 1.
3129 1300 3213 1356 15.
3295 1302 3379 1356 12.
3458 1303 3530 1361 23

2011 1382 2161 1454 (G.r.
2196 1382 2280 1454 F.)
2307 1383 2548 1440 Hildrico
2580 1401 2711 1461 rege
2741 1394 2981 1457 mortuo,
3039 1389 3366 1444 Ludowicus
3407 1389 3555 1447 ﬁlius

1935 1484 2128 1549 regnat
2154 1479 2315 1534 annis
2345 1480 2586 1554 triginta.
2631 1482 2729 1538 Hic
2761 1483 2912 1538 duxit
2974 1499 3199 1540 uxorem
3241 1486 3552 1542 Rothildem

1935 1567 2100 1624 ﬁliam
2135 1567 2425 1641 Chilperici
2476 1572 2623 1646 regis
2669 1573 3144 1650 Burgundionum,
3185 1593 3349 1648 quem
3399 1578 3549 1633 Gun-

1934 1663 2221 1720 debaudus
2252 1681 2347 1720 rex
2381 1665 2550 1722 frater
2577 1668 2698 1736 ejus
2713 1677 3392 1743 peremerat,uxoremque
3409 1673 3551 1740 ejus,

1935 1763 2163 1811 matrem
2189 1755 2402 1812 scilicet
2455 1757 2750 1828 Rothildis,
2802 1761 2968 1837 ligato
3021 1763 3089 1817 ad
3143 1762 3344 1819 collum
3397 1779 3550 1830 saxo,

1935 1849 2092 1921 aquis
2121 1849 2487 1907 immerserat.

2006 1933 2130 1992 485.
2215 1941 2298 1996 12.
2373 1943 2425 1997 5.
2505 1945 2556 1998 1.
2633 1943 2685 1999 6.
2763 1943 2848 2000 39.
2919 1946 2972 2000 8.
3054 1947 3141 2002 16.
3220 1947 3305 2002 13.
3383 1948 3472 2002 24.

2010 2026 2248 2101 (Ρκοερ.,
2295 2035 2440 2105 app,)
2490 2035 2793 2091 Honoricus
2854 2054 2946 2093 rex
3001 2038 3396 2096 Wandalorum
3456 2041 3552 2109 ju-

1946 2115 2093 2174 dicio
2124 2120 2217 2174 Dei
2267 2137 2581 2192 percussus,
2641 2135 2859 2182 scatens
2924 2129 3201 2184 vermibus
3259 2130 3556 2185 miserabi-

1947 2207 2072 2263 liter
2099 2212 2338 2282 exspirat
2369 2230 2382 2279 ;
2417 2222 2540 2285 post
2579 2231 2741 2287 quem
2811 2218 3272 2276 Gunthamundus
3327 2222 3490 2276 annis
3519 2223 3553 2276 9

1948 2308 2158 2374 regnat.

2017 2390 2148 2445 486.
2221 2393 2306 2447 13.
2385 2393 2436 2448 6.
2513 2394 2567 2448 2.
2644 2395 2697 2450 7.
2776 2396 2862 2451 40.
2935 2399 2983 2452 1.
3070 2396 3150 2451 17.
3232 2398 3314 2452 11.
3392 2398 3464 2451 25

2021 2482 2316 2539 Clarentin
2353 2485 2539 2541 Galliis
2577 2487 2865 2561 Remigius
2925 2488 3211 2543 Remensis
3258 2496 3311 2544 et
3360 2489 3566 2544 Princi-

1950 2577 2070 2648 pius
2102 2576 2268 2632 frater
2294 2577 2415 2646 ejus
2443 2578 2781 2633 Suessonum
2839 2580 3158 2651 episcopus,
3215 2587 3267 2635 et
3296 2580 3563 2635 Vedastus

1951 2678 2075 2744 post
2102 2673 2397 2744 episcOpus
2428 2675 2798 2730 Atrabatensis
2846 2676 2947 2741 ;in
3008 2674 3189 2730 Africa
3242 2675 3564 2747 Fulgentius

1950 2768 2246 2837 episcopus
2286 2766 2590 2839 Ruspensis
2620 2787 2633 2833 ;
2668 2769 2723 2822 in
2748 2769 2902 2824 Italia
2931 2769 3236 2824 Germanus
3273 2768 3568 2838 Capuanus

1951 2866 2004 2913 et
2053 2857 2393 2930 Epiphanius
2443 2858 2750 2914 Ticinensis
2805 2858 2880 2929 (Cl
2959 2859 3092 2929 Greg
3174 2864 3351 2918 Turn;
3418 2863 3563 2914 Ann.

1950 2952 2139 3019 Leod.).

2019 3040 2145 3095 487.
2230 3042 2311 3095 14.
2389 3041 2442 3094 7.
2522 3040 2572 3094 3.
2651 3039 2702 3094 8.
2783 3040 2871 3095 41.
2947 3040 2982 3094 2
3077 3040 3157 3094 18.
3240 3040 3324 3095 13.
3401 3039 3491 3094 26.

2019 3133 2099 3203 (G.
2129 3133 2301 3202 pont.)
2330 3131 2578 3186 Gelasius
2629 3131 2886 3186 Romanae
2930 3130 3194 3186 aecclesiae
3228 3131 3353 3186 4708
3385 3130 3564 3200 presi-

1943 3221 2037 3276 det
2082 3221 2176 3276 Hic
2197 3221 2512 3276 Manicheos
2555 3220 2741 3275 Romae
2799 3219 3052 3275 inventos
3106 3219 3163 3274 in
3208 3219 3430 3274 exilium
3463 3219 3563 3274 de-

1943 3311 2146 3380 portari
2171 3310 2318 3375 fecit,
2351 3317 2404 3364 et
2435 3310 2660 3365 codices
2682 3325 2870 3364 eorum
2894 3309 3161 3364 incendit.
3187 3315 3192 3319 ’
3223 3308 3317 3364 Hic
3366 3314 3565 3364 tracta-

1944 3405 2031 3454 tus
2061 3406 2115 3453 et
2131 3414 2326 3470 ymnos
2351 3399 2662 3468 composuit
2697 3416 2710 3465 ;
2742 3398 2833 3453 hic
2863 3398 3011 3453 inter
3032 3407 3214 3454 cetera
3242 3413 3560 3453 sacramen-

1942 3497 2122 3545 torum
2143 3488 2479 3559 prefationes
2528 3498 2584 3544 et
2636 3487 2918 3543 orationes
2959 3495 3118 3544 cauto
3144 3497 3198 3543 et
3243 3488 3429 3543 limato
3451 3503 3564 3542 ser-

1943 3593 2107 3633 mone
2139 3579 2286 3634 fecit.
2319 3583 2398 3648 (II.
2434 3578 2532 3647 m.)
2585 3577 2769 3632 Zenon
2827 3577 3128 3648 imperator
3182 3592 3412 3650 regnum
3444 3577 3556 3630 Ita-

1943 3673 2028 3728 liae
2057 3673 2225 3730 donat
2253 3671 3059 3745 TheodericoOstrogotborum
3083 3670 3219 3745 regi.
3258 3671 3354 3726 Hic
3383 3671 3557 3726 Theo-

1942 3763 2160 3817 dericus
2188 3762 2491 3832 Trapsilam
2541 3760 2875 3830 Gepidarum
2908 3775 3094 3832 regem
3125 3765 3180 3812 et
3221 3758 3399 3812 Busan
3434 3760 3561 3813 Bul-

1941 3867 2132 3924 garum
2162 3866 2345 3923 regem
2402 3850 2548 3905 bello
2577 3849 2753 3903 victos
2810 3849 3081 3922 extinguit
3133 3848 3375 3917 (Paosr.,
3409 3851 3560 3919 app.)

1943 3944 2400 4000 Gunthamundus
2450 3943 2520 3998 ab
2561 3942 2725 3997 exilio
2783 3949 3003 3997 revocat
3061 3940 3368 4016 Eugenium
3427 3940 3556 4012 θρὶ-

1941 4053 2172 4109 scopum
2189 4086 2192 4089 .

2011 4132 2133 4189 488.
2219 4130 2302 4188 15.
2377 4131 2430 4185 8.
2507 4131 2559 4187 4.
2627 4130 2679 4184 9.
2760 4129 2828 4183 42
2925 4129 2978 4183 3.
3060 4128 3144 4183 19.
3231 4127 3317 4183 16.
3392 4127 3482 4182 27.

2014 4229 2185 4298 (lsro.)
2220 4229 2410 4283 Eorice
2441 4226 2876 4302 Wisigothorum
2908 4241 3039 4298 rege
3085 4233 3324 4291 mortuo,
3362 4230 3556 4296 regnat

1940 4326 2065 4390 post
2086 4334 2210 4373 eum
2245 4316 2389 4372 ﬁlius
2427 4317 2548 4386 ejus
2603 4317 2847 4371 Alaricus
2901 4314 3062 4369 annis
3109 4313 3180 4368 22
3234 4314 3296 4368 ⁸⁸.
3330 4317 3408 4383 (II.
3462 4310 3562 4381 τη.)

307 4391 368 4457 lG
416 4409 448 4446 ν
497 4395 574 4464 F.)
635 4395 861 4470 Egidius
891 4395 999 4450 dux
1055 4397 1110 4451 in
1170 4399 1359 4454 Galliis
1408 4400 1685 4457 moritur:
1718 4378 2474 4463 Sia-D’1‘heodericuscum'
2514 4405 2580 4460 16
2635 4405 2796 4459 anuis
2834 4403 3285 4475 Ostrogothorum
3323 4378 3558 4475 regnum

231 4481 383 4553 grius
405 4483 552 4538 ﬁlius
599 4485 720 4553 ejus
775 4487 1142 4544 substituitur.
1192 4491 1604 4547 Audovachrius
1661 4493 1843 4548 Ande-

233 4571 386 4639 gavis
416 4578 470 4626 et
500 4573 636 4627 alias
675 4575 839 4630 urbes
878 4577 982 4632 sibi
1039 4579 1326 4652 subigens,
1371 4581 1594 4636 obsides
1624 4583 1838 4654 recipit.

237 4659 544 4716 Hildericus
584 4679 675 4719 rex
716 4667 1024 4741 Andegavis
1079 4669 1347 4738 incendit,
1390 4679 1444 4726 et
1487 4672 1714 4728 Paulum
1748 4689 1843 4729 co-

233 4751 420 4806 mitem
478 4751 634 4807 urbis
689 4755 928 4825 perimit.
979 4757 1286 4814 Hildericus
1333 4776 1426 4815 rex
1479 4765 1533 4816 et
1583 4762 1842 4817 Audova-

234 4845 421 4900 chrius
467 4847 850 4915 confoederati,
935 4851 1268 4908 Alemannos
1334 4853 1441 4908 sibi
1520 4854 1837 4930 subjugant.

233 4935 418 5006 (Gneo.
451 4938 598 4999 Tua.)
647 4939 827 4995 Famis
865 4947 1108 5012 tempore
1163 4944 1221 4998 in
1261 4945 1576 5020 Burgundia
1617 4955 1842 5003 senator

233 5026 458 5083 Ectitius
487 5037 722 5100 quatuor
738 5030 890 5085 milia
935 5047 1208 5103 pauperes
1236 5040 1573 5102 sustentans,
1605 5037 1840 5093 caelestis

234 5120 619 5190 promissionis
653 5137 844 5178 vocem
875 5123 1102 5179 audivit.

303 5214 429 5269 482.
507 5217 561 5273 9.
637 5219 689 5271 2.
767 5219 855 5274 24.
935 5219 988 5273 3.
1049 5219 1137 5275 36.
1217 5220 1267 5276 5.
1349 5221 1435 5278 13.
1513 5223 1598 5281 10.
1675 5225 1764 5280 21.

306 5305 383 5373 (G.
411 5308 766 5377 pont)Felix
825 5308 1080 5366 Romana:
1135 5313 1399 5369 aecclesiaa
1461 5316 1608 5370 461118
1664 5317 1843 5389 presi-

232 5397 344 5450 det.
372 5397 467 5452 llic
503 5401 786 5455 Acathium
828 5403 1151 5474 episcOpum
1173 5403 1838 5479 ConstantinOpolitanum

233 5487 532 5554 damnavit,
564 5491 956 5546 assentientem
988 5491 1147 5549 Petro
1163 5494 1535 5551 Alexandrino
1557 5497 1836 5554 damnato.

1943 4502 2236 4569 tenuisset,
2266 4517 2296 4555 a
2327 4500 2496 4556 Mesia
2526 4515 2782 4574 egressus
2830 4498 3040 4554 Italiam
3090 4496 3267 4568 petiit,
3301 4501 3356 4550 et
3385 4495 3563 4551 Odoa-

1944 4610 2092 4651 crem
2126 4593 2296 4648 Italiae
2330 4608 2513 4667 regem
2547 4591 2634 4646 bis
2656 4591 2761 4646 sibi
2785 4604 3139 4665 congressum
3169 4587 3257 4642 bis
3289 4586 3346 4641 in
3376 4586 3558 4660 fugam

1943 4687 2128 4753 vertit,
2160 4693 2213 4740 et
2232 4685 2414 4757 Papiae
2438 4685 2713 4740 inclusum
2744 4681 2963 4738 obsidet
2988 4679 3247 4735 triennio.

2014 4777 2139 4834 489.
2222 4777 2305 4833 16.
2381 4777 2415 4832 9
2515 4776 2568 4832 5.
2649 4776 2734 4830 10.
2813 4773 2904 4828 43.
2971 4773 3024 4827 4.
3100 4776 3150 4827 1.
3231 4771 3320 4826 11.
3396 4771 3484 4824 28.

2016 4870 2294 4925 Barnabas
2334 4868 2638 4940 apostolus,
2690 4866 2784 4938 qui
2831 4865 2978 4936 apud
3017 4864 3348 4920 Salaminam
3398 4863 3556 4935 Cypri

1943 4977 1973 5016 a
2004 4961 2257 5016 Bar-Jesu
2278 4974 2439 5034 mago
2477 4965 2531 5013 et
2557 4969 2594 5012 a’
2636 4956 2831 5013 Judeis
2856 4971 2953 5027 pro
3020 4953 3239 5010 Christo
3291 4953 3403 5026 igni
3440 4968 3560 5008 cre-

1942 5057 2121 5105 matus
2161 5056 2264 5110 est.
2317 5063 2519 5120 corpus
2565 5063 2750 5114 suum,
2809 5045 2958 5118 quod
2989 5061 3020 5100 a
3071 5045 3328 5101 Johanne
3379 5043 3556 5098 Marco

1941 5138 2275 5194 consobrino
2302 5151 2402 5190 suo
2433 5135 2488 5190 in
2530 5135 2704 5207 cripta
2731 5135 3060 5190 occultatum
3119 5131 3300 5186 adhuc
3330 5129 3555 5196 latebat,

1942 5227 2278 5283 revelatione
2317 5241 2418 5280 sua
2484 5225 2718 5280 inveniri
2779 5223 2905 5280 fecit
2959 5222 3059 5292 (Cf.
3092 5220 3351 5290 Marian.)
3421 5219 3549 5273 Cum

1942 5337 2051 5393 quo
2083 5319 2248 5376 etiam
2301 5318 2649 5393 evangelium
2696 5315 2917 5382 Mathei,
2952 5315 3126 5396 ipsius
3152 5312 3408 5367 manibus
3439 5311 3557 5366 Ma-

1941 5407 2341 5464 theiHebraice
2381 5406 2669 5478 scriptum,
2713 5406 2860 5478 quod
2911 5410 3027 5460 erat
3077 5401 3238 5457 simul
3290 5399 3554 5457 recondi-

1940 5505 2078 5565 tum,
2109 5496 2405 5552 invenitur.
2437 5496 2593 5562 Quod
2628 5493 2976 5568 evangelium
3033 5493 3152 5564 ipse
3179 5489 3458 5546 Barnabas
3487 5505 3553 5544 ex

1577 5603 1797 5658 VARI/13
1825 5601 2202 5659 LELTIONES.

305 5693 347 5727 ⁵⁸
377 5692 477 5748 XLl
509 5692 590 5748 Cl.
623 5694 709 5749 2*.
743 5696 795 5751 3.
826 5697 886 5752 D.
922 5698 966 5733 ιδ
992 5698 1100 5753 XXI
1129 5697 1255 5755 33*.
1291 5698 1371 5756 C1.
1397 5701 1449 5757 3.
1477 5701 1563 5755 4'.
1597 5700 1656 5756 D.
