3868 6064
192 253 263 308 93
1681 257 2024 314 CHRONICA.
3455 259 3526 314 91

193 384 450 439 doctrina
496 384 868 456 apostolorum
921 398 1109 439 secum
1131 399 1353 456 semper
1391 384 1532 441 ferre
1570 387 1806 454 solebat,
1834 393 1884 462 Α
1911 396 1997 444 tus
2026 389 2220 457 fuerat,
2249 389 2413 461 eique
2467 406 2592 461 pars
2623 392 2855 446 maxima
2895 389 3122 445 faveret.
3159 389 3341 457 (Gneo.
3374 391 3486 446 dial
3517 392 3531 457 )

196 478 251 527 et
280 472 601 544 ubicunque
635 471 953 528 inveniebat
1001 471 1251 528 infirmos
1277 474 1519 543 ponebat
1547 474 1682 530 illud
1711 491 1810 530 su-
1911 482 2012 537 Pro
2040 483 2198 551 cujus
2229 481 2595 536 dissensionis
2626 483 2787 552 culpa
2827 483 3065 537 animam
3099 481 3376 536 Paschasii
3408 481 3530 536 dia-

197 581 298 636 per
326 580 443 630 eos,
475 573 530 620 et
555 574 662 620 tam
687 564 796 621 fide
826 566 1106 631 Barnabze,
1166 585 1331 639 quam
1381 569 1578 625 merito
1610 569 1808 625 Mathei
1909 570 2055 637 coni,
2088 571 2183 642 qui
2214 571 2539 642 pertinatius
2580 570 2869 626 Laurentio
2901 570 3125 636 faverat,
3159 570 3293 624 alias
3314 585 3527 642 magna:

190 676 388 715 omnes
415 661 772 717 sanabuntur.
832 663 912 730 (G.
945 679 987 716 ν.
1024 662 1107 733 F)
1173 662 1496 719 Ludowieus
1533 681 1624 719 rex
1642 665 1810 719 Fran-
1909 658 2214 713 sanctitatis
2268 659 2391 724 viri,
2437 659 2739 713 Germanus
2785 657 3074 729 Capuanus
3103 658 3398 730 episcopus
3437 657 3526 712 in-

192 764 383 803 eorum
429 749 748 804 Suessionis
801 749 1015 825 Siagrio
1061 751 1185 807 duci
1243 752 1618 808 Romanorum
1675 770 1811 810 con-
1912 751 2062 806 venit
2089 751 2143 806 in
2208 751 2438 806 thermis
2491 752 2547 806 in
2608 751 2737 827 igne
2792 751 3108 822 purgatorio
3152 751 3406 822 positam.
3437 751 3528 820 (G.

192 841 462 911 greditur.
504 841 753 915 Siagrius
809 842 1060 897 Tolosam
1129 843 1197 897 ad
1261 844 1530 900 Alaricum
1572 845 1710 920 fugit
1742 862 1811 899 :a
1906 844 2078 911 pom.)
2117 840 2211 895 Hie
2239 840 2588 895 Simmachus
2636 840 2923 896 constituit
2949 840 3098 896 omni
3117 839 3400 895 dominico
3433 839 3524 894 die

190 944 298 998 quo
339 928 636 984 Ludowico
666 931 975 1000 reposcenti
1028 931 1308 997 remissus,
1353 933 1661 1004 perimitur.
1705 933 1809 987 Luc
1911 930 1995 983 vel
2041 929 2285 984 natalitio
2346 939 2644 1000 martyrum
2700 929 2878 984 Gloria
2925 932 2986 983 in
3041 929 3256 984 excelsis
3312 933 3412 982 Deo
3459 927 3528 982 ad

190 1020 437 1075 dowicus
462 1021 726 1093 quicquid
759 1023 1051 1079 Galliarum
1095 1025 1208 1079 sub
1229 1025 1355 1095 jure
1377 1032 1495 1080 erat
1527 1026 1807 1080 Romano-
1913 1021 2109 1074 missas
2157 1022 2364 1076 cantari
2399 1039 2414 1087 ;
2456 1037 2620 1093 quem
2678 1038 2904 1092 ymnum
2933 1020 3307 1091 Telesphorus
3345 1019 3526 1090 septi-

193 1131 337 1178 rum,
363 1116 437 1170 ad
455 1115 550 1184 jus
580 1117 916 1173 Francorum
959 1118 1234 1174 transfert.
1917 1126 2037 1164 mus
2061 1127 2090 1164 a
2124 1110 2282 1166 Petro
2307 1117 2648 1180 papa,nocte
2694 1117 2905 1165 tantum
2957 1110 3155 1164 natalis
3205 1107 3420 1164 Domini
3461 1107 3530 1162 ad

261 1204 371 1260 490
473 1205 536 1258 Β.
599 1207 678 1261 17.
757 1206 814 1261 Ρ.
876 1207 956 1263 10.
1037 1208 1094 1262 F.
1155 1209 1209 1262 6.
1289 1209 1328 1262 L
1395 1210 1478 1264 11.
1556 1208 1739 1263 Ᾱ.44.

2001 1214 2108 1252 ssas
2139 1215 2168 1253 a
2195 1215 2256 1253 se
2291 1199 2344 1253 in
2391 1198 2513 1269 ipsa
2544 1207 2706 1253 nocte
2757 1199 3037 1254 institutas
3103 1196 3311 1253 cantari
3364 1196 3528 1251 insti-

519 1293 602 1350 W.
635 1295 688 1350 5.
769 1295 852 1350 W.
887 1296 941 1350 2.
1020 1296 1080 1352 Ο.
1144 1297 1228 1351 18.
1308 1298 1368 1350 11.
1400 1296 1490 1352 29.
1914 1288 2035 1355 tuit,
2064 1297 2118 1344 et
2165 1290 2220 1343 in
2274 1305 2341 1346 eo
2382 1290 2450 1344 ad
2503 1290 2825 1365 angelorum
2858 1290 3026 1347 verba
3074 1306 3195 1363 quae
3225 1291 3532 1360 sequuntur

265 1385 456 1451 (Gai-:6.
491 1385 648 1455 Tua.)
683 1388 876 1443 Avitus
907 1389 1240 1445 Viennensis
1271 1390 1572 1461 episcopus
1602 1386 1817 1452 claruit,
1921 1383 2140 1452 adjecit.

198 1474 297 1544 qui
329 1474 532 1529 Gallias
557 1475 627 1529 ab
673 1476 900 1531 Arriana
931 1477 1111 1532 heresi
1167 1476 1437 1531 defendit.
1471 1475 1565 1529 Hic
1593 1481 1725 1528 metr

1992 1478 2098 1532 494
2195 1477 2245 1533 2.
2335 1481 2409 1533 14.
2494 1479 2558 1536 10
2681 1478 2760 1534 15.
2842 1479 2893 1534 3.
2971 1478 3024 1532 9.
3102 1478 3156 1543 6,
3233 1477 3284 1531 3.
3367 1476 3453 1532 33.

194 1569 264 1624 de
296 1571 616 1626 conditione
666 1572 857 1626 mundi
909 1572 1082 1628 libros
1131 1573 1462 1643 composuit.
1510 1567 1808 1625 Sollemnis
1995 1570 2190 1644 Paosr,
2252 1575 2400 1642 app.)
2452 1572 2880 1628 Gunthamundo
2945 1570 3334 1626 Wandalorum
3399 1583 3528 1640 rege

194 1659 550 1713 Carnotensis
599 1659 895 1730 episcopus
947 1660 1134 1726 claret,
1197 1660 1288 1731 qui
1342 1659 1394 1713 in
1457 1655 1878 1736 praedicando“
1922 1661 2206 1731 defuncto,
2256 1665 2659 1721 Trasamundus
2711 1664 2883 1720 frater
2931 1664 3050 1734 ejus
3110 1661 3358 1736 regnavit
3407 1666 3530 1731 post

201 1752 425 1806 Francis
469 1725 744 1806 Christum
794 1725 914 1807 non
969 1725 1228 1825 segniter-
1267 1725 1486 1806 institit.
1551 1750 1610 1803 ln
1641 1725 1883 1802 MineoB
1914 1765 2038 1806 eum
2062 1725 2324 1808 annis26.

196 1842 483 1914 Hispania:
518 1841 685 1898 ﬂuvio
715 1843 896 1914 pisces
937 1844 1081 1914 capti
1110 1851 1255 1912 sunt,
1290 1843 1344 1897 in
1389 1857 1620 1913 quorum
1652 1857 1723 1912 sq'

1986 1845 2094 1900 495
2187 1846 2241 1899 2.
2324 1845 2389 1900 15
2487 1845 2576 1902 11.
2656 1845 2740 1900 16.
2817 1846 2870 1900 4.
2968 1845 3010 1898 1.
3103 1845 3158 1898 7.
3233 1844 3286 1897 4.
3363 1841 3431 1898 34

195 1937 300 1990 mis
332 1935 625 1990 videbatur
664 1935 929 2006 inscripta
958 1951 1066 1991 aera
1099 1936 1372 2008 presentis
1399 1934 1551 1989 anni.
1610 1933 1817 1987 ldatius
1991 1934 2068 2004 (G.
2100 1935 2596 2002 r.F.)Ludowicus
2644 1951 2739 1990 rex
2789 1933 3103 2009 Turingiam
3160 1931 3266 1987 sibi
3322 1928 3523 1998 subju-

203 2028 440 2082 Lemicm
473 2027 856 2098 Hispaniarum
888 2027 1040 2082 urbis
1069 2029 1362 2099 cpiscopus
1409 2026 1628 2082 cronica
1655 2039 1758 2080 sua
1786 2041 1816 2079 a
1915 2028 2023 2096 gat.
2052 2023 2130 2092 (II.
2160 2025 2260 2092 m.)
2292 2022 2660 2078 Theodericus
2703 2038 2797 2077 rex
2825 2036 3021 2076 omnes
3049 2018 3353 2074 vicinarum
3380 2032 3524 2092 gen—

196 2118 374 2189 primo
401 2117 696 2174 Theodosii
735 2119 1022 2174 consulatu
1069 2119 1323 2174 inchoata
1367 2119 1651 2189 hucusque
1682 2133 1809 2188 per-
1911 2110 2044 2166 tium
2080 2126 2238 2182 reges
2265 2117 2320 2166 et
2351 2111 2634 2182 principes
2680 2119 2772 2164 aut
2828 2108 3071 2163 amicitia
3126 2112 3220 2160 aut
3257 2104 3526 2160 affinitate

195 2211 367 2264 duxit.
395 2210 542 2281 (162)
582 2210 902 2266 Gennadius
949 2211 1244 2282 episcopus
1283 2210 1484 2265 librum
1539 2225 1699 2264 suum
1739 2209 1807 2263 de
1908 2199 2016 2254 sibi
2045 2201 2324 2266 conciliat,
2358 2207 2412 2255 et
2450 2200 2681 2271 paciﬁce
2730 2215 2900 2273 agens
2945 2199 3000 2252 in
3047 2197 3183 2251 locis
3207 2193 3528 2249 celebribus

193 2302 498 2357 illustribus
517 2302 652 2357 viris
673 2303 959 2375 hucusque
979 2303 1251 2374 perduxit,
1910 2289 2114 2360 regalia
2145 2288 2460 2344 habitacula
2495 2287 2732 2343 aedificat
2801 2286 3112 2359 [Florebant
3141 2283 3261 2375 hoc
3278 2289 3528 2375 tempore

232 2391 350 2446 191.
432 2391 518 2444 48.
597 2391 684 2445 1t.
765 2389 816 2445 7.
869 2370 992 2445 ‘12'
1080 2391 1169 2446 45,
1247 2390 1300 2445 6,
1381 2389 1433 2444 3,
1518 2388 1602 2445 19,
1679 2386 1748 2444 30
1913 2378 2287 2432 Launomarus
2315 2375 2686 2445 Carnotensis,
2748 2376 3007 2432 fundator
3046 2370 3526 2429 cenobiiCurbio-

259 2482 350 2550 (G.
379 2486 555 2552 pom.)
585 2483 904 2537 Anastasius
934 2483 1193 2539 Romana:
1215 2481 1478 2538 aecclesiae
1515 2482 1643 2537 48ιιε
1682 2496 1810 2552 pre-
1913 2477 2120 2541 nensis,
2152 2486 2213 2532 ut
2233 2476 2556 2531 Maximinus
2601 2475 3032 2540 Aurelianensis,
3069 2472 3330 2529 fundator
3353 2485 3527 2526 ceno-

192 2576 336 2630 sidet
403 2575 541 2631 Huic
586 2575 831 2631 Acatium
891 2578 1207 2631 damnatum
1268 2590 1525 2631 revocare
1578 2575 1806 2642 volenti,
1910 2571 1986 2624 bii
2021 2569 2402 2637 Miciacensis;
2435 2569 2591 2639 cujus
2616 2568 2872 2639 discipuli
2902 2566 3126 2622 fuerunt
3157 2563 3441 2620 Carileﬁ'us
3472 2568 3528 2618 et

190 2665 349 2720 multi
375 2665 746 2720 Romanorum
791 2681 902 2720 non
936 2665 1420 2721 communicabant
1444 2666 1634 2734 (Bsna,
1659 2665 1809 2733 ἕλε)
1910 2660 2094 2714 Avitus
2127 2660 2354 2715 abbates
2382 2660 2470 2732 ‘3].

197 2758 442 2812 Britanni
475 2774 586 2814 non
616 2758 865 2814 valentes
903 2758 1142 2829 amplius
1202 2757 1343 2813 ferre
1387 2758 1640 2814 virtutem
1699 2759 1810 2811 An-
1980 2753 2103 2807 496.
2183 2753 2235 2806 4.
2314 2753 2382 2807 16
2480 2751 2567 2806 12.
2649 2752 2736 2805 17.
2813 2751 2863 2804 5.
2943 2751 2996 2803 2.
3094 2750 3149 2804 8.
3226 2749 3282 2803 5.
3359 2746 3448 2803 35.

196 2852 434 2924 glorum,
469 2859 530 2905 ut
557 2851 682 2906 victi
702 2865 1026 2907 concessere
1060 2851 1113 2904 in
1165 2850 1255 2919 jus
1281 2856 1335 2906 et
1363 2865 1565 2906 nomen
1593 2865 1805 2904 eorum.
1984 2845 2066 2915 (G.
2110 2861 2153 2899 r.
2180 2847 2259 2910 1",)
2303 2843 2625 2899 Ludowieus
2682 2858 2912 2917 regnum
2963 2841 3294 2896 Francorum
3345 2852 3523 2910 usque

196 2943 409 2996 Primus
437 2942 506 2996 de
565 2947 730 3017 gente
776 2943 1074 3017 Anglorum
1119 2942 1238 3010 Elli,
1295 2949 1349 2997 et
1399 2942 1677 2997 secundus
1708 2941 1808 2996 Ce—
1911 2935 2220 3006 Sequanam
2293 2933 2482 2987 dilatat
2557 2933 2643 3003 (G.
2695 2933 2868 3002 pani.)
2923 2929 3104 3000 Aliqui
3156 2929 3522 2984 Romanorum

194 3036 290 3102 liu,
353 3035 493 3090 alter
529 3035 684 3090 alteri
742 3041 959 3090 mortuo
1029 3034 1403 3102 succedendo,
1448 3041 1812 3108 regnaverunt
1836 3076 1882 3108 ρ
1913 3028 2233 3084 subornatis
2265 3027 2412 3082 falsis
2468 3026 2702 3082 testibus
2745 3026 3166 3082 incriminantes
3192 3024 3522 3078 Simmacum

194 3078 342 3197 apud
369 3142 469 3182 eos
498 3142 596 3198 per
612 3142 788 3182 annos
815 3127 882 3183 70
928 3127 1092 3198 (163).
1142 3077 1414 3197 (Maius?)
1447 3076 1678 3180 Saictus
1710 3126 1810 3180 Pa-
1835 3076 1884 3144 Ο
1913 3137 2132 3192 papam,
2165 3121 2396 3174 latenter
2430 3118 2779 3174 Laurentium
2825 3118 2876 3171 in
2931 3123 3190 3187 papatum
3243 3114 3527 3169 subintro-

196 3221 391 3276 tricius
448 3222 725 3276 secundus
775 3221 1050 3276 Hiberniae
1137 3220 1607 3293 archiepisc0pus,
1665 3234 1809 3274 anno
1911 3214 2185 3269 duxerunt
2215 3227 2313 3283 pro
2345 3227 2454 3283 quo
2507 3211 2763 3266 scismate
2818 3209 3132 3264 dirimendo
3159 3224 3251 3262 rex
3283 3206 3530 3262 Theode-

193 3312 370 3365 aetatis
401 3326 516 3366 suae
579 3311 683 3366 122
738 3312 791 3365 in
837 3310 1049 3366 Christo
1081 3310 1307 3382 quievit.
1361 3311 1535 3379 (Isne)
1567 3309 1812 3365 Odoacer
1912 3307 2055 3362 ricus
2086 3307 2408 3377 episcopum
2446 3305 2664 3361 Petrum
2697 3310 2887 3360 contra
2913 3318 3156 3359 canones
3185 3300 3527 3391 visitatorem

192 3421 218 3456 a
243 3401 584 3458 Theoderico
615 3402 669 3456 in
704 3401 811 3458 fide
860 3410 1173 3476 susceptus,
1222 3401 1289 3457 ab
1322 3417 1389 3458 eo
1418 3403 1732 3474 perimitur,
1755 3409 1811 3456 et
1911 3398 2059 3452 sedis
2083 3396 2404 3468 apostolicae
2436 3395 2690 3450 instituit.

191 3492 566 3547 Theodericus
594 3492 750 3547 Italia
807 3493 1030 3563 potitur,
1062 3499 1116 3548 et
1161 3491 1416 3562 deposito
1469 3492 1718 3562 privatol

1980 3491 2104 3545 497.
2185 3490 2219 3546 5
2322 3489 2406 3544 17.
2487 3490 2574 3544 13.
2678 3489 2764 3543 18.
2839 3489 2888 3544 6.
2970 3488 3023 3541 3.
3099 3485 3152 3540 9.
3231 3485 3282 3540 6.
3363 3485 3450 3541 36.

194 3582 337 3646 bitu,
368 3581 613 3636 induitur
640 3582 811 3655 regali
836 3588 1100 3648 scemate,
1155 3588 1209 3637 et
1263 3581 1511 3656 regnavit
1568 3582 1624 3635 in
1656 3583 1809 3638 ltalia
1982 3581 2067 3647 (G.
2122 3597 2169 3634 r.
2207 3579 2292 3633 I~'.l
2326 3578 2652 3632 Ludowieus
2698 3593 2927 3650 regnum
2980 3576 3304 3629 Francorum
3349 3588 3526 3643 usque

195 3670 507 3724 anni536“.
1911 3672 2146 3747 Ligerim
2187 3669 2486 3740 amplificat
2565 3669 2654 3736 (G.
2706 3669 2879 3739 pont.)
2924 3667 3232 3722 Simmacus
3281 3679 3423 3735 papa
3469 3664 3524 3717 in

263 3760 391 3816 492.
472 3761 557 3816 19.
637 3760 723 3815 12.
798 3760 852 3816 8.
933 3761 1017 3817 13.
1122 3762 1146 3816 1
1254 3761 1305 3816 7.
1383 3763 1434 3817 ι1.
1521 3764 1567 3817 1.
1647 3761 1735 3819 31.
1913 3758 2279 3816 consili0115
2310 3758 2695 3830 episc0porum
2743 3772 2801 3811 se
2841 3761 3037 3828 purgat
3063 3754 3131 3808 de
3157 3753 3376 3822 objecto
3403 3752 3522 3807 cri-

264 3855 344 3922 (H.
375 3852 473 3921 m.)
516 3852 735 3906 Zenone
796 3851 1128 3922 imperatore
1187 3860 1426 3917 mortuo,
1493 3855 1811 3912 Anastasius
1912 3852 2083 3918 mine,
2108 3857 2164 3905 et
2191 3849 2466 3904 damnatis
2491 3849 2648 3904 Petro
2671 3853 2725 3902 et
2763 3845 3080 3913 Laurentio,
3136 3845 3256 3916 ipse
3296 3843 3522 3916 quidem

195 3947 428 4016 imperat
458 3943 618 3998 annis
647 3943 737 4009 25,
767 3943 851 3998 vel
901 3951 958 3998 ut
1006 3945 1228 4016 quidam
1283 3949 1495 4015 volunt,
1549 3948 1638 4003 27.
1670 3949 1811 4003 Gun-
1911 3943 2030 3999 sedi
2053 3957 2168 3998 suae
2198 3942 2545 3997 restituitur:
2579 3939 2864 3996 contentio
2911 3945 3091 3993 autem
3132 3951 3306 4009 usque
3336 3935 3403 3989 ad
3434 3950 3526 3990 ce-

194 4037 537 4092 tliamundus
578 4052 672 4090 rex
721 4036 777 4090 in
808 4035 984 4092 Africa
1034 4038 1316 4094 zecclesias
1346 4041 1744 4097 catholicorum
1779 4061 1809 4098 a
1912 4036 2011 4091 des
2041 4043 2097 4091 et
2120 4034 2420 4091 homicidia
2464 4034 2608 4088 inll‘a
2636 4042 2691 4087 ει
2742 4041 2894 4087 eXll‘a
2944 4029 3251 4086 aBCCleSiam
3281 4027 3377 4082 diu
3400 4042 3529 4098 1)Γο-

191 4141 500 4203 patruosuo
529 4131 799 4186 Hunerico
823 4132 909 4187 vel
935 4149 1035 4188 avo
1090 4135 1390 4191 Genserico
1432 4136 1644 4191 clausas
1674 4153 1810 4209 ape-
1912 4130 2164 4186 trahitur-

192 4222 318 4287 ruit,
345 4229 400 4275 et
423 4235 617 4275 omnes
648 4219 744 4275 Dei
769 4221 1085 4277 sacerdotes
1118 4229 1340 4293 petente
1399 4225 1645 4300 Eugenio
1681 4226 1716 4280 C

1978 4217 2102 4273 498.
2179 4217 2232 4274 6.
2315 4217 2396 4273 18.
2479 4217 2561 4270 14.
2639 4214 2727 4270 19.
2805 4217 2858 4269 7.
2935 4215 2987 4268 4.
3071 4214 3156 4269 10.
3230 4212 3280 4266 7.
3359 4211 3447 4265 37.

190 4312 490 4383 taginicnsi
521 4312 782 4382 episcOpo
823 4313 890 4367 ab
950 4313 1116 4369 exilio
1176 4317 1465 4372 revocavit.
1520 4317 1886 4389 [Achaciusn
1983 4311 2066 4381 (G.
2131 4327 2179 4365 r.
2230 4311 2313 4377 F.)
2369 4307 2694 4363 Ludowieus
2740 4321 2835 4360 rex
2885 4310 3121 4359 castrum
3174 4301 3526 4356 Mcledunum

760 4364 774 4367 -
1176 4364 1465 4372 --.ηηην
1520 4364 1806 4389 ,---..--...-
2294 4364 2308 4377 .

190 4406 491 4476 episcopus
517 4406 1159 4477 Constantinopolitanus
1190 4408 1377 4466 divino
1409 4419 1547 4465 nutu
1603 4364 2074 4482 percu-Dcapit.
2135 4406 2349 4478 (BEDA-i
2408 4402 2815 4458 Trasamundus
2870 4415 2964 4454 rex
3021 4397 3414 4452 wandalomm
3469 4393 3525 4447 in

191 4495 326 4548 titur
353 4495 395 4528 ⁸⁷
423 4493 513 4564 (cf.
539 4494 658 4548 Msa
691 4495 834 4550 Bana
862 4496 920 4567 )].
1915 4497 2110 4564 Africa,
2136 4495 2337 4552 clausis
2392 4494 2788 4550 catholicorum
2815 4488 3106 4554 aecclesiis,
3149 4484 3255 4541 220
3293 4483 3524 4556 episco-

261 4585 387 4638 «193.
469 4587 518 4639 1.
596 4585 684 4640 13.
763 4587 816 4641 9.
912 4587 998 4641 14.
1073 4587 1126 4641 2.
1226 4589 1278 4643 8.
1377 4589 1428 4646 5.
1507 4591 1561 4644 2.
1642 4591 1732 4646 32.

1996 4589 2269 4646 sexiliavit
2298 4605 2311 4643 :
2345 4595 2533 4643 contra
2581 4601 2720 4658 quos
2772 4583 3076 4638 Simmacus
3127 4596 3272 4652 papa
3303 4593 3523 4632 manum

265 4673 327 4729 G.
385 4675 554 4743 pom.)
615 4674 962 4732 Simmachus
1025 4677 1282 4733 Romanae
1366 4679 1628 4735 aacclesiae
1687 4681 1813 4736 49118
1912 4701 2024 4738 suae
2057 4681 2401 4737 liberalitatis
2451 4679 2710 4734 benivole
2766 4675 3000 4732 exeruit.
3032 4675 3210 4746 (ΛΜ.)
3251 4671 3359 4728 Hac
3390 4687 3524 4743 per-

193 4765 456 4834 presidet,
511 4765 765 4822 ordinato
813 4776 1003 4824 contra
1067 4785 1194 4824 eum
1241 4787 1338 4840 per
1395 4773 1806 4828 contentionem
1910 4773 2197 4838 secutione
2230 4768 2546 4842 Fulgentius
2573 4763 3219 4837 episcopus,sanctitate,
3249 4759 3527 4833 sapientia

194 4855 506 4908 Laurentio.
569 4856 696 4920 Quae
747 4871 832 4909 res
882 4873 1048 4931 grave
1075 4857 1366 4912 discidium
1423 4860 1686 4916 aacclesize
1713 4860 1807 4916 diu
1908 4872 1964 4917 et
1992 4842 2242 4925 scientia,
2292 4859 2418 4914 stilo
2466 4865 2520 4913 et
2566 4855 2825 4912 facundia
2882 4854 3181 4927 preclarus,
3231 4851 3404 4907 multa
3457 4850 3526 4904 ab

193 4958 368 5012 usque
399 4944 466 4996 ad
517 4943 634 5014 ipsa
681 4945 944 5014 protraxit
997 4946 1297 5002 homicidia
1331 4967 1344 5013 ;
1379 4949 1556 5005 donec
1585 4951 1806 5006 tandem
1913 4955 2155 5010 Arrianis
2187 4969 2283 5024 pro
2316 4968 2442 5008 vera
2482 4950 2591 5007 fide
2632 4965 2949 5022 perpessus,
3003 4947 3220 5003 diutino
3251 4947 3306 5001 in
3340 4943 3528 4999 Sardi-

190 5037 336 5091 hanc
389 5037 805 5093 altercationem
859 5042 1191 5112 compressit
1272 5043 1597 5100 Theoderici
1643 5047 1808 5120 regis,
1913 5045 2058 5099 niam
2089 5043 2255 5100 exilio
2286 5051 2614 5097 maceratur.
2664 5039 2748 5103 (G.
2800 5057 2850 5095 r.
2903 5044 2984 5103 F.)
3016 5037 3292 5094 Rothildis
3339 5033 3528 5108 regina

188 5125 444 5194 quamvis
473 5127 673 5191 Ariani,
706 5130 973 5199 potentia,
1002 5131 1106 5186 hoc
1132 5133 1634 5204 zequitatisjudicro
1662 5138 1810 5208 cpti-
1912 5135 2222 5191 orthodoxa
2262 5133 2614 5189 Ludowicum
2672 5147 2856 5210 regem
2889 5148 2920 5186 a
2970 5129 3299 5204 gentilitatis
3343 5141 3529 5183 errore

191 5220 386 5282 nente,
417 5224 477 5270 ut
499 5215 805 5273 Simmacus
833 5236 975 5290 papa
1014 5228 1178 5285 esset,
1232 5222 1362 5294 quia
1412 5224 1562 5294 prior
1586 5226 1812 5281 ordina-
1913 5243 2142 5283 avocare
2169 5225 2490 5292 conabatur,
2510 5225 2606 5280 sed
2636 5222 2836 5279 frustra
2856 5221 3041 5280 conari
3072 5219 3381 5278 videbatur.

1555 5366 1773 5422 VARUE
1794 5367 2149 5424 LECTIONES

256 5453 304 5489 ⁴⁶
335 5454 562 5540 triginta
589 5456 805 5540 duobus
831 5458 921 5540 63.
956 5475 984 5516 θ
1010 5462 1240 5540 comp.
1273 5463 1315 5498 ‘7
1347 5469 1426 5540 ita
1450 5470 1511 5520 in
1534 5484 1733 5524 rasura
1773 5477 1839 5533 l.,
1873 5477 1936 5526 ut
1961 5472 2192 5537 videtur,
2224 5477 2276 5525 et
2303 5471 2445 5538 rell.;
2481 5469 2796 5525 Anastasius
2830 5483 2971 5540 papa
3004 5465 3194 5522 divino
3227 5473 3365 5522 nutu
3397 5480 3528 5538 per-

189 5541 386 5580 cussus
415 5528 499 5581 est
522 5531 580 5581 A.
611 5528 656 5563 “
685 5529 981 5586 Florebant
1010 5532 1309 5589 —abbatcs
1338 5536 1417 5604 1.,
1445 5539 1560 5594 rell.
1594 5545 1790 5596 Desunt
1821 5528 1881 5596 Ᾱ.

1762 5639 1980 5694 ΝΟΤᾸΕ.

1762 5639 1980 5695 ΝΟΤλΕ.

260 5719 274 5788 (
287 5718 406 5788 162)
434 5719 588 5776 Errat
615 5723 977 5798 Sigebertus;
1013 5727 1216 5786 desinit
1245 5728 1463 5788 ldacius
1491 5747 1543 5789 a.
1573 5734 1700 5792 467.
1982 5736 2124 5809 (163)
2146 5737 2300 5793 Errat
2327 5739 2434 5812 Sig.
2475 5739 2531 5794 in
2552 5745 2838 5808 tempore;
2877 5735 2947 5793 cf.
2993 5736 3184 5793 Hirsch
3204 5752 3257 5807 p.
3288 5734 3377 5790 62.
