3868 6064
302 254 374 309 95
1502 252 1846 311 SIGEBERTI
1893 251 2416 309 GEMBLACENSIS.
3467 296 3489 321 .
3558 258 3630 312 96

368 386 494 441 499.
572 386 635 441 κ.
689 388 740 442 7.
818 370 1016 444 p.19.
1128 387 1322 445 R15.
1419 388 1595 445 L20.
1673 387 1810 444 Α.8

615 476 782 533 W.5.
861 477 944 532 W.
995 479 1079 534 11.
1155 478 1216 536 Ο.
1267 481 1320 536 8.
1402 480 1462 536 ii.
1494 480 1583 537 38.

371 566 457 633 (G.
489 583 536 621 r.
569 572 613 621 F
636 566 653 636 )
674 566 1000 624 Ludowicus
1028 585 1119 624 rex
1150 569 1466 626 Alemannis
1494 570 1644 627 bello
1682 585 1910 646 congre—

301 655 474 719 ditur;
515 655 701 728 ibique
740 656 1026 714 laborante
1069 660 1334 727 exercitu,
1385 667 1513 716 voto
1561 660 1908 732 suscipiendi

298 748 687 805 christianismi
714 767 773 807 se
824 752 1071 827 obligare
1117 752 1336 827 cogitur
1369 755 1598 826 ;sicque
1617 760 1908 829 perempto

298 840 722 897 Alamannorum
755 859 905 916 rege,
938 850 995 899 et
1014 844 1337 900 Alemannia
1378 846 1483 901 sub
1512 846 1718 902 tributo
1748 846 1909 901 reda-

294 935 400 995 cta,
433 930 739 1002 baptizatus
764 949 795 987 a
820 933 1068 1008 Remigio
1098 933 1364 1005 episcopo
1405 934 1700 990 Remorum
1719 950 1909 990 exem-

294 1016 387 1086 plo
413 1026 468 1072 et
497 1018 679 1075 edicto
705 1035 806 1076 suo
832 1022 1088 1092 perducit
1122 1022 1190 1077 ad
1224 1020 1389 1078 ﬁdem
1421 1022 1617 1079 Christi
1637 1023 1902 1095 populum

295 1107 646 1164 Francorum.

363 1198 485 1255 500.
563 1201 617 1254 8.
693 1201 781 1257 20.
867 1203 947 1259 16.
1021 1203 1109 1260 21.
1186 1205 1237 1262 9.
1310 1205 1364 1259 6.
1444 1205 1530 1260 '12.
1605 1205 1660 1260 9.
1738 1205 1826 1260 39.

364 1289 444 1359 (V.
489 1290 546 1346 S.
578 1295 750 1361 Rem.)
812 1292 1031 1349 Collatis
1096 1311 1128 1350 a
1174 1294 1464 1352 Ludowico
1530 1310 1662 1367 rege
1716 1292 1904 1349 multis

295 1381 503 1452 prediis
523 1384 788 1439 aecclesia:
835 1385 1116 1455 Remensi,
1166 1386 1470 1463 Remigius,
1521 1386 1690 1442 multa
1712 1402 1903 1443 eorum

295 1478 449 1540 parte
474 1471 599 1527 data
619 1474 883 1529 zecclesize
932 1474 1307 1539 Laudunensi,
1333 1477 1521 1531 sedem
1547 1475 1905 1547 episcopatus

296 1558 372 1611 ibi
403 1575 526 1614 esse
557 1562 879 1628 constituit;
915 1563 1267 1635 primumque
1296 1564 1410 1620 illic
1440 1565 1764 1635 episcopum
1799 1563 1905 1617 Ge-

298 1649 612 1705 nebaudum
636 1654 941 1720 constituit,
965 1656 1290 1712 eteumdem
1314 1656 1369 1711 in
1391 1656 1753 1713 fornicatione
1780 1674 1903 1713 cum

297 1756 395 1795 sua
422 1744 699 1813 quondam
729 1761 897 1800 uxore
917 1747 1267 1817 prolapsum,
1300 1748 1396 1804 scd
1435 1748 1765 1818 septemnali
1798 1763 1911 1820 pae-

299 1831 531 1887 nitentia
559 1842 847 1909 purgatum
880 1844 935 1891 et
965 1838 1035 1896 de
1065 1837 1578 1895 reclusionedivino
1592 1839 1750 1907 jussu
1772 1839 1908 1894 edu-

299 1930 469 1985 ctum,
495 1924 613 1978 sedi
631 1941 743 1980 suae
768 1925 1026 1992 restituit,

332 2009 430 2066 501
534 2013 587 2068 9.
662 2014 749 2069 21.
829 2014 917 2069 17.
994 2015 1065 2069 22
1166 2017 1250 2072 10.
1329 2017 1382 2072 7.
1456 2017 1540 2072 13.
1619 2017 1705 2072 10.
1782 2016 1853 2073 40

371 2102 452 2171 (G.
483 2119 530 2157 ν·
558 2105 633 2165 F.)
662 2103 984 2160 Ludowicus
1050 2120 1146 2161 rex
1189 2107 1568 2163 Gundebaudo
1628 2108 1742 2183 regi
1773 2108 1910 2163 Bur-

298 2192 637 2263 gundionum
663 2209 1009 2268 congressus,
1043 2212 1110 2252 eo
1142 2197 1304 2268 victo,
1336 2198 1728 2273 Burgundiam,
1760 2197 1909 2252 redi-

299 2278 378 2351 git
392 2278 495 2333 sub
513 2280 714 2336 tributo

324 2369 452 2424 502.
540 2370 618 2426 10.
696 2372 785 2426 22.
859 2375 937 2430 18.
1007 2375 1244 2437 23,11.
1311 2377 1365 2430 8.
1448 2377 1533 2431 11.
1614 2376 1701 2431 11.
1779 2379 1867 2432 41.

370 2466 437 2531 (Η
486 2466 917 2536 m.)Simmacus
961 2471 1227 2541 patricius
1286 2487 1397 2527 rem
1450 2473 1733 2543 publicam
1781 2473 1910 2528 illu-

303 2558 456 2619 strat,
505 2561 702 2609 etcum
738 2571 806 2612 eo
832 2574 1005 2629 gener
1037 2559 1157 2627 ejus
1201 2560 1427 2615 Boetius
1474 2561 1557 2616 vir
1581 2561 1909 2630 consularis,

300 2643 634 2713 conSpicuus
665 2645 720 2698 in
751 2654 985 2718 utraque
1036 2647 1240 2719 lingua,
1296 2649 1608 2705 eruditione
1658 2651 1908 2706 omnium

296 2732 608 2789 liberalium
638 2738 861 2802 artium,
889 2754 1028 2810 quas
1056 2754 1200 2810 pene
1225 2755 1420 2796 omnes
1449 2758 1478 2796 a
1507 2742 1678 2799 Greco
1711 2743 1765 2797 in
1801 2743 1904 2798 La-

300 2824 474 2879 tinum
493 2829 769 2884 transtulit
794 2837 849 2885 et
874 2831 1150 2902 exposuit.

328 2919 454 2974 503.
531 2920 620 2977 11.
694 2922 783 2979 23.
862 2923 946 2980 19.
1023 2925 1112 2981 24.
1197 2926 1279 2980 12.
1356 2926 1408 2981 9.
1496 2927 1574 2981 15.
1655 2928 1742 2981 12.
1818 2928 1907 2983 42.

368 3009 446 3073 (II.
476 3025 552 3063 φη.
581 3009 642 3062 1η
672 3011 853 3066 Africa
882 3011 1151 3084 Olimpius
1206 3014 1454 3085 quidam,
1507 3014 1636 3069 dum
1694 3015 1750 3070 in
1783 3016 1908 3071 bal-

299 3098 419 3152 neis
451 3097 506 3152 in
563 3111 806 3157 sanctam
868 3074 1186 3159 Trinitatem
1223 3074 1676 3176 .blaspliemaret,
1736 3108 1911 3184 ignito
1938 3074 1987 3141 Ο

296 3186 482 3254 jaculo
508 3190 719 3245 caelitus
747 3192 1028 3258 veniente,
1058 3193 1351 3249 visibiliter
1379 3195 1704 3251 combustus
1731 3206 1834 3253 est.

301 3278 425 3334 504.
513 3282 592 3338 t2.
668 3282 756 3340 24.
832 3285 921 3340 20.
998 3285 1087 3341 25.
1157 3287 1241 3342 13.
1325 3285 1389 3343 10
1492 3288 1570 3342 16.
1658 3290 1722 3344 13
1817 3290 1906 3345 43.

374 3374 580 3444 (ILm)
638 3373 1113 3446 ConstantinOpoli
1171 3377 1301 3431 dum
1355 3377 1621 3432 Deuterus
1676 3375 1911 3431 Arianus

302 3463 597 3535 episcopus
635 3466 864 3521 Barbam
894 3469 1170 3539 quendam
1202 3468 1527 3540 baptizaret,
1549 3474 1603 3523 et
1633 3469 1776 3523 male
1798 3467 1913 3523 dis-

302 3556 561 3629 tinguens
598 3558 936 3627 Trinitatem,
995 3562 1207 3618 diceret
1263 3566 1526 3633 :Baptizo
1588 3569 1656 3630 te,
1714 3564 1909 3630 Barba,

302 3652 363 3703 in
388 3653 606 3705 nomine
632 3655 810 3708 Patris
831 3669 930 3723 per
954 3656 1152 3710 Filium
1179 3657 1241 3710 in
1267 3655 1477 3725 Spiritu
1529 3661 1738 3722 sancto,
1771 3670 1913 3726 aqua

305 3736 597 3808 disparuit.

373 3825 497 3880 505.
578 3828 662 3882 13.
742 3829 833 3883 25.
900 3830 990 3883 21.
1059 3830 1147 3886 26.
1219 3831 1301 3886 14.
1377 3833 1458 3883 11.
1536 3830 1616 3885 17.
1680 3832 1764 3885 14.
1822 3832 1910 3886 44.

326 3969 331 3973 .
374 3914 458 3985 (Η.
489 3920 583 3980 m.)
622 3917 1024 3975 Alamundarus
1074 3937 1169 3975 rex
1199 3921 1596 3975 Saracenorum
1630 3920 1700 3975 ab
1723 3922 1915 3978 ortho-

305 4006 462 4062 doxis
512 4007 842 4079 baptizatus,
885 4027 1008 4067 cum
1039 4027 1166 4068 eum
1215 4011 1419 4067 vellent
1452 4012 1722 4069 Euticiani
1747 4013 1913 4068 sedu-

304 4110 450 4162 cere,
482 4096 683 4153 refellit
719 4115 816 4155 eos
872 4101 975 4155 hac
1036 4100 1286 4156 fabulosa
1342 4100 1688 4168 inductione,
1721 4101 1912 4157 dicens

305 4186 452 4258 quod
514 4188 725 4245 litteras
789 4192 1068 4263 acceperit
1132 4191 1453 4247 Michaelem
1516 4193 1909 4268 archangelum

302 4287 576 4337 mortuum
612 4298 773 4350 esse;
806 4284 1026 4356 illisque
1058 4284 1540 4356 reSpondentihus,
1576 4287 1678 4341 hoc
1704 4286 1911 4356 impos-

301 4370 414 4426 bile
442 4388 587 4438 esse,
646 4375 793 4445 quod
842 4375 1024 4450 angeli
1072 4375 1181 4431 sint
1227 4376 1583 4447 impassibilis
1636 4384 1846 4432 naturae
1891 4395 1904 4432 :

302 4463 562 4522 Quomodo
587 4478 726 4533 ergo,
750 4464 948 4536 inquit,
975 4467 1273 4521 secundum
1296 4481 1385 4521 vos
1413 4468 1592 4522 nudus
1616 4470 1911 4534 cruciﬁxus

302 4558 379 4605 est
402 4555 659 4624 Christus,
690 4560 799 4612 nisi
846 4559 1086 4613 duarum
1136 4565 1470 4614 naturarum
1498 4567 1650 4628 esset,
1677 4561 1913 4630 quando-

301 4641 514 4707 quidem
534 4659 634 4699 nec
657 4647 879 4714 angelus
902 4653 1150 4702 mortuus
1180 4654 1258 4702 est
1290 4648 1316 4700 φ

339 4728 463 4787 506.
540 4733 628 4787 14.
696 4735 783 4789 26.
851 4736 946 4792 22.
1008 4738 1099 4793 27.
1172 4739 1234 4794 15
1322 4737 1405 4791 12.
1480 4737 1559 4791 18.
1636 4739 1720 4793 15.
1785 4740 1881 4793 45.

378 4820 455 4889 (G.
490 4840 537 4878 r.
566 4826 651 4895 F.)
696 4826 1023 4884 Ludowicus
1053 4835 1108 4884 et
1149 4828 1394 4884 Alaricus
1423 4844 1584 4902 reges
1635 4830 1918 4886 confoede-

304 4920 513 4972 rantur.
541 4916 722 4988 (Gneo.
755 4920 915 4991 Tua.)
958 4921 1291 4986 Quintianus
1335 4922 1674 4977 Butenensis
1700 4924 1919 4994 episco-

308 5022 412 5077 pus
436 5012 490 5064 et
517 5007 819 5066 Maxentius
847 5011 1187 5068 Pictavensis
1242 5012 1417 5069 abbas
1467 5012 1683 5069 clarent
1709 5014 1765 5069 in
1795 5014 1918 5070 Gal-

308 5093 399 5150 lia.

1928 388 1984 457 Α
2043 384 2171 442 507.
2252 386 2334 441 ιδ.
2411 384 2501 442 27.
2566 385 2657 441 23.
2724 384 2814 441 es.
2879 385 2971 443 is.
3031 386 3121 441 13.
3176 385 3266 441 19.
3337 388 3419 442 16.
3497 388 3588 442 46.

2082 477 2299 549 (lim)
2351 476 2650 533 Vitalianus
2714 476 2975 533 instinctu
3025 477 3219 549 populi
3262 478 3498 553 insurgit
3570 477 3627 531 in

2010 566 2399 637 imperatorem
2431 565 2798 633 Anastasium,
2830 572 3057 639 propter
3087 567 3417 623 Eutitianam
3457 569 3624 624 here-

2009 656 2111 711 sim
2139 658 2249 712 Deo
2274 663 2331 711 et
2357 655 2678 711 hominibus
2701 670 2951 713 exosum.

2082 748 2202 805 508.
2276 748 2360 803 16.
2427 746 2516 802 28.
2583 745 2672 801 24.
2737 746 2828 802 29.
2901 749 2986 804 17.
3064 748 3145 803 14.
3211 748 3304 803 20.
3374 748 3462 804 17.
3530 748 3621 803 47.

2080 835 2161 906 (G.
2182 836 2355 906 pont.)
2386 834 2673 891 Hormisda
2720 835 2976 891 Romanae
3025 836 3292 892 aecclesiaa
3320 837 3448 892 50us
3487 853 3624 908 pre-

2008 924 2169 980 sidet.
2220 924 2315 979 Hie
2356 923 2563 979 clerum
2613 924 2947 995 composuit,
3004 931 3059 979 et
3098 924 3326 996 psalmis
3360 925 3604 981 erudivit

2009 1015 2105 1073 Hic
2145 1022 2399 1087 respectu
2432 1016 2749 1087 apostolicae
2794 1016 3153 1072 humanitatis
3208 1017 3412 1073 Grecos
3440 1018 3627 1073 convi-

2003 1116 2095 1164 ctu
2119 1108 2484 1164 hereticorum
2507 1107 2807 1163 maculatos
2822 1108 3062 1163 absolvit
3095 1124 3195 1180 per
3214 1124 3346 1165 suos
3377 1110 3622 1169 nuntios.

2007 1200 2083 1270 (G.
2126 1216 2175 1256 r.
2194 1202 2277 1267 F.)
2308 1199 2553 1254 Alaricus
2581 1215 2673 1254 rex
2700 1199 2991 1256 Ludowico
3058 1200 3175 1275 regi
3229 1200 3461 1256 insidias
3490 1215 3621 1256 mo-

2007 1293 2158 1359 litus,
2190 1291 2376 1347 faadus
2409 1292 2601 1347 violat.

2075 1381 2200 1436 509.
2268 1380 2353 1434 17.
2428 1378 2518 1435 29.
2585 1379 2674 1433 25.
2738 1379 2828 1434 30.
2904 1380 2986 1434 18.
3059 1380 3143 1436 15.
3211 1378 3300 1434 21.
3371 1379 3455 1435 18.
3527 1382 3599 1435 48

2077 1472 2160 1539 (G.
2191 1489 2222 1526 r
2272 1471 2351 1543 F.)
2392 1471 2721 1527 Ludowicus
2750 1486 2842 1525 rex
2868 1471 3041 1545 signis
3091 1470 3264 1527 divini
3291 1472 3479 1527 auxilii
3503 1473 3625 1527 ani-

2005 1567 2187 1616 matus
2208 1560 2278 1615 ad
2308 1559 2629 1615 bellandum
2672 1589 2743 1599 —
2779 1558 3014 1613 Turonis
3060 1559 3269 1630 quippe
3322 1558 3622 1625 transiens,

2005 1669 2208 1725 equum
2241 1669 2400 1707 suum
2428 1653 2629 1707 Sancto
2695 1652 2921 1706 Martino
2971 1651 3119 1706 misit
3151 1670 3165 1718 ;
3196 1666 3360 1722 quem
3393 1658 3619 1706 centum

2008 1744 2200 1800 solidis
2226 1743 2571 1813 redemptum
2639 1742 2889 1812 recipere
2920 1756 3031 1797 non
3052 1741 3251 1812 potuit,
3282 1741 3464 1795 missis
3498 1740 3624 1795 aliis

2010 1840 2230 1886 centum
2260 1830 2452 1886 solidis
2492 1830 2701 1900 recepit
2730 1848 2746 1894 ;
2779 1829 3013 1884 credens
3068 1829 3221 1883 illum
3266 1828 3471 1885 bonum
3497 1844 3622 1884 esse

2012 1919 2068 1973 in
2098 1918 2322 1986 auxilio,
2350 1917 2445 1989 qui
2473 1927 2580 1972 tam
2611 1932 2770 1972 carus
2800 1916 2990 1971 eratin
3021 1916 3246 1991 negotio
3278 1947 3343 1956 —
3392 1916 3624 1987 insuper

2011 2013 2238 2079 accepto
2289 2006 2533 2062 victoriae
2577 2005 2830 2079 presagio
2878 2020 2910 2059 a
2966 2004 3183 2060 clericis
3235 2004 3624 2060 cantantibus:

2013 2101 2352 2153 Prcecinwisti
2374 2113 2478 2152 me.
2517 2099 2722 2151 virtute
2777 2098 2847 2150 ad
2899 2096 3117 2163 bei’um,
3149 2095 3362 2150 Alarico
3387 2094 3629 2170 Wisigo-

2012 2187 2231 2241 thorum
2266 2184 2382 2259 regi
2407 2184 2789 2259 congreditur,
2815 2199 2995 2255 eoque
3027 2190 3333 2255 perempto,
3362 2183 3628 2255 quicquid

2014 2277 2308 2331 Galliarum
2328 2275 2625 2347 Wisigothi
2686 2275 3062 2346 possidebant,
3118 2275 3186 2330 ad
3246 2284 3433 2346 partes
3462 2275 3632 2330 Fran-

2011 2382 2199 2422 corum
2232 2365 2513 2421 transtulit
2545 2383 2559 2431 ;
2590 2372 2645 2420 et
2671 2365 2943 2420 invadens
2958 2365 3208 2421 Tolosam
3241 2366 3431 2421 sedem
3472 2366 3627 2440 regni

2011 2457 2333 2525 Gothorum,
2357 2473 2535 2529 usque
2565 2456 2633 2511 ad
2667 2456 2933 2527 Pyrineos
2964 2464 3179 2513 montes
3209 2473 3440 2532 regnum
3460 2458 3630 2512 Fran~

2013 2564 2202 2605 corum
2230 2549 2496 2604 dilatavit.
2558 2549 2749 2603 Fertur
2779 2550 2944 2603 etiam
3004 2564 3188 2605 muros
3216 2549 3505 2605 Ecolisma:
3536 2566 3629 2604 ur-

2013 2641 2100 2696 bis
2156 2649 2282 2697 ante
2342 2641 2537 2697 faciem
2604 2641 2725 2710 ejus
2778 2642 3072 2697 corruisse.
3126 2642 3429 2698 Amalrieus
3485 2642 3632 2697 filius

2010 2736 2205 2791 Alarici
2241 2735 2538 2807 fugiensin
2571 2735 2908 2806 Hispaniam,
2956 2741 3149 2811 regnat
3201 2736 3286 2790 ibi
3328 2736 3494 2802 annis
3544 2736 3629 2790 16.

2014 2829 2799 2903 (FLonomn.)Sigismundus,
2851 2837 3069 2884 mortuo
3117 2835 3273 2900 patre
3319 2844 3419 2884 suo
3479 2829 3635 2883 Gun-

2013 2924 2291 2990 debaudo,
2336 2932 2532 2996 regnat
2563 2924 2619 2979 in
2677 2923 3011 2997 Burgundia.
3068 2923 3379 2993 [Gibrianus
3416 2924 3632 2978 Scottus

2013 3029 2138 3068 cum
2163 3012 2420 3067 fratribus
2476 3018 2531 3067 et
2586 3012 2874 3067 sororibus
2929 3012 2985 3066 in
3017 3012 3188 3066 Gallia
3219 3010 3625 3084 peregrinatus,

2011 3106 2206 3160 urbem
2231 3104 2557 3159 Remensem
2589 3110 2642 3158 et
2692 3104 2804 3159 vita
2832 3113 2888 3160 et
2916 3110 3092 3159 morte
3119 3119 3219 3159 sua
3266 3103 3500 3158 illustrat
3536 3102 3624 3174 ⁴⁰.]

2011 3194 2152 3260 (Vita
2181 3194 2237 3249 S.
2271 3192 2365 3259 Μ)
2402 3192 2630 3248 Faustus
2681 3192 2736 3247 S.
2781 3192 3063 3249 Benedicti
3119 3191 3520 3263 discipulus,et
3557 3191 3627 3244 ab

2010 3299 2077 3339 eo
2103 3300 2227 3339 cum
2285 3284 2470 3339 Mauro
2527 3284 2583 3337 in
2631 3282 2830 3339 Gallias
2879 3285 2984 3339 hoc
3041 3300 3186 3340 anno
3247 3283 3631 3349 transmissus,

2011 3377 2205 3433 scribit
2230 3378 2285 3432 in
2313 3377 2434 3432 Vita
2462 3377 2611 3432 illius
2659 3377 2850 3444 Mauri,
2881 3378 2936 3432 S.
2963 3378 3319 3433 Benedictum
3359 3377 3633 3434 claruisse

2011 3475 2354 3546 temporibus
2374 3475 2569 3551 Justini
2603 3474 2842 3530 senioris
2871 3482 2926 3531 et
2958 3475 3215 3531 Hilderici
3238 3475 3628 3530 Wandalorum

2013 3567 2202 3639 regis;
2233 3567 2468 3628 addens,
2498 3566 2646 3639 quod
2682 3582 2748 3622 eo
2805 3575 3055 3637 tempore
3106 3582 3199 3622 rex
3253 3566 3630 3622 Theodericus

2012 3657 2386 3712 Simmachum
2420 3655 2707 3726 patricium
2761 3662 2815 3711 et
2838 3656 3145 3711 Johannem
3175 3671 3371 3725 papam
3399 3654 3624 3711 occide-

2014 3748 2102 3803 rit.
2153 3748 2354 3804 Scribit
2389 3763 2633 3818 quoque,
2687 3747 2928 3801 eundem
2980 3745 3332 3800 Benedictum
3390 3746 3496 3801 hoc
3530 3761 3631 3800 eo-

2014 3836 2139 3890 dem
2171 3851 2338 3899 anno,
2368 3850 2478 3905 quo
2510 3834 2726 3888 Maurus
2752 3833 2817 3886 ad
2839 3832 3037 3887 Gallias
3070 3831 3354 3897 tendebat,
3396 3832 3629 3900 obiisse,

2019 3927 2083 3981 12
2111 3925 2224 3981 Kal.
2259 3924 2452 3995 April.,
2494 3924 2626 3979 hora
2652 3922 2762 3977 diei
2792 3922 2950 3994 quasi
2986 3921 3145 3977 tertia
3175 3921 3353 3993 ;quod
3387 3937 3453 3977 eo
3482 3938 3635 3979 anno

2016 4019 2069 4073 in
2130 4016 2361 4072 sabbato
2419 4015 2635 4087 paschae
2700 4013 3055 4085 proveniens,
3117 4012 3355 4084 primum
3420 4015 3632 4084 pascha

2012 4107 2186 4162 fuisse
2231 4106 2593 4161 demonstrat.
2650 4102 2720 4158 Sc
2775 4117 2997 4173 quoque
3052 4101 3186 4156 dicit
3216 4101 3274 4155 in
3301 4100 3501 4156 Gallias
3525 4118 3622 4156 ve-

2015 4196 2163 4251 nisse
2192 4202 2441 4266 tempore
2479 4192 2622 4265 regis
2650 4190 3038 4256 Theodeberti,
3069 4188 3286 4260 nepotis
3336 4188 3611 4245 Ludowici

2012 4286 2178 4360 regis,
2199 4284 2327 4357 quia
2351 4298 2483 4357 ergo
2515 4282 2593 4336 illi
2642 4280 2861 4351 scripsit
2914 4295 3036 4351 quae
3077 4278 3290 4333 viderat
3342 4280 3626 4350 quomodo

2013 4381 2118 4435 hoc
2155 4374 2566 4447 consequentiae
2597 4372 2963 4444 hystoriarum
3014 4372 3327 4435 conveniat,
3369 4371 3633 4443 quivalet

2014 4468 2283 4530 advertat,
2313 4472 2367 4520 et
2399 4464 2491 4537 qui
2515 4463 2773 4527 advertit,
2797 4461 3254 4533 exponat(l63').

2084 4560 2211 4616 5’0.
2294 4557 2377 4613 18.
2454 4557 2544 4613 30.
2608 4554 2677 4610 26
2768 4555 2856 4609 31.
2929 4554 3012 4609 19.
3084 4554 3168 4608 16.
3239 4555 3289 4609 1.
3368 4553 3457 4608 19.
3535 4553 3608 4607 49

2085 4650 2172 4719 (G.
2200 4665 2249 4702 r.
2284 4646 2370 4716 F.)
2401 4644 2728 4713 Ludowicus
2754 4659 2846 4698 rex
2875 4642 2943 4697 ab
2977 4640 3260 4696 Anastasio
3293 4641 3632 4713 imperatore

2020 4736 2319 4794 co‘licellos
2374 4735 2443 4789 de
2475 4733 2763 4789 consulatu
2808 4738 2861 4787 et
2920 4746 3178 4786 coronam
3222 4747 3444 4786 auream
3502 4748 3626 4786 cum

2020 4828 2256 4905 gemmis
2276 4832 2330 4881 et
2356 4824 2598 4880 tunicam
2650 4823 2907 4877 blatteam
2964 4822 3197 4893 accepit,
3243 4828 3299 4877 et
3352 4839 3418 4878 ex
3443 4838 3508 4877 ea
3538 4822 3635 4878 die

2021 4918 2215 4975 consul
2237 4923 2569 4987 etaugustus
2599 4920 2687 4967 est
2714 4911 3039 4982 appellatus.
3093 4912 3217 4982 Ipse
3243 4927 3374 4968 vero
3408 4928 3503 4967 rex
3536 4913 3638 4967 mi-

2021 5009 2297 5064 siti’tomm
2329 5006 2385 5060 S.
2418 5004 2575 5058 Petro
2614 5016 2872 5057 coronam
2922 5018 3144 5057 auream
3196 5017 3319 5057 cum
3376 5002 3631 5077 gemmis,

2022 5116 2143 5173 quae
2174 5111 2400 5173 regnum
2429 5092 2697 5166 appellari
2719 5093 2880 5149 solet.

1659 5202 1884 5257 νΑιιιΑε
1931 5198 2309 5258 LECTIONES.

1862 5343 2074 5400 NOTIE.

375 5268 420 5302 ⁸ο
455 5268 520 5339 1γ
570 5276 633 5325 ut
654 5272 868 5327 videtur
895 5288 915 5339 ;
945 5272 1063 5327 rell.
1102 5276 1304 5328 Desunt
1331 5274 1387 5327 Α.

371 5437 720 5520 (163flmJure
771 5459 870 5500 suo
924 5442 1135 5499 dubitat
1186 5444 1542 5520 Sigebertus.
1604 5444 1735 5513 Sed,
1793 5459 1918 5515 quae

302 5507 865 5591 hanc-difficultatem
900 5523 1084 5591 creant
1124 5507 1750 5591 notionestemporuni,
1801 5507 1911 5570 rion

298 5586 425 5659 sunt
452 5580 566 5659 illae
598 5584 844 5659 aFausto
901 5586 1178 5657 profectae,
1226 5587 1322 5659 sed
1361 5588 1429 5641 ab
1458 5580 1646 5642 Odone
1674 5580 1907 5659 Glanna-

300 5648 520 5706 foliensi
553 5648 916 5727 interpolatae;
947 5674 1071 5713 cum
1128 5648 1328 5715 saeculo
1354 5673 1501 5714 nono
1533 5673 1730 5714 novam
1755 5658 1906 5712 illius

2018 5442 2151 5497 Vita:
2191 5441 2395 5496 faceret
2438 5438 2765 5503 editionem,
2796 5431 3325 5507 quam‘Sigebertus
3374 5446 3491 5507 pro_
3528 5446 3630 5507 ge-

2016 5514 2187 5568 nuina
2248 5512 2368 5566 Vita
2405 5509 2615 5565 habuit.
2676 5502 2755 5562 lla
2802 5502 2919 5561 rem
2972 5502 3114 5559 ben'e
3153 5502 3392 5575 explicat
3450 5502 3629 5558 V.'D.

2015 5584 2224 5641 Hirsch.
