3870 6060
203 235 275 287 97
1567 197 1570 200 ’
1707 227 2054 285 οιιῆοΝιεΑ.
3470 236 3542 291 98

488 360 550 414 R.
598 361 681 415 19.
761 360 818 414 P.
859 361 948 415 31.

508 447 590 504 W.
632 448 723 503 20.
800 447 865 501 W
931 449 1016 503 17.
1096 448 1156 502 0.
1196 447 1249 503 2.
1332 448 1391 502 Il.
1432 449 1521 503 20.

280 542 370 611 (Η.
398 543 502 609 m.)
532 539 908 594 Theodericus
957 556 1054 595 rex
1083 539 1278 607 Italiae,
1311 538 1448 593 lbba
1497 539 1696 594 comite
1726 555 1827 595 suo

207 640 400 688 contra
427 633 666 686 Francos
697 631 885 698 misso,
930 631 1154 706 triginta
1184 631 1334 686 milia
1383 631 1588 687 occidit
1614 646 1824 697 eorum,

211 722 265 776 in
295 722 596 777 vindictam
638 720 792 776 necis
820 720 1020 775 Alarici
1059 721 1249 792 generi
1282 721 1388 775 sui.

281 814 408 869 512.
478 814 568 866 20.
649 813 736 868 32.
805 812 893 868 28.
973 813 1060 867 33.
1124 813 1216 867 21.
1289 813 1374 868 18.
1439 812 1490 866 3.
1567 813 1656 868 21.
1734 811 1825 868 51.

280 904 465 958 Prima
503 902 749 974 synodus
807 919 838 956 a
869 902 1110 956 Francis‘
1139 902 1300 970 jussu
1350 901 1629 957 Ludowici
1684 901 1830 974 regis

208 992 523 1046 Aurelianis
574 990 762 1045 habita
815 997 914 1058 est,
960 990 1015 1044 in
1079 1006 1188 1060 qua
1239 990 1612 1044 decernuntur
1658 988 1829 1043 multa

207 1083 476 1138 ecclesiae
527 1081 702 1136 utilia.
733 1079 1012 1136 Genovefa
1042 1080 1194 1155 virgo
1249 1079 1571 1134 Parisiensis
1600 1086 1830 1152 octoge-

208 1171 367 1226 naria
399 1171 596 1225 transit
627 1169 694 1224 ad
725 1168 1041 1224 Dominum.

275 1260 401 1314 513.
477 1259 568 1312 21.
638 1257 726 1313 33.
795 1256 882 1312 29.
963 1256 1051 1312 34.
1120 1256 1208 1309 22.
1289 1255 1374 1310 19.
1442 1256 1493 1310 4.
1570 1255 1660 1310 22.
1736 1254 1825 1310 52.

275 1355 352 1419 (ν.
404 1351 559 1419 Am.)
617 1349 852 1402 Sanctus
904 1347 1184 1415 Arnulfus,
1240 1346 1410 1401 sancti
1483 1346 1717 1417 Remigii
1770 1345 1826 1399 in

207 1442 482 1512 baptismo
515 1440 681 1507 titius,
723 1441 779 1494 in
827 1440 996 1493 Gallia
1026 1439 1218 1504 claret,
1249 1440 1342 1511 qui
1377 1446 1498 1509 post
1535 1440 1741 1493 multos
1773 1438 1828 1491 in

209 1532 550 1605 predicando
583 1532 861 1587 Christum
907 1548 1113 1606 agones
1154 1533 1550 1603 martyrizatus,
1588 1531 1644 1585 in
1694 1531 1830 1585 silva

279 363 408 416 511.

1027 360 1064 413 F
1123 353 1212 415 27.
1293 359 1480 415 1..32.
1559 361 1619 412 Α.
1661 358 1751 415 50.
1855 364 1900 430 Α

2001 359 2081 424 (Ρ.
2109 357 2198 427 1).)
2225 356 2505 412 Iohannes
2537 355 2790 411 Romanae
2832 356 3095 412 aecelesiae
3119 359 3246 414 51us
3277 360 3538 430 presidet,

1929 450 2242 505 Wacheone
2293 447 2774 520 Langobardorum
2835 465 2965 522 rege
3047 449 3328 520 defuncto,
3397 452 3542 509 filius

1929 544 2048 612 ejus
2078 544 2378 599 Gualtarith
2408 543 2658 618 regnavit
2695 543 2857 598 annis
2881 546 2935 596 7.

1952 632 2076 687 520,
2154 634 2207 688 3.
2283 633 2372 688 40.
2451 633 2502 686 6.
2583 633 2633 686 1.
2705 631 2801 704 29.
2877 633 2966 687 26.
3046 634 3132 688 11.
3208 633 3345 690 29⁵³.
3421 636 3512 692 59.

2003 722 2081 790 (G.
2117 724 2276 788 r.F.)
2327 721 2732 786 Fhlodomeris,
2765 720 2931 774 frater
2983 721 3216 777 Lotharii
3269 726 3433 799 regis,
3487 736 3543 783 et

1928 811 2124 867 fratres
2163 813 2302 882 ejus,
2352 813 2617 867 instinctu
2659 812 2932 866 Rothildis
2981 814 3170 868 matris
3215 831 3329 870 suae
3358 817 3543 873 insur-

1928 910 2067 974 gunt
2122 903 2176 956 in
2214 902 2628 974 Sigismundum
2669 908 2722 955 et
2776 901 3162 970 Godemarum,
3195 903 3336 959 filios
3392 908 3540 961 Gun-

1930 997 2170 1051 debaudi
2213 998 2379 1072 regis,
2409 998 2476 1052 ad
2528 997 2914 1052 vindicandam
2949 1014 3138 1053 necem
3181 1000 3318 1054 aviae
3344 1017 3458 1056 suae
3489 1012 3544 1056 et

1929 1089 2014 1144 avi
2055 1090 2137 1143 sui
2181 1089 2494 1159 Chilperici.
2547 1090 2603 1142 In
2655 1104 2955 1161 congressu
2988 1090 3374 1164 Sigismundus
3399 1095 3544 1165 capi-

1930 1186 2041 1245 tur,
2090 1179 2424 1233 Goderamus
2476 1177 2603 1250 fuga
2637 1177 2887 1234 elabitur.
2939 1180 3023 1248 (H.
3065 1181 3167 1249 τη.)
3226 1182 3376 1236 Bello
3423 1191 3542 1239 orto

1931 1270 2073 1325 inter
2108 1271 2381 1324 Romanos
2435 1276 2487 1323 et
2526 1270 2738 1334 Persas,
2801 1270 3047 1324 (lhuades
3108 1288 3198 1326 rex
3253 1273 3539 1328 Persarum

1931 1366 2207 1421 Zeliobem
2244 1381 2425 1438 regem
2483 1365 2784 1429 Hunorum,
2841 1366 3154 1420 venientem
3189 1383 3310 1422 cum
3343 1369 3539 1443 viginti

1930 1456 2155 1509 milibus
2221 1454 2467 1509 auxiliari
2532 1455 2637 1508 sibi
2721 1460 2907 1509 contra
2965 1454 3260 1522 Romanos,
3314 1457 3543 1514 inmisso

1930 1548 2171 1602 exercitu
2205 1547 2424 1610 occidit,
2466 1553 2518 1600 et
2561 1553 2731 1600 totum
2766 1561 2920 1616 paene
2949 1547 3068 1615 ejus
3120 1549 3417 1604 exercitum
3450 1551 3543 1606 de-

211 1627 541 1680 PariSiorum
595 1624 855 1695 Aquuina
884 1640 915 1678 3
972 1624 1314 1698 Scariberga.
1359 1624 1594 1698 coniuge
1653 1638 1826 1694 quon'
1850 1663 1905 1732 B
1928 1635 2078 1702 levit,
2107 1641 2424 1705 suspectum
2443 1650 2569 1688 eum
2603 1635 2831 1698 habens,
2861 1636 3010 1706 quod
3033 1637 3292 1708 utrinque
3315 1655 3544 1695 munera

211 1714 336 1767 dam
366 1730 484 1776 sua,
509 1712 811 1767 tumulatus
842 1720 944 1766 est.

279 1804 405 1857 514.
474 1802 564 1858 22.
634 1803 720 1856 34.
791 1800 878 1856 30.
949 1801 1037 1858 33.
1105 1801 1194 1854 23.
1271 1800 1361 1854 20.
1439 1800 1489 1854 5.
1567 1801 1656 1858 23.
1735 1801 1822 1854 53.

282 1897 362 1967 (G.
393 1913 444 1949 'r.
478 1896 554 1964 F.)
606 1894 929 1948 Ludowicus
975 1910 1094 1961 rex,
1142 1909 1312 1965 regno
1365 1893 1694 1948 Francorum
1729 1909 1828 1964 per

211 2000 409 2038 omnes
441 1983 640 2036 Gallias
671 1981 898 2036 dilatato
931 1987 984 2035 et
1026 1981 1270 2053 legitime
1302 1987 1354 2034 et
1377 1980 1602 2051 paeitice
1634 1979 1831 2035 contir-

211 2085 378 2143 mato,
412 2077 659 2132 moritur.
698 2076 988 2130 Lotharius
1027 2075 1174 2130 filius
1212 2077 1352 2144 ejus,
1396 2076 1719 2146 compartito
1747 2093 1829 2130 re-

210 2186 316 2241 gno
357 2186 482 2224 cum
541 2167 801 2222 fratribus
847 2168 962 2221 suis
1015 2167 1372 2234 Theoderico,
1404 2168 1723 2222 Clodomere
1772 2177 1827 2223 et

213 2261 556 2327 llildeberto,
615 2265 806 2334 regnat
832 2260 992 2313 annis
1042 2260 1204 2314 505°.
1261 2260 1514 2314 Sororem
1572 2261 1690 2328 ejus
1724 2261 1828 2315 Ro-

215 2353 442 2407 thildem
475 2349 780 2407 Amalricus
834 2366 926 2405 rex
976 2350 1407 2424 Wisigothorum
1460 2367 1682 2407 uxorem
1725 2352 1830 2406 du-

213 2444 314 2499 xit.

280 2537 411 2592 515.
482 2535 576 2590 23.
652 2536 741 2590 35.
825 2535 869 2589 1.
949 2534 1039 2588 36.
1113 2534 1202 2588 24.
1279 2533 1368 2588 21.
1446 2535 1499 2589 6.
1576 2535 1667 2591 24.
1743 2537 1830 2591 54.

284 2628 371 2695 (G.
408 2644 457 2682 r.
501 2627 582 2696 1³.)
635 2626 747 2681 Rex
778 2624 1111 2697 Burgundiae
1153 2623 1559 2696 Sigismundus,
1590 2627 1683 2698 qui
1715 2631 1838 2683 mo-

211 2718 513 2772 nasterium
550 2715 958 2788 Agaunensium
1008 2721 1409 2782 construxerat,
1465 2715 1637 2770 filium
1667 2734 1826 2772 suum

217 2810 518 2882 Sigericum
559 2808 810 2878 peremit,
861 2806 1009 2862 malo
1058 2822 1310 2862 novercae
1372 2806 1519 2862 illius
1598 2809 1829 2865 consilio

215 2918 362 2956 usus.
416 2902 518 2966 Qui
574 2896 909 2972 competenti
953 2899 1284 2971 paenitentiae
1324 2915 1384 2954 se
1437 2900 1721 2970 addicens,
1780 2910 1836 2958 et

215 2991 550 3062 martyribus
570 2990 990 3064 Agaunensibus
1036 3007 1095 3045 se
1126 2978 1298 3044 totum
1350 2991 1651 3059 devoveas,
1685 2991 1833 3063 quod

217 3085 419 3158 dignus
469 3085 635 3138 fuerit
692 3085 876 3152 venia,
933 3091 1163 3140 testatur
1203 3085 1396 3140 crebra
1451 3093 1573 3154 post
1604 3093 1831 3142 mortem

214 3181 333 3248 ejus
365 3196 464 3251 per
510 3195 632 3234 eum
669 3181 855 3234 multis
908 3196 1167 3235 concessa
1217 3181 1511 3235 sanitatum
1552 3183 1745 3255 gratia,
1781 3191 1834 3237 et

221 3291 326 3344 per
354 3291 480 3329 eum
532 3273 970 3329 febricitantibus
1024 3275 1236 3330 indulta
1262 3277 1488 3333 curatio.
1537 3279 1667 3349 [Hoc
1696 3285 1837 3333 tem-

213 3383 348 3438 pore
385 3367 439 3420 in
480 3367 807 3422 Alexandria
859 3367 1012 3422 multi
1046 3369 1334 3440 utriusque
1372 3386 1534 3424 sexus
1561 3373 1763 3442 arrepti
1804 3389 1835 3427 a

213 3455 476 3523 demone,
503 3462 726 3526 repente
759 3457 914 3528 quasi
943 3472 1110 3512 canes
1138 3457 1409 3512 latrabant
1437 3460 1526 3530 ³1.]

285 3546 410 3601 516.
487 3547 575 3600 24.
655 3547 744 3601 36.
807 3548 860 3602 2.
939 3548 1033 3601 37.
1109 3547 1200 3602 25.
1277 3548 1368 3601 25.
1442 3549 1497 3603 7.
1574 3549 1664 3604 25.
1741 3549 1830 3604 25.

286 3640 476 3710 (Gneo.
537 3641 692 3708 Tun.)
748 3640 1118 3695 Theodericus
1165 3657 1278 3708 rex,
1339 3641 1506 3696 frater
1571 3643 1833 3709 Lotharii,

215 3732 643 3788 Chlochilaieum
697 3749 883 3807 regem
949 3734 1221 3790 Danorum
1276 3734 1476 3789 Gallias
1533 3743 1834 3791 vastantem

211 3832 461 3892 perimit.

284 3911 408 3967 517.
489 3911 580 3966 25.
656 3911 746 3966 37.
821 3911 854 3967 3
948 3912 1017 3967 38
1113 3913 1203 3968 26.
1279 3912 1368 3969 23.
1447 3915 1500 3968 8.
1577 3914 1668 3969 26.
1747 3915 1832 3970 56.

285 4002 498 4071 (ΒευΑ.)
531 4001 848 4056 Anastasius
890 4003 1188 4072 imperator
1233 4002 1465 4058 fulmine
1510 4021 1541 4058 a
1571 4005 1682 4059 Deo
1715 4021 1835 4075 per-

213 4112 412 4152 cussus
444 4097 627 4166 periit,
663 4104 785 4166 post
835 4112 998 4168 quem
1038 4098 1290 4152 Justinus
1348 4099 1534 4152 senior
1573 4100 1735 4154 annis
1769 4101 1824 4154 11

214 4186 467 4260 regnavit
516 4185 739 4239 Boetius
771 4187 1058 4241 annitente
1079 4187 1186 4240 sibi
1215 4187 1549 4254 Simmacho,
1583 4204 1704 4242 cum
1734 4205 1834 4242 au-

213 4274 524 4328 ctoritatem
557 4273 784 4327 Romani
827 4283 1050 4328 senatus
1078 4281 1267 4330 contra
1316 4275 1714 4331 Theodericum
1749 4294 1835 4331 re-

1927 1725 2224 1795 acceperit,
2287 1732 2342 1778 et
2371 1740 2402 1777 a
2431 1739 2489 1777 se
2545 1729 2734 1778 contra
2773 1723 3067 1793 Romanos,
3110 1731 3162 1778 et
3201 1741 3232 1778 a
3287 1726 3546 1780 Romanis

1928 1823 2119 1869 contra
2150 1828 2224 1867 se.
2261 1812 2473 1866 Abhinc
2521 1827 2749 1885 regnum
2811 1813 3088 1867 Hunorum
3132 1821 3398 1881 annotare
3428 1832 3547 1870 ces-

1929 1903 2085 1969 sabo,
2117 1904 2245 1975 quia
2275 1919 2470 1958 omnes
2498 1903 2680 1975 gentis
2711 1903 2858 1957 illius
2888 1920 3044 1975 reges
3076 1905 3324 1975 Kaganos
3381 1923 3545 1962 voca-

1932 2003 2016 2050 tos
2066 1996 2212 2068 lego,
2247 2002 2299 2051 et
2328 1995 2529 2049 nullam
2565 1994 2943 2066 distinguendi
2975 1997 3362 2066 proprietatem
3392 1998 3548 2054 inve-

1934 2085 2044 2140 nio.
2079 2085 2198 2155 (Ib.)
2227 2083 2632 2138 Trasamundus
2661 2098 2753 2136 rex
2784 2083 3177 2138 Wandalorum
3213 2085 3542 2141 llildericum

1929 2182 2100 2236 filium
2128 2197 2286 2235 suum
2341 2198 2404 2235 ex
2437 2181 2700 2246 Eudoxia,
2762 2179 2873 2234 ﬁlia
2906 2180 3268 2234 Valentiniani
3305 2181 3545 2252 impera-

1929 2270 2063 2326 toris
2086 2287 2119 2324 a
2149 2270 2443 2324 Genserico
2467 2269 2759 2340 eaptivata,
2793 2269 3046 2341 astringit
3075 2277 3441 2336 sacramento,
3475 2287 3546 2323 ne

1932 2364 2218 2420 catholicis
2249 2364 2302 2417 in
2335 2379 2504 2437 regno
2527 2378 2628 2417 suo
2656 2363 2998 2428 consuleret;
3032 2363 3124 2434 qui
3186 2371 3338 2433 patre
3404 2379 3550 2418 mor-

1934 2462 2050 2521 tuo,
2083 2460 2374 2523 antequam
2403 2467 2632 2524 regnum
2665 2451 2991 2521 susciperet,
3033 2466 3228 2506 omnes
3255 2452 3553 2507 catholicos

1937 2545 2005 2600 ab
2044 2544 2221 2599 exiliis
2244 2542 2406 2612 jussit
2436 2542 2704 2607 revocari,
2740 2549 2794 2596 et
2823 2541 3102 2612 episcopis
3158 2543 3438 2597 aecelesias
3468 2558 3557 2597 re-

1939 2637 2180 2694 formari.
2228 2635 2428 2707 Sicque
2495 2644 2754 2705 suscepto
2832 2649 3027 2708 regno,
3088 2636 3336 2707 regnavit
3397 2637 3557 2690 annis

1931 2738 2055 2790 octo
2095 2728 2328 2784 evolutis
2395 2728 2743 2801 septuaginta
2800 2734 3035 2798 quatuor
3088 2728 3272 2796 annis,
3327 2745 3391 2782 ex
3443 2745 3553 2800 quo

1932 2820 2262 2878 Gensericus
2285 2835 2420 2875 avus
2457 2820 2579 2888 ejus
2617 2826 2815 2874 statum
2853 2820 3119 2874 tecelesiae
3141 2820 3194 2874 in
3226 2821 3400 2876 Africa
3428 2837 3557 2893 pro-

1935 2911 2162 2968 fanavit.

2005 3000 2130 3054 521.
2209 2998 2262 3053 4.
2338 2999 2427 3052 41.
2505 2998 2558 3050 7.
2635 2997 2689 3051 2.
2766 2996 2854 3051 30.
2936 2999 2956 3050 1
3061 2997 3150 3053 42.
3228 2999 3298 3052 30

2007 3091 2127 3162 (1b.)
2188 3089 2407 3144 Chuade
2467 3089 2752 3143 Persarum
2822 3105 2949 3161 rege
3007 3097 3247 3157 mortuo,
3307 3088 3558 3146 Kabades

1938 3195 2060 3258 post
2104 3200 2228 3240 eum
2265 3182 2515 3256 regnavit
2550 3182 2710 3236 annis
2745 3183 2826 3236 16.
2891 3181 3269 3238 Chlodomeris
3319 3200 3434 3247 rex,
3470 3185 3553 3239 Si-

1936 3275 2230 3352 gismundo
2255 3289 2386 3348 rege
2412 3290 2537 3328 cum
2566 3289 2736 3328 uxore
2767 3281 2822 3328 et
2853 3273 2984 3327 ﬁliis
3011 3280 3321 3345 perempto,
3358 3275 3556 3330 iterum

1935 3380 2234 3439 congressu
2268 3362 2419 3418 fratri
2475 3362 2597 3430 ejus
2643 3362 2970 3426 Godemaro,
3031 3363 3318 3433 perimitur
3357 3363 3424 3417 ab
3467 3380 3553 3419 eo.

1938 3453 2161 3509 Boetius
2192 3453 2358 3522 longo
2380 3450 2549 3506 exilio
2585 3450 2865 3523 fatigatus,
2914 3468 2946 3505 a
2974 3451 3315 3507 Theoderico
3343 3452 3556 3507 Gotho-

1935 3561 2058 3599 rum
2090 3559 2220 3616 rege
2255 3542 2566 3612 perimitur.

2006 3633 2134 3689 522.
2209 3631 2261 3686 5.
2345 3632 2391 3684 1.
2470 3629 2523 3685 8.
2601 3628 2656 3684 3.
2733 3630 2821 3683 31.
2899 3630 2953 3683 2.
3035 3629 3118 3684 13.
3197 3629 3288 3685 31.

2012 3723 2152 3792 (Vita
2207 3720 2264 3775 S.
2325 3718 2519 3787 Maur.)
2567 3717 2632 3772 Ut
2678 3716 2867 3772 scribit
2920 3717 3174 3784 Faustus,
3223 3719 3324 3773 hac
3375 3726 3558 3785 aetate,

1937 3815 2147 3872 scilicet
2175 3823 2424 3886 tempore
2478 3813 2679 3868 Iustini
2737 3812 2972 3868 senioris
2999 3819 3053 3867 et
3084 3813 3342 3868 Hilderici
3400 3813 3560 3870 Wan-

1937 3911 2185 3966 dalorum
2220 3909 2388 3984 regis,
2438 3924 2629 3963 revera
2680 3907 2870 3963 ﬂoruit
2925 3916 3153 3962 sanctus
3209 3907 3561 3962 Benedictus.

1938 4003 2044 4057 Sed
2094 4018 2198 4057 nec
2229 4002 2298 4056 de
2325 4000 2460 4068 vita,
2506 4016 2606 4056 nec
2637 4000 2706 4054 de
2735 4006 2911 4056 morte
2944 4000 3064 4069 ejus
3105 3999 3240 4054 ratio
3290 3997 3558 4070 procedit.

1935 4094 2238 4150 secundum
2294 4093 2508 4163 eyclum
2568 4092 2798 4148 Dionisii
2857 4093 3022 4159 (164).
3077 4090 3159 4162 (Η.
3212 4093 3311 4159 m.)
3367 4092 3563 4146 Zathus

1936 4204 2031 4243 rex
2052 4187 2311 4241 Lazorum
2345 4183 2818 4254 Constantinopoli
2852 4183 3188 4254 baptizatur,
3213 4190 3312 4238 eta
3345 4180 3587 4238 Justino'

1941 4279 2275 4348 imperatore
2341 4282 2632 4346 susceptus
2686 4281 3007 4329 muneratur
3079 4274 3144 4328 ⁵³.
3216 4273 3562 4330 Simmachus

214 4377 341 4434 gem
391 4361 558 4417 Italia:
588 4363 728 4417 tueri
769 4363 982 4429 nititur,
1011 4364 1079 4418 ab
1127 4363 1259 4433 ipso-
1279 4363 1532 4418 exiliatur
1560 4364 1746 4434 ibique
1772 4365 1839 4419 11·-
1859 4337 1915 4406 D
1942 4337 2202 4421 exeonsul
2235 4381 2264 4418 a
2293 4337 2633 4419 Theoderico
2665 4379 2795 4435 rege
2828 4362 2994 4416 Italiae
3025 4361 3338 4432 perimitur.

215 4453 377 4508 brum
407 4454 477 4509 de
504 4455 889 4509 consolatione
924 4454 1289 4524 philosophiae
1322 4454 1513 4509 edidit.

287 4545 413 4599 518.
495 4545 543 4599 1.
630 4545 718 4599 38.
807 4545 857 4598 4.
935 4545 1022 4600 39.
1115 4545 1202 4600 27.
1281 4546 1371 4599 24.
1449 4546 1502 4600 9.
1578 4547 1669 4601 27.
1747 4547 1834 4601 57.

289 4633 375 4700 (G.
431 4650 480 4687 r.
544 4633 625 4703 Ρ.)
665 4633 1041 4688 Theodericus
1071 4650 1184 4698 rex,
1235 4633 1405 4688 frater
1461 4633 1722 4698 Lotbarii,
1769 4634 1837 4689 ab

219 4720 569 4776 Ermenfrido
599 4738 726 4795 rege
755 4721 1186 4796 Thuringorum,
1215 4723 1282 4775 ad
1318 4721 1700 4791 perimendum
1731 4723 1841 4777 fra-

218 4818 363 4866 trem
421 4812 572 4867 illius
615 4812 962 4879 Baderieum,
1023 4813 1278 4884 pactione
1319 4813 1631 4868 medietatis
1682 4815 1837 4887 regni

220 4902 372 4956 illius
404 4903 690 4969 invitatus,
751 4905 1070 4974 Bapericum
1133 4920 1316 4977 regem
1376 4905 1620 4976 perimit.
1656 4905 1838 4977 (ΜΑΒ.)

216 4995 382 5068 Virgo
412 4997 508 5051 Dei
537 4997 756 5070 Brigida
787 4998 971 5052 Seotta
1002 4998 1136 5053 obiit
1168 4999 1221 5052 in
1254 4999 1476 5054 Scottia.

216 5087 345 5144 669.
421 5090 474 5142 2.
571 5090 657 5143 39.
740 5091 792 5144 5.
890 5089 980 5146 40.
1055 5091 1141 5145 28.
1237 5091 1326 5146 25.
1410 5090 1492 5147 10.
1576 5092 1667 5146 23.
1746 5092 1835 5147 58.

2011 4453 2136 4507 523.
2212 4452 2267 4506 6.
2343 4451 2398 4506 2.
2475 4449 2530 4505 9.
2605 4451 2657 4506 4.
2737 4451 2827 4503 32.
2903 4449 2955 4504 3.
3037 4450 3120 4503 14.
3199 4447 3269 4503 32

2012 4542 2219 4611 (ΒευΑ.)
2255 4540 2503 4594 Justinus
2580 4538 2838 4592 Arrianos
2919 4537 3124 4607 ubique
3205 4537 3560 4592 exterminari

1939 4631 2124 4686 edicit.
2154 4629 2233 4683 Ad
2263 4629 2412 4699 quod
2431 4627 2672 4682 edictum
2701 4625 3076 4680 dedieendum
3101 4625 3384 4682 Iohannes
3415 4644 3559 4699 papa

1939 4741 1970 4778 a
2027 4739 2158 4797 rege
2203 4723 2369 4778 Italiae
2426 4720 2765 4776 Theoderico
2819 4720 3048 4776 Arriano
3101 4727 3155 4777 et
3208 4715 3560 4778 Arrianorum

1940 4813 2231 4869 defensore
2313 4809 2843 4880 Constantinopolim
2909 4810 3109 4866 missus
3163 4819 3292 4866 ante
3354 4817 3562 4882 portam

1940 4904 2090 4960 urbis
2135 4918 2342 4958 caecum
2377 4899 2738 4965 illuminavit;
2783 4908 2838 4956 et
2893 4917 3121 4972 compos
3152 4901 3436 4972 petitionis
3495 4901 3562 4955 ad

1937 4999 2340 5056 Theodericum
2393 5012 2696 5071 regressus,
2731 4995 3004 5051 Ravenna:
3039 4997 3107 5050 ab
3154 5010 3221 5050 eo
3256 4995 3311 5048 in
3345 5011 3564 5050 carcere

1941 5088 2307 5153 excruciatus,
2377 5083 2520 5139 fame
2566 5085 2790 5140 defecit.
2841 5085 2932 5155 (Η.
2991 5088 3092 5152 Δ1η.)
3148 5083 3275 5140 Post
3319 5083 3438 5136 dies
3494 5082 3562 5138 90

1557 5247 1776 5304 VARle
1829 5244 2209 5303 LECTIONES.

289 5377 336 5411 ⁵ο
366 5376 424 5431 LI
457 5378 654 5432 habent
692 5381 732 5433 1.
765 5393 794 5434 e
820 5393 960 5434 corr.
997 5383 1057 5431 ut
1081 5377 1312 5443 videtur,
1342 5383 1392 5431 et
1423 5376 1479 5431 A.
1532 5379 1735 5447 Reliqui
1785 5393 1966 5433 omnes
2021 5375 2074 5430 L.
2161 5373 2201 5406 ⁵¹
2236 5372 2361 5435 add,
2415 5371 2490 5435 1.,
2522 5372 2637 5426 rell.
2671 5375 2872 5425 Desunt
2898 5369 2956 5422 A.
3014 5367 3058 5400 ⁵³
3080 5365 3283 5420 XXVIII
3345 5373 3395 5420 et
3451 5381 3552 5436 per

211 5464 370 5517 porro
405 5450 454 5502 1.
488 5449 532 5484 ⁵³
564 5449 763 5504 Zathus
794 5480 860 5490 —
889 5455 1209 5504 muneratur
1244 5449 1437 5503 desunt
1459 5451 1498 5502 A

1785 5547 1995 5603 NOTAE.

288 5621 442 5689 (164)
467 5620 544 5676 Cf.
589 5621 657 5676 ad
696 5636 903 5679 annum
929 5622 1056 5678 509.
