3868 6064
315 249 385 308 99
1517 235 1867 297 SIGEBERTI
1907 237 2420 297 GEMBLACENSIS.

317 366 692 424 Theodericus
715 363 898 419 subito
927 362 1239 425 defunctus,
1271 377 1299 416 a
1326 360 1566 432 quodam
1605 368 1796 416 sancto
1833 360 1934 414 he-
1962 365 2006 430 Α
2105 361 2228 416 528.
2308 363 2361 415 1.
2437 363 2491 414 7.

314 460 510 515 remita
541 457 691 514 visus
738 463 821 510 est
865 455 1048 510 nudus
1087 463 1143 509 et
1203 453 1570 508 discalceatus
1600 468 1630 505 a
1679 451 1931 506 Johanne

315 568 456 624 papa
504 556 557 605 et
588 549 862 602 Simmaco
917 545 1148 618 patricio
1181 545 1236 599 in
1268 544 1376 599 olla
1409 542 1638 599 Vulcani
1689 557 1811 596 esse
1833 541 1927 596 de-

314 651 515 697 trusus.
559 639 916 705 Athalaricus,
969 637 1293 694 Theoderici
1329 652 1394 690 ex
1447 635 1561 689 filia
1621 649 1816 704 nepos,
1873 633 1928 686 in

314 743 484 801 regno
522 727 688 783 Italiae
737 734 791 782 et
843 727 1291 800 Ostrogothorum
1347 724 1677 786 succedens,
1735 725 1929 794 regnat

313 820 476 876 annis
503 819 557 876 8.
593 818 768 890 (ΜΑΒ.)
799 819 943 874 Felix
977 818 1234 872 Romana)
1259 814 1522 870 aecclesiae
1565 814 1694 868 49us
1723 813 1767 848 5‘
1799 827 1927 882 pre-

312 909 476 964 sidet.
513 907 609 963 Hic
639 906 882 980 Gregorii
913 920 1068 980 papae
1096 914 1286 959 atavus
1315 902 1434 957 fuit.

434 1001 559 1055 524.
639 999 702 1054 Β.
743 1000 795 1052 7.
875 998 932 1052 Ρ.
975 998 1029 1051 3.
1107 993 1160 1050 F.
1205 996 1291 1051 10.
1369 994 1427 1049 L.
1467 995 1520 1049 5.
1600 992 1688 1047 33.
1732 992 1792 1048 A.

761 1090 846 1147 W.
889 1091 942 1144 4.
1020 1089 1103 1144 W.
1153 1089 1240 1144 15.
1318 1088 1379 1143 0.
1430 1091 1472 1142 1.

383 1184 571 1255 (Gneo.
621 1183 774 1249 Tum,
822 1199 900 1244 tu,
937 1182 1010 1247 7.)
1063 1180 1440 1236 Theodericus
1488 1195 1582 1233 rex
1631 1193 1928 1249 reposcens

311 1275 380 1328 ab
409 1273 750 1329 Ermenfrido
811 1289 938 1348 rege
995 1280 1238 1343 pactum,
1273 1287 1396 1326 cum
1453 1270 1620 1324 fratre
1669 1268 1926 1325 Lothario

313 1367 550 1440 insurgit
580 1367 634 1420 in
666 1382 829 1430 eum;
891 1379 1071 1434 eoque
1106 1371 1226 1434 post
1271 1363 1496 1417 nimiam
1526 1377 1748 1416 suorum
1784 1369 1928 1416 stra-

312 1473 436 1529 gem
461 1457 528 1510 de
556 1455 702 1510 bello
723 1454 909 1526 fugato
934 1461 988 1508 et
1016 1469 1125 1508 non
1155 1453 1324 1508 multo
1349 1460 1472 1524 post
1499 1459 1735 1518 mortuo,
1756 1458 1922 1507 totam

310 1545 667 1619 Thuringiam
694 1544 801 1598 sibi
829 1543 1094 1598 subdunt.
1127 1543 1457 1613 Captivatam
1493 1542 1635 1597 inter
1651 1541 1789 1597 alios
1810 1541 1923 1596 Ra—

311 1636 648 1710 degundem,
672 1635 837 1689 ﬁliam
863 1635 1126 1690 Bertharii
1154 1634 1484 1709 regisolima
1515 1634 1679 1688 fratre
1701 1634 1923 1688 Ermen—

312 1729 452 1784 frido
467 1729 733 1798 perempti
747 1772 758 1796 ,
772 1728 1056 1782 Lotharius
1071 1743 1163 1782 rex
1178 1743 1278 1783 suo
1291 1727 1524 1782 sociavit
1545 1727 1917 1782 matrimonio.

379 1817 505 1873 525.
581 1817 634 1871 8.
713 1818 760 1871 1..
846 1818 931 1872 11.
1009 1817 1062 1874 6.
1141 1818 1210 1871 31
1309 1818 1360 1872 5.
1447 1819 1531 1872 16.
1609 1816 1663 1871 2.

380 1907 467 1975 (G.
499 1923 546 1960 r.
580 1908 657 1974 F.)
708 1905 1010 1960 Amalrieus
1042 1921 1133 1959 rex
1168 1904 1600 1978 Wisigotharum
1633 1918 1755 1960 cum
1787 1917 1922 1956 uxo-

313 2011 428 2050 rem
459 2010 613 2049 suam
665 1993 979 2048 Rothildem
1035 1993 1262 2066 indigne
1322 1999 1601 2057 tractaret,
1661 2007 1727 2048 eo
1777 1989 1925 2061 quod

309 2087 552 2142 Arrianae
603 2092 765 2141 secta:
795 2102 980 2140 secum
1015 2085 1280 2140 inservire
1331 2084 1520 2150 nollet,
1555 2083 1843 2154 perimitur
1867 2082 1924 2135 in

312 2179 569 2250 Hispania
648 2195 678 2232 a
731 2178 896 2232 fratre
979 2177 1248 2232 Rothildis
1325 2176 1697 2231 Childeberto.
1758 2175 1924 2245 (1311).)

305 2271 529 2325 'l'heuda
559 2270 810 2345 regnavit
841 2279 964 2341 post
991 2286 1117 2324 eum
1150 2269 1314 2324 annis
1348 2270 1431 2323 17.

380 2361 504 2417 526.
583 2360 636 2416 9.
712 2363 766 2418 5.
849 2362 932 2415 12.
1012 2362 1066 2415 7.
1146 2360 1232 2416 35.
1310 2360 1362 2416 6.
1444 2360 1500 2416 1.
1573 2360 1626 2416 3.

377 2455 461 2526 (G.
515 2472 564 2510 r.
599 2453 678 2520 Ρ.)
729 2455 1015 2510 Lotharius
1065 2470 1160 2510 rex
1195 2470 1318 2509 cum
1361 2453 1527 2509 fratre
1577 2451 1928 2507 Childeberto

308 2543 748 2618 Augustidunum
800 2543 1136 2616 Burgundiaa
1175 2542 1449 2597 civitatem
1481 2542 1765 2604 obsidens,
1800 2557 1931 2596 cun-

306 2641 446 2687 ctam
475 2629 663 2705 fugato
690 2630 994 2685 Godemaro
1039 2631 1407 2702 Burgundiam
1439 2639 1690 2700 occupat.
1723 2629 1801 2699 (P.
1839 2629 1928 2700 D.)

308 2723 609 2779 Gualtarith
667 2720 1151 2794 Langobardorum
1210 2737 1338 2795 rege
1390 2729 1626 2782 mortuo,
1677 2719 1928 2775 Audohin

305 2814 397 2868 91η
437 2817 627 2887 regnat
676 2809 837 2865 annis
875 2810 934 2863 l5
989 2810 1053 2864 ⁵⁵.
1088 2809 1223 2864 Man.
1281 2809 1681 2880 Acephalorum
1716 2809 1930 2864 heresis

305 2906 610 2972 abdicatur,
645 2905 738 2976 qui
773 2904 964 2960 dicunt
1021 2903 1246 2958 Paulum
1276 2904 1591 2974 apostolum
1633 2903 1687 2958 in
1717 2903 1924 2974 episto-

305 2999 374 3052 lis
402 2999 516 3052 suis
555 2995 871 3067 precepisse
922 2994 1156 3050 feminas
1213 2997 1475 3051 diaconas
1526 2996 1730 3050 debere
1778 2994 1916 3061 ﬁeri,

305 3088 434 3159 quia
490 3103 584 3143 eas
614 3094 1013 3142 commemorat
1060 3093 1185 3158 post
1233 3087 1522 3152 diaconos;
1579 3093 1635 3141 et
1664 3087 1921 3143 dicuntur

305 3179 555 3251 acephali
604 3179 726 3235 sine
756 3180 955 3249 capite,
1009 3179 1139 3251 quia
1167 3186 1358 3234 auctor
1398 3179 1562 3248 hujus
1587 3179 1790 3235 erroris
1820 3197 1923 3236 ne-

303 3272 487 3327 scitur.
522 3271 613 3341 (H.
645 3272 741 3340 m.)
776 3270 1030 3326 Kobades
1051 3286 1143 3325 rex
1175 3271 1488 3338 Persarum,
1523 3272 1717 3327 dolens
1747 3272 1920 3328 filium

304 3381 463 3421 suum
528 3365 891 3420 Phatsuarsan
924 3365 979 3420 in
1023 3365 1430 3422 Manicheorum
1489 3373 1694 3421 sectam
1754 3367 1923 3422 indu-

302 3461 472 3522 ctum,
521 3454 781 3511 omnibus
827 3455 1128 3512 Manicheis
1181 3457 1338 3528 quasi
1377 3472 1409 3510 a
1459 3473 1519 3512 se
1566 3456 1927 3512 munerandis

303 3543 512 3598 coactis
554 3543 608 3598 in
642 3559 836 3610 unum,
899 3544 1142 3600 immisso
1203 3545 1445 3601 exercitu
1498 3545 1703 3602 occidit
1753 3545 1927 3602 multa

303 3638 454 3693 milia
481 3654 692 3700 eorum,
737 3639 815 3709 (P.
851 3639 889 3694 D
919 3637 933 3709 )
966 3639 1110 3694 Inter
1139 3639 1564 3697 Thurismodum
1598 3657 1781 3717 regem
1824 3643 1926 3698 Ge-

303 3725 554 3797 pidarum
583 3737 638 3781 et
665 3727 918 3782 Audohin
943 3744 1128 3800 regem
1155 3728 1634 3801 Langobardorum
1668 3738 1922 3786 conserto

306 3814 498 3884 prelio,
532 3815 730 3868 Albuin
792 3814 936 3868 filius
965 3815 1240 3868 Audohini
1285 3815 1715 3870 Thurinsindum
1749 3816 1920 3871 filium

303 3901 652 3958 Thurismodi
687 3901 980 3974 extinguit,
1002 3909 1056 3956 et
1085 3902 1315 3958 victoria
1344 3903 1716 3976 Langobardis
1753 3906 1919 3962 cedit.

304 3993 699 4049 Thurismodus
742 4007 1055 4062 preponens
1083 3992 1247 4048 fidem
1293 3994 1387 4048 ira:
1427 4003 1480 4050 et
1505 3995 1703 4060 dolori,
1737 3997 1918 4052 eidem

305 4085 541 4140 Albuino
585 4091 774 4155 postea
804 4083 872 4138 ad
911 4100 970 4139 se
1015 4084 1118 4139 sub
1159 4085 1266 4140 fide
1304 4084 1546 4142 venienti
1585 4087 1740 4142 dedit
1769 4104 1920 4144 arma

304 4174 402 4228 filii
443 4175 527 4228 sui
555 4172 957 4228 Thurisindiab
989 4189 1055 4229 eo
1087 4175 1380 4246 perempti.

372 4263 496 4316 527.
581 4264 663 4318 10.
741 4262 792 4316 6.
883 4262 956 4316 13.
1042 4267 1090 4317 1.
1168 4263 1256 4318 36.
1336 4265 1386 4318 7.
1464 4265 1516 4319 2.
1593 4265 1649 4320 4.

372 4353 460 4422 (G.
520 4351 704 4422 pom.)
767 4350 1093 4407 Bonefaeius
1169 4352 1426 4408 Romana:
1483 4354 1746 4410 aacclesize
1789 4357 1917 4410 52m:

3481 247 3649 302 '100

2578 363 2637 416 14
2731 361 2784 416 2.
2863 360 2954 418 37.
3029 365 3082 419 8.
3189 366 3242 420 3.
3317 368 3371 422 5.

2105 455 2249 520 (Ann
2319 455 2514 524 Leod.,)
2561 454 2792 510 MARIAN.
2851 455 3210 512 Cassiodorus
3241 465 3480 527 senator,
3524 467 3649 530 post

2030 544 2356 608 monachus,
2410 544 2603 599 Arator
2658 551 2841 615 poeta,
2882 546 3195 602 Priscianus
3232 550 3641 622 grammaticus,

2031 637 2212 694 Victor
2261 639 2548 709 Capuanus
2602 638 2920 711 episcopus,
2977 642 3070 712 qui
3121 643 3305 713 cyclos
3363 645 3644 714 paschales

2029 735 2282 789 scribens
2328 735 2548 790 Victorii
2610 751 2825 791 errores
2853 737 3147 812 redarguit.
3188 738 3482 811 Gregorius
3515 739 3640 794 Lin-

2027 824 2310 898 gonensis,
2363 825 2606 879 Nicetius
2667 825 3032 894 Treverensis,
3102 829 3443 884 Domitianus
3494 829 3641 883 Tun-

2025 917 2244 988 grensis
2294 917 2511 974 ﬂorent.
2549 918 2789 989 (Paose,
2857 922 3001 991 app.)
3041 919 3310 993 Gylemer,
3361 923 3640 994 perimcns

2027 1007 2359 1063 Hildericum
2413 1027 2620 1084 regem,
2661 1010 2822 1065 annis
2847 1013 2880 1065 4
2932 1020 3125 1086 regnat
3169 1020 3290 1084 post
3319 1030 3444 1069 eum
3475 1030 3642 1086 super

2026 1096 2356 1164 Wandalos;
2389 1102 2482 1170 qui
2517 1107 2676 1156 tantae
2698 1099 3038 1156 crudelitatis
3068 1101 3190 1170 fuit,
3215 1109 3275 1158 ut
3303 1119 3408 1159 nec
3439 1119 3642 1175 paren-

2029 1187 2177 1243 tibus
2204 1199 2473 1260 parceret.

2098 1278 2222 1334 529.
2299 1280 2334 1333 2
2431 1280 2484 1334 8.
2561 1280 2648 1335 15.
2727 1281 2760 1338 3
2859 1281 2946 1337 38.
3029 1283 3075 1337 1.
3153 1284 3206 1337 4.
3285 1284 3337 1339 6.

2100 1372 2259 1426 Bern.
2306 1372 2512 1443 Corpus
2541 1373 2764 1429 Antonii
2803 1374 3058 1429 monachi
3091 1375 3277 1431 divina
3308 1376 3643 1433 revelatione

2028 1461 2309 1516 inventum
2339 1469 2394 1517 et
2423 1462 2801 1518 Alexandriam
2834 1471 2917 1519 est
2947 1464 3211 1520 delatum.

2095 1569 2220 1627 530.
2297 1571 2350 1627 3.
2426 1573 2478 1627 9.
2557 1572 2644 1626 16.
2721 1573 2775 1629 4.
2850 1574 2938 1628 39.
3015 1575 3068 1629 2.
3146 1577 3199 1630 5.
3280 1575 3331 1630 7.

2095 1665 2202 1733 (G..
2230 1669 2399 1739 pont.)
2429 1668 2711 1724 Johannes
2751 1668 3008 1726 Romana:
3056 1671 3320 1726 aecclesiae
3352 1672 3481 1728 53M
3509 1690 3638 1744 pre-

2021 1758 2167 1814 sidet
2217 1761 2281 1813 53.
2339 1760 2528 1816 Franci
2606 1770 2932 1835 extorquent
2987 1765 3057 1818 de
3109 1783 3276 1820 manu
3330 1767 3630 1831 Allialirici,

2024 1854 2287 1925 quicquid
2339 1855 2631 1911 Galliarum
2663 1874 2796 1912 avus
2835 1859 2954 1926 ejus
2994 1861 3362 1916 Theodericus
3402 1878 3495 1916 rex
3527 1863 3638 1914 [ta-

2024 1941 2110 1997 liae
2159 1953 2426 1999 tenuerat.
2467 1946 2631 2015 (Vror.
2665 1946 2798 2016 Vrr.)
2835 1949 2893 2001 ln
2949 1948 3128 2026 Africa
3177 1950 3399 2022 quidam
3449 1950 3644 2005 ortho-

2026 2034 2151 2090 doxi
2192 2037 2459 2107 episc0pi,
2494 2038 2697 2112 linguis
2725 2039 2832 2101 sibi
2863 2041 3058 2095 excisis
3090 2042 3350 2097 radicitus
3386 2059 3418 2098 a
3472 2042 3642 2098 Wan-

2026 2128 2186 2194 dalis,
2238 2130 2588 2200 postmodum
2617 2131 2759 2185 clare
2800 2131 3078 2204 loquendo
3127 2135 3312 2189 multis
3371 2135 3638 2189 miraculo

2028 2220 2208 2285 fuere;
2259 2221 2409 2291 quod
2460 2221 2782 2276 miraculum
2839 2240 2984 2278 unus
3014 2241 3204 2280 eorum
3237 2225 3408 2293 auxit,
3458 2226 3641 2298 quiin

2027 2310 2325 2365 elationem
2365 2311 2410 2346 59
2466 2327 2678 2380 versus,
2727 2313 2906 2368 statim
2969 2315 3212 2386 privatus
3249 2315 3437 2371 divino
3491 2315 3642 2370 dono

2029 2399 2322 2454 obmutuit.

2099 2508 2226 2563 531.
2302 2511 2356 2564 4.
2437 2510 2520 2566 10.
2603 2511 2687 2568 17.
2764 2511 2817 2566 ἕ.
2900 2512 2984 2566 40.
3064 2512 3118 2566 3.
3195 2515 3228 2567 6
3326 2515 3380 2568 8.

2103 2599 2299 2668 (Jonn.)
2338 2599 2666 2667 Athalarico,
2709 2615 2838 2674 rege
2893 2600 3062 2656 Italiae
3103 2612 3158 2656 et
3194 2602 3644 2675 Ostrogothorum

2031 2698 2266 2758 mortuo,
2296 2693 2650 2747 Amalsuinda
2691 2700 2868 2748 mater
2917 2694 3037 2764 ejus
3072 2695 3428 2760 Thcodatum,
3471 2697 3646 2751 Theo-

2031 2784 2202 2839 derici
2233 2785 2404 2855 patris
2433 2786 2519 2840 sui
2548 2802 2613 2840 ex
2663 2801 2852 2842 sorore
2902 2793 3183 2858 nepotem,
3215 2788 3437 2842 asciscit
3459 2805 3647 2845 secum

2031 2874 2084 2929 in
2150 2890 2381 2948 regnum
2452 2875 2610 2941 (G.r.
2647 2877 2730 2945 F.)
2778 2877 3144 2932 Cblodoaldus
3209 2876 3354 2931 filius
3409 2878 3647 2936 Chlodo-

2029 2970 2196 3026 meris
2244 2971 2408 3043 regis,
2455 2970 2720 3027 fratribus
2750 2972 2864 3027 suis
2890 2972 3058 3043 impie
3089 2989 3120 3027 a
3152 2979 3346 3044 patruo
3405 2990 3506 3030 suo
3537 2976 3642 3032 Lo-

1949 3053 1997 3121 C
2022 3063 2198 3118 thario
2231 3063 2362 3118 olim
2387 3063 2662 3125 extinctis,
2696 3065 3026 3119 mundanam
3063 3065 3406 3121 nobilitatem
3451 3073 3635 3123 trans-

2023 3154 2206 3209 ferens
2253 3156 2322 3210 ad
2355 3155 2697 3228 nobilitatem
2729 3156 2931 3212 divinae
2977 3157 3272 3225 servitutis,
3308 3158 3362 3212 in
3395 3161 3635 3216 clericali

2020 3247 2192 3318 gradu
2254 3247 2527 3317 preminet
2582 3249 2833 3318 exemplo
2894 3249 3216 3305 sanctitatis.
3257 3251 3317 3319 (V
3367 3253 3638 3321 νεά.)νο-

2022 3337 2209 3392 dastus
2239 3337 2447 3407 primus
2486 3338 2924 3394 Atrabatensium
2973 3341 3266 3412 episcopus
3292 3343 3581 3400 ordinatur
3607 3360 3638 3398 a

2027 3437 2217 3485 sancto
2249 3429 2520 3504 Remigio.

2095 3541 2221 3600 532.
2298 3543 2350 3600 5.
2433 3544 2515 3598 11.
2600 3543 2681 3599 18.
2758 3543 2812 3599 6.
2888 3545 2922 3599 4
3019 3545 3073 3600 7.
3158 3549 3206 3602 1.
3282 3547 3373 3602 41.

2097 3633 2197 3703 (Cf.
2243 3633 2431 3705 Bsna.)
2477 3633 2616 3688 MAR.
2673 3634 2804 3704 [Hoc
2835 3650 2980 3690 anno
3007 3637 3259 3706 expletus
3293 3643 3376 3692 est
3418 3653 3448 3691 a
3493 3637 3648 3692 Chri-

2025 3726 2094 3780 sti
2121 3726 2400 3781 nativitate
2434 3741 2666 3799 magnus
2693 3742 2874 3780 annus
2920 3742 3191 3780 annorum
3233 3727 3360 3783 532.
3401 3729 3480 3782 Ab
3541 3730 3646 3787 hoc

2023 3817 2187 3871 etiam
2219 3832 2365 3871 anno
2415 3816 2695 3870 Dionisius
2739 3816 2913 3870 abbas
2966 3817 3182 3871 orditur
3220 3818 3414 3872 eiclum
3473 3837 3638 3876 suum

2023 3903 2283 3960 ciclorum
2339 3903 2586 3974 quinque
2627 3904 3221 3960 decennovennalium.
3271 3907 3332 3961 Et
3362 3908 3493 3979 quia
3546 3927 3640 3966 se-

2021 3995 2234 4049 cundus
2262 4009 2441 4049 annus
2469 3993 2655 4064 Operis
2702 3994 2866 4063 hujus
2895 3996 3235 4052 concordare
3266 3998 3436 4054 debet
3466 4001 3518 4054 in
3553 4019 3633 4057 ra-

2018 4084 2168 4139 tione
2199 4082 2436 4154 compoti
2479 4082 2655 4153 primo
2685 4099 2830 4138 anno
2871 4085 3167 4141 nativitatis
3217 4086 3436 4150 Christi.
3470 4090 3638 4147 debet

2019 4175 2145 4233 35“
2199 4191 2379 4231 annus
2424 4174 2561 4245 cycli
2628 4176 2875 4247 Dyonisii
2926 4179 3263 4234 concordare
3322 4180 3376 4234 in
3423 4183 3636 4237 ratione

2019 4267 2262 4337 compoti
2299 4265 2393 4322 33°
2424 4281 2566 4320 anno
2598 4265 2710 4320 nati
2757 4265 2980 4333 Christi,
3011 4267 3221 4323 scilicet
3249 4276 3307 4323 ut
3336 4270 3465 4325 16Illa
3506 4270 3634 4325 luna

1963 4421 1986 4432 κ
2019 4358 2218 4429 Aprilis
2273 4364 2523 4413 occurrat
2568 4359 2602 4412 9
2651 4358 2764 4412 Kal.
2819 4359 3018 4429 Aprilis
3072 4360 3129 4414 in
3177 4362 3211 4415 5
3252 4360 3415 4426 feria;
3451 4363 3632 4432 passio

303 4421 544 4514 presidet
562 4446 625 4499 ⁸⁸,
663 4421 874 4514 (Beas)
914 4443 1180 4511 Justinus,
1221 4445 1529 4500 Justiniano
1580 4462 1679 4501 suo
1711 4463 1776 4502 ex
1821 4463 1910 4503 so-
1940 4421 2212 4502 DCbristi
2261 4447 2294 4500 8
2342 4447 2456 4501 Kal.
2501 4447 2701 4518 Aprilis
2783 4447 2838 4502 in
2866 4421 2931 4500 ’6
2993 4448 3150 4515 feria,
3219 4421 3546 4505 resurrectio
3596 4451 3632 4504 6

301 4549 422 4588 rore
452 4540 654 4604 nepote
679 4533 734 4586 in
769 4547 938 4607 regno
964 4533 1280 4600 substituto,
1303 4534 1548 4588 moritur.
1579 4535 1626 4588 ls
1647 4535 1915 4591 Justinia-

302 4637 408 4675 nus
437 4622 669 4692 imperat
698 4621 860 4675 annis
915 4622 1002 4677 39.
1037 4622 1129 4678 Hic
1162 4622 1357 4676 Persas
1410 4623 1478 4676 ab
1509 4623 1910 4694 irruptionibus

302 4712 357 4766 in
416 4718 599 4783 partes
668 4713 1034 4769 Romanorum
1102 4730 1200 4784 per
1254 4713 1562 4769 Bilisarium
1627 4717 1906 4786 repressit.

2015 4536 2128 4590 Kal.
2172 4535 2371 4606 Aprilis
2400 4537 2452 4590 in
2500 4535 2777 4591 dominica
2803 4537 2916 4590 die.
2957 4537 3063 4591 Sed
3105 4538 3233 4608 quia
3291 4553 3401 4592 non
3432 4539 3508 4592 ita
3541 4554 3636 4592 oc-

2013 4625 2202 4692 currit,
2234 4626 2332 4680 sed
2381 4625 2511 4680 luna
2572 4627 2703 4679 Μαι·
2761 4626 2960 4696 Aprilis
3004 4626 3243 4681 occurrit
3271 4642 3336 4681 eo
3382 4642 3526 4681 anno
3573 4627 3634 4680 12

2015 4716 2127 4770 Kal.
2162 4715 2359 4786 Aprilis
2400 4716 2454 4769 in
2506 4717 2526 4770 1
2585 4714 2739 4780 feria,
2795 4714 3074 4768 dominica
3107 4730 3234 4769 vero
3263 4715 3381 4770 dies
3412 4716 3631 4786 paschae

2014 4806 2070 4861 in
2118 4806 2288 4861 5Kal.
2323 4806 2541 4876 Aprilis,
2577 4805 2702 4860 ideo
2733 4805 3119 4875 ‘improbatur,
3179 4806 3310 4878 quia
3362 4813 3631 4881 repugnat

2013 4903 2346 4978 evangelica:
2402 4903 2617 4958 veritati
2667 4901 2751 4972 60.]
2788 4902 2867 4971 (P.
2900 4904 2939 4958 D
2969 4909 2983 4975 j
3013 4903 3353 4959 Justinianus
3395 4903 3631 4974 impera-

1656 5042 1876 5098 VARIIE
1930 5043 2310 5099 LECTIONES.

371 5160 415 5196 ⁸⁸
444 5164 520 5217 ita
555 5166 598 5217 1.
635 5161 725 5216 F1.
755 5160 808 5216 3.
839 5169 890 5217 et
915 5164 1090 5232 primo
1112 5165 1340 5231 fortasse
1365 5164 1426 5218 C1
1453 5183 1467 5229 ;
1528 5173 1587 5221 at
1613 5166 1699 5220 l.ll
1727 5167 1925 5222 habent
1955 5167 2060 5221 1H“
2092 5166 2154 5220 C1
2217 5182 2246 5221 e
2292 5182 2427 5221 corr.
2463 5165 2568 5219 C2"
2595 5165 2628 5222 3
2697 5167 2733 5220 D
2805 5167 2917 5232 F2,
2950 5175 3000 5223 et
3054 5167 3090 5220 L
3114 5183 3142 5223 e
3168 5172 3473 5221 correctura.
3501 5165 3630 5220 83*.

299 5231 344 5266 ⁵⁸
365 5249 429 5306 a.
451 5234 606 5287 XVII.
635 5235 830 5289 desunt
856 5231 926 5287 Λ.
966 5236 1318 5306 δξίίιίιίοηιηεδ
1368 5236 1411 5270 ⁵⁷
1443 5237 1696 5292 Audohin
1729 5268 1799 5278 ——
1819 5239 1888 5292 42
1918 5240 2110 5293 desunt
2142 5239 2200 5292 Ι).
2253 5237 2297 5271 ⁵⁸
2329 5241 2406 5291 ita
2436 5241 2544 5306 ipse
2567 5238 2868 5305 Sigcbertus
2906 5231 3092 5293 Statim
3116 5241 3348 5293 correxit
3377 5253 3443 5291 ea:
3471 5237 3626 5301 I.llll,

296 5305 434 5377 quod
457 5309 610 5372 prius
645 5309 948 5377 scripserat.
984 5305 1132 5358 LVlll
1162 5322 1298 5360 corr.
1330 5306 1488 5360 Lllll.
1511 5309 1568 5363 D.
1631 5310 1675 5343 59
1705 5309 1789 5362 vel
1822 5310 2090 5364 luxuriam
2128 5305 2501 5377 superscrips’it
2530 5313 2830 5376 Ansefmus,
2864 5309 3131 5364 luxuriam
3182 5309 3241 5364 F1
3302 5308 3338 5361 2
3393 5307 3631 5362 fornica-

297 5374 500 5450 tionem
531 5377 591 5429 A.
663 5375 709 5410 ⁸ο
741 5374 869 5432 llaec
886 5381 1062 5450 primo
1089 5383 1346 5446 quattuor
1370 5379 1525 5450 lineis
1551 5387 1880 5448 expresserat
1911 5387 2117 5435 auctor.
2151 5374 2252 5435 sed
2290 5383 2355 5433 iis
2384 5374 2568 5445 erasis,
2597 5397 2660 5436 ea
2691 5385 2768 5434 ita
2793 5374 3076 5450 ampliavit
3104 5385 3228 5450 7.4m
3259 5423 3276 5446 ,
3308 5384 3369 5432 ut
3398 5380 3628 5450 videtur,

294 5446 411 5525 τειι.
440 5453 640 5525 praeter
668 5463 845 5525 gntum
875 5449 958 5512 A.,
991 5451 1085 5525 qm“
1107 5451 1218 5525 {nec
1242 5449 1542 5525 itajmbeti
1562 5446 1696 5514 Quia
1716 5450 2360 5525 antiquitusdelegatum
2393 5458 2508 5505 erat
2530 5446 2897 5525 Alexandrino
2925 5449 3277 5525 pontilici,_ut
3298 5450 3445 5525 diem
3482 5449 3631 5525 celet

297 5513 492 5592 brandi
536 5517 736 5592 pascha
777 5513 1064 5592 annuatim
1095 5517 1475 5592 denunciaret
1515 5520 1759 5576 Romano
1790 5513 2056 5592 pontiﬁci,
2086 5529 2141 5575 et
2175 5513 2290 5592 ‘per
2333 5538 2458 5576 eum
2512 5523 2726 5577 caeteris
2757 5513 3024 5576 aacclcsiis
3054 5513 3506 5585 occidentalium,
3535 5520 3628 5590 qui

293 5601 397 5658 epe
430 5586 500 5642 de
532 5590 735 5658 pascha
769 5589 1105 5644 celebrando
1137 5596 1229 5644 aut
1268 5589 1598 5644 dubitabant
1641 5603 1734 5646 aut
1764 5586 2049 5658 errabant;
2079 5586 2226 5646 nunc
2287 5593 2658 5648 Romanorum
2690 5609 2934 5647 errorem
2982 5600 3076 5648 aut
3108 5593 3476 5666 ignorantiam
3516 5586 3627 5646 non

302 4805 358 4860 P.
394 4805 452 4859 D.
486 4806 738 4861 Audohin
799 4809 1188 4882 Langobardos
1229 4809 1283 4864 in
1330 4809 1668 4866 Pannoniam
1715 4811 1909 4866 duxit:

301 4898 354 4951 in
386 4913 493 4970 qua
524 4897 911 4956 habitaverunt
936 4901 1097 4956 annis
1123 4901 1190 4956 42
1219 4903 1283 4956 ⁸⁷.
