  <div class='ocr_page' id='page_1' title='image "/cluster/home/n/w/nwhite01/storage/ocr_20150623/160/hvd.32044054760186/056.png"; bbox 0 0 3868 6064; ppageno 0'>
   <div class='ocr_carea' id='block_1_1' title="bbox 236 233 1893 302">
    <p class='ocr_par' dir='ltr' id='par_1_1' title="bbox 236 233 1893 302">
     <span class='ocr_line' id='line_1_1' title="bbox 236 233 1893 302; baseline -0.006 0"><span class='ocrx_word' id='word_1_1' title='bbox 236 248 333 302; x_wconf 88' lang='grc'><strong>101</strong></span> <span class='ocrx_word' id='word_1_2' title='bbox 1735 233 1893 293; x_wconf 74' lang='lat' dir='ltr'><strong>CHRG</strong></span> 
     </span>
    </p>
   </div>
   <div class='ocr_carea' id='block_1_2' title="bbox 1996 233 3566 302">
    <p class='ocr_par' dir='ltr' id='par_1_2' title="bbox 1996 237 3566 298">
     <span class='ocr_line' id='line_1_2' title="bbox 1996 237 3566 298; baseline 0.003 -5"><span class='ocrx_word' id='word_1_3' title='bbox 1996 237 2080 293; x_wconf 69' lang='grc' dir='ltr'><strong>ΞΑ.</strong></span> <span class='ocrx_word' id='word_1_4' title='bbox 3461 239 3566 298; x_wconf 85' lang='grc'><strong>102</strong></span> 
     </span>
    </p>
   </div>
   <div class='ocr_carea' id='block_1_3' title="bbox 236 368 3563 450">
    <p class='ocr_par' dir='ltr' id='par_1_3' title="bbox 236 368 3563 450">
     <span class='ocr_line' id='line_1_3' title="bbox 236 368 3563 450; baseline -0.001 -18"><span class='ocrx_word' id='word_1_5' title='bbox 236 386 320 432; x_wconf 91' lang='lat' dir='ltr'><strong>tor</strong></span> <span class='ocrx_word' id='word_1_6' title='bbox 345 376 518 432; x_wconf 90' lang='lat' dir='ltr'><strong>libros</strong></span> <span class='ocrx_word' id='word_1_7' title='bbox 548 376 732 450; x_wconf 88' lang='lat' dir='ltr'><strong>legum</strong></span> <span class='ocrx_word' id='word_1_8' title='bbox 766 375 1130 430; x_wconf 84' lang='lat' dir='ltr'><strong>Romanarum</strong></span> <span class='ocrx_word' id='word_1_9' title='bbox 1153 371 1516 439; x_wconf 90' lang='lat' dir='ltr'><strong>adbreviavit,</strong></span> <span class='ocrx_word' id='word_1_10' title='bbox 1542 371 1598 426; x_wconf 91' lang='lat' dir='ltr'><strong>in</strong></span> <span class='ocrx_word' id='word_1_11' title='bbox 1617 386 1728 426; x_wconf 93' lang='lat' dir='ltr'><strong>uno</strong></span> <span class='ocrx_word' id='word_1_12' title='bbox 1752 385 1851 426; x_wconf 95' lang='lat' dir='ltr'><strong>vo-</strong></span> <span class='ocrx_word' id='word_1_13' title='bbox 1877 376 1928 442; x_wconf 87' lang='grc' dir='ltr'>Α</span> <span class='ocrx_word' id='word_1_14' title='bbox 1953 385 2120 440; x_wconf 85' lang='lat' dir='ltr'><strong>super</strong></span> <span class='ocrx_word' id='word_1_15' title='bbox 2145 369 2496 442; x_wconf 82' lang='lat' dir='ltr'><strong>Ostrogothos</strong></span> <span class='ocrx_word' id='word_1_16' title='bbox 2525 376 2715 442; x_wconf 98' lang='lat' dir='ltr'><strong>regnat</strong></span> <span class='ocrx_word' id='word_1_17' title='bbox 2737 368 2895 424; x_wconf 89' lang='lat' dir='ltr'><strong>annis</strong></span> <span class='ocrx_word' id='word_1_18' title='bbox 2937 373 2990 426; x_wconf 87' lang='grc'><strong>11</strong></span> <span class='ocrx_word' id='word_1_19' title='bbox 3025 389 3038 424; x_wconf 90' lang='lat'><strong>:</strong></span> <span class='ocrx_word' id='word_1_20' title='bbox 3075 373 3168 443; x_wconf 86' lang='lat' dir='ltr'><strong>qui</strong></span> <span class='ocrx_word' id='word_1_21' title='bbox 3202 389 3325 428; x_wconf 87' lang='lat' dir='ltr'><strong>mox</strong></span> <span class='ocrx_word' id='word_1_22' title='bbox 3356 374 3563 430; x_wconf 77' lang='lat' dir='ltr'><strong>Italiam</strong></span> 
     </span>
    </p>
   </div>
   <div class='ocr_carea' id='block_1_4' title="bbox 234 458 3566 542">
    <p class='ocr_par' dir='ltr' id='par_1_4' title="bbox 234 458 3566 542">
     <span class='ocr_line' id='line_1_4' title="bbox 234 458 3566 542; baseline -0.002 -17"><span class='ocrx_word' id='word_1_23' title='bbox 234 472 468 535; x_wconf 82' lang='lat' dir='ltr'><strong>lumine,</strong></span> <span class='ocrx_word' id='word_1_24' title='bbox 501 470 647 542; x_wconf 93' lang='lat' dir='ltr'><strong>quod</strong></span> <span class='ocrx_word' id='word_1_25' title='bbox 673 468 1042 524; x_wconf 83' lang='lat' dir='ltr'><strong>Justinianum</strong></span> <span class='ocrx_word' id='word_1_26' title='bbox 1079 474 1322 523; x_wconf 77' lang='lat' dir='ltr'><strong>vocatur.</strong></span> <span class='ocrx_word' id='word_1_27' title='bbox 1956 458 2184 526; x_wconf 78' lang='lat' dir='ltr'><strong>invadit,</strong></span> <span class='ocrx_word' id='word_1_28' title='bbox 2209 467 2263 513; x_wconf 91' lang='lat' dir='ltr'><strong>et</strong></span> <span class='ocrx_word' id='word_1_29' title='bbox 2291 475 2322 512; x_wconf 89' lang='lat' dir='ltr'><strong>a</strong></span> <span class='ocrx_word' id='word_1_30' title='bbox 2346 468 2535 513; x_wconf 88' lang='lat' dir='ltr'><strong>sancto</strong></span> <span class='ocrx_word' id='word_1_31' title='bbox 2593 459 2888 515; x_wconf 87' lang='lat' dir='ltr'><strong>Benedicto</strong></span> <span class='ocrx_word' id='word_1_32' title='bbox 2940 459 3219 516; x_wconf 83' lang='lat' dir='ltr'><strong>Casinensi</strong></span> <span class='ocrx_word' id='word_1_33' title='bbox 3254 463 3434 518; x_wconf 87' lang='lat' dir='ltr'><strong>futura</strong></span> <span class='ocrx_word' id='word_1_34' title='bbox 3463 481 3566 520; x_wconf 79' lang='lat' dir='ltr'><strong>au-</strong></span> 
     </span>
    </p>
   </div>
   <div class='ocr_carea' id='block_1_5' title="bbox 309 549 3562 623">
    <p class='ocr_par' dir='ltr' id='par_1_5' title="bbox 309 549 3562 623">
     <span class='ocr_line' id='line_1_5' title="bbox 309 549 3562 623; baseline -0.001 -9"><span class='ocrx_word' id='word_1_35' title='bbox 309 559 438 615; x_wconf 81' lang='lat'><strong>533.</strong></span> <span class='ocrx_word' id='word_1_36' title='bbox 515 559 577 614; x_wconf 87' lang='lat' dir='ltr'><strong>R.</strong></span> <span class='ocrx_word' id='word_1_37' title='bbox 638 557 692 613; x_wconf 89' lang='grc'><strong>6.</strong></span> <span class='ocrx_word' id='word_1_38' title='bbox 771 557 829 611; x_wconf 88' lang='grc' dir='ltr'><strong>Ρ.</strong></span> <span class='ocrx_word' id='word_1_39' title='bbox 893 556 978 612; x_wconf 89' lang='grc'><strong>12.</strong></span> <span class='ocrx_word' id='word_1_40' title='bbox 1058 557 1115 611; x_wconf 87' lang='lat' dir='ltr'><strong>F.</strong></span> <span class='ocrx_word' id='word_1_41' title='bbox 1179 557 1262 613; x_wconf 93' lang='lat' dir='ltr'><strong>l9.</strong></span> <span class='ocrx_word' id='word_1_42' title='bbox 1339 555 1395 610; x_wconf 91' lang='lat' dir='ltr'><strong>L.</strong></span> <span class='ocrx_word' id='word_1_43' title='bbox 1455 557 1508 612; x_wconf 90' lang='lat'><strong>7.</strong></span> <span class='ocrx_word' id='word_1_44' title='bbox 1587 557 1625 610; x_wconf 86' lang='lat' dir='ltr'><strong>A</strong></span> <span class='ocrx_word' id='word_1_45' title='bbox 1690 556 1777 610; x_wconf 83' lang='lat'><strong>42.</strong></span> <span class='ocrx_word' id='word_1_46' title='bbox 1954 550 2034 604; x_wconf 90' lang='lat' dir='ltr'><strong>dit</strong></span> <span class='ocrx_word' id='word_1_47' title='bbox 2062 549 2192 604; x_wconf 90' lang='lat' dir='ltr'><strong>sibi.</strong></span> <span class='ocrx_word' id='word_1_48' title='bbox 2248 551 2435 617; x_wconf 79' lang='lat' dir='ltr'><strong>Multa,</strong></span> <span class='ocrx_word' id='word_1_49' title='bbox 2497 549 2698 620; x_wconf 85' lang='lat' dir='ltr'><strong>inquit,</strong></span> <span class='ocrx_word' id='word_1_50' title='bbox 2752 553 2899 605; x_wconf 82' lang='lat' dir='ltr'><strong>mala</strong></span> <span class='ocrx_word' id='word_1_51' title='bbox 2947 554 3104 618; x_wconf 80' lang='lat' dir='ltr'><strong>facis,</strong></span> <span class='ocrx_word' id='word_1_52' title='bbox 3133 555 3309 608; x_wconf 82' lang='lat' dir='ltr'><strong>multa</strong></span> <span class='ocrx_word' id='word_1_53' title='bbox 3367 559 3562 623; x_wconf 81' lang='lat' dir='ltr'><strong>fecisti,</strong></span> 
     </span>
    </p>
   </div>
   <div class='ocr_carea' id='block_1_6' title="bbox 702 641 3563 716">
    <p class='ocr_par' dir='ltr' id='par_1_6' title="bbox 702 641 3563 716">
     <span class='ocr_line' id='line_1_6' title="bbox 702 641 3563 716; baseline 0.001 -18"><span class='ocrx_word' id='word_1_54' title='bbox 702 651 786 707; x_wconf 78' lang='lat' dir='ltr'><strong>w,</strong></span> <span class='ocrx_word' id='word_1_55' title='bbox 834 653 887 706; x_wconf 80' lang='lat'><strong>5,</strong></span> <span class='ocrx_word' id='word_1_56' title='bbox 967 651 1051 706; x_wconf 76' lang='lat' dir='ltr'><strong>W,</strong></span> <span class='ocrx_word' id='word_1_57' title='bbox 1109 651 1165 706; x_wconf 87' lang='grc'><em>8,</em></span> <span class='ocrx_word' id='word_1_58' title='bbox 1244 651 1301 705; x_wconf 88' lang='grc' dir='ltr'><em>Ο,</em></span> <span class='ocrx_word' id='word_1_59' title='bbox 1335 649 1389 705; x_wconf 77' lang='grc'><em>2,</em></span> <span class='ocrx_word' id='word_1_60' title='bbox 1945 646 2068 712; x_wconf 88' lang='lat' dir='ltr'><strong>jam</strong></span> <span class='ocrx_word' id='word_1_61' title='bbox 2093 642 2384 710; x_wconf 80' lang='lat' dir='ltr'><strong>aliquando</strong></span> <span class='ocrx_word' id='word_1_62' title='bbox 2407 641 2474 696; x_wconf 84' lang='lat' dir='ltr'><strong>ab</strong></span> <span class='ocrx_word' id='word_1_63' title='bbox 2526 645 2818 710; x_wconf 81' lang='lat' dir='ltr'><strong>iniquitate</strong></span> <span class='ocrx_word' id='word_1_64' title='bbox 2867 659 3207 713; x_wconf 83' lang='lat' dir='ltr'><strong>compescere.</strong></span> <span class='ocrx_word' id='word_1_65' title='bbox 3260 652 3325 700; x_wconf 83' lang='lat' dir='ltr'><strong>Et</strong></span> <span class='ocrx_word' id='word_1_66' title='bbox 3351 651 3563 716; x_wconf 85' lang='lat' dir='ltr'><strong>quidem</strong></span> 
     </span>
    </p>
   </div>
   <div class='ocr_carea' id='block_1_7' title="bbox 310 737 3567 818">
    <p class='ocr_par' dir='ltr' id='par_1_7' title="bbox 310 737 3567 818">
     <span class='ocr_line' id='line_1_7' title="bbox 310 737 3567 818; baseline -0.002 -17"><span class='ocrx_word' id='word_1_67' title='bbox 310 746 399 813; x_wconf 89' lang='lat' dir='ltr'><strong>(G.</strong></span> <span class='ocrx_word' id='word_1_68' title='bbox 422 745 608 815; x_wconf 73' lang='lat' dir='ltr'><strong>poni.)</strong></span> <span class='ocrx_word' id='word_1_69' title='bbox 631 743 894 818; x_wconf 86' lang='lat' dir='ltr'><strong>Agapitus</strong></span> <span class='ocrx_word' id='word_1_70' title='bbox 926 743 1181 798; x_wconf 80' lang='lat' dir='ltr'><strong>Romanae</strong></span> <span class='ocrx_word' id='word_1_71' title='bbox 1207 741 1466 796; x_wconf 75' lang='lat' dir='ltr'><strong>tecclesiae</strong></span> <span class='ocrx_word' id='word_1_72' title='bbox 1493 741 1642 794; x_wconf 63' lang='grc' dir='ltr'><strong>ὅμως</strong></span> <span class='ocrx_word' id='word_1_73' title='bbox 1675 737 1856 810; x_wconf 90' lang='lat' dir='ltr'><strong>presi-</strong></span> <span class='ocrx_word' id='word_1_74' title='bbox 1953 738 2448 790; x_wconf 83' lang='lat' dir='ltr'><strong>maretransiturus</strong></span> <span class='ocrx_word' id='word_1_75' title='bbox 2467 749 2539 801; x_wconf 88' lang='lat' dir='ltr'><strong>es,</strong></span> <span class='ocrx_word' id='word_1_76' title='bbox 2558 739 2781 789; x_wconf 86' lang='lat' dir='ltr'><strong>Romam</strong></span> <span class='ocrx_word' id='word_1_77' title='bbox 2808 739 3171 806; x_wconf 80' lang='lat' dir='ltr'><strong>ingressurus;</strong></span> <span class='ocrx_word' id='word_1_78' title='bbox 3193 755 3380 795; x_wconf 84' lang='lat' dir='ltr'><strong>novem</strong></span> <span class='ocrx_word' id='word_1_79' title='bbox 3405 747 3567 796; x_wconf 86' lang='lat' dir='ltr'><strong>annis</strong></span> 
     </span>
    </p>
   </div>
   <div class='ocr_carea' id='block_1_8' title="bbox 240 827 3567 905">
    <p class='ocr_par' dir='ltr' id='par_1_8' title="bbox 240 827 3567 905">
     <span class='ocr_line' id='line_1_8' title="bbox 240 827 3567 905; baseline -0.001 -17"><span class='ocrx_word' id='word_1_80' title='bbox 240 835 335 890; x_wconf 88' lang='lat' dir='ltr'><strong>det</strong></span> <span class='ocrx_word' id='word_1_81' title='bbox 364 835 427 890; x_wconf 70' lang='grc' dir='ltr'><strong>δι.</strong></span> <span class='ocrx_word' id='word_1_82' title='bbox 461 835 546 905; x_wconf 83' lang='grc' dir='ltr'><strong>(Η.</strong></span> <span class='ocrx_word' id='word_1_83' title='bbox 576 837 676 903; x_wconf 90' lang='lat' dir='ltr'><strong>m.)</strong></span> <span class='ocrx_word' id='word_1_84' title='bbox 711 833 988 887; x_wconf 90' lang='lat' dir='ltr'><strong>Bilisarius</strong></span> <span class='ocrx_word' id='word_1_85' title='bbox 1018 832 1268 902; x_wconf 89' lang='lat' dir='ltr'><strong>patritius</strong></span> <span class='ocrx_word' id='word_1_86' title='bbox 1295 848 1325 885; x_wconf 91' lang='lat' dir='ltr'><strong>a</strong></span> <span class='ocrx_word' id='word_1_87' title='bbox 1345 829 1854 899; x_wconf 85' lang='lat' dir='ltr'><strong>Justinianoimpe-</strong></span> <span class='ocrx_word' id='word_1_88' title='bbox 1955 827 2226 893; x_wconf 79' lang='lat' dir='ltr'><strong>regnabis,</strong></span> <span class='ocrx_word' id='word_1_89' title='bbox 2254 827 2455 880; x_wconf 88' lang='lat' dir='ltr'><strong>decimo</strong></span> <span class='ocrx_word' id='word_1_90' title='bbox 2487 829 2749 880; x_wconf 86' lang='lat' dir='ltr'><strong>morieris.</strong></span> <span class='ocrx_word' id='word_1_91' title='bbox 2786 827 2899 880; x_wconf 87' lang='lat' dir='ltr'><strong>Hoc</strong></span> <span class='ocrx_word' id='word_1_92' title='bbox 2930 843 3074 882; x_wconf 89' lang='lat' dir='ltr'><strong>anno</strong></span> <span class='ocrx_word' id='word_1_93' title='bbox 3106 828 3326 899; x_wconf 89' lang='lat' dir='ltr'><strong>quidam</strong></span> <span class='ocrx_word' id='word_1_94' title='bbox 3373 831 3567 888; x_wconf 87' lang='lat' dir='ltr'><strong>dicunt</strong></span> 
     </span>
    </p>
   </div>
   <div class='ocr_carea' id='block_1_9' title="bbox 243 916 1893 1001">
    <p class='ocr_par' dir='ltr' id='par_1_9' title="bbox 243 928 1854 1001">
     <span class='ocr_line' id='line_1_9' title="bbox 243 928 1854 1001; baseline -0.004 -15"><span class='ocrx_word' id='word_1_95' title='bbox 243 940 422 986; x_wconf 87' lang='lat' dir='ltr'><strong>ratore</strong></span> <span class='ocrx_word' id='word_1_96' title='bbox 465 933 694 1001; x_wconf 79' lang='lat' dir='ltr'><strong>exjussu</strong></span> <span class='ocrx_word' id='word_1_97' title='bbox 725 930 821 985; x_wconf 90' lang='lat' dir='ltr'><strong>Dei</strong></span> <span class='ocrx_word' id='word_1_98' title='bbox 852 930 920 984; x_wconf 91' lang='lat' dir='ltr'><strong>ad</strong></span> <span class='ocrx_word' id='word_1_99' title='bbox 953 929 1188 983; x_wconf 86' lang='lat' dir='ltr'><strong>Africam</strong></span> <span class='ocrx_word' id='word_1_100' title='bbox 1219 928 1562 984; x_wconf 87' lang='lat' dir='ltr'><strong>liberandam</strong></span> <span class='ocrx_word' id='word_1_101' title='bbox 1592 928 1661 982; x_wconf 91' lang='lat' dir='ltr'><strong>de</strong></span> <span class='ocrx_word' id='word_1_102' title='bbox 1687 943 1854 981; x_wconf 89' lang='lat' dir='ltr'><strong>manu</strong></span> 
     </span>
    </p>
   </div>
   <div class='ocr_carea' id='block_1_10' title="bbox 1996 916 3141 1001">
    <p class='ocr_par' dir='ltr' id='par_1_10' title="bbox 1996 916 3141 976">
     <span class='ocr_line' id='line_1_10' title="bbox 1996 916 3141 976; baseline 0.003 -5"><span class='ocrx_word' id='word_1_103' title='bbox 1996 917 2196 972; x_wconf 88' lang='lat' dir='ltr'><strong>undem</strong></span> <span class='ocrx_word' id='word_1_104' title='bbox 2231 924 2483 971; x_wconf 90' lang='lat' dir='ltr'><strong>sanctum</strong></span> <span class='ocrx_word' id='word_1_105' title='bbox 2516 916 2874 972; x_wconf 79' lang='lat' dir='ltr'><strong>Benedictum</strong></span> <span class='ocrx_word' id='word_1_106' title='bbox 2915 918 3141 976; x_wconf 89' lang='lat' dir='ltr'><strong>obiisse.</strong></span> 
     </span>
    </p>
   </div>
   <div class='ocr_carea' id='block_1_11' title="bbox 241 1017 2985 1089">
    <p class='ocr_par' dir='ltr' id='par_1_11' title="bbox 241 1017 2985 1089">
     <span class='ocr_line' id='line_1_11' title="bbox 241 1017 2985 1089; baseline -0 -14"><span class='ocrx_word' id='word_1_107' title='bbox 241 1019 633 1075; x_wconf 85' lang='lat' dir='ltr'><strong>Wandalorum</strong></span> <span class='ocrx_word' id='word_1_108' title='bbox 665 1020 887 1085; x_wconf 89' lang='lat' dir='ltr'><strong>missus,</strong></span> <span class='ocrx_word' id='word_1_109' title='bbox 921 1018 1494 1089; x_wconf 88' lang='lat' dir='ltr'><strong>noctucumplaustris</strong></span> <span class='ocrx_word' id='word_1_110' title='bbox 1526 1017 1854 1072; x_wconf 92' lang='lat' dir='ltr'><strong>rusticorum</strong></span> <span class='ocrx_word' id='word_1_111' title='bbox 2028 1023 2151 1078; x_wconf 79' lang='lat'><strong>537.</strong></span> <span class='ocrx_word' id='word_1_112' title='bbox 2240 1024 2321 1085; x_wconf 79' lang='grc'><strong>10,</strong></span> <span class='ocrx_word' id='word_1_113' title='bbox 2399 1024 2484 1080; x_wconf 78' lang='grc'><strong>16,</strong></span> <span class='ocrx_word' id='word_1_114' title='bbox 2562 1024 2650 1080; x_wconf 76' lang='lat'><strong>23.</strong></span> <span class='ocrx_word' id='word_1_115' title='bbox 2731 1025 2819 1080; x_wconf 78' lang='grc'><strong>11,</strong></span> <span class='ocrx_word' id='word_1_116' title='bbox 2896 1027 2985 1084; x_wconf 72' lang='grc'><strong>46,</strong></span> 
     </span>
    </p>
   </div>
   <div class='ocr_carea' id='block_1_12' title="bbox 239 1109 1857 1185">
    <p class='ocr_par' dir='ltr' id='par_1_12' title="bbox 239 1109 1857 1185">
     <span class='ocr_line' id='line_1_12' title="bbox 239 1109 1857 1185; baseline -0.001 -21"><span class='ocrx_word' id='word_1_117' title='bbox 239 1111 435 1164; x_wconf 87' lang='lat' dir='ltr'><strong>urbem</strong></span> <span class='ocrx_word' id='word_1_118' title='bbox 466 1111 874 1166; x_wconf 87' lang='lat' dir='ltr'><strong>introeuntibus</strong></span> <span class='ocrx_word' id='word_1_119' title='bbox 914 1111 1215 1185; x_wconf 89' lang='lat' dir='ltr'><strong>ingressus.</strong></span> <span class='ocrx_word' id='word_1_120' title='bbox 1247 1109 1630 1182; x_wconf 81' lang='lat' dir='ltr'><strong>Carthaginem</strong></span> <span class='ocrx_word' id='word_1_121' title='bbox 1691 1109 1857 1180; x_wconf 89' lang='lat' dir='ltr'><strong>cepit,</strong></span> 
     </span>
    </p>
   </div>
   <div class='ocr_carea' id='block_1_13' title="bbox 242 1197 1857 1271">
    <p class='ocr_par' dir='ltr' id='par_1_13' title="bbox 242 1197 1857 1271">
     <span class='ocr_line' id='line_1_13' title="bbox 242 1197 1857 1271; baseline -0.001 -17"><span class='ocrx_word' id='word_1_122' title='bbox 242 1201 510 1271; x_wconf 85' lang='lat' dir='ltr'><strong>pecunias</strong></span> <span class='ocrx_word' id='word_1_123' title='bbox 537 1198 781 1254; x_wconf 88' lang='lat' dir='ltr'><strong>inﬁnitas</strong></span> <span class='ocrx_word' id='word_1_124' title='bbox 812 1200 1040 1270; x_wconf 86' lang='lat' dir='ltr'><strong>recepit,</strong></span> <span class='ocrx_word' id='word_1_125' title='bbox 1070 1199 1384 1254; x_wconf 90' lang='lat' dir='ltr'><strong>Gilimerem</strong></span> <span class='ocrx_word' id='word_1_126' title='bbox 1417 1214 1483 1252; x_wconf 92' lang='lat' dir='ltr'><strong>ex</strong></span> <span class='ocrx_word' id='word_1_127' title='bbox 1515 1198 1641 1270; x_wconf 85' lang='lat' dir='ltr'><strong>fuga</strong></span> <span class='ocrx_word' id='word_1_128' title='bbox 1661 1197 1730 1252; x_wconf 91' lang='lat' dir='ltr'><strong>ad</strong></span> <span class='ocrx_word' id='word_1_129' title='bbox 1751 1197 1857 1252; x_wconf 87' lang='lat' dir='ltr'><strong>de-</strong></span> 
     </span>
    </p>
   </div>
   <div class='ocr_carea' id='block_1_14' title="bbox 242 1289 1860 1361">
    <p class='ocr_par' dir='ltr' id='par_1_14' title="bbox 242 1289 1860 1361">
     <span class='ocr_line' id='line_1_14' title="bbox 242 1289 1860 1361; baseline -0.001 -18"><span class='ocrx_word' id='word_1_130' title='bbox 242 1289 514 1344; x_wconf 88' lang='lat' dir='ltr'><strong>ditionem</strong></span> <span class='ocrx_word' id='word_1_131' title='bbox 583 1289 869 1346; x_wconf 89' lang='lat' dir='ltr'><strong>reductum</strong></span> <span class='ocrx_word' id='word_1_132' title='bbox 938 1290 1256 1361; x_wconf 85' lang='lat' dir='ltr'><strong>imperatori</strong></span> <span class='ocrx_word' id='word_1_133' title='bbox 1330 1289 1860 1360; x_wconf 86' lang='lat' dir='ltr'><strong>Constantinopolim</strong></span> 
     </span>
    </p>
   </div>
   <div class='ocr_carea' id='block_1_15' title="bbox 243 1379 1864 1454">
    <p class='ocr_par' dir='ltr' id='par_1_15' title="bbox 243 1379 1864 1454">
     <span class='ocr_line' id='line_1_15' title="bbox 243 1379 1864 1454; baseline 0 -22"><span class='ocrx_word' id='word_1_134' title='bbox 243 1379 416 1433; x_wconf 81' lang='lat' dir='ltr'><strong>duxit.</strong></span> <span class='ocrx_word' id='word_1_135' title='bbox 449 1379 535 1433; x_wconf 90' lang='lat' dir='ltr'><strong>Sic</strong></span> <span class='ocrx_word' id='word_1_136' title='bbox 565 1379 958 1434; x_wconf 84' lang='lat' dir='ltr'><strong>Wandalorum</strong></span> <span class='ocrx_word' id='word_1_137' title='bbox 992 1395 1220 1454; x_wconf 84' lang='lat' dir='ltr'><strong>regnum</strong></span> <span class='ocrx_word' id='word_1_138' title='bbox 1254 1379 1590 1434; x_wconf 86' lang='lat' dir='ltr'><strong>destructum</strong></span> <span class='ocrx_word' id='word_1_139' title='bbox 1623 1386 1707 1433; x_wconf 89' lang='lat' dir='ltr'><strong>est</strong></span> <span class='ocrx_word' id='word_1_140' title='bbox 1740 1396 1753 1443; x_wconf 87' lang='lat'><strong>;</strong></span> <span class='ocrx_word' id='word_1_141' title='bbox 1783 1379 1864 1432; x_wconf 92' lang='lat' dir='ltr'><strong>sic</strong></span> 
     </span>
    </p>
   </div>
   <div class='ocr_carea' id='block_1_16' title="bbox 247 1467 1866 1539">
    <p class='ocr_par' dir='ltr' id='par_1_16' title="bbox 247 1467 1866 1539">
     <span class='ocr_line' id='line_1_16' title="bbox 247 1467 1866 1539; baseline 0 -17"><span class='ocrx_word' id='word_1_142' title='bbox 247 1468 470 1522; x_wconf 88' lang='lat' dir='ltr'><strong>tandem</strong></span> <span class='ocrx_word' id='word_1_143' title='bbox 499 1467 590 1521; x_wconf 90' lang='lat' dir='ltr'><strong>illa</strong></span> <span class='ocrx_word' id='word_1_144' title='bbox 627 1467 947 1523; x_wconf 84' lang='lat' dir='ltr'><strong>Wandalica</strong></span> <span class='ocrx_word' id='word_1_145' title='bbox 977 1469 1160 1523; x_wconf 89' lang='lat' dir='ltr'><strong>rabies</strong></span> <span class='ocrx_word' id='word_1_146' title='bbox 1181 1485 1305 1524; x_wconf 93' lang='lat' dir='ltr'><strong>cum</strong></span> <span class='ocrx_word' id='word_1_147' title='bbox 1339 1469 1462 1539; x_wconf 91' lang='lat' dir='ltr'><strong>ipso</strong></span> <span class='ocrx_word' id='word_1_148' title='bbox 1490 1468 1716 1524; x_wconf 90' lang='lat' dir='ltr'><strong>nomine</strong></span> <span class='ocrx_word' id='word_1_149' title='bbox 1745 1467 1866 1522; x_wconf 90' lang='lat' dir='ltr'><strong>fun-</strong></span> 
     </span>
    </p>
   </div>
   <div class='ocr_carea' id='block_1_17' title="bbox 249 1560 1862 1633">
    <p class='ocr_par' dir='ltr' id='par_1_17' title="bbox 249 1560 1862 1633">
     <span class='ocr_line' id='line_1_17' title="bbox 249 1560 1862 1633; baseline 0 -19"><span class='ocrx_word' id='word_1_150' title='bbox 249 1560 397 1614; x_wconf 90' lang='lat' dir='ltr'><strong>ditus</strong></span> <span class='ocrx_word' id='word_1_151' title='bbox 448 1560 690 1614; x_wconf 86' lang='lat' dir='ltr'><strong>extincta</strong></span> <span class='ocrx_word' id='word_1_152' title='bbox 745 1569 828 1615; x_wconf 91' lang='lat' dir='ltr'><strong>est</strong></span> <span class='ocrx_word' id='word_1_153' title='bbox 884 1561 1004 1629; x_wconf 82' lang='lat' dir='ltr'><strong>(Ib)</strong></span> <span class='ocrx_word' id='word_1_154' title='bbox 1085 1560 1400 1616; x_wconf 90' lang='lat' dir='ltr'><strong>Theodatus</strong></span> <span class='ocrx_word' id='word_1_155' title='bbox 1463 1576 1554 1616; x_wconf 86' lang='lat' dir='ltr'><strong>rex</strong></span> <span class='ocrx_word' id='word_1_156' title='bbox 1619 1561 1862 1633; x_wconf 76' lang='lat' dir='ltr'><strong>reginam</strong></span> 
     </span>
    </p>
   </div>
   <div class='ocr_carea' id='block_1_18' title="bbox 249 1648 1866 1719">
    <p class='ocr_par' dir='ltr' id='par_1_18' title="bbox 249 1648 1866 1719">
     <span class='ocr_line' id='line_1_18' title="bbox 249 1648 1866 1719; baseline 0 -16"><span class='ocrx_word' id='word_1_157' title='bbox 249 1648 684 1716; x_wconf 87' lang='lat' dir='ltr'><strong>Amalsuindam,</strong></span> <span class='ocrx_word' id='word_1_158' title='bbox 743 1648 1112 1719; x_wconf 61' lang='lat' dir='ltr'><strong>imperatoriae</strong></span> <span class='ocrx_word' id='word_1_159' title='bbox 1163 1649 1348 1704; x_wconf 69' lang='lat' dir='ltr'><strong>tutela:</strong></span> <span class='ocrx_word' id='word_1_160' title='bbox 1375 1650 1722 1704; x_wconf 87' lang='lat' dir='ltr'><strong>commissam</strong></span> <span class='ocrx_word' id='word_1_161' title='bbox 1755 1649 1866 1704; x_wconf 75' lang='lat' dir='ltr'><strong>exi-</strong></span> 
     </span>
    </p>
   </div>
   <div class='ocr_carea' id='block_1_19' title="bbox 254 1741 1868 1813">
    <p class='ocr_par' dir='ltr' id='par_1_19' title="bbox 254 1741 1868 1813">
     <span class='ocr_line' id='line_1_19' title="bbox 254 1741 1868 1813; baseline 0.001 -19"><span class='ocrx_word' id='word_1_162' title='bbox 254 1741 367 1804; x_wconf 90' lang='lat' dir='ltr'><strong>liat,</strong></span> <span class='ocrx_word' id='word_1_163' title='bbox 400 1756 574 1812; x_wconf 90' lang='lat' dir='ltr'><strong>eaque</strong></span> <span class='ocrx_word' id='word_1_164' title='bbox 628 1756 736 1796; x_wconf 90' lang='lat' dir='ltr'><strong>non</strong></span> <span class='ocrx_word' id='word_1_165' title='bbox 791 1741 966 1796; x_wconf 89' lang='lat' dir='ltr'><strong>multo</strong></span> <span class='ocrx_word' id='word_1_166' title='bbox 1024 1750 1148 1811; x_wconf 91' lang='lat' dir='ltr'><strong>post</strong></span> <span class='ocrx_word' id='word_1_167' title='bbox 1208 1741 1264 1795; x_wconf 94' lang='lat' dir='ltr'><strong>in</strong></span> <span class='ocrx_word' id='word_1_168' title='bbox 1304 1741 1505 1796; x_wconf 88' lang='lat' dir='ltr'><strong>balneo</strong></span> <span class='ocrx_word' id='word_1_169' title='bbox 1531 1741 1868 1813; x_wconf 82' lang='lat' dir='ltr'><strong>strangulata</strong></span> 
     </span>
    </p>
   </div>
   <div class='ocr_carea' id='block_1_20' title="bbox 258 1831 1872 1907">
    <p class='ocr_par' dir='ltr' id='par_1_20' title="bbox 258 1831 1872 1907">
     <span class='ocr_line' id='line_1_20' title="bbox 258 1831 1872 1907; baseline 0.001 -21"><span class='ocrx_word' id='word_1_170' title='bbox 258 1832 510 1887; x_wconf 88' lang='lat' dir='ltr'><strong>immissn</strong></span> <span class='ocrx_word' id='word_1_171' title='bbox 557 1831 845 1900; x_wconf 88' lang='lat' dir='ltr'><strong>Theodati,</strong></span> <span class='ocrx_word' id='word_1_172' title='bbox 907 1834 1056 1888; x_wconf 85' lang='lat' dir='ltr'><strong>solus</strong></span> <span class='ocrx_word' id='word_1_173' title='bbox 1107 1849 1275 1905; x_wconf 90' lang='lat' dir='ltr'><strong>super</strong></span> <span class='ocrx_word' id='word_1_174' title='bbox 1323 1833 1678 1907; x_wconf 88' lang='lat' dir='ltr'><strong>Ostrogothos</strong></span> <span class='ocrx_word' id='word_1_175' title='bbox 1726 1849 1872 1888; x_wconf 90' lang='lat' dir='ltr'><strong>anno</strong></span> 
     </span>
    </p>
   </div>
   <div class='ocr_carea' id='block_1_21' title="bbox 258 1925 1870 1998">
    <p class='ocr_par' dir='ltr' id='par_1_21' title="bbox 258 1925 1870 1998">
     <span class='ocr_line' id='line_1_21' title="bbox 258 1925 1870 1998; baseline -0.001 -18"><span class='ocrx_word' id='word_1_176' title='bbox 258 1942 370 1981; x_wconf 92' lang='lat' dir='ltr'><strong>uno</strong></span> <span class='ocrx_word' id='word_1_177' title='bbox 388 1931 597 1998; x_wconf 86' lang='lat' dir='ltr'><strong>regnat.</strong></span> <span class='ocrx_word' id='word_1_178' title='bbox 630 1925 712 1995; x_wconf 86' lang='lat' dir='ltr'><strong>(G.</strong></span> <span class='ocrx_word' id='word_1_179' title='bbox 741 1927 911 1996; x_wconf 83' lang='lat' dir='ltr'><strong>pont.)</strong></span> <span class='ocrx_word' id='word_1_180' title='bbox 941 1926 1041 1991; x_wconf 93' lang='lat' dir='ltr'><strong>Qui</strong></span> <span class='ocrx_word' id='word_1_181' title='bbox 1091 1927 1275 1982; x_wconf 88' lang='lat' dir='ltr'><strong>sciens</strong></span> <span class='ocrx_word' id='word_1_182' title='bbox 1331 1943 1433 1998; x_wconf 89' lang='lat' dir='ltr'><strong>per</strong></span> <span class='ocrx_word' id='word_1_183' title='bbox 1476 1927 1580 1981; x_wconf 88' lang='lat' dir='ltr'><strong>hoc</strong></span> <span class='ocrx_word' id='word_1_184' title='bbox 1634 1942 1695 1980; x_wconf 91' lang='lat' dir='ltr'><strong>se</strong></span> <span class='ocrx_word' id='word_1_185' title='bbox 1736 1925 1870 1979; x_wconf 90' lang='lat' dir='ltr'><strong>iram</strong></span> 
     </span>
    </p>
   </div>
   <div class='ocr_carea' id='block_1_22' title="bbox 259 2017 1874 2092">
    <p class='ocr_par' dir='ltr' id='par_1_22' title="bbox 259 2017 1874 2092">
     <span class='ocr_line' id='line_1_22' title="bbox 259 2017 1874 2092; baseline -0.001 -20"><span class='ocrx_word' id='word_1_186' title='bbox 259 2018 606 2088; x_wconf 87' lang='lat' dir='ltr'><strong>imperatoris</strong></span> <span class='ocrx_word' id='word_1_187' title='bbox 637 2019 955 2085; x_wconf 88' lang='lat' dir='ltr'><strong>incurrisse,</strong></span> <span class='ocrx_word' id='word_1_188' title='bbox 1009 2019 1298 2092; x_wconf 85' lang='lat' dir='ltr'><strong>Agapitum</strong></span> <span class='ocrx_word' id='word_1_189' title='bbox 1327 2035 1522 2090; x_wconf 88' lang='lat' dir='ltr'><strong>papam</strong></span> <span class='ocrx_word' id='word_1_190' title='bbox 1565 2017 1874 2074; x_wconf 88' lang='lat' dir='ltr'><strong>Constanti-</strong></span> 
     </span>
    </p>
   </div>
   <div class='ocr_carea' id='block_1_23' title="bbox 258 2106 1871 2178">
    <p class='ocr_par' dir='ltr' id='par_1_23' title="bbox 258 2106 1871 2178">
     <span class='ocr_line' id='line_1_23' title="bbox 258 2106 1871 2178; baseline -0.001 -17"><span class='ocrx_word' id='word_1_191' title='bbox 258 2106 506 2178; x_wconf 91' lang='lat' dir='ltr'><strong>nopolim</strong></span> <span class='ocrx_word' id='word_1_192' title='bbox 549 2107 719 2173; x_wconf 86' lang='lat' dir='ltr'><strong>misit,</strong></span> <span class='ocrx_word' id='word_1_193' title='bbox 752 2122 850 2178; x_wconf 92' lang='lat' dir='ltr'><strong>pro</strong></span> <span class='ocrx_word' id='word_1_194' title='bbox 908 2107 1256 2178; x_wconf 86' lang='lat' dir='ltr'><strong>impetranda</strong></span> <span class='ocrx_word' id='word_1_195' title='bbox 1311 2109 1473 2177; x_wconf 84' lang='lat' dir='ltr'><strong>hujus</strong></span> <span class='ocrx_word' id='word_1_196' title='bbox 1530 2107 1655 2163; x_wconf 87' lang='lat' dir='ltr'><strong>facti</strong></span> <span class='ocrx_word' id='word_1_197' title='bbox 1689 2107 1871 2177; x_wconf 89' lang='lat' dir='ltr'><strong>impu-</strong></span> 
     </span>
    </p>
   </div>
   <div class='ocr_carea' id='block_1_24' title="bbox 259 2199 1876 2276">
    <p class='ocr_par' dir='ltr' id='par_1_24' title="bbox 259 2199 1876 2276">
     <span class='ocr_line' id='line_1_24' title="bbox 259 2199 1876 2276; baseline -0.001 -20"><span class='ocrx_word' id='word_1_198' title='bbox 259 2202 454 2256; x_wconf 89' lang='lat' dir='ltr'><strong>nitate.</strong></span> <span class='ocrx_word' id='word_1_199' title='bbox 524 2202 784 2276; x_wconf 88' lang='lat' dir='ltr'><strong>Agapitus</strong></span> <span class='ocrx_word' id='word_1_200' title='bbox 845 2202 1136 2257; x_wconf 85' lang='lat' dir='ltr'><strong>inveniens</strong></span> <span class='ocrx_word' id='word_1_201' title='bbox 1200 2202 1273 2257; x_wconf 92' lang='lat' dir='ltr'><strong>ibi</strong></span> <span class='ocrx_word' id='word_1_202' title='bbox 1327 2202 1678 2257; x_wconf 78' lang='lat' dir='ltr'><strong>Anthemium</strong></span> <span class='ocrx_word' id='word_1_203' title='bbox 1733 2199 1876 2256; x_wconf 85' lang='lat' dir='ltr'><strong>Con-</strong></span> 
     </span>
    </p>
   </div>
   <div class='ocr_carea' id='block_1_25' title="bbox 257 2293 1874 2364">
    <p class='ocr_par' dir='ltr' id='par_1_25' title="bbox 257 2293 1874 2364">
     <span class='ocr_line' id='line_1_25' title="bbox 257 2293 1874 2364; baseline -0.001 -16"><span class='ocrx_word' id='word_1_204' title='bbox 257 2293 811 2362; x_wconf 80' lang='lat' dir='ltr'><strong>stantinopolitanum</strong></span> <span class='ocrx_word' id='word_1_205' title='bbox 861 2293 1184 2364; x_wconf 90' lang='lat' dir='ltr'><strong>episcopum</strong></span> <span class='ocrx_word' id='word_1_206' title='bbox 1222 2294 1513 2349; x_wconf 72' lang='lat' dir='ltr'><strong>Eutitianae</strong></span> <span class='ocrx_word' id='word_1_207' title='bbox 1556 2310 1677 2349; x_wconf 91' lang='lat' dir='ltr'><strong>esse</strong></span> <span class='ocrx_word' id='word_1_208' title='bbox 1705 2295 1874 2348; x_wconf 89' lang='lat' dir='ltr'><strong>here-</strong></span> 
     </span>
    </p>
   </div>
   <div class='ocr_carea' id='block_1_26' title="bbox 259 2381 1876 2450">
    <p class='ocr_par' dir='ltr' id='par_1_26' title="bbox 259 2381 1876 2450">
     <span class='ocr_line' id='line_1_26' title="bbox 259 2381 1876 2450; baseline -0.001 -14"><span class='ocrx_word' id='word_1_209' title='bbox 259 2382 360 2449; x_wconf 79' lang='lat' dir='ltr'><strong>sis,</strong></span> <span class='ocrx_word' id='word_1_210' title='bbox 392 2397 460 2437; x_wconf 90' lang='lat' dir='ltr'><strong>eo</strong></span> <span class='ocrx_word' id='word_1_211' title='bbox 517 2382 990 2438; x_wconf 88' lang='lat' dir='ltr'><strong>excommunicato</strong></span> <span class='ocrx_word' id='word_1_212' title='bbox 1033 2390 1088 2438; x_wconf 90' lang='lat' dir='ltr'><strong>et</strong></span> <span class='ocrx_word' id='word_1_213' title='bbox 1143 2383 1386 2450; x_wconf 90' lang='lat' dir='ltr'><strong>cxiliato,</strong></span> <span class='ocrx_word' id='word_1_214' title='bbox 1429 2382 1643 2438; x_wconf 86' lang='lat' dir='ltr'><strong>Menam</strong></span> <span class='ocrx_word' id='word_1_215' title='bbox 1673 2381 1876 2436; x_wconf 88' lang='lat' dir='ltr'><strong>fecitei</strong></span> 
     </span>
    </p>
   </div>
   <div class='ocr_carea' id='block_1_27' title="bbox 257 2474 1878 2548">
    <p class='ocr_par' dir='ltr' id='par_1_27' title="bbox 257 2474 1878 2548">
     <span class='ocr_line' id='line_1_27' title="bbox 257 2474 1878 2548; baseline 0.001 -18"><span class='ocrx_word' id='word_1_216' title='bbox 257 2474 536 2532; x_wconf 87' lang='lat' dir='ltr'><strong>substitui.</strong></span> <span class='ocrx_word' id='word_1_217' title='bbox 559 2475 824 2548; x_wconf 81' lang='lat' dir='ltr'><strong>Agapitus</strong></span> <span class='ocrx_word' id='word_1_218' title='bbox 851 2474 929 2530; x_wconf 92' lang='lat' dir='ltr'><strong>ibi</strong></span> <span class='ocrx_word' id='word_1_219' title='bbox 959 2475 1190 2531; x_wconf 90' lang='lat' dir='ltr'><strong>moritur</strong></span> <span class='ocrx_word' id='word_1_220' title='bbox 1219 2476 1560 2547; x_wconf 86' lang='lat' dir='ltr'><strong>Romamque</strong></span> <span class='ocrx_word' id='word_1_221' title='bbox 1615 2476 1878 2531; x_wconf 83' lang='lat' dir='ltr'><strong>refertur.</strong></span> 
     </span>
    </p>
   </div>
   <div class='ocr_carea' id='block_1_28' title="bbox 262 2565 1881 2639">
    <p class='ocr_par' dir='ltr' id='par_1_28' title="bbox 262 2565 1881 2639">
     <span class='ocr_line' id='line_1_28' title="bbox 262 2565 1881 2639; baseline 0.001 -19"><span class='ocrx_word' id='word_1_222' title='bbox 262 2566 340 2634; x_wconf 89' lang='lat' dir='ltr'><strong>(P.</strong></span> <span class='ocrx_word' id='word_1_223' title='bbox 389 2567 474 2632; x_wconf 88' lang='lat' dir='ltr'><strong>D.)</strong></span> <span class='ocrx_word' id='word_1_224' title='bbox 504 2565 846 2621; x_wconf 83' lang='lat' dir='ltr'><strong>Justinianus</strong></span> <span class='ocrx_word' id='word_1_225' title='bbox 897 2567 1198 2638; x_wconf 88' lang='lat' dir='ltr'><strong>imperator</strong></span> <span class='ocrx_word' id='word_1_226' title='bbox 1246 2566 1723 2639; x_wconf 86' lang='lat' dir='ltr'><strong>Constantinopoli</strong></span> <span class='ocrx_word' id='word_1_227' title='bbox 1773 2582 1881 2622; x_wconf 68' lang='lat' dir='ltr'><strong>aec-</strong></span> 
     </span>
    </p>
   </div>
   <div class='ocr_carea' id='block_1_29' title="bbox 262 2657 1881 2732">
    <p class='ocr_par' dir='ltr' id='par_1_29' title="bbox 262 2657 1881 2732">
     <span class='ocr_line' id='line_1_29' title="bbox 262 2657 1881 2732; baseline 0.002 -19"><span class='ocrx_word' id='word_1_228' title='bbox 262 2657 484 2713; x_wconf 88' lang='lat' dir='ltr'><strong>clesiam</strong></span> <span class='ocrx_word' id='word_1_229' title='bbox 517 2658 572 2713; x_wconf 92' lang='lat' dir='ltr'><strong>S.</strong></span> <span class='ocrx_word' id='word_1_230' title='bbox 608 2658 830 2730; x_wconf 65' lang='lat' dir='ltr'><strong>Sophia:</strong></span> <span class='ocrx_word' id='word_1_231' title='bbox 870 2658 1475 2732; x_wconf 84' lang='lat' dir='ltr'><strong>incomparabiliOpere</strong></span> <span class='ocrx_word' id='word_1_232' title='bbox 1505 2660 1881 2717; x_wconf 75' lang='lat' dir='ltr'><strong>exedificat“.</strong></span> 
     </span>
    </p>
   </div>
   <div class='ocr_carea' id='block_1_30' title="bbox 338 2747 1633 2805">
    <p class='ocr_par' dir='ltr' id='par_1_30' title="bbox 338 2747 1633 2805">
     <span class='ocr_line' id='line_1_30' title="bbox 338 2747 1633 2805; baseline 0.004 -5"><span class='ocrx_word' id='word_1_233' title='bbox 338 2747 461 2802; x_wconf 73' lang='grc'><strong>531.</strong></span> <span class='ocrx_word' id='word_1_234' title='bbox 543 2747 594 2802; x_wconf 91' lang='lat'><strong>7.</strong></span> <span class='ocrx_word' id='word_1_235' title='bbox 674 2748 763 2802; x_wconf 91' lang='grc'><strong>13.</strong></span> <span class='ocrx_word' id='word_1_236' title='bbox 839 2749 930 2802; x_wconf 86' lang='grc'><strong>20.</strong></span> <span class='ocrx_word' id='word_1_237' title='bbox 1009 2750 1063 2804; x_wconf 87' lang='grc'><strong>8.</strong></span> <span class='ocrx_word' id='word_1_238' title='bbox 1141 2749 1230 2805; x_wconf 91' lang='lat'><strong>43.</strong></span> <span class='ocrx_word' id='word_1_239' title='bbox 1449 2750 1504 2805; x_wconf 87' lang='grc'><strong>9.</strong></span> <span class='ocrx_word' id='word_1_240' title='bbox 1581 2751 1633 2805; x_wconf 90' lang='grc'><strong>1.</strong></span> 
     </span>
    </p>
   </div>
   <div class='ocr_carea' id='block_1_31' title="bbox 342 2840 1888 2909">
    <p class='ocr_par' dir='ltr' id='par_1_31' title="bbox 342 2840 1888 2909">
     <span class='ocr_line' id='line_1_31' title="bbox 342 2840 1888 2909; baseline 0.003 -15"><span class='ocrx_word' id='word_1_241' title='bbox 342 2840 421 2908; x_wconf 77' lang='grc'><strong>(6.</strong></span> <span class='ocrx_word' id='word_1_242' title='bbox 473 2841 641 2909; x_wconf 76' lang='lat' dir='ltr'><strong>poni.)</strong></span> <span class='ocrx_word' id='word_1_243' title='bbox 698 2840 966 2896; x_wconf 88' lang='lat' dir='ltr'><strong>Silverius</strong></span> <span class='ocrx_word' id='word_1_244' title='bbox 1023 2842 1153 2897; x_wconf 68' lang='lat'><strong>5508</strong></span> <span class='ocrx_word' id='word_1_245' title='bbox 1222 2843 1480 2898; x_wconf 78' lang='lat' dir='ltr'><strong>Romanae</strong></span> <span class='ocrx_word' id='word_1_246' title='bbox 1535 2843 1798 2898; x_wconf 51' lang='lat' dir='ltr'><strong>ecclesiae</strong></span> <span class='ocrx_word' id='word_1_247' title='bbox 1856 2859 1888 2898; x_wconf 89' lang='lat' dir='ltr'><strong>a</strong></span> 
     </span>
    </p>
   </div>
   <div class='ocr_carea' id='block_1_32' title="bbox 271 2931 1884 2990">
    <p class='ocr_par' dir='ltr' id='par_1_32' title="bbox 271 2931 1884 2990">
     <span class='ocr_line' id='line_1_32' title="bbox 271 2931 1884 2990; baseline 0.001 -4"><span class='ocrx_word' id='word_1_248' title='bbox 271 2931 555 2987; x_wconf 89' lang='lat' dir='ltr'><strong>Theodato</strong></span> <span class='ocrx_word' id='word_1_249' title='bbox 584 2932 950 2988; x_wconf 86' lang='lat' dir='ltr'><strong>substituitur.</strong></span> <span class='ocrx_word' id='word_1_250' title='bbox 1006 2933 1288 2989; x_wconf 87' lang='lat' dir='ltr'><strong>Bilisarius</strong></span> <span class='ocrx_word' id='word_1_251' title='bbox 1325 2940 1515 2990; x_wconf 90' lang='lat' dir='ltr'><strong>contra</strong></span> <span class='ocrx_word' id='word_1_252' title='bbox 1551 2935 1884 2990; x_wconf 89' lang='lat' dir='ltr'><strong>Theodatum</strong></span> 
     </span>
    </p>
   </div>
   <div class='ocr_carea' id='block_1_33' title="bbox 3210 1030 3425 1087">
    <p class='ocr_par' dir='ltr' id='par_1_33' title="bbox 3210 1030 3425 1087">
     <span class='ocr_line' id='line_1_33' title="bbox 3210 1030 3425 1087; baseline 0.014 -3"><span class='ocrx_word' id='word_1_253' title='bbox 3210 1030 3290 1085; x_wconf 77' lang='lat'><strong>12.</strong></span> <span class='ocrx_word' id='word_1_254' title='bbox 3376 1035 3425 1087; x_wconf 90' lang='grc'><strong>1.</strong></span> 
     </span>
    </p>
   </div>
   <div class='ocr_carea' id='block_1_34' title="bbox 2028 1137 3564 1212">
    <p class='ocr_par' dir='ltr' id='par_1_34' title="bbox 2028 1137 3564 1212">
     <span class='ocr_line' id='line_1_34' title="bbox 2028 1137 3564 1212; baseline 0.006 -20"><span class='ocrx_word' id='word_1_255' title='bbox 2028 1139 2124 1207; x_wconf 84' lang='grc' dir='ltr'><strong>(Η.</strong></span> <span class='ocrx_word' id='word_1_256' title='bbox 2160 1141 2261 1205; x_wconf 88' lang='lat' dir='ltr'><strong>m.)</strong></span> <span class='ocrx_word' id='word_1_257' title='bbox 2303 1137 2458 1207; x_wconf 92' lang='lat' dir='ltr'><strong>Apud</strong></span> <span class='ocrx_word' id='word_1_258' title='bbox 2506 1138 2696 1194; x_wconf 90' lang='lat' dir='ltr'><strong>Persas</strong></span> <span class='ocrx_word' id='word_1_259' title='bbox 2741 1148 2932 1212; x_wconf 86' lang='lat' dir='ltr'><strong>regnat</strong></span> <span class='ocrx_word' id='word_1_260' title='bbox 2971 1140 3238 1198; x_wconf 91' lang='lat' dir='ltr'><strong>Chrosroe</strong></span> <span class='ocrx_word' id='word_1_261' title='bbox 3289 1147 3450 1200; x_wconf 80' lang='lat' dir='ltr'><strong>anuis</strong></span> <span class='ocrx_word' id='word_1_262' title='bbox 3477 1149 3564 1202; x_wconf 78' lang='lat'><strong>37.</strong></span> 
     </span>
    </p>
   </div>
   <div class='ocr_carea' id='block_1_35' title="bbox 1961 1230 3565 1304">
    <p class='ocr_par' dir='ltr' id='par_1_35' title="bbox 1961 1230 3565 1304">
     <span class='ocr_line' id='line_1_35' title="bbox 1961 1230 3565 1304; baseline 0.007 -19"><span class='ocrx_word' id='word_1_263' title='bbox 1961 1230 2100 1300; x_wconf 89' lang='lat' dir='ltr'><strong>(G.r</strong></span> <span class='ocrx_word' id='word_1_264' title='bbox 2176 1234 2258 1298; x_wconf 84' lang='lat' dir='ltr'><strong>F.)</strong></span> <span class='ocrx_word' id='word_1_265' title='bbox 2309 1230 2686 1286; x_wconf 90' lang='lat' dir='ltr'><strong>Theodericus</strong></span> <span class='ocrx_word' id='word_1_266' title='bbox 2753 1249 2843 1286; x_wconf 88' lang='lat' dir='ltr'><strong>rex</strong></span> <span class='ocrx_word' id='word_1_267' title='bbox 2879 1232 3044 1289; x_wconf 87' lang='lat' dir='ltr'><strong>frater</strong></span> <span class='ocrx_word' id='word_1_268' title='bbox 3100 1235 3336 1292; x_wconf 89' lang='lat' dir='ltr'><strong>Lotharii</strong></span> <span class='ocrx_word' id='word_1_269' title='bbox 3383 1241 3565 1304; x_wconf 87' lang='lat' dir='ltr'><strong>obiit;</strong></span> 
     </span>
    </p>
   </div>
   <div class='ocr_carea' id='block_1_36' title="bbox 1961 1318 3571 1397">
    <p class='ocr_par' dir='ltr' id='par_1_36' title="bbox 1961 1318 3571 1397">
     <span class='ocr_line' id='line_1_36' title="bbox 1961 1318 3571 1397; baseline 0.007 -24"><span class='ocrx_word' id='word_1_270' title='bbox 1961 1319 2378 1376; x_wconf 90' lang='lat' dir='ltr'><strong>Theodebertus</strong></span> <span class='ocrx_word' id='word_1_271' title='bbox 2443 1318 2591 1374; x_wconf 89' lang='lat' dir='ltr'><strong>ﬁlius</strong></span> <span class='ocrx_word' id='word_1_272' title='bbox 2642 1322 2764 1389; x_wconf 87' lang='lat' dir='ltr'><strong>ejus</strong></span> <span class='ocrx_word' id='word_1_273' title='bbox 2822 1321 2874 1376; x_wconf 89' lang='lat' dir='ltr'><strong>ei</strong></span> <span class='ocrx_word' id='word_1_274' title='bbox 2945 1324 3210 1380; x_wconf 87' lang='lat' dir='ltr'><strong>succedit.</strong></span> <span class='ocrx_word' id='word_1_275' title='bbox 3279 1329 3454 1397; x_wconf 83' lang='lat' dir='ltr'><strong>(Narr.</strong></span> <span class='ocrx_word' id='word_1_276' title='bbox 3507 1332 3571 1386; x_wconf 87' lang='lat' dir='ltr'><strong>de</strong></span> 
     </span>
    </p>
   </div>
   <div class='ocr_carea' id='block_1_37' title="bbox 1965 1413 3571 1484">
    <p class='ocr_par' dir='ltr' id='par_1_37' title="bbox 1965 1413 3571 1484">
     <span class='ocr_line' id='line_1_37' title="bbox 1965 1413 3571 1484; baseline 0.006 -17"><span class='ocrx_word' id='word_1_277' title='bbox 1965 1415 2208 1482; x_wconf 85' lang='lat' dir='ltr'><strong>Theoph.)</strong></span> <span class='ocrx_word' id='word_1_278' title='bbox 2265 1413 2375 1468; x_wconf 84' lang='lat' dir='ltr'><strong>Hoc</strong></span> <span class='ocrx_word' id='word_1_279' title='bbox 2431 1413 2474 1447; x_wconf 76' lang='grc'><strong>⁸⁵</strong></span> <span class='ocrx_word' id='word_1_280' title='bbox 2528 1420 2772 1484; x_wconf 88' lang='lat' dir='ltr'><strong>tempore</strong></span> <span class='ocrx_word' id='word_1_281' title='bbox 2823 1414 2877 1468; x_wconf 90' lang='lat' dir='ltr'><strong>in</strong></span> <span class='ocrx_word' id='word_1_282' title='bbox 2943 1431 3052 1470; x_wconf 91' lang='lat' dir='ltr'><strong>una</strong></span> <span class='ocrx_word' id='word_1_283' title='bbox 3099 1418 3316 1473; x_wconf 90' lang='lat' dir='ltr'><strong>urbium</strong></span> <span class='ocrx_word' id='word_1_284' title='bbox 3380 1419 3571 1477; x_wconf 68' lang='grc' dir='ltr'><strong>Οἰιίιὶεε</strong></span> 
     </span>
    </p>
   </div>
   <div class='ocr_carea' id='block_1_38' title="bbox 1965 1500 3577 1576">
    <p class='ocr_par' dir='ltr' id='par_1_38' title="bbox 1965 1500 3577 1576">
     <span class='ocr_line' id='line_1_38' title="bbox 1965 1500 3577 1576; baseline 0.007 -22"><span class='ocrx_word' id='word_1_285' title='bbox 1965 1501 2190 1572; x_wconf 90' lang='lat' dir='ltr'><strong>quidem</strong></span> <span class='ocrx_word' id='word_1_286' title='bbox 2219 1500 2553 1572; x_wconf 86' lang='lat' dir='ltr'><strong>TheOphilus</strong></span> <span class='ocrx_word' id='word_1_287' title='bbox 2607 1501 2987 1557; x_wconf 89' lang='lat' dir='ltr'><strong>vicedominus</strong></span> <span class='ocrx_word' id='word_1_288' title='bbox 3035 1511 3142 1559; x_wconf 91' lang='lat' dir='ltr'><strong>tam</strong></span> <span class='ocrx_word' id='word_1_289' title='bbox 3195 1508 3498 1576; x_wconf 82' lang='lat' dir='ltr'><strong>prudenter</strong></span> <span class='ocrx_word' id='word_1_290' title='bbox 3524 1518 3577 1564; x_wconf 89' lang='lat' dir='ltr'><strong>et</strong></span> 
     </span>
    </p>
   </div>
   <div class='ocr_carea' id='block_1_39' title="bbox 1968 1589 3581 1665">
    <p class='ocr_par' dir='ltr' id='par_1_39' title="bbox 1968 1589 3581 1665">
     <span class='ocr_line' id='line_1_39' title="bbox 1968 1589 3581 1665; baseline 0.006 -22"><span class='ocrx_word' id='word_1_291' title='bbox 1968 1589 2174 1644; x_wconf 90' lang='lat' dir='ltr'><strong>utiliter</strong></span> <span class='ocrx_word' id='word_1_292' title='bbox 2192 1589 2464 1644; x_wconf 90' lang='lat' dir='ltr'><strong>secundas</strong></span> <span class='ocrx_word' id='word_1_293' title='bbox 2492 1597 2674 1660; x_wconf 89' lang='lat' dir='ltr'><strong>partes</strong></span> <span class='ocrx_word' id='word_1_294' title='bbox 2731 1591 3118 1647; x_wconf 72' lang='lat' dir='ltr'><strong>ecclesiasticae</strong></span> <span class='ocrx_word' id='word_1_295' title='bbox 3151 1594 3581 1665; x_wconf 86' lang='lat' dir='ltr'><strong>dispensationis</strong></span> 
     </span>
    </p>
   </div>
   <div class='ocr_carea' id='block_1_40' title="bbox 1893 1681 3576 1764">
    <p class='ocr_par' dir='ltr' id='par_1_40' title="bbox 1893 1681 3576 1764">
     <span class='ocr_line' id='line_1_40' title="bbox 1893 1681 3576 1764; baseline 0.005 -28"><span class='ocrx_word' id='word_1_296' title='bbox 1893 1697 1941 1764; x_wconf 80' lang='grc' dir='ltr'><strong>Β</strong></span> <span class='ocrx_word' id='word_1_297' title='bbox 1971 1681 2073 1737; x_wconf 93' lang='lat' dir='ltr'><strong>sub</strong></span> <span class='ocrx_word' id='word_1_298' title='bbox 2102 1681 2366 1753; x_wconf 91' lang='lat' dir='ltr'><strong>episcopo</strong></span> <span class='ocrx_word' id='word_1_299' title='bbox 2396 1681 2614 1756; x_wconf 85' lang='lat' dir='ltr'><strong>agebat,</strong></span> <span class='ocrx_word' id='word_1_300' title='bbox 2647 1691 2706 1737; x_wconf 91' lang='lat' dir='ltr'><strong>ut</strong></span> <span class='ocrx_word' id='word_1_301' title='bbox 2738 1693 2952 1740; x_wconf 92' lang='lat' dir='ltr'><strong>mortuo</strong></span> <span class='ocrx_word' id='word_1_302' title='bbox 3008 1685 3270 1758; x_wconf 89' lang='lat' dir='ltr'><strong>episc0po</strong></span> <span class='ocrx_word' id='word_1_303' title='bbox 3330 1691 3576 1745; x_wconf 89' lang='lat' dir='ltr'><strong>omnium</strong></span> 
     </span>
    </p>
   </div>
   <div class='ocr_carea' id='block_1_41' title="bbox 1971 1773 3584 1847">
    <p class='ocr_par' dir='ltr' id='par_1_41' title="bbox 1971 1773 3584 1847">
     <span class='ocr_line' id='line_1_41' title="bbox 1971 1773 3584 1847; baseline 0.005 -18"><span class='ocrx_word' id='word_1_304' title='bbox 1971 1789 2067 1829; x_wconf 93' lang='lat' dir='ltr'><strong>ore</strong></span> <span class='ocrx_word' id='word_1_305' title='bbox 2095 1774 2297 1847; x_wconf 87' lang='lat' dir='ltr'><strong>dignus</strong></span> <span class='ocrx_word' id='word_1_306' title='bbox 2328 1773 2652 1845; x_wconf 89' lang='lat' dir='ltr'><strong>episcopatu</strong></span> <span class='ocrx_word' id='word_1_307' title='bbox 2697 1791 2819 1830; x_wconf 91' lang='lat' dir='ltr'><strong>esse</strong></span> <span class='ocrx_word' id='word_1_308' title='bbox 2863 1777 3278 1834; x_wconf 88' lang='lat' dir='ltr'><strong>acclamaretur.</strong></span> <span class='ocrx_word' id='word_1_309' title='bbox 3320 1781 3418 1846; x_wconf 90' lang='lat' dir='ltr'><strong>Qui</strong></span> <span class='ocrx_word' id='word_1_310' title='bbox 3447 1799 3584 1838; x_wconf 88' lang='lat' dir='ltr'><strong>con-</strong></span> 
     </span>
    </p>
   </div>
   <div class='ocr_carea' id='block_1_42' title="bbox 1974 1862 3586 1942">
    <p class='ocr_par' dir='ltr' id='par_1_42' title="bbox 1974 1862 3586 1942">
     <span class='ocr_line' id='line_1_42' title="bbox 1974 1862 3586 1942; baseline 0.007 -25"><span class='ocrx_word' id='word_1_311' title='bbox 1974 1870 2157 1918; x_wconf 89' lang='lat' dir='ltr'><strong>tentus</strong></span> <span class='ocrx_word' id='word_1_312' title='bbox 2182 1862 2613 1930; x_wconf 89' lang='lat' dir='ltr'><strong>vicedominatu,</strong></span> <span class='ocrx_word' id='word_1_313' title='bbox 2647 1863 2811 1918; x_wconf 87' lang='lat' dir='ltr'><strong>alium</strong></span> <span class='ocrx_word' id='word_1_314' title='bbox 2864 1865 3107 1920; x_wconf 87' lang='lat' dir='ltr'><strong>ordinari</strong></span> <span class='ocrx_word' id='word_1_315' title='bbox 3157 1869 3586 1942; x_wconf 60' lang='lat' dir='ltr'><strong>maluttepisco-</strong></span> 
     </span>
    </p>
   </div>
   <div class='ocr_carea' id='block_1_43' title="bbox 1975 1955 3582 2032">
    <p class='ocr_par' dir='ltr' id='par_1_43' title="bbox 1975 1955 3582 2032">
     <span class='ocr_line' id='line_1_43' title="bbox 1975 1955 3582 2032; baseline 0.005 -20"><span class='ocrx_word' id='word_1_316' title='bbox 1975 1959 2195 2028; x_wconf 90' lang='lat' dir='ltr'><strong>pum.A</strong></span> <span class='ocrx_word' id='word_1_317' title='bbox 2246 1972 2358 2028; x_wconf 92' lang='lat' dir='ltr'><strong>quo</strong></span> <span class='ocrx_word' id='word_1_318' title='bbox 2415 1973 2445 2012; x_wconf 89' lang='lat' dir='ltr'><strong>a</strong></span> <span class='ocrx_word' id='word_1_319' title='bbox 2500 1955 2910 2014; x_wconf 88' lang='lat' dir='ltr'><strong>vicedominatu</strong></span> <span class='ocrx_word' id='word_1_320' title='bbox 2960 1960 3160 2029; x_wconf 88' lang='lat' dir='ltr'><strong>injuste</strong></span> <span class='ocrx_word' id='word_1_321' title='bbox 3223 1974 3457 2032; x_wconf 90' lang='lat' dir='ltr'><strong>amotus,</strong></span> <span class='ocrx_word' id='word_1_322' title='bbox 3515 1967 3582 2020; x_wconf 84' lang='lat' dir='ltr'><strong>ad</strong></span> 
     </span>
    </p>
   </div>
   <div class='ocr_carea' id='block_1_44' title="bbox 1976 2048 3583 2120">
    <p class='ocr_par' dir='ltr' id='par_1_44' title="bbox 1976 2048 3583 2120">
     <span class='ocr_line' id='line_1_44' title="bbox 1976 2048 3583 2120; baseline 0.006 -17"><span class='ocrx_word' id='word_1_323' title='bbox 1976 2055 2177 2104; x_wconf 90' lang='lat' dir='ltr'><strong>tantam</strong></span> <span class='ocrx_word' id='word_1_324' title='bbox 2197 2048 2596 2118; x_wconf 88' lang='lat' dir='ltr'><strong>impatientiam</strong></span> <span class='ocrx_word' id='word_1_325' title='bbox 2625 2057 2710 2103; x_wconf 92' lang='lat' dir='ltr'><strong>est</strong></span> <span class='ocrx_word' id='word_1_326' title='bbox 2740 2050 3020 2120; x_wconf 88' lang='lat' dir='ltr'><strong>delapsus,</strong></span> <span class='ocrx_word' id='word_1_327' title='bbox 3053 2060 3112 2107; x_wconf 93' lang='lat' dir='ltr'><strong>ut</strong></span> <span class='ocrx_word' id='word_1_328' title='bbox 3159 2055 3431 2112; x_wconf 92' lang='lat' dir='ltr'><strong>conducto</strong></span> <span class='ocrx_word' id='word_1_329' title='bbox 3478 2059 3583 2112; x_wconf 82' lang='lat' dir='ltr'><strong>sibi</strong></span> 
     </span>
    </p>
   </div>
   <div class='ocr_carea' id='block_1_45' title="bbox 1977 2142 3586 2224">
    <p class='ocr_par' dir='ltr' id='par_1_45' title="bbox 1977 2142 3586 2224">
     <span class='ocr_line' id='line_1_45' title="bbox 1977 2142 3586 2224; baseline 0.008 -28"><span class='ocrx_word' id='word_1_330' title='bbox 1977 2142 2191 2197; x_wconf 82' lang='lat' dir='ltr'><strong>Hebreo</strong></span> <span class='ocrx_word' id='word_1_331' title='bbox 2219 2142 2458 2214; x_wconf 90' lang='lat' dir='ltr'><strong>quodam</strong></span> <span class='ocrx_word' id='word_1_332' title='bbox 2495 2157 2676 2217; x_wconf 86' lang='lat' dir='ltr'><strong>mago,</strong></span> <span class='ocrx_word' id='word_1_333' title='bbox 2709 2159 2806 2213; x_wconf 93' lang='lat' dir='ltr'><strong>per</strong></span> <span class='ocrx_word' id='word_1_334' title='bbox 2834 2160 2959 2198; x_wconf 91' lang='lat' dir='ltr'><strong>eum</strong></span> <span class='ocrx_word' id='word_1_335' title='bbox 2983 2161 3144 2216; x_wconf 90' lang='lat' dir='ltr'><strong>opem</strong></span> <span class='ocrx_word' id='word_1_336' title='bbox 3173 2149 3242 2202; x_wconf 90' lang='lat' dir='ltr'><strong>ad</strong></span> <span class='ocrx_word' id='word_1_337' title='bbox 3265 2150 3586 2224; x_wconf 87' lang='lat' dir='ltr'><strong>dignitatem</strong></span> 
     </span>
    </p>
   </div>
   <div class='ocr_carea' id='block_1_46' title="bbox 1977 2235 3590 2310">
    <p class='ocr_par' dir='ltr' id='par_1_46' title="bbox 1977 2235 3590 2310">
     <span class='ocr_line' id='line_1_46' title="bbox 1977 2235 3590 2310; baseline 0.006 -20"><span class='ocrx_word' id='word_1_338' title='bbox 1977 2251 2132 2290; x_wconf 88' lang='lat' dir='ltr'><strong>suam</strong></span> <span class='ocrx_word' id='word_1_339' title='bbox 2165 2235 2598 2305; x_wconf 88' lang='lat' dir='ltr'><strong>recuperandam</strong></span> <span class='ocrx_word' id='word_1_340' title='bbox 2629 2241 2914 2306; x_wconf 83' lang='lat' dir='ltr'><strong>expeteret</strong></span> <span class='ocrx_word' id='word_1_341' title='bbox 2943 2253 2972 2290; x_wconf 93' lang='lat' dir='ltr'><strong>a</strong></span> <span class='ocrx_word' id='word_1_342' title='bbox 3018 2236 3269 2310; x_wconf 90' lang='lat' dir='ltr'><strong>principe</strong></span> <span class='ocrx_word' id='word_1_343' title='bbox 3301 2242 3590 2300; x_wconf 88' lang='lat' dir='ltr'><strong>demonio-</strong></span> 
     </span>
    </p>
   </div>
   <div class='ocr_carea' id='block_1_47' title="bbox 1980 2323 3593 2398">
    <p class='ocr_par' dir='ltr' id='par_1_47' title="bbox 1980 2323 3593 2398">
     <span class='ocr_line' id='line_1_47' title="bbox 1980 2323 3593 2398; baseline 0.004 -17"><span class='ocrx_word' id='word_1_344' title='bbox 1980 2341 2100 2381; x_wconf 91' lang='lat' dir='ltr'><strong>rum</strong></span> <span class='ocrx_word' id='word_1_345' title='bbox 2127 2343 2146 2391; x_wconf 79' lang='lat'><strong>,-</strong></span> <span class='ocrx_word' id='word_1_346' title='bbox 2179 2330 2234 2380; x_wconf 90' lang='lat' dir='ltr'><strong>et</strong></span> <span class='ocrx_word' id='word_1_347' title='bbox 2261 2323 2331 2378; x_wconf 90' lang='lat' dir='ltr'><strong>ab</strong></span> <span class='ocrx_word' id='word_1_348' title='bbox 2357 2339 2424 2379; x_wconf 90' lang='lat' dir='ltr'><strong>eo</strong></span> <span class='ocrx_word' id='word_1_349' title='bbox 2439 2325 2630 2392; x_wconf 90' lang='lat' dir='ltr'><strong>jussus</strong></span> <span class='ocrx_word' id='word_1_350' title='bbox 2661 2323 2938 2398; x_wconf 87' lang='lat' dir='ltr'><strong>abnegare</strong></span> <span class='ocrx_word' id='word_1_351' title='bbox 2983 2324 3252 2382; x_wconf 87' lang='lat' dir='ltr'><strong>Christum</strong></span> <span class='ocrx_word' id='word_1_352' title='bbox 3294 2330 3466 2386; x_wconf 82' lang='lat' dir='ltr'><strong>tilium</strong></span> <span class='ocrx_word' id='word_1_353' title='bbox 3494 2333 3593 2387; x_wconf 90' lang='lat' dir='ltr'><strong>Dei</strong></span> 
     </span>
    </p>
   </div>
   <div class='ocr_carea' id='block_1_48' title="bbox 1982 2414 3594 2487">
    <p class='ocr_par' dir='ltr' id='par_1_48' title="bbox 1982 2414 3594 2487">
     <span class='ocr_line' id='line_1_48' title="bbox 1982 2414 3594 2487; baseline 0.003 -16"><span class='ocrx_word' id='word_1_354' title='bbox 1982 2416 2212 2487; x_wconf 89' lang='lat' dir='ltr'><strong>ejusque</strong></span> <span class='ocrx_word' id='word_1_355' title='bbox 2269 2422 2496 2470; x_wconf 90' lang='lat' dir='ltr'><strong>matrem</strong></span> <span class='ocrx_word' id='word_1_356' title='bbox 2549 2414 2773 2470; x_wconf 85' lang='lat' dir='ltr'><strong>Mariam</strong></span> <span class='ocrx_word' id='word_1_357' title='bbox 2822 2431 2947 2471; x_wconf 91' lang='lat' dir='ltr'><strong>cum</strong></span> <span class='ocrx_word' id='word_1_358' title='bbox 3003 2418 3154 2472; x_wconf 90' lang='lat' dir='ltr'><strong>omni</strong></span> <span class='ocrx_word' id='word_1_359' title='bbox 3202 2420 3594 2477; x_wconf 88' lang='lat' dir='ltr'><strong>christianismi</strong></span> 
     </span>
    </p>
   </div>
   <div class='ocr_carea' id='block_1_49' title="bbox 1984 2507 3597 2583">
    <p class='ocr_par' dir='ltr' id='par_1_49' title="bbox 1984 2507 3597 2583">
     <span class='ocr_line' id='line_1_49' title="bbox 1984 2507 3597 2583; baseline 0.004 -21"><span class='ocrx_word' id='word_1_360' title='bbox 1984 2507 2289 2579; x_wconf 91' lang='lat' dir='ltr'><strong>proposito,</strong></span> <span class='ocrx_word' id='word_1_361' title='bbox 2324 2517 2378 2562; x_wconf 88' lang='lat' dir='ltr'><strong>et</strong></span> <span class='ocrx_word' id='word_1_362' title='bbox 2405 2507 2578 2578; x_wconf 89' lang='lat' dir='ltr'><strong>ipsam</strong></span> <span class='ocrx_word' id='word_1_363' title='bbox 2602 2507 3029 2583; x_wconf 88' lang='lat' dir='ltr'><strong>abnegationem</strong></span> <span class='ocrx_word' id='word_1_364' title='bbox 3059 2510 3264 2581; x_wconf 88' lang='lat' dir='ltr'><strong>scripto</strong></span> <span class='ocrx_word' id='word_1_365' title='bbox 3294 2511 3510 2569; x_wconf 89' lang='lat' dir='ltr'><strong>ﬁrmare</strong></span> <span class='ocrx_word' id='word_1_366' title='bbox 3542 2523 3597 2568; x_wconf 90' lang='lat' dir='ltr'><strong>ct</strong></span> 
     </span>
    </p>
   </div>
   <div class='ocr_carea' id='block_1_50' title="bbox 1981 2596 3604 2671">
    <p class='ocr_par' dir='ltr' id='par_1_50' title="bbox 1981 2596 3604 2671">
     <span class='ocr_line' id='line_1_50' title="bbox 1981 2596 3604 2671; baseline 0.004 -19"><span class='ocrx_word' id='word_1_367' title='bbox 1981 2596 2240 2666; x_wconf 88' lang='lat' dir='ltr'><strong>scriptam</strong></span> <span class='ocrx_word' id='word_1_368' title='bbox 2267 2597 2487 2669; x_wconf 86' lang='lat' dir='ltr'><strong>signare</strong></span> <span class='ocrx_word' id='word_1_369' title='bbox 2531 2605 2587 2651; x_wconf 93' lang='lat' dir='ltr'><strong>et</strong></span> <span class='ocrx_word' id='word_1_370' title='bbox 2639 2596 2908 2670; x_wconf 86' lang='lat' dir='ltr'><strong>signatam</strong></span> <span class='ocrx_word' id='word_1_371' title='bbox 2952 2599 3055 2653; x_wconf 91' lang='lat' dir='ltr'><strong>sibi</strong></span> <span class='ocrx_word' id='word_1_372' title='bbox 3101 2600 3339 2664; x_wconf 90' lang='lat' dir='ltr'><strong>tradere,</strong></span> <span class='ocrx_word' id='word_1_373' title='bbox 3396 2603 3515 2671; x_wconf 86' lang='lat' dir='ltr'><strong>ejus</strong></span> <span class='ocrx_word' id='word_1_374' title='bbox 3541 2620 3604 2658; x_wconf 89' lang='lat' dir='ltr'><strong>se</strong></span> 
     </span>
    </p>
   </div>
   <div class='ocr_carea' id='block_1_51' title="bbox 1983 2685 3601 2760">
    <p class='ocr_par' dir='ltr' id='par_1_51' title="bbox 1983 2685 3601 2760">
     <span class='ocr_line' id='line_1_51' title="bbox 1983 2685 3601 2760; baseline 0.006 -22"><span class='ocrx_word' id='word_1_375' title='bbox 1983 2685 2208 2739; x_wconf 91' lang='lat' dir='ltr'><strong>servitio</strong></span> <span class='ocrx_word' id='word_1_376' title='bbox 2237 2685 2464 2739; x_wconf 86' lang='lat' dir='ltr'><strong>addixit.</strong></span> <span class='ocrx_word' id='word_1_377' title='bbox 2491 2685 2590 2750; x_wconf 85' lang='lat' dir='ltr'><strong>Qui</strong></span> <span class='ocrx_word' id='word_1_378' title='bbox 2647 2685 2702 2738; x_wconf 89' lang='lat' dir='ltr'><strong>in</strong></span> <span class='ocrx_word' id='word_1_379' title='bbox 2747 2687 3044 2741; x_wconf 91' lang='lat' dir='ltr'><strong>crastinum</strong></span> <span class='ocrx_word' id='word_1_380' title='bbox 3097 2698 3420 2760; x_wconf 90' lang='lat' dir='ltr'><strong>recuperato</strong></span> <span class='ocrx_word' id='word_1_381' title='bbox 3449 2692 3601 2748; x_wconf 91' lang='lat' dir='ltr'><strong>vice-</strong></span> 
     </span>
    </p>
   </div>
   <div class='ocr_carea' id='block_1_52' title="bbox 1987 2779 3595 2850">
    <p class='ocr_par' dir='ltr' id='par_1_52' title="bbox 1987 2779 3595 2850">
     <span class='ocr_line' id='line_1_52' title="bbox 1987 2779 3595 2850; baseline 0.002 -13"><span class='ocrx_word' id='word_1_382' title='bbox 1987 2781 2301 2837; x_wconf 89' lang='lat' dir='ltr'><strong>dominatus</strong></span> <span class='ocrx_word' id='word_1_383' title='bbox 2341 2779 2573 2845; x_wconf 91' lang='lat' dir='ltr'><strong>honore,</strong></span> <span class='ocrx_word' id='word_1_384' title='bbox 2606 2795 2717 2834; x_wconf 87' lang='lat' dir='ltr'><strong>non</strong></span> <span class='ocrx_word' id='word_1_385' title='bbox 2767 2779 2938 2835; x_wconf 91' lang='lat' dir='ltr'><strong>multo</strong></span> <span class='ocrx_word' id='word_1_386' title='bbox 2966 2788 3088 2850; x_wconf 92' lang='lat' dir='ltr'><strong>post</strong></span> <span class='ocrx_word' id='word_1_387' title='bbox 3115 2781 3182 2835; x_wconf 87' lang='lat' dir='ltr'><strong>ad</strong></span> <span class='ocrx_word' id='word_1_388' title='bbox 3231 2797 3290 2838; x_wconf 91' lang='lat' dir='ltr'><strong>se</strong></span> <span class='ocrx_word' id='word_1_389' title='bbox 3323 2799 3595 2847; x_wconf 88' lang='lat' dir='ltr'><strong>reversus,</strong></span> 
     </span>
    </p>
   </div>
   <div class='ocr_carea' id='block_1_53' title="bbox 1989 2866 3598 2944">
    <p class='ocr_par' dir='ltr' id='par_1_53' title="bbox 1989 2866 3598 2944">
     <span class='ocr_line' id='line_1_53' title="bbox 1989 2866 3598 2944; baseline 0.002 -20"><span class='ocrx_word' id='word_1_390' title='bbox 1989 2886 2088 2941; x_wconf 90' lang='lat' dir='ltr'><strong>per</strong></span> <span class='ocrx_word' id='word_1_391' title='bbox 2115 2869 2234 2923; x_wconf 90' lang='lat' dir='ltr'><strong>dies</strong></span> <span class='ocrx_word' id='word_1_392' title='bbox 2254 2867 2324 2921; x_wconf 89' lang='lat'><strong>40</strong></span> <span class='ocrx_word' id='word_1_393' title='bbox 2353 2866 2504 2921; x_wconf 88' lang='lat' dir='ltr'><strong>omni</strong></span> <span class='ocrx_word' id='word_1_394' title='bbox 2536 2866 2820 2937; x_wconf 90' lang='lat' dir='ltr'><strong>penitendi</strong></span> <span class='ocrx_word' id='word_1_395' title='bbox 2841 2867 3007 2922; x_wconf 92' lang='lat' dir='ltr'><strong>modo</strong></span> <span class='ocrx_word' id='word_1_396' title='bbox 3035 2883 3094 2921; x_wconf 90' lang='lat' dir='ltr'><strong>se</strong></span> <span class='ocrx_word' id='word_1_397' title='bbox 3122 2867 3395 2944; x_wconf 83' lang='lat' dir='ltr'><strong>afﬂigens,</strong></span> <span class='ocrx_word' id='word_1_398' title='bbox 3422 2872 3598 2941; x_wconf 91' lang='lat' dir='ltr'><strong>primo</strong></span> 
     </span>
    </p>
   </div>
   <div class='ocr_carea' id='block_1_54' title="bbox 1990 2958 3602 3036">
    <p class='ocr_par' dir='ltr' id='par_1_54' title="bbox 1990 2958 3602 3036">
     <span class='ocr_line' id='line_1_54' title="bbox 1990 2958 3602 3036; baseline 0.004 -21"><span class='ocrx_word' id='word_1_399' title='bbox 1990 2961 2135 3032; x_wconf 89' lang='lat' dir='ltr'><strong>piam</strong></span> <span class='ocrx_word' id='word_1_400' title='bbox 2167 2960 2262 3015; x_wconf 89' lang='lat' dir='ltr'><strong>Dei</strong></span> <span class='ocrx_word' id='word_1_401' title='bbox 2284 2968 2512 3014; x_wconf 90' lang='lat' dir='ltr'><strong>matrem</strong></span> <span class='ocrx_word' id='word_1_402' title='bbox 2551 2958 2772 3014; x_wconf 85' lang='lat' dir='ltr'><strong>Mariam</strong></span> <span class='ocrx_word' id='word_1_403' title='bbox 2832 2959 2938 3014; x_wconf 91' lang='lat' dir='ltr'><strong>sibi</strong></span> <span class='ocrx_word' id='word_1_404' title='bbox 2972 2961 3347 3017; x_wconf 89' lang='lat' dir='ltr'><strong>reconciliavit</strong></span> <span class='ocrx_word' id='word_1_405' title='bbox 3383 2979 3602 3036; x_wconf 86' lang='lat' dir='ltr'><strong>;eaque</strong></span> 
     </span>
    </p>
   </div>
   <div class='ocr_carea' id='block_1_55' title="bbox 277 3023 3606 3127">
    <p class='ocr_par' dir='ltr' id='par_1_55' title="bbox 277 3023 3606 3127">
     <span class='ocr_line' id='line_1_55' title="bbox 277 3023 3606 3127; baseline 0.003 -29"><span class='ocrx_word' id='word_1_406' title='bbox 277 3023 528 3124; x_wconf 62' lang='grc' dir='ltr'><strong>ξπίαίίυτν</strong></span> <span class='ocrx_word' id='word_1_407' title='bbox 571 3024 884 3127; x_wconf 45' lang='grc' dir='ltr'><strong>Τξωῇᾀδξμδ</strong></span> <span class='ocrx_word' id='word_1_408' title='bbox 941 3024 1188 3127; x_wconf 34' lang='grc' dir='ltr'><strong>ειῆίξοιξῗιίῗ</strong></span> <span class='ocrx_word' id='word_1_409' title='bbox 1241 3025 1629 3127; x_wconf 36' lang='lat' dir='ltr'><strong>“linguai?”</strong></span> <span class='ocrx_word' id='word_1_410' title='bbox 1670 3025 1890 3127; x_wconf 63' lang='grc' dir='ltr'><strong>Ὓίιίεξε</strong></span> <span class='ocrx_word' id='word_1_411' title='bbox 1915 3053 1963 3121; x_wconf 76' lang='lat' dir='ltr'>C</span> <span class='ocrx_word' id='word_1_412' title='bbox 1991 3023 2095 3104; x_wconf 75' lang='lat' dir='ltr'><strong>sibi</strong></span> <span class='ocrx_word' id='word_1_413' title='bbox 2127 3055 2446 3120; x_wconf 87' lang='lat' dir='ltr'><strong>apparente,</strong></span> <span class='ocrx_word' id='word_1_414' title='bbox 2487 3047 2884 3102; x_wconf 89' lang='lat' dir='ltr'><strong>abrenuntians</strong></span> <span class='ocrx_word' id='word_1_415' title='bbox 2923 3049 3166 3117; x_wconf 87' lang='lat' dir='ltr'><strong>diabolo,</strong></span> <span class='ocrx_word' id='word_1_416' title='bbox 3221 3023 3606 3125; x_wconf 68' lang='lat' dir='ltr'><strong>Christumque</strong></span> 
     </span>
    </p>
   </div>
   <div class='ocr_carea' id='block_1_56' title="bbox 278 3116 1890 3187">
    <p class='ocr_par' dir='ltr' id='par_1_56' title="bbox 278 3116 1890 3187">
     <span class='ocr_line' id='line_1_56' title="bbox 278 3116 1890 3187; baseline 0.002 -19"><span class='ocrx_word' id='word_1_417' title='bbox 278 3116 332 3168; x_wconf 93' lang='lat' dir='ltr'><strong>in</strong></span> <span class='ocrx_word' id='word_1_418' title='bbox 357 3132 528 3187; x_wconf 85' lang='lat' dir='ltr'><strong>regno</strong></span> <span class='ocrx_word' id='word_1_419' title='bbox 551 3117 924 3171; x_wconf 89' lang='lat' dir='ltr'><strong>substituitur.</strong></span> <span class='ocrx_word' id='word_1_420' title='bbox 978 3117 1262 3172; x_wconf 89' lang='lat' dir='ltr'><strong>Bisilarius</strong></span> <span class='ocrx_word' id='word_1_421' title='bbox 1317 3117 1601 3187; x_wconf 88' lang='lat' dir='ltr'><strong>Neapolim</strong></span> <span class='ocrx_word' id='word_1_422' title='bbox 1632 3117 1890 3172; x_wconf 87' lang='lat' dir='ltr'><strong>extermi-</strong></span> 
     </span>
    </p>
   </div>
   <div class='ocr_carea' id='block_1_57' title="bbox 279 3205 1894 3280">
    <p class='ocr_par' dir='ltr' id='par_1_57' title="bbox 279 3205 1894 3280">
     <span class='ocr_line' id='line_1_57' title="bbox 279 3205 1894 3280; baseline 0.003 -24"><span class='ocrx_word' id='word_1_423' title='bbox 279 3214 393 3270; x_wconf 87' lang='lat' dir='ltr'><strong>nat;</strong></span> <span class='ocrx_word' id='word_1_424' title='bbox 437 3205 687 3274; x_wconf 83' lang='lat' dir='ltr'><strong>Romam,</strong></span> <span class='ocrx_word' id='word_1_425' title='bbox 753 3205 1098 3280; x_wconf 83' lang='lat' dir='ltr'><strong>fugientibus</strong></span> <span class='ocrx_word' id='word_1_426' title='bbox 1143 3206 1358 3273; x_wconf 89' lang='lat' dir='ltr'><strong>Gothis,</strong></span> <span class='ocrx_word' id='word_1_427' title='bbox 1421 3206 1604 3261; x_wconf 86' lang='lat' dir='ltr'><strong>intrat.</strong></span> <span class='ocrx_word' id='word_1_428' title='bbox 1676 3205 1894 3278; x_wconf 86' lang='lat' dir='ltr'><strong>Witigis</strong></span> 
     </span>
    </p>
   </div>
   <div class='ocr_carea' id='block_1_58' title="bbox 278 3299 1895 3376">
    <p class='ocr_par' dir='ltr' id='par_1_58' title="bbox 278 3299 1895 3376">
     <span class='ocr_line' id='line_1_58' title="bbox 278 3299 1895 3376; baseline 0.002 -23"><span class='ocrx_word' id='word_1_429' title='bbox 278 3299 504 3355; x_wconf 89' lang='lat' dir='ltr'><strong>Romam</strong></span> <span class='ocrx_word' id='word_1_430' title='bbox 537 3299 755 3355; x_wconf 90' lang='lat' dir='ltr'><strong>obsidet</strong></span> <span class='ocrx_word' id='word_1_431' title='bbox 785 3319 800 3366; x_wconf 91' lang='lat'><strong>;</strong></span> <span class='ocrx_word' id='word_1_432' title='bbox 842 3300 1013 3356; x_wconf 87' lang='lat' dir='ltr'><strong>fames</strong></span> <span class='ocrx_word' id='word_1_433' title='bbox 1043 3301 1254 3356; x_wconf 87' lang='lat' dir='ltr'><strong>Italiam</strong></span> <span class='ocrx_word' id='word_1_434' title='bbox 1290 3309 1467 3376; x_wconf 84' lang='lat' dir='ltr'><strong>urget.</strong></span> <span class='ocrx_word' id='word_1_435' title='bbox 1503 3301 1721 3374; x_wconf 86' lang='lat' dir='ltr'><strong>Witigis</strong></span> <span class='ocrx_word' id='word_1_436' title='bbox 1747 3302 1895 3372; x_wconf 88' lang='lat' dir='ltr'><strong>capi-</strong></span> 
     </span>
    </p>
   </div>
   <div class='ocr_carea' id='block_1_59' title="bbox 279 3388 1896 3463">
    <p class='ocr_par' dir='ltr' id='par_1_59' title="bbox 279 3388 1896 3463">
     <span class='ocr_line' id='line_1_59' title="bbox 279 3388 1896 3463; baseline 0.002 -21"><span class='ocrx_word' id='word_1_437' title='bbox 279 3396 387 3454; x_wconf 92' lang='lat' dir='ltr'><strong>tur,</strong></span> <span class='ocrx_word' id='word_1_438' title='bbox 411 3397 466 3443; x_wconf 92' lang='lat' dir='ltr'><strong>et</strong></span> <span class='ocrx_word' id='word_1_439' title='bbox 505 3389 822 3460; x_wconf 87' lang='lat' dir='ltr'><strong>imperatori</strong></span> <span class='ocrx_word' id='word_1_440' title='bbox 853 3388 1128 3463; x_wconf 85' lang='lat' dir='ltr'><strong>dirigitur.</strong></span> <span class='ocrx_word' id='word_1_441' title='bbox 1179 3390 1467 3457; x_wconf 89' lang='lat' dir='ltr'><strong>Silverius,</strong></span> <span class='ocrx_word' id='word_1_442' title='bbox 1529 3391 1660 3463; x_wconf 86' lang='lat' dir='ltr'><strong>quia</strong></span> <span class='ocrx_word' id='word_1_443' title='bbox 1691 3392 1896 3446; x_wconf 89' lang='lat' dir='ltr'><strong>Anthe-</strong></span> 
     </span>
    </p>
   </div>
   <div class='ocr_carea' id='block_1_60' title="bbox 279 3479 1896 3550">
    <p class='ocr_par' dir='ltr' id='par_1_60' title="bbox 279 3479 1896 3550">
     <span class='ocr_line' id='line_1_60' title="bbox 279 3479 1896 3550; baseline 0.003 -19"><span class='ocrx_word' id='word_1_444' title='bbox 279 3479 448 3532; x_wconf 90' lang='lat' dir='ltr'><strong>mium</strong></span> <span class='ocrx_word' id='word_1_445' title='bbox 478 3495 738 3534; x_wconf 89' lang='lat' dir='ltr'><strong>revocare</strong></span> <span class='ocrx_word' id='word_1_446' title='bbox 778 3480 976 3546; x_wconf 90' lang='lat' dir='ltr'><strong>noluit,</strong></span> <span class='ocrx_word' id='word_1_447' title='bbox 1010 3481 1262 3537; x_wconf 87' lang='lat' dir='ltr'><strong>exiliatus</strong></span> <span class='ocrx_word' id='word_1_448' title='bbox 1317 3481 1538 3537; x_wconf 86' lang='lat' dir='ltr'><strong>defecit.</strong></span> <span class='ocrx_word' id='word_1_449' title='bbox 1574 3482 1773 3550; x_wconf 66' lang='lat' dir='ltr'><strong>Nono.)</strong></span> <span class='ocrx_word' id='word_1_450' title='bbox 1809 3482 1896 3536; x_wconf 82' lang='lat' dir='ltr'><strong>El-</strong></span> 
     </span>
    </p>
   </div>
   <div class='ocr_carea' id='block_1_61' title="bbox 279 3567 1897 3644">
    <p class='ocr_par' dir='ltr' id='par_1_61' title="bbox 279 3567 1897 3644">
     <span class='ocr_line' id='line_1_61' title="bbox 279 3567 1897 3644; baseline 0.003 -23"><span class='ocrx_word' id='word_1_451' title='bbox 279 3567 531 3640; x_wconf 90' lang='lat' dir='ltr'><strong>depadus</strong></span> <span class='ocrx_word' id='word_1_452' title='bbox 559 3569 630 3623; x_wconf 91' lang='lat' dir='ltr'><strong>ab</strong></span> <span class='ocrx_word' id='word_1_453' title='bbox 657 3568 996 3644; x_wconf 84' lang='lat' dir='ltr'><strong>Ostrogothis</strong></span> <span class='ocrx_word' id='word_1_454' title='bbox 1046 3585 1139 3626; x_wconf 91' lang='lat' dir='ltr'><strong>rex</strong></span> <span class='ocrx_word' id='word_1_455' title='bbox 1193 3571 1480 3626; x_wconf 86' lang='lat' dir='ltr'><strong>ordinatus</strong></span> <span class='ocrx_word' id='word_1_456' title='bbox 1528 3577 1722 3644; x_wconf 87' lang='lat' dir='ltr'><strong>regnat</strong></span> <span class='ocrx_word' id='word_1_457' title='bbox 1752 3587 1897 3626; x_wconf 89' lang='lat' dir='ltr'><strong>anno</strong></span> 
     </span>
    </p>
   </div>
   <div class='ocr_carea' id='block_1_62' title="bbox 280 3663 1898 3734">
    <p class='ocr_par' dir='ltr' id='par_1_62' title="bbox 280 3663 1898 3734">
     <span class='ocr_line' id='line_1_62' title="bbox 280 3663 1898 3734; baseline 0.001 -17"><span class='ocrx_word' id='word_1_458' title='bbox 280 3677 414 3718; x_wconf 89' lang='lat' dir='ltr'><strong>uno.</strong></span> <span class='ocrx_word' id='word_1_459' title='bbox 469 3663 817 3734; x_wconf 71' lang='lat' dir='ltr'><strong>[FLCDOARD.]</strong></span> <span class='ocrx_word' id='word_1_460' title='bbox 896 3663 1268 3719; x_wconf 87' lang='lat' dir='ltr'><strong>Theodericus</strong></span> <span class='ocrx_word' id='word_1_461' title='bbox 1332 3663 1526 3730; x_wconf 88' lang='lat' dir='ltr'><strong>abbas,</strong></span> <span class='ocrx_word' id='word_1_462' title='bbox 1587 3663 1898 3734; x_wconf 90' lang='lat' dir='ltr'><strong>discipulus</strong></span> 
     </span>
    </p>
   </div>
   <div class='ocr_carea' id='block_1_63' title="bbox 283 3751 1900 3826">
    <p class='ocr_par' dir='ltr' id='par_1_63' title="bbox 283 3751 1900 3826">
     <span class='ocr_line' id='line_1_63' title="bbox 283 3751 1900 3826; baseline 0.001 -22"><span class='ocrx_word' id='word_1_463' title='bbox 283 3751 458 3806; x_wconf 84' lang='lat' dir='ltr'><strong>sancti</strong></span> <span class='ocrx_word' id='word_1_464' title='bbox 512 3752 768 3826; x_wconf 83' lang='lat' dir='ltr'><strong>Remigii.</strong></span> <span class='ocrx_word' id='word_1_465' title='bbox 813 3761 871 3806; x_wconf 90' lang='lat' dir='ltr'><strong>et</strong></span> <span class='ocrx_word' id='word_1_466' title='bbox 921 3752 1317 3824; x_wconf 73' lang='lat' dir='ltr'><strong>Theolulphus</strong></span> <span class='ocrx_word' id='word_1_467' title='bbox 1369 3753 1539 3807; x_wconf 88' lang='lat' dir='ltr'><strong>abbas</strong></span> <span class='ocrx_word' id='word_1_468' title='bbox 1593 3752 1900 3824; x_wconf 89' lang='lat' dir='ltr'><strong>discipulus</strong></span> 
     </span>
    </p>
   </div>
   <div class='ocr_carea' id='block_1_64' title="bbox 278 3840 1514 3913">
    <p class='ocr_par' dir='ltr' id='par_1_64' title="bbox 278 3840 1514 3913">
     <span class='ocr_line' id='line_1_64' title="bbox 278 3840 1514 3913; baseline 0.003 -20"><span class='ocrx_word' id='word_1_469' title='bbox 278 3840 453 3910; x_wconf 89' lang='lat' dir='ltr'><strong>ipsius</strong></span> <span class='ocrx_word' id='word_1_470' title='bbox 477 3840 828 3906; x_wconf 87' lang='lat' dir='ltr'><strong>Theoderici,</strong></span> <span class='ocrx_word' id='word_1_471' title='bbox 849 3843 902 3896; x_wconf 90' lang='lat' dir='ltr'><strong>in</strong></span> <span class='ocrx_word' id='word_1_472' title='bbox 936 3841 1160 3897; x_wconf 88' lang='lat' dir='ltr'><strong>Francia</strong></span> <span class='ocrx_word' id='word_1_473' title='bbox 1184 3843 1396 3898; x_wconf 90' lang='lat' dir='ltr'><strong>clarent</strong></span> <span class='ocrx_word' id='word_1_474' title='bbox 1426 3841 1514 3913; x_wconf 83' lang='grc'><strong>⁶³.]</strong></span> 
     </span>
    </p>
   </div>
   <div class='ocr_carea' id='block_1_65' title="bbox 355 3927 1754 3984">
    <p class='ocr_par' dir='ltr' id='par_1_65' title="bbox 355 3927 1754 3984">
     <span class='ocr_line' id='line_1_65' title="bbox 355 3927 1754 3984; baseline -0.001 0"><span class='ocrx_word' id='word_1_475' title='bbox 355 3927 478 3984; x_wconf 73' lang='grc'><strong>535.</strong></span> <span class='ocrx_word' id='word_1_476' title='bbox 557 3930 610 3982; x_wconf 91' lang='grc'><strong>8.</strong></span> <span class='ocrx_word' id='word_1_477' title='bbox 690 3930 779 3984; x_wconf 74' lang='lat'><strong>14.</strong></span> <span class='ocrx_word' id='word_1_478' title='bbox 856 3928 945 3984; x_wconf 81' lang='grc'><strong>21.</strong></span> <span class='ocrx_word' id='word_1_479' title='bbox 1023 3929 1076 3984; x_wconf 88' lang='grc'><strong>9.</strong></span> <span class='ocrx_word' id='word_1_480' title='bbox 1154 3931 1224 3983; x_wconf 77' lang='lat'><strong>44</strong></span> <span class='ocrx_word' id='word_1_481' title='bbox 1534 3931 1622 3984; x_wconf 89' lang='grc'><strong>10.</strong></span> <span class='ocrx_word' id='word_1_482' title='bbox 1709 3932 1754 3983; x_wconf 86' lang='grc'><strong>1.</strong></span> 
     </span>
    </p>
   </div>
   <div class='ocr_carea' id='block_1_66' title="bbox 358 4016 1898 4091">
    <p class='ocr_par' dir='ltr' id='par_1_66' title="bbox 358 4016 1898 4091">
     <span class='ocr_line' id='line_1_66' title="bbox 358 4016 1898 4091; baseline 0.004 -21"><span class='ocrx_word' id='word_1_483' title='bbox 358 4016 440 4086; x_wconf 89' lang='lat' dir='ltr'><strong>(G.</strong></span> <span class='ocrx_word' id='word_1_484' title='bbox 471 4017 550 4087; x_wconf 74' lang='grc' dir='ltr'><strong>ρ.)</strong></span> <span class='ocrx_word' id='word_1_485' title='bbox 585 4017 811 4091; x_wconf 88' lang='lat' dir='ltr'><strong>Vigilius</strong></span> <span class='ocrx_word' id='word_1_486' title='bbox 849 4018 1107 4073; x_wconf 65' lang='lat' dir='ltr'><strong>Romanae</strong></span> <span class='ocrx_word' id='word_1_487' title='bbox 1161 4018 1424 4073; x_wconf 72' lang='lat' dir='ltr'><strong>aecclesite</strong></span> <span class='ocrx_word' id='word_1_488' title='bbox 1467 4019 1596 4076; x_wconf 71' lang='lat' dir='ltr'><strong>56us</strong></span> <span class='ocrx_word' id='word_1_489' title='bbox 1638 4021 1898 4090; x_wconf 89' lang='lat' dir='ltr'><strong>presidet.</strong></span> 
     </span>
    </p>
   </div>
   <div class='ocr_carea' id='block_1_67' title="bbox 1993 3138 3604 3209">
    <p class='ocr_par' dir='ltr' id='par_1_67' title="bbox 1993 3138 3604 3209">
     <span class='ocr_line' id='line_1_67' title="bbox 1993 3138 3604 3209; baseline 0.004 -15"><span class='ocrx_word' id='word_1_490' title='bbox 1993 3155 2181 3194; x_wconf 90' lang='lat' dir='ltr'><strong>verum</strong></span> <span class='ocrx_word' id='word_1_491' title='bbox 2215 3139 2309 3192; x_wconf 91' lang='lat' dir='ltr'><strong>Dei</strong></span> <span class='ocrx_word' id='word_1_492' title='bbox 2342 3138 2514 3193; x_wconf 83' lang='lat' dir='ltr'><strong>filium</strong></span> <span class='ocrx_word' id='word_1_493' title='bbox 2573 3153 2875 3209; x_wconf 89' lang='lat' dir='ltr'><strong>verumque</strong></span> <span class='ocrx_word' id='word_1_494' title='bbox 2913 3139 3082 3194; x_wconf 93' lang='lat' dir='ltr'><strong>Deum</strong></span> <span class='ocrx_word' id='word_1_495' title='bbox 3124 3148 3180 3196; x_wconf 91' lang='lat' dir='ltr'><strong>et</strong></span> <span class='ocrx_word' id='word_1_496' title='bbox 3209 3142 3604 3202; x_wconf 65' lang='lat' dir='ltr'><strong>hominem‘ex</strong></span> 
     </span>
    </p>
   </div>
   <div class='ocr_carea' id='block_1_68' title="bbox 1995 3229 3602 3310">
    <p class='ocr_par' dir='ltr' id='par_1_68' title="bbox 1995 3229 3602 3310">
     <span class='ocr_line' id='line_1_68' title="bbox 1995 3229 3602 3310; baseline 0.003 -25"><span class='ocrx_word' id='word_1_497' title='bbox 1995 3230 2159 3310; x_wconf 77' lang='lat' dir='ltr'><strong>Maria</strong></span> <span class='ocrx_word' id='word_1_498' title='bbox 2185 3229 2398 3304; x_wconf 84' lang='lat' dir='ltr'><strong>virgine</strong></span> <span class='ocrx_word' id='word_1_499' title='bbox 2428 3236 2637 3294; x_wconf 92' lang='lat' dir='ltr'><strong>natum,</strong></span> <span class='ocrx_word' id='word_1_500' title='bbox 2666 3236 2720 3284; x_wconf 89' lang='lat' dir='ltr'><strong>et</strong></span> <span class='ocrx_word' id='word_1_501' title='bbox 2763 3244 2926 3284; x_wconf 82' lang='lat' dir='ltr'><strong>omne</strong></span> <span class='ocrx_word' id='word_1_502' title='bbox 2964 3231 3360 3288; x_wconf 88' lang='lat' dir='ltr'><strong>christianismi</strong></span> <span class='ocrx_word' id='word_1_503' title='bbox 3389 3250 3602 3306; x_wconf 86' lang='lat' dir='ltr'><strong>prOpo-</strong></span> 
     </span>
    </p>
   </div>
   <div class='ocr_carea' id='block_1_69' title="bbox 1994 3319 3606 3398">
    <p class='ocr_par' dir='ltr' id='par_1_69' title="bbox 1994 3319 3606 3398">
     <span class='ocr_line' id='line_1_69' title="bbox 1994 3319 3606 3398; baseline 0.002 -24"><span class='ocrx_word' id='word_1_504' title='bbox 1994 3321 2156 3375; x_wconf 90' lang='lat' dir='ltr'><strong>situm</strong></span> <span class='ocrx_word' id='word_1_505' title='bbox 2188 3319 2474 3390; x_wconf 89' lang='lat' dir='ltr'><strong>proﬁtens,</strong></span> <span class='ocrx_word' id='word_1_506' title='bbox 2507 3333 2604 3388; x_wconf 88' lang='lat' dir='ltr'><strong>per</strong></span> <span class='ocrx_word' id='word_1_507' title='bbox 2633 3334 2752 3373; x_wconf 89' lang='lat' dir='ltr'><strong>eam</strong></span> <span class='ocrx_word' id='word_1_508' title='bbox 2785 3328 2949 3374; x_wconf 80' lang='lat' dir='ltr'><strong>etiam</strong></span> <span class='ocrx_word' id='word_1_509' title='bbox 2983 3319 3180 3376; x_wconf 89' lang='lat' dir='ltr'><strong>Christi</strong></span> <span class='ocrx_word' id='word_1_510' title='bbox 3205 3321 3302 3376; x_wconf 86' lang='lat' dir='ltr'><strong>ﬁlii</strong></span> <span class='ocrx_word' id='word_1_511' title='bbox 3339 3322 3460 3392; x_wconf 91' lang='lat' dir='ltr'><strong>ejus</strong></span> <span class='ocrx_word' id='word_1_512' title='bbox 3485 3341 3606 3398; x_wconf 84' lang='lat' dir='ltr'><strong>gra-</strong></span> 
     </span>
    </p>
   </div>
   <div class='ocr_carea' id='block_1_70' title="bbox 1995 3407 3604 3478">
    <p class='ocr_par' dir='ltr' id='par_1_70' title="bbox 1995 3407 3604 3478">
     <span class='ocr_line' id='line_1_70' title="bbox 1995 3407 3604 3478; baseline 0.001 -14"><span class='ocrx_word' id='word_1_513' title='bbox 1995 3409 2125 3464; x_wconf 89' lang='lat' dir='ltr'><strong>tiam</strong></span> <span class='ocrx_word' id='word_1_514' title='bbox 2153 3407 2493 3478; x_wconf 89' lang='lat' dir='ltr'><strong>recepit;et</strong></span> <span class='ocrx_word' id='word_1_515' title='bbox 2519 3407 2586 3460; x_wconf 89' lang='lat' dir='ltr'><strong>ad</strong></span> <span class='ocrx_word' id='word_1_516' title='bbox 2641 3407 2903 3461; x_wconf 90' lang='lat' dir='ltr'><strong>indicium</strong></span> <span class='ocrx_word' id='word_1_517' title='bbox 2960 3408 3189 3464; x_wconf 72' lang='lat' dir='ltr'><strong>indultae</strong></span> <span class='ocrx_word' id='word_1_518' title='bbox 3246 3410 3351 3464; x_wconf 89' lang='lat' dir='ltr'><strong>sibi</strong></span> <span class='ocrx_word' id='word_1_519' title='bbox 3409 3412 3604 3474; x_wconf 69' lang='lat' dir='ltr'><strong>venite.</strong></span> 
     </span>
    </p>
   </div>
   <div class='ocr_carea' id='block_1_71' title="bbox 2000 3498 3603 3568">
    <p class='ocr_par' dir='ltr' id='par_1_71' title="bbox 2000 3498 3603 3568">
     <span class='ocr_line' id='line_1_71' title="bbox 2000 3498 3603 3568; baseline 0.001 -12"><span class='ocrx_word' id='word_1_520' title='bbox 2000 3517 2213 3556; x_wconf 93' lang='lat' dir='ltr'><strong>rursum</strong></span> <span class='ocrx_word' id='word_1_521' title='bbox 2237 3500 2312 3554; x_wconf 90' lang='lat' dir='ltr'><strong>ibi</strong></span> <span class='ocrx_word' id='word_1_522' title='bbox 2339 3498 2633 3554; x_wconf 89' lang='lat' dir='ltr'><strong>dormienti</strong></span> <span class='ocrx_word' id='word_1_523' title='bbox 2677 3514 2954 3568; x_wconf 90' lang='lat' dir='ltr'><strong>apparens</strong></span> <span class='ocrx_word' id='word_1_524' title='bbox 2978 3499 3174 3554; x_wconf 90' lang='lat' dir='ltr'><strong>Christi</strong></span> <span class='ocrx_word' id='word_1_525' title='bbox 3207 3511 3402 3568; x_wconf 90' lang='lat' dir='ltr'><strong>mater,</strong></span> <span class='ocrx_word' id='word_1_526' title='bbox 3439 3504 3603 3557; x_wconf 87' lang='lat' dir='ltr'><strong>etiam</strong></span> 
     </span>
    </p>
   </div>
   <div class='ocr_carea' id='block_1_72' title="bbox 1998 3585 3610 3661">
    <p class='ocr_par' dir='ltr' id='par_1_72' title="bbox 1998 3585 3610 3661">
     <span class='ocr_line' id='line_1_72' title="bbox 1998 3585 3610 3661; baseline 0.001 -17"><span class='ocrx_word' id='word_1_527' title='bbox 1998 3589 2260 3658; x_wconf 88' lang='lat' dir='ltr'><strong>scriptum</strong></span> <span class='ocrx_word' id='word_1_528' title='bbox 2316 3585 2837 3654; x_wconf 88' lang='lat' dir='ltr'><strong>abrenuntiationis,</strong></span> <span class='ocrx_word' id='word_1_529' title='bbox 2893 3587 3042 3658; x_wconf 91' lang='lat' dir='ltr'><strong>quod</strong></span> <span class='ocrx_word' id='word_1_530' title='bbox 3072 3588 3348 3661; x_wconf 89' lang='lat' dir='ltr'><strong>signatum</strong></span> <span class='ocrx_word' id='word_1_531' title='bbox 3385 3590 3610 3647; x_wconf 89' lang='lat' dir='ltr'><strong>diabolo</strong></span> 
     </span>
    </p>
   </div>
   <div class='ocr_carea' id='block_1_73' title="bbox 1999 3675 3614 3749">
    <p class='ocr_par' dir='ltr' id='par_1_73' title="bbox 1999 3675 3614 3749">
     <span class='ocr_line' id='line_1_73' title="bbox 1999 3675 3614 3749; baseline 0.002 -18"><span class='ocrx_word' id='word_1_532' title='bbox 1999 3677 2250 3744; x_wconf 85' lang='lat' dir='ltr'><strong>dederat,</strong></span> <span class='ocrx_word' id='word_1_533' title='bbox 2283 3675 2531 3746; x_wconf 89' lang='lat' dir='ltr'><strong>reposuit</strong></span> <span class='ocrx_word' id='word_1_534' title='bbox 2560 3691 2730 3745; x_wconf 87' lang='lat' dir='ltr'><strong>super</strong></span> <span class='ocrx_word' id='word_1_535' title='bbox 2753 3682 2944 3745; x_wconf 87' lang='lat' dir='ltr'><strong>pectus</strong></span> <span class='ocrx_word' id='word_1_536' title='bbox 2970 3676 3109 3744; x_wconf 88' lang='lat' dir='ltr'><strong>ejus.</strong></span> <span class='ocrx_word' id='word_1_537' title='bbox 3139 3676 3256 3740; x_wconf 88' lang='lat' dir='ltr'><strong>Quo</strong></span> <span class='ocrx_word' id='word_1_538' title='bbox 3272 3676 3614 3749; x_wconf 90' lang='lat' dir='ltr'><strong>Theophilus</strong></span> 
     </span>
    </p>
   </div>
   <div class='ocr_carea' id='block_1_74' title="bbox 2004 3768 3617 3843">
    <p class='ocr_par' dir='ltr' id='par_1_74' title="bbox 2004 3768 3617 3843">
     <span class='ocr_line' id='line_1_74' title="bbox 2004 3768 3617 3843; baseline 0.002 -20"><span class='ocrx_word' id='word_1_539' title='bbox 2004 3778 2248 3840; x_wconf 90' lang='lat' dir='ltr'><strong>recepto,</strong></span> <span class='ocrx_word' id='word_1_540' title='bbox 2293 3769 2672 3831; x_wconf 88' lang='lat' dir='ltr'><strong>incrastinum,</strong></span> <span class='ocrx_word' id='word_1_541' title='bbox 2706 3768 2982 3823; x_wconf 89' lang='lat' dir='ltr'><strong>dominica</strong></span> <span class='ocrx_word' id='word_1_542' title='bbox 3009 3768 3240 3836; x_wconf 89' lang='lat' dir='ltr'><strong>scilicet,</strong></span> <span class='ocrx_word' id='word_1_543' title='bbox 3277 3785 3460 3826; x_wconf 90' lang='lat' dir='ltr'><strong>coram</strong></span> <span class='ocrx_word' id='word_1_544' title='bbox 3493 3773 3617 3843; x_wconf 88' lang='lat' dir='ltr'><strong>epi-</strong></span> 
     </span>
    </p>
   </div>
   <div class='ocr_carea' id='block_1_75' title="bbox 2001 3860 3615 3935">
    <p class='ocr_par' dir='ltr' id='par_1_75' title="bbox 2001 3860 3615 3935">
     <span class='ocr_line' id='line_1_75' title="bbox 2001 3860 3615 3935; baseline 0.002 -18"><span class='ocrx_word' id='word_1_545' title='bbox 2001 3879 2171 3935; x_wconf 84' lang='lat' dir='ltr'><strong>SCOpO</strong></span> <span class='ocrx_word' id='word_1_546' title='bbox 2202 3860 2425 3917; x_wconf 89' lang='lat' dir='ltr'><strong>etomni</strong></span> <span class='ocrx_word' id='word_1_547' title='bbox 2456 3861 2706 3916; x_wconf 71' lang='lat' dir='ltr'><strong>aacclesia</strong></span> <span class='ocrx_word' id='word_1_548' title='bbox 2736 3861 2986 3932; x_wconf 80' lang='lat' dir='ltr'><strong>pandens</strong></span> <span class='ocrx_word' id='word_1_549' title='bbox 3008 3861 3260 3917; x_wconf 90' lang='lat' dir='ltr'><strong>ordinem</strong></span> <span class='ocrx_word' id='word_1_550' title='bbox 3295 3863 3397 3932; x_wconf 90' lang='lat' dir='ltr'><strong>rei,</strong></span> <span class='ocrx_word' id='word_1_551' title='bbox 3418 3880 3615 3921; x_wconf 88' lang='lat' dir='ltr'><strong>omnes</strong></span> 
     </span>
    </p>
   </div>
   <div class='ocr_carea' id='block_1_76' title="bbox 2003 3952 3613 4027">
    <p class='ocr_par' dir='ltr' id='par_1_76' title="bbox 2003 3952 3613 4027">
     <span class='ocr_line' id='line_1_76' title="bbox 2003 3952 3613 4027; baseline 0.002 -17"><span class='ocrx_word' id='word_1_552' title='bbox 2003 3956 2070 4010; x_wconf 90' lang='lat' dir='ltr'><strong>ad</strong></span> <span class='ocrx_word' id='word_1_553' title='bbox 2089 3961 2368 4026; x_wconf 92' lang='lat' dir='ltr'><strong>stuporem</strong></span> <span class='ocrx_word' id='word_1_554' title='bbox 2410 3959 2465 4008; x_wconf 89' lang='lat' dir='ltr'><strong>et</strong></span> <span class='ocrx_word' id='word_1_555' title='bbox 2519 3952 2737 4008; x_wconf 89' lang='lat' dir='ltr'><strong>laudem</strong></span> <span class='ocrx_word' id='word_1_556' title='bbox 2771 3953 2865 4008; x_wconf 87' lang='lat' dir='ltr'><strong>Dei</strong></span> <span class='ocrx_word' id='word_1_557' title='bbox 2890 3961 2946 4008; x_wconf 89' lang='lat' dir='ltr'><strong>et</strong></span> <span class='ocrx_word' id='word_1_558' title='bbox 2978 3954 3263 4027; x_wconf 88' lang='lat' dir='ltr'><strong>genitricis</strong></span> <span class='ocrx_word' id='word_1_559' title='bbox 3291 3972 3404 4012; x_wconf 69' lang='lat' dir='ltr'><strong>sua:</strong></span> <span class='ocrx_word' id='word_1_560' title='bbox 3433 3958 3613 4013; x_wconf 73' lang='lat' dir='ltr'><strong>Maria:</strong></span> 
     </span>
    </p>
   </div>
   <div class='ocr_carea' id='block_1_77' title="bbox 2007 4040 3614 4115">
    <p class='ocr_par' dir='ltr' id='par_1_77' title="bbox 2007 4040 3614 4115">
     <span class='ocr_line' id='line_1_77' title="bbox 2007 4040 3614 4115; baseline 0.002 -17"><span class='ocrx_word' id='word_1_561' title='bbox 2007 4042 2304 4099; x_wconf 85' lang='lat' dir='ltr'><strong>commovit</strong></span> <span class='ocrx_word' id='word_1_562' title='bbox 2346 4051 2440 4108; x_wconf 90' lang='lat' dir='ltr'><strong>;et</strong></span> <span class='ocrx_word' id='word_1_563' title='bbox 2472 4042 2527 4096; x_wconf 87' lang='lat' dir='ltr'><strong>in</strong></span> <span class='ocrx_word' id='word_1_564' title='bbox 2558 4041 2754 4097; x_wconf 93' lang='lat' dir='ltr'><strong>eodem</strong></span> <span class='ocrx_word' id='word_1_565' title='bbox 2785 4040 2930 4109; x_wconf 90' lang='lat' dir='ltr'><strong>loco,</strong></span> <span class='ocrx_word' id='word_1_566' title='bbox 2966 4058 3076 4114; x_wconf 92' lang='lat' dir='ltr'><strong>quo</strong></span> <span class='ocrx_word' id='word_1_567' title='bbox 3131 4043 3237 4098; x_wconf 91' lang='lat' dir='ltr'><strong>sibi</strong></span> <span class='ocrx_word' id='word_1_568' title='bbox 3284 4044 3370 4115; x_wconf 89' lang='lat' dir='ltr'><strong>pia</strong></span> <span class='ocrx_word' id='word_1_569' title='bbox 3417 4046 3614 4102; x_wconf 89' lang='lat' dir='ltr'><strong>Christi</strong></span> 
     </span>
    </p>
   </div>
   <div class='ocr_carea' id='block_1_78' title="bbox 289 4110 1893 4207">
    <p class='ocr_par' dir='ltr' id='par_1_78' title="bbox 289 4110 1893 4181">
     <span class='ocr_line' id='line_1_78' title="bbox 289 4110 1893 4181; baseline 0.002 -17"><span class='ocrx_word' id='word_1_570' title='bbox 289 4111 355 4179; x_wconf 85' lang='lat' dir='ltr'><strong>(II</strong></span> <span class='ocrx_word' id='word_1_571' title='bbox 402 4110 808 4180; x_wconf 71' lang='lat' dir='ltr'><strong>mlEldepado</strong></span> <span class='ocrx_word' id='word_1_572' title='bbox 866 4117 1173 4181; x_wconf 91' lang='lat' dir='ltr'><strong>perempto,</strong></span> <span class='ocrx_word' id='word_1_573' title='bbox 1234 4111 1452 4166; x_wconf 87' lang='lat' dir='ltr'><strong>Erarius</strong></span> <span class='ocrx_word' id='word_1_574' title='bbox 1508 4119 1702 4181; x_wconf 85' lang='lat' dir='ltr'><strong>regnat</strong></span> <span class='ocrx_word' id='word_1_575' title='bbox 1759 4129 1893 4168; x_wconf 86' lang='lat' dir='ltr'><strong>annc</strong></span> 
     </span>
    </p>
   </div>
   <div class='ocr_carea' id='block_1_79' title="bbox 1996 4110 3615 4207">
    <p class='ocr_par' dir='ltr' id='par_1_79' title="bbox 2009 4110 3615 4207">
     <span class='ocr_line' id='line_1_79' title="bbox 2009 4110 3615 4207; baseline 0.003 -17"><span class='ocrx_word' id='word_1_576' title='bbox 2009 4143 2183 4191; x_wconf 91' lang='lat' dir='ltr'><strong>mater</strong></span> <span class='ocrx_word' id='word_1_577' title='bbox 2211 4141 2568 4206; x_wconf 89' lang='lat' dir='ltr'><strong>apparuerat,</strong></span> <span class='ocrx_word' id='word_1_578' title='bbox 2624 4140 2895 4204; x_wconf 87' lang='lat' dir='ltr'><strong>perstans,</strong></span> <span class='ocrx_word' id='word_1_579' title='bbox 2948 4110 3157 4190; x_wconf 83' lang='lat' dir='ltr'><strong>ibidem</strong></span> <span class='ocrx_word' id='word_1_580' title='bbox 3213 4110 3335 4207; x_wconf 80' lang='lat' dir='ltr'><strong>post</strong></span> <span class='ocrx_word' id='word_1_581' title='bbox 3376 4138 3615 4195; x_wconf 90' lang='lat' dir='ltr'><strong>triduum</strong></span> 
     </span>
    </p>
   </div>
   <div class='ocr_carea' id='block_1_80' title="bbox 292 4202 1904 4274">
    <p class='ocr_par' dir='ltr' id='par_1_80' title="bbox 292 4202 1904 4274">
     <span class='ocr_line' id='line_1_80' title="bbox 292 4202 1904 4274; baseline 0.003 -20"><span class='ocrx_word' id='word_1_582' title='bbox 292 4216 428 4257; x_wconf 89' lang='lat' dir='ltr'><strong>uno.</strong></span> <span class='ocrx_word' id='word_1_583' title='bbox 457 4202 665 4271; x_wconf 56' lang='lat' dir='ltr'><strong>(Gaza,</strong></span> <span class='ocrx_word' id='word_1_584' title='bbox 696 4203 856 4272; x_wconf 83' lang='lat' dir='ltr'><strong>Dial.)</strong></span> <span class='ocrx_word' id='word_1_585' title='bbox 884 4204 941 4256; x_wconf 90' lang='lat' dir='ltr'><strong>ln</strong></span> <span class='ocrx_word' id='word_1_586' title='bbox 969 4203 1158 4257; x_wconf 89' lang='lat' dir='ltr'><strong>Galliis</strong></span> <span class='ocrx_word' id='word_1_587' title='bbox 1196 4203 1406 4258; x_wconf 89' lang='lat' dir='ltr'><strong>clarcnt</strong></span> <span class='ocrx_word' id='word_1_588' title='bbox 1436 4203 1650 4274; x_wconf 85' lang='lat' dir='ltr'><strong>[fratres</strong></span> <span class='ocrx_word' id='word_1_589' title='bbox 1681 4205 1904 4268; x_wconf 89' lang='lat' dir='ltr'><strong>uterini,</strong></span> 
     </span>
    </p>
   </div>
   <div class='ocr_carea' id='block_1_81' title="bbox 290 4291 1903 4363">
    <p class='ocr_par' dir='ltr' id='par_1_81' title="bbox 290 4291 1903 4363">
     <span class='ocr_line' id='line_1_81' title="bbox 290 4291 1903 4363; baseline 0.002 -18"><span class='ocrx_word' id='word_1_590' title='bbox 290 4306 404 4346; x_wconf 90' lang='lat' dir='ltr'><strong>uno</strong></span> <span class='ocrx_word' id='word_1_591' title='bbox 444 4291 713 4346; x_wconf 84' lang='lat' dir='ltr'><strong>etcodem</strong></span> <span class='ocrx_word' id='word_1_592' title='bbox 745 4291 833 4346; x_wconf 90' lang='lat' dir='ltr'><strong>die</strong></span> <span class='ocrx_word' id='word_1_593' title='bbox 852 4292 986 4358; x_wconf 91' lang='lat' dir='ltr'><strong>nati,</strong></span> <span class='ocrx_word' id='word_1_594' title='bbox 1019 4300 1074 4346; x_wconf 89' lang='lat' dir='ltr'><strong>et</strong></span> <span class='ocrx_word' id='word_1_595' title='bbox 1103 4292 1396 4363; x_wconf 75' lang='lat' dir='ltr'><strong>pontifices</strong></span> <span class='ocrx_word' id='word_1_596' title='bbox 1426 4293 1756 4360; x_wconf 89' lang='lat' dir='ltr'><strong>consecrati,</strong></span> <span class='ocrx_word' id='word_1_597' title='bbox 1792 4293 1903 4348; x_wconf 86' lang='lat' dir='ltr'><strong>Mc-</strong></span> 
     </span>
    </p>
   </div>
   <div class='ocr_carea' id='block_1_82' title="bbox 290 4383 1902 4450">
    <p class='ocr_par' dir='ltr' id='par_1_82' title="bbox 290 4383 1902 4450">
     <span class='ocr_line' id='line_1_82' title="bbox 290 4383 1902 4450; baseline 0.002 -13"><span class='ocrx_word' id='word_1_598' title='bbox 290 4383 497 4438; x_wconf 86' lang='lat' dir='ltr'><strong>dardus</strong></span> <span class='ocrx_word' id='word_1_599' title='bbox 555 4384 622 4437; x_wconf 89' lang='lat' dir='ltr'><strong>ad</strong></span> <span class='ocrx_word' id='word_1_600' title='bbox 691 4383 906 4438; x_wconf 91' lang='lat' dir='ltr'><strong>titulum</strong></span> <span class='ocrx_word' id='word_1_601' title='bbox 966 4383 1414 4450; x_wconf 88' lang='lat' dir='ltr'><strong>Noviomensem,</strong></span> <span class='ocrx_word' id='word_1_602' title='bbox 1487 4385 1777 4440; x_wconf 87' lang='lat' dir='ltr'><strong>Gildardus</strong></span> <span class='ocrx_word' id='word_1_603' title='bbox 1835 4385 1902 4440; x_wconf 90' lang='lat' dir='ltr'><strong>ad</strong></span> 
     </span>
    </p>
   </div>
   <div class='ocr_carea' id='block_1_83' title="bbox 292 4472 1908 4548">
    <p class='ocr_par' dir='ltr' id='par_1_83' title="bbox 292 4472 1908 4548">
     <span class='ocr_line' id='line_1_83' title="bbox 292 4472 1908 4548; baseline 0.001 -22"><span class='ocrx_word' id='word_1_604' title='bbox 292 4472 818 4548; x_wconf 83' lang='lat' dir='ltr'><strong>Rothomagenscm,</strong></span> <span class='ocrx_word' id='word_1_605' title='bbox 884 4483 939 4528; x_wconf 90' lang='lat' dir='ltr'><strong>et</strong></span> <span class='ocrx_word' id='word_1_606' title='bbox 992 4489 1106 4528; x_wconf 90' lang='lat' dir='ltr'><strong>uno</strong></span> <span class='ocrx_word' id='word_1_607' title='bbox 1146 4473 1235 4528; x_wconf 91' lang='lat' dir='ltr'><strong>die</strong></span> <span class='ocrx_word' id='word_1_608' title='bbox 1279 4474 1514 4529; x_wconf 89' lang='lat' dir='ltr'><strong>absoluti</strong></span> <span class='ocrx_word' id='word_1_609' title='bbox 1543 4491 1573 4528; x_wconf 93' lang='lat' dir='ltr'><strong>a</strong></span> <span class='ocrx_word' id='word_1_610' title='bbox 1603 4473 1827 4541; x_wconf 66' lang='lat' dir='ltr'><strong>saeculo,</strong></span> <span class='ocrx_word' id='word_1_611' title='bbox 1852 4482 1908 4529; x_wconf 87' lang='lat' dir='ltr'><strong>et</strong></span> 
     </span>
    </p>
   </div>
   <div class='ocr_carea' id='block_1_84' title="bbox 291 4564 1910 4636">
    <p class='ocr_par' dir='ltr' id='par_1_84' title="bbox 291 4564 1910 4636">
     <span class='ocr_line' id='line_1_84' title="bbox 291 4564 1910 4636; baseline 0.001 -16"><span class='ocrx_word' id='word_1_612' title='bbox 291 4566 561 4636; x_wconf 89' lang='lat' dir='ltr'><strong>assumpti</strong></span> <span class='ocrx_word' id='word_1_613' title='bbox 594 4582 622 4619; x_wconf 90' lang='lat' dir='ltr'><strong>a</strong></span> <span class='ocrx_word' id='word_1_614' title='bbox 673 4564 908 4632; x_wconf 91' lang='lat' dir='ltr'><strong>Christo,</strong></span> <span class='ocrx_word' id='word_1_615' title='bbox 949 4565 1005 4620; x_wconf 91' lang='lat' dir='ltr'><strong>in</strong></span> <span class='ocrx_word' id='word_1_616' title='bbox 1035 4565 1189 4620; x_wconf 86' lang='lat' dir='ltr'><strong>Italia</strong></span> <span class='ocrx_word' id='word_1_617' title='bbox 1241 4565 1486 4636; x_wconf 84' lang='lat' dir='ltr'><strong>episcOpi</strong></span> <span class='ocrx_word' id='word_1_618' title='bbox 1539 4565 1778 4620; x_wconf 90' lang='lat' dir='ltr'><strong>Sabinus</strong></span> <span class='ocrx_word' id='word_1_619' title='bbox 1810 4565 1910 4621; x_wconf 89' lang='lat' dir='ltr'><strong>Ca-</strong></span> 
     </span>
    </p>
   </div>
   <div class='ocr_carea' id='block_1_85' title="bbox 297 4656 1910 4732">
    <p class='ocr_par' dir='ltr' id='par_1_85' title="bbox 297 4656 1910 4732">
     <span class='ocr_line' id='line_1_85' title="bbox 297 4656 1910 4732; baseline 0 -20"><span class='ocrx_word' id='word_1_620' title='bbox 297 4659 550 4725; x_wconf 82' lang='lat' dir='ltr'><strong>nusinus,</strong></span> <span class='ocrx_word' id='word_1_621' title='bbox 598 4657 819 4712; x_wconf 81' lang='lat' dir='ltr'><strong>Cassius</strong></span> <span class='ocrx_word' id='word_1_622' title='bbox 866 4657 1210 4723; x_wconf 84' lang='lat' dir='ltr'><strong>Narniensis,</strong></span> <span class='ocrx_word' id='word_1_623' title='bbox 1244 4656 1562 4732; x_wconf 87' lang='lat' dir='ltr'><strong>Fulgentius</strong></span> <span class='ocrx_word' id='word_1_624' title='bbox 1603 4658 1910 4713; x_wconf 89' lang='lat' dir='ltr'><strong>Utricolen-</strong></span> 
     </span>
    </p>
   </div>
   <div class='ocr_carea' id='block_1_86' title="bbox 293 4744 1162 4816">
    <p class='ocr_par' dir='ltr' id='par_1_86' title="bbox 293 4744 1162 4816">
     <span class='ocr_line' id='line_1_86' title="bbox 293 4744 1162 4816; baseline 0 -16"><span class='ocrx_word' id='word_1_625' title='bbox 293 4747 392 4811; x_wconf 88' lang='lat' dir='ltr'><strong>sis,</strong></span> <span class='ocrx_word' id='word_1_626' title='bbox 422 4746 723 4801; x_wconf 87' lang='lat' dir='ltr'><strong>Serbonius</strong></span> <span class='ocrx_word' id='word_1_627' title='bbox 751 4745 1042 4816; x_wconf 86' lang='lat' dir='ltr'><strong>Populonii</strong></span> <span class='ocrx_word' id='word_1_628' title='bbox 1073 4744 1162 4816; x_wconf 76' lang='grc'><strong>⁶⁴.]</strong></span> 
     </span>
    </p>
   </div>
   <div class='ocr_carea' id='block_1_87' title="bbox 367 4832 1738 4892">
    <p class='ocr_par' dir='ltr' id='par_1_87' title="bbox 367 4832 1738 4892">
     <span class='ocr_line' id='line_1_87' title="bbox 367 4832 1738 4892; baseline 0 0"><span class='ocrx_word' id='word_1_629' title='bbox 367 4836 492 4892; x_wconf 79' lang='lat'><strong>536.</strong></span> <span class='ocrx_word' id='word_1_630' title='bbox 571 4839 624 4892; x_wconf 90' lang='lat'><strong>9.</strong></span> <span class='ocrx_word' id='word_1_631' title='bbox 710 4837 790 4892; x_wconf 80' lang='lat' dir='ltr'><strong>t5.</strong></span> <span class='ocrx_word' id='word_1_632' title='bbox 866 4837 960 4891; x_wconf 84' lang='lat'><strong>22.</strong></span> <span class='ocrx_word' id='word_1_633' title='bbox 1041 4832 1134 4892; x_wconf 77' lang='grc' dir='ltr'><strong>1οζ</strong></span> <span class='ocrx_word' id='word_1_634' title='bbox 1204 4837 1274 4892; x_wconf 78' lang='lat'><strong>45</strong></span> <span class='ocrx_word' id='word_1_635' title='bbox 1522 4839 1582 4892; x_wconf 88' lang='grc'><strong>11</strong></span> <span class='ocrx_word' id='word_1_636' title='bbox 1690 4840 1738 4892; x_wconf 91' lang='grc'><strong>1.</strong></span> 
     </span>
    </p>
   </div>
   <div class='ocr_carea' id='block_1_88' title="bbox 2009 4225 2753 4296">
    <p class='ocr_par' dir='ltr' id='par_1_88' title="bbox 2009 4225 2753 4296">
     <span class='ocr_line' id='line_1_88' title="bbox 2009 4225 2753 4296; baseline 0 -16"><span class='ocrx_word' id='word_1_637' title='bbox 2009 4233 2257 4282; x_wconf 88' lang='lat' dir='ltr'><strong>mortuus</strong></span> <span class='ocrx_word' id='word_1_638' title='bbox 2286 4233 2341 4281; x_wconf 93' lang='lat' dir='ltr'><strong>et</strong></span> <span class='ocrx_word' id='word_1_639' title='bbox 2371 4225 2622 4296; x_wconf 87' lang='lat' dir='ltr'><strong>sepultus</strong></span> <span class='ocrx_word' id='word_1_640' title='bbox 2649 4235 2753 4280; x_wconf 90' lang='lat' dir='ltr'><strong>est.</strong></span> 
     </span>
    </p>
   </div>
   <div class='ocr_carea' id='block_1_89' title="bbox 2074 4334 3431 4394">
    <p class='ocr_par' dir='ltr' id='par_1_89' title="bbox 2074 4334 3431 4394">
     <span class='ocr_line' id='line_1_89' title="bbox 2074 4334 3431 4394; baseline 0.002 -4"><span class='ocrx_word' id='word_1_641' title='bbox 2074 4335 2198 4392; x_wconf 82' lang='lat'><strong>538.</strong></span> <span class='ocrx_word' id='word_1_642' title='bbox 2278 4336 2362 4391; x_wconf 87' lang='grc'><strong>11.</strong></span> <span class='ocrx_word' id='word_1_643' title='bbox 2444 4337 2493 4390; x_wconf 97' lang='grc'><strong>1.</strong></span> <span class='ocrx_word' id='word_1_644' title='bbox 2569 4335 2660 4389; x_wconf 87' lang='lat'><strong>24.</strong></span> <span class='ocrx_word' id='word_1_645' title='bbox 2743 4334 2826 4390; x_wconf 87' lang='grc'><strong>12.</strong></span> <span class='ocrx_word' id='word_1_646' title='bbox 2903 4337 2992 4391; x_wconf 85' lang='lat'><strong>47.</strong></span> <span class='ocrx_word' id='word_1_647' title='bbox 3216 4337 3299 4392; x_wconf 84' lang='grc'><strong>13.</strong></span> <span class='ocrx_word' id='word_1_648' title='bbox 3376 4338 3431 4394; x_wconf 92' lang='grc'><strong>2.</strong></span> 
     </span>
    </p>
   </div>
   <div class='ocr_carea' id='block_1_90' title="bbox 1932 4411 3623 4518">
    <p class='ocr_par' dir='ltr' id='par_1_90' title="bbox 1932 4411 3623 4518">
     <span class='ocr_line' id='line_1_90' title="bbox 1932 4411 3623 4518; baseline 0.001 -13"><span class='ocrx_word' id='word_1_649' title='bbox 1932 4411 1984 4477; x_wconf 77' lang='lat' dir='ltr'>D</span> <span class='ocrx_word' id='word_1_650' title='bbox 2081 4448 2592 4518; x_wconf 81' lang='lat' dir='ltr'><strong>(H.m.)Chrosroe</strong></span> <span class='ocrx_word' id='word_1_651' title='bbox 2623 4446 2766 4504; x_wconf 87' lang='lat' dir='ltr'><strong>ﬁnes</strong></span> <span class='ocrx_word' id='word_1_652' title='bbox 2822 4448 3190 4504; x_wconf 88' lang='lat' dir='ltr'><strong>Romanorum</strong></span> <span class='ocrx_word' id='word_1_653' title='bbox 3247 4450 3505 4507; x_wconf 88' lang='lat' dir='ltr'><strong>incursat.</strong></span> <span class='ocrx_word' id='word_1_654' title='bbox 3565 4454 3623 4507; x_wconf 93' lang='lat' dir='ltr'><strong>ln</strong></span> 
     </span>
    </p>
   </div>
   <div class='ocr_carea' id='block_1_91' title="bbox 2011 4541 3625 4614">
    <p class='ocr_par' dir='ltr' id='par_1_91' title="bbox 2011 4541 3625 4614">
     <span class='ocr_line' id='line_1_91' title="bbox 2011 4541 3625 4614; baseline 0.001 -17"><span class='ocrx_word' id='word_1_655' title='bbox 2011 4541 2308 4614; x_wconf 90' lang='lat' dir='ltr'><strong>Campania</strong></span> <span class='ocrx_word' id='word_1_656' title='bbox 2359 4541 2526 4596; x_wconf 68' lang='lat' dir='ltr'><strong>italiae</strong></span> <span class='ocrx_word' id='word_1_657' title='bbox 2587 4541 2945 4596; x_wconf 90' lang='lat' dir='ltr'><strong>Benedictum</strong></span> <span class='ocrx_word' id='word_1_658' title='bbox 2999 4541 3278 4610; x_wconf 90' lang='lat' dir='ltr'><strong>juniorem</strong></span> <span class='ocrx_word' id='word_1_659' title='bbox 3335 4544 3625 4600; x_wconf 84' lang='lat' dir='ltr'><strong>sanctitate</strong></span> 
     </span>
    </p>
   </div>
   <div class='ocr_carea' id='block_1_92' title="bbox 2011 4633 3624 4706">
    <p class='ocr_par' dir='ltr' id='par_1_92' title="bbox 2011 4633 3624 4706">
     <span class='ocr_line' id='line_1_92' title="bbox 2011 4633 3624 4706; baseline 0 -15"><span class='ocrx_word' id='word_1_660' title='bbox 2011 4634 2215 4691; x_wconf 89' lang='lat' dir='ltr'><strong>clarum</strong></span> <span class='ocrx_word' id='word_1_661' title='bbox 2239 4651 2331 4690; x_wconf 88' lang='lat' dir='ltr'><strong>rex</strong></span> <span class='ocrx_word' id='word_1_662' title='bbox 2357 4635 2531 4690; x_wconf 91' lang='lat' dir='ltr'><strong>Totila</strong></span> <span class='ocrx_word' id='word_1_663' title='bbox 2559 4649 2658 4706; x_wconf 88' lang='lat' dir='ltr'><strong>pro</strong></span> <span class='ocrx_word' id='word_1_664' title='bbox 2699 4633 2914 4689; x_wconf 85' lang='lat' dir='ltr'><strong>Christo</strong></span> <span class='ocrx_word' id='word_1_665' title='bbox 2955 4649 3318 4706; x_wconf 89' lang='lat' dir='ltr'><strong>persequens,</strong></span> <span class='ocrx_word' id='word_1_666' title='bbox 3347 4652 3468 4692; x_wconf 91' lang='lat' dir='ltr'><strong>cum</strong></span> <span class='ocrx_word' id='word_1_667' title='bbox 3497 4653 3624 4691; x_wconf 91' lang='lat' dir='ltr'><strong>cum</strong></span> 
     </span>
    </p>
   </div>
   <div class='ocr_carea' id='block_1_93' title="bbox 2012 4724 3625 4794">
    <p class='ocr_par' dir='ltr' id='par_1_93' title="bbox 2012 4724 3625 4794">
     <span class='ocr_line' id='line_1_93' title="bbox 2012 4724 3625 4794; baseline 0.001 -13"><span class='ocrx_word' id='word_1_668' title='bbox 2012 4742 2135 4781; x_wconf 92' lang='lat' dir='ltr'><strong>cum</strong></span> <span class='ocrx_word' id='word_1_669' title='bbox 2164 4727 2303 4781; x_wconf 89' lang='lat' dir='ltr'><strong>cella</strong></span> <span class='ocrx_word' id='word_1_670' title='bbox 2331 4742 2429 4781; x_wconf 90' lang='lat' dir='ltr'><strong>sua</strong></span> <span class='ocrx_word' id='word_1_671' title='bbox 2469 4725 2797 4781; x_wconf 89' lang='lat' dir='ltr'><strong>comburere</strong></span> <span class='ocrx_word' id='word_1_672' title='bbox 2845 4724 3130 4794; x_wconf 84' lang='lat' dir='ltr'><strong>voluisset,</strong></span> <span class='ocrx_word' id='word_1_673' title='bbox 3184 4743 3286 4782; x_wconf 90' lang='lat' dir='ltr'><strong>nec</strong></span> <span class='ocrx_word' id='word_1_674' title='bbox 3345 4729 3625 4794; x_wconf 85' lang='lat' dir='ltr'><strong>valuisset,</strong></span> 
     </span>
    </p>
   </div>
   <div class='ocr_carea' id='block_1_94' title="bbox 2015 4815 3628 4889">
    <p class='ocr_par' dir='ltr' id='par_1_94' title="bbox 2015 4815 3628 4889">
     <span class='ocr_line' id='line_1_94' title="bbox 2015 4815 3628 4889; baseline -0.001 -17"><span class='ocrx_word' id='word_1_675' title='bbox 2015 4817 2068 4872; x_wconf 93' lang='lat' dir='ltr'><strong>in</strong></span> <span class='ocrx_word' id='word_1_676' title='bbox 2101 4817 2379 4873; x_wconf 90' lang='lat' dir='ltr'><strong>clibanum</strong></span> <span class='ocrx_word' id='word_1_677' title='bbox 2409 4815 2690 4871; x_wconf 89' lang='lat' dir='ltr'><strong>ardentem</strong></span> <span class='ocrx_word' id='word_1_678' title='bbox 2711 4830 2837 4870; x_wconf 90' lang='lat' dir='ltr'><strong>eum</strong></span> <span class='ocrx_word' id='word_1_679' title='bbox 2859 4815 3091 4886; x_wconf 89' lang='lat' dir='ltr'><strong>projecit</strong></span> <span class='ocrx_word' id='word_1_680' title='bbox 3122 4833 3136 4883; x_wconf 92' lang='lat'><strong>;</strong></span> <span class='ocrx_word' id='word_1_681' title='bbox 3166 4817 3260 4889; x_wconf 92' lang='lat' dir='ltr'><strong>qui</strong></span> <span class='ocrx_word' id='word_1_682' title='bbox 3296 4817 3425 4874; x_wconf 89' lang='lat' dir='ltr'><strong>inde</strong></span> <span class='ocrx_word' id='word_1_683' title='bbox 3455 4817 3628 4872; x_wconf 88' lang='lat' dir='ltr'><strong>altero</strong></span> 
     </span>
    </p>
   </div>
   <div class='ocr_carea' id='block_1_95' title="bbox 371 4903 3233 4997">
    <p class='ocr_par' dir='ltr' id='par_1_95' title="bbox 371 4903 3233 4997">
     <span class='ocr_line' id='line_1_95' title="bbox 371 4903 3233 4997; baseline -0.006 -17"><span class='ocrx_word' id='word_1_684' title='bbox 371 4926 466 4993; x_wconf 84' lang='grc' dir='ltr'><strong>(Π.</strong></span> <span class='ocrx_word' id='word_1_685' title='bbox 489 4926 588 4995; x_wconf 83' lang='lat' dir='ltr'><strong>m.)</strong></span> <span class='ocrx_word' id='word_1_686' title='bbox 620 4924 802 4980; x_wconf 81' lang='lat' dir='ltr'><strong>Erario</strong></span> <span class='ocrx_word' id='word_1_687' title='bbox 834 4932 1141 4995; x_wconf 87' lang='lat' dir='ltr'><strong>perempto,</strong></span> <span class='ocrx_word' id='word_1_688' title='bbox 1172 4925 1367 4991; x_wconf 89' lang='lat' dir='ltr'><strong>Totila,</strong></span> <span class='ocrx_word' id='word_1_689' title='bbox 1420 4926 1512 4997; x_wconf 87' lang='lat' dir='ltr'><strong>qui</strong></span> <span class='ocrx_word' id='word_1_690' title='bbox 1559 4934 1613 4981; x_wconf 66' lang='lat' dir='ltr'><strong>ei</strong></span> <span class='ocrx_word' id='word_1_691' title='bbox 1663 4925 1910 4980; x_wconf 67' lang='lat' dir='ltr'><strong>Baduiua</strong></span> <span class='ocrx_word' id='word_1_692' title='bbox 2013 4906 2103 4962; x_wconf 92' lang='lat' dir='ltr'><strong>die</strong></span> <span class='ocrx_word' id='word_1_693' title='bbox 2131 4906 2343 4972; x_wconf 90' lang='lat' dir='ltr'><strong>illesus,</strong></span> <span class='ocrx_word' id='word_1_694' title='bbox 2375 4904 2725 4961; x_wconf 83' lang='lat' dir='ltr'><strong>illesisetiam</strong></span> <span class='ocrx_word' id='word_1_695' title='bbox 2754 4903 3019 4976; x_wconf 87' lang='lat' dir='ltr'><strong>vestibus,</strong></span> <span class='ocrx_word' id='word_1_696' title='bbox 3049 4906 3233 4962; x_wconf 88' lang='lat' dir='ltr'><strong>exivit.</strong></span> 
     </span>
    </p>
   </div>
   <div class='ocr_carea' id='block_1_96' title="bbox 1647 5029 2273 5086">
    <p class='ocr_par' dir='ltr' id='par_1_96' title="bbox 1647 5029 2273 5086">
     <span class='ocr_line' id='line_1_96' title="bbox 1647 5029 2273 5086; baseline -0.003 -1"><span class='ocrx_word' id='word_1_697' title='bbox 1647 5031 1866 5086; x_wconf 68' lang='lat' dir='ltr'><strong>VARM‘I</strong></span> <span class='ocrx_word' id='word_1_698' title='bbox 1900 5029 2273 5086; x_wconf 85' lang='lat' dir='ltr'><strong>LECTIONES.</strong></span> 
     </span>
    </p>
   </div>
   <div class='ocr_carea' id='block_1_97' title="bbox 297 5133 3623 5212">
    <p class='ocr_par' dir='ltr' id='par_1_97' title="bbox 297 5133 3623 5212">
     <span class='ocr_line' id='line_1_97' title="bbox 297 5133 3623 5212; baseline -0.001 -19"><span class='ocrx_word' id='word_1_699' title='bbox 297 5138 491 5212; x_wconf 66' lang='lat' dir='ltr'><strong>ferens</strong></span> <span class='ocrx_word' id='word_1_700' title='bbox 523 5137 802 5212; x_wconf 87' lang='lat' dir='ltr'><strong>Dionisius</strong></span> <span class='ocrx_word' id='word_1_701' title='bbox 830 5137 1002 5212; x_wconf 81' lang='lat' dir='ltr'><strong>abbas</strong></span> <span class='ocrx_word' id='word_1_702' title='bbox 1033 5137 1313 5212; x_wconf 83' lang='lat' dir='ltr'><strong>Romanus</strong></span> <span class='ocrx_word' id='word_1_703' title='bbox 1341 5138 1551 5212; x_wconf 85' lang='lat' dir='ltr'><strong>cyclum</strong></span> <span class='ocrx_word' id='word_1_704' title='bbox 1586 5137 1770 5212; x_wconf 83' lang='lat' dir='ltr'><strong>magni</strong></span> <span class='ocrx_word' id='word_1_705' title='bbox 1801 5136 1931 5191; x_wconf 91' lang='lat' dir='ltr'><strong>anni</strong></span> <span class='ocrx_word' id='word_1_706' title='bbox 1957 5207 1967 5212; x_wconf 24' lang='grc' dir='ltr'><strong>Α</strong></span> <span class='ocrx_word' id='word_1_707' title='bbox 1991 5151 2261 5191; x_wconf 91' lang='lat' dir='ltr'><strong>annorum</strong></span> <span class='ocrx_word' id='word_1_708' title='bbox 2316 5134 2529 5212; x_wconf 77' lang='lat' dir='ltr'><strong>scilicet</strong></span> <span class='ocrx_word' id='word_1_709' title='bbox 2554 5135 3005 5212; x_wconf 67' lang='lat' dir='ltr'><strong>quingentorum</strong></span> <span class='ocrx_word' id='word_1_710' title='bbox 3039 5134 3264 5212; x_wconf 82' lang='lat' dir='ltr'><strong>triginta</strong></span> <span class='ocrx_word' id='word_1_711' title='bbox 3283 5135 3527 5212; x_wconf 65' lang='lat' dir='ltr'><strong>duorum</strong></span> <span class='ocrx_word' id='word_1_712' title='bbox 3549 5133 3623 5212; x_wconf 76' lang='lat' dir='ltr'><strong>ab</strong></span> 
     </span>
    </p>
   </div>
   <div class='ocr_carea' id='block_1_98' title="bbox 301 5205 3622 5280">
    <p class='ocr_par' dir='ltr' id='par_1_98' title="bbox 301 5205 3622 5280">
     <span class='ocr_line' id='line_1_98' title="bbox 301 5205 3622 5280; baseline -0.001 -17"><span class='ocrx_word' id='word_1_713' title='bbox 301 5211 413 5280; x_wconf 72' lang='lat' dir='ltr'><strong>hoc</strong></span> <span class='ocrx_word' id='word_1_714' title='bbox 437 5225 584 5263; x_wconf 90' lang='lat' dir='ltr'><strong>anno</strong></span> <span class='ocrx_word' id='word_1_715' title='bbox 641 5210 856 5264; x_wconf 92' lang='lat' dir='ltr'><strong>orditur</strong></span> <span class='ocrx_word' id='word_1_716' title='bbox 907 5209 999 5280; x_wconf 91' lang='lat' dir='ltr'><strong>qui</strong></span> <span class='ocrx_word' id='word_1_717' title='bbox 1052 5209 1157 5263; x_wconf 90' lang='lat' dir='ltr'><strong>etsi</strong></span> <span class='ocrx_word' id='word_1_718' title='bbox 1224 5209 1292 5262; x_wconf 88' lang='lat' dir='ltr'><strong>ab</strong></span> <span class='ocrx_word' id='word_1_719' title='bbox 1339 5205 1598 5264; x_wconf 79' lang='lat' dir='ltr'><strong>omnibus</strong></span> <span class='ocrx_word' id='word_1_720' title='bbox 1649 5205 1912 5279; x_wconf 66' lang='lat' dir='ltr'><strong>rccipitur</strong></span> <span class='ocrx_word' id='word_1_721' title='bbox 1955 5207 2008 5261; x_wconf 91' lang='lat' dir='ltr'><strong>in</strong></span> <span class='ocrx_word' id='word_1_722' title='bbox 2064 5223 2136 5280; x_wconf 90' lang='lat' dir='ltr'><strong>eo</strong></span> <span class='ocrx_word' id='word_1_723' title='bbox 2163 5216 2347 5280; x_wconf 87' lang='lat' dir='ltr'><strong>tamen</strong></span> <span class='ocrx_word' id='word_1_724' title='bbox 2374 5205 2908 5280; x_wconf 55' lang='lat' dir='ltr'><strong>improbaturIquod</strong></span> <span class='ocrx_word' id='word_1_725' title='bbox 2943 5205 3253 5280; x_wconf 73' lang='lat' dir='ltr'><strong>passionem</strong></span> <span class='ocrx_word' id='word_1_726' title='bbox 3283 5205 3500 5261; x_wconf 91' lang='lat' dir='ltr'><strong>Domini</strong></span> <span class='ocrx_word' id='word_1_727' title='bbox 3538 5209 3622 5262; x_wconf 88' lang='grc'><strong>12.</strong></span> 
     </span>
    </p>
   </div>
   <div class='ocr_carea' id='block_1_99' title="bbox 304 5277 3628 5403">
    <p class='ocr_par' dir='ltr' id='par_1_99' title="bbox 304 5277 3628 5403">
     <span class='ocr_line' id='line_1_99' title="bbox 304 5277 3628 5403; baseline -0.001 -69"><span class='ocrx_word' id='word_1_728' title='bbox 304 5279 644 5349; x_wconf 80' lang='lat' dir='ltr'><strong>KalAprilis</strong></span> <span class='ocrx_word' id='word_1_729' title='bbox 670 5289 724 5334; x_wconf 88' lang='lat' dir='ltr'><strong>et</strong></span> <span class='ocrx_word' id='word_1_730' title='bbox 755 5277 1214 5335; x_wconf 82' lang='lat' dir='ltr'><strong>resurrectionem</strong></span> <span class='ocrx_word' id='word_1_731' title='bbox 1257 5281 1308 5333; x_wconf 82' lang='lat'><strong>5.</strong></span> <span class='ocrx_word' id='word_1_732' title='bbox 1343 5280 1458 5335; x_wconf 85' lang='lat' dir='ltr'><strong>Kal.</strong></span> <span class='ocrx_word' id='word_1_733' title='bbox 1501 5281 1701 5350; x_wconf 88' lang='lat' dir='ltr'><strong>Aprilis</strong></span> <span class='ocrx_word' id='word_1_734' title='bbox 1742 5277 1974 5350; x_wconf 84' lang='lat' dir='ltr'><strong>ponens,</strong></span> <span class='ocrx_word' id='word_1_735' title='bbox 2029 5278 2238 5333; x_wconf 85' lang='lat' dir='ltr'><strong>veritati</strong></span> <span class='ocrx_word' id='word_1_736' title='bbox 2296 5277 2634 5403; x_wconf 48' lang='lat' dir='ltr'><strong>evnngglica:</strong></span> <span class='ocrx_word' id='word_1_737' title='bbox 2685 5277 2957 5332; x_wconf 79' lang='lat' dir='ltr'><strong>contraire</strong></span> <span class='ocrx_word' id='word_1_738' title='bbox 3015 5277 3233 5332; x_wconf 83' lang='lat' dir='ltr'><strong>videtur</strong></span> <span class='ocrx_word' id='word_1_739' title='bbox 3292 5283 3411 5333; x_wconf 72' lang='lat' dir='ltr'><strong>llaec</strong></span> <span class='ocrx_word' id='word_1_740' title='bbox 3457 5281 3628 5346; x_wconf 79' lang='lat' dir='ltr'><strong>igitur</strong></span> 
     </span>
     <span class='ocr_line' id='line_1_100' title="bbox 304 5349 3626 5403; baseline -0.001 0"><span class='ocrx_word' id='word_1_741' title='bbox 304 5351 607 5403; x_wconf 77' lang='lat' dir='ltr'><strong>Siaebertus</strong></span> <span class='ocrx_word' id='word_1_742' title='bbox 639 5355 810 5403; x_wconf 73' lang='lat' dir='ltr'><strong>primo</strong></span> <span class='ocrx_word' id='word_1_743' title='bbox 832 5355 1117 5403; x_wconf 71' lang='lat' dir='ltr'><strong>scribserat</strong></span> <span class='ocrx_word' id='word_1_744' title='bbox 1141 5369 1158 5403; x_wconf 89' lang='lat'><strong><em>:</em></strong></span> <span class='ocrx_word' id='word_1_745' title='bbox 1191 5359 1366 5403; x_wconf 81' lang='lat' dir='ltr'><strong>vostea</strong></span> <span class='ocrx_word' id='word_1_746' title='bbox 1397 5356 1644 5403; x_wconf 71' lang='lat' dir='ltr'><strong>correxit.</strong></span> <span class='ocrx_word' id='word_1_747' title='bbox 1699 5358 1761 5403; x_wconf 82' lang='lat' dir='ltr'><strong>ut</strong></span> <span class='ocrx_word' id='word_1_748' title='bbox 1802 5367 1968 5403; x_wconf 76' lang='lat' dir='ltr'><strong>supra</strong></span> <span class='ocrx_word' id='word_1_749' title='bbox 2019 5352 2260 5403; x_wconf 80' lang='lat' dir='ltr'><strong>dedimus</strong></span> <span class='ocrx_word' id='word_1_750' title='bbox 2317 5350 2357 5382; x_wconf 72' lang='grc' dir='ltr'><strong>δι</strong></span> <span class='ocrx_word' id='word_1_751' title='bbox 2414 5349 2452 5401; x_wconf 91' lang='lat' dir='ltr'><strong>L</strong></span> <span class='ocrx_word' id='word_1_752' title='bbox 2504 5395 2512 5402; x_wconf 94' lang='lat'><strong>.</strong></span> <span class='ocrx_word' id='word_1_753' title='bbox 2563 5365 2590 5403; x_wconf 90' lang='lat' dir='ltr'><strong>e</strong></span> <span class='ocrx_word' id='word_1_754' title='bbox 2639 5365 2774 5403; x_wconf 83' lang='lat' dir='ltr'><strong>corr.</strong></span> <span class='ocrx_word' id='word_1_755' title='bbox 2841 5350 2896 5402; x_wconf 88' lang='lat' dir='ltr'><strong>D.</strong></span> <span class='ocrx_word' id='word_1_756' title='bbox 2929 5356 2980 5402; x_wconf 87' lang='lat' dir='ltr'><strong>et</strong></span> <span class='ocrx_word' id='word_1_757' title='bbox 3008 5352 3085 5403; x_wconf 85' lang='lat' dir='ltr'><strong>sic</strong></span> <span class='ocrx_word' id='word_1_758' title='bbox 3146 5364 3317 5403; x_wconf 66' lang='lat' dir='ltr'><strong>porro.</strong></span> <span class='ocrx_word' id='word_1_759' title='bbox 3354 5350 3398 5383; x_wconf 78' lang='grc'><strong>⁶²</strong></span> <span class='ocrx_word' id='word_1_760' title='bbox 3425 5351 3626 5403; x_wconf 79' lang='lat' dir='ltr'><strong>Justiti.</strong></span> 
     </span>
    </p>
   </div>
   <div class='ocr_carea' id='block_1_100' title="bbox 299 5350 2357 5420">
    <p class='ocr_par' dir='ltr' id='par_1_100' title="bbox 299 5350 2357 5420">
     <span class='ocr_line' id='line_1_101' title="bbox 299 5350 2357 5420; baseline -0.001 -14"><span class='ocrx_word' id='word_1_761' title='bbox 299 5351 607 5419; x_wconf 75' lang='lat' dir='ltr'><strong>Sigebertus</strong></span> <span class='ocrx_word' id='word_1_762' title='bbox 635 5355 810 5420; x_wconf 83' lang='lat' dir='ltr'><strong>primo</strong></span> <span class='ocrx_word' id='word_1_763' title='bbox 832 5355 1158 5420; x_wconf 83' lang='lat' dir='ltr'><strong>scripserat;</strong></span> <span class='ocrx_word' id='word_1_764' title='bbox 1187 5359 1366 5420; x_wconf 82' lang='lat' dir='ltr'><strong>postea</strong></span> <span class='ocrx_word' id='word_1_765' title='bbox 1397 5356 1644 5418; x_wconf 72' lang='lat' dir='ltr'><strong>correxit,</strong></span> <span class='ocrx_word' id='word_1_766' title='bbox 1699 5358 1761 5406; x_wconf 84' lang='lat' dir='ltr'><strong>ut</strong></span> <span class='ocrx_word' id='word_1_767' title='bbox 1802 5367 1968 5420; x_wconf 83' lang='lat' dir='ltr'><strong>supra</strong></span> <span class='ocrx_word' id='word_1_768' title='bbox 2019 5352 2260 5404; x_wconf 80' lang='lat' dir='ltr'><strong>dedimus</strong></span> <span class='ocrx_word' id='word_1_769' title='bbox 2317 5350 2357 5382; x_wconf 77' lang='grc'><strong>⁸³</strong></span> 
     </span>
    </p>
   </div>
   <div class='ocr_carea' id='block_1_101' title="bbox 2563 5350 3626 5418">
    <p class='ocr_par' dir='ltr' id='par_1_101' title="bbox 2563 5350 3626 5418">
     <span class='ocr_line' id='line_1_102' title="bbox 2563 5350 3626 5418; baseline -0.002 -15"><span class='ocrx_word' id='word_1_770' title='bbox 2563 5365 2590 5403; x_wconf 91' lang='lat' dir='ltr'><em>e</em></span> <span class='ocrx_word' id='word_1_771' title='bbox 2639 5365 2774 5404; x_wconf 84' lang='lat' dir='ltr'><strong>corr.</strong></span> <span class='ocrx_word' id='word_1_772' title='bbox 2841 5350 2896 5402; x_wconf 88' lang='lat' dir='ltr'><strong>D.</strong></span> <span class='ocrx_word' id='word_1_773' title='bbox 2929 5356 2980 5402; x_wconf 89' lang='lat' dir='ltr'><strong>et</strong></span> <span class='ocrx_word' id='word_1_774' title='bbox 3008 5352 3085 5403; x_wconf 87' lang='lat' dir='ltr'><strong>sic</strong></span> <span class='ocrx_word' id='word_1_775' title='bbox 3142 5364 3317 5418; x_wconf 76' lang='lat' dir='ltr'><strong>porro.</strong></span> <span class='ocrx_word' id='word_1_776' title='bbox 3354 5350 3398 5383; x_wconf 67' lang='grc' dir='ltr'><strong>θ’</strong></span> <span class='ocrx_word' id='word_1_777' title='bbox 3425 5351 3626 5404; x_wconf 79' lang='lat' dir='ltr'><strong>Justiti.</strong></span> 
     </span>
    </p>
   </div>
   <div class='ocr_carea' id='block_1_102' title="bbox 300 5421 3605 5490">
    <p class='ocr_par' dir='ltr' id='par_1_102' title="bbox 300 5421 3605 5490">
     <span class='ocr_line' id='line_1_103' title="bbox 300 5421 3605 5490; baseline 0 -16"><span class='ocrx_word' id='word_1_778' title='bbox 300 5452 371 5462; x_wconf 97' lang='lat'><strong>—</strong></span> <span class='ocrx_word' id='word_1_779' title='bbox 404 5421 697 5476; x_wconf 85' lang='lat' dir='ltr'><strong>cxediﬁcat</strong></span> <span class='ocrx_word' id='word_1_780' title='bbox 725 5424 928 5476; x_wconf 86' lang='lat' dir='ltr'><strong>addidit</strong></span> <span class='ocrx_word' id='word_1_781' title='bbox 969 5427 1077 5490; x_wconf 62' lang='lat' dir='ltr'><strong>Sig.</strong></span> <span class='ocrx_word' id='word_1_782' title='bbox 1130 5426 1281 5476; x_wconf 86' lang='lat' dir='ltr'><strong>curis</strong></span> <span class='ocrx_word' id='word_1_783' title='bbox 1335 5425 1600 5478; x_wconf 84' lang='lat' dir='ltr'><strong>secundis.</strong></span> <span class='ocrx_word' id='word_1_784' title='bbox 1665 5423 1709 5456; x_wconf 75' lang='grc'><strong>⁸³</strong></span> <span class='ocrx_word' id='word_1_785' title='bbox 1765 5423 1885 5476; x_wconf 90' lang='lat' dir='ltr'><strong>add.</strong></span> <span class='ocrx_word' id='word_1_786' title='bbox 1917 5438 2114 5476; x_wconf 85' lang='lat' dir='ltr'><strong>manus</strong></span> <span class='ocrx_word' id='word_1_787' title='bbox 2162 5425 2390 5487; x_wconf 86' lang='lat' dir='ltr'><strong>incerta,</strong></span> <span class='ocrx_word' id='word_1_788' title='bbox 2445 5423 2671 5488; x_wconf 82' lang='lat' dir='ltr'><strong>fortasse</strong></span> <span class='ocrx_word' id='word_1_789' title='bbox 2719 5421 2812 5488; x_wconf 86' lang='lat' dir='ltr'><strong>Sig</strong></span> <span class='ocrx_word' id='word_1_790' title='bbox 2887 5436 3002 5474; x_wconf 87' lang='lat' dir='ltr'><strong>cur.</strong></span> <span class='ocrx_word' id='word_1_791' title='bbox 3060 5434 3126 5474; x_wconf 90' lang='lat' dir='ltr'><strong>se.</strong></span> <span class='ocrx_word' id='word_1_792' title='bbox 3173 5421 3269 5474; x_wconf 83' lang='lat' dir='ltr'><strong>rell</strong></span> <span class='ocrx_word' id='word_1_793' title='bbox 3298 5438 3315 5487; x_wconf 89' lang='lat'><em>;</em></span> <span class='ocrx_word' id='word_1_794' title='bbox 3343 5422 3536 5476; x_wconf 80' lang='lat' dir='ltr'><strong>desunt</strong></span> <span class='ocrx_word' id='word_1_795' title='bbox 3567 5424 3605 5474; x_wconf 83' lang='lat' dir='ltr'><strong>A</strong></span> 
     </span>
    </p>
   </div>
   <div class='ocr_carea' id='block_1_103' title="bbox 300 5490 3632 5563">
    <p class='ocr_par' dir='ltr' id='par_1_103' title="bbox 300 5490 3632 5563">
     <span class='ocr_line' id='line_1_104' title="bbox 300 5490 3632 5563; baseline 0.001 -17"><span class='ocrx_word' id='word_1_796' title='bbox 300 5494 343 5526; x_wconf 83' lang='lat'><strong>“</strong></span> <span class='ocrx_word' id='word_1_797' title='bbox 373 5496 432 5546; x_wconf 83' lang='lat' dir='ltr'><strong>in</strong></span> <span class='ocrx_word' id='word_1_798' title='bbox 458 5509 656 5547; x_wconf 81' lang='lat' dir='ltr'><strong>rasura</strong></span> <span class='ocrx_word' id='word_1_799' title='bbox 687 5493 762 5546; x_wconf 79' lang='grc'><strong>16.</strong></span> <span class='ocrx_word' id='word_1_800' title='bbox 807 5500 866 5548; x_wconf 82' lang='lat' dir='ltr'><strong>ut</strong></span> <span class='ocrx_word' id='word_1_801' title='bbox 889 5495 1118 5560; x_wconf 81' lang='lat' dir='ltr'><strong>videtur,</strong></span> <span class='ocrx_word' id='word_1_802' title='bbox 1149 5490 1344 5563; x_wconf 81' lang='lat' dir='ltr'><strong>reliqui</strong></span> <span class='ocrx_word' id='word_1_803' title='bbox 1367 5501 1563 5562; x_wconf 63' lang='lat' dir='ltr'><strong>prater</strong></span> <span class='ocrx_word' id='word_1_804' title='bbox 1587 5496 1669 5556; x_wconf 85' lang='lat' dir='ltr'><strong>A.,</strong></span> <span class='ocrx_word' id='word_1_805' title='bbox 1701 5496 1796 5562; x_wconf 85' lang='lat' dir='ltr'><strong>qui</strong></span> <span class='ocrx_word' id='word_1_806' title='bbox 1824 5496 1935 5548; x_wconf 61' lang='lat' dir='ltr'><strong>ha’c</strong></span> <span class='ocrx_word' id='word_1_807' title='bbox 1959 5497 2035 5546; x_wconf 87' lang='lat' dir='ltr'><strong>ita</strong></span> <span class='ocrx_word' id='word_1_808' title='bbox 2063 5493 2219 5546; x_wconf 84' lang='lat' dir='ltr'><strong>habet</strong></span> <span class='ocrx_word' id='word_1_809' title='bbox 2246 5511 2262 5544; x_wconf 92' lang='lat'><strong><em>:</em></strong></span> <span class='ocrx_word' id='word_1_810' title='bbox 2298 5492 2355 5544; x_wconf 86' lang='lat' dir='ltr'><strong>lu</strong></span> <span class='ocrx_word' id='word_1_811' title='bbox 2409 5491 2597 5546; x_wconf 86' lang='lat' dir='ltr'><strong>Galliis</strong></span> <span class='ocrx_word' id='word_1_812' title='bbox 2645 5492 2853 5563; x_wconf 80' lang='lat' dir='ltr'><strong>clarent</strong></span> <span class='ocrx_word' id='word_1_813' title='bbox 2911 5491 3198 5545; x_wconf 85' lang='lat' dir='ltr'><strong>Mcdardus</strong></span> <span class='ocrx_word' id='word_1_814' title='bbox 3257 5493 3556 5563; x_wconf 85' lang='lat' dir='ltr'><strong>episcOpus</strong></span> <span class='ocrx_word' id='word_1_815' title='bbox 3577 5500 3632 5548; x_wconf 89' lang='lat' dir='ltr'><strong>et</strong></span> 
     </span>
    </p>
   </div>
   <div class='ocr_carea' id='block_1_104' title="bbox 300 5561 3633 5635">
    <p class='ocr_par' dir='ltr' id='par_1_104' title="bbox 300 5561 3633 5635">
     <span class='ocr_line' id='line_1_105' title="bbox 300 5561 3633 5635; baseline 0 -18"><span class='ocrx_word' id='word_1_816' title='bbox 300 5564 610 5618; x_wconf 85' lang='lat' dir='ltr'><strong>Germanus</strong></span> <span class='ocrx_word' id='word_1_817' title='bbox 636 5564 979 5627; x_wconf 83' lang='lat' dir='ltr'><strong>Parisiensis,</strong></span> <span class='ocrx_word' id='word_1_818' title='bbox 1009 5563 1064 5618; x_wconf 90' lang='lat' dir='ltr'><strong>in</strong></span> <span class='ocrx_word' id='word_1_819' title='bbox 1091 5561 1527 5635; x_wconf 17' lang='lat' dir='ltr'><strong>ltaliaiepi’scOpi</strong></span> <span class='ocrx_word' id='word_1_820' title='bbox 1563 5566 1623 5619; x_wconf 87' lang='lat' dir='ltr'><strong>R.</strong></span> <span class='ocrx_word' id='word_1_821' title='bbox 1659 5561 1738 5629; x_wconf 57' lang='lat' dir='ltr'><strong>Cf,</strong></span> <span class='ocrx_word' id='word_1_822' title='bbox 1773 5565 1826 5617; x_wconf 89' lang='lat' dir='ltr'><strong>C.</strong></span> <span class='ocrx_word' id='word_1_823' title='bbox 1858 5564 1942 5623; x_wconf 88' lang='lat' dir='ltr'><strong>N..</strong></span> <span class='ocrx_word' id='word_1_824' title='bbox 1977 5564 2028 5617; x_wconf 83' lang='lat' dir='ltr'><strong>F.</strong></span> <span class='ocrx_word' id='word_1_825' title='bbox 2064 5563 2146 5629; x_wconf 77' lang='lat' dir='ltr'><strong>ll,</strong></span> <span class='ocrx_word' id='word_1_826' title='bbox 2173 5563 2474 5618; x_wconf 85' lang='lat' dir='ltr'><strong>Cerbonius</strong></span> <span class='ocrx_word' id='word_1_827' title='bbox 2493 5561 2805 5634; x_wconf 85' lang='lat' dir='ltr'><strong>Populonii.</strong></span> <span class='ocrx_word' id='word_1_828' title='bbox 2834 5566 2916 5615; x_wconf 86' lang='lat' dir='ltr'><strong>Ita</strong></span> <span class='ocrx_word' id='word_1_829' title='bbox 2947 5566 3114 5630; x_wconf 84' lang='lat' dir='ltr'><strong>igitur</strong></span> <span class='ocrx_word' id='word_1_830' title='bbox 3146 5567 3253 5632; x_wconf 62' lang='lat' dir='ltr'><strong>big.</strong></span> <span class='ocrx_word' id='word_1_831' title='bbox 3284 5561 3466 5632; x_wconf 80' lang='lat' dir='ltr'><strong>primo</strong></span> <span class='ocrx_word' id='word_1_832' title='bbox 3513 5565 3633 5620; x_wconf 80' lang='lat' dir='ltr'><strong>edi-</strong></span> 
     </span>
    </p>
   </div>
   <div class='ocr_carea' id='block_1_105' title="bbox 298 5636 2004 5704">
    <p class='ocr_par' dir='ltr' id='par_1_105' title="bbox 298 5636 2004 5704">
     <span class='ocr_line' id='line_1_106' title="bbox 298 5636 2004 5704; baseline -0.001 -15"><span class='ocrx_word' id='word_1_833' title='bbox 298 5636 455 5689; x_wconf 85' lang='lat' dir='ltr'><strong>derat</strong></span> <span class='ocrx_word' id='word_1_834' title='bbox 511 5636 554 5670; x_wconf 74' lang='grc'><strong>⁸⁵</strong></span> <span class='ocrx_word' id='word_1_835' title='bbox 587 5638 872 5704; x_wconf 66' lang='lat' dir='ltr'><strong>.S&#39;equentia</strong></span> <span class='ocrx_word' id='word_1_836' title='bbox 908 5637 1078 5703; x_wconf 82' lang='lat' dir='ltr'><strong>Sigeb.</strong></span> <span class='ocrx_word' id='word_1_837' title='bbox 1111 5638 1303 5703; x_wconf 81' lang='lat' dir='ltr'><strong>ipsein</strong></span> <span class='ocrx_word' id='word_1_838' title='bbox 1327 5637 1541 5691; x_wconf 82' lang='lat' dir='ltr'><strong>sceduta</strong></span> <span class='ocrx_word' id='word_1_839' title='bbox 1570 5644 1755 5691; x_wconf 80' lang='lat' dir='ltr'><strong>assuta</strong></span> <span class='ocrx_word' id='word_1_840' title='bbox 1783 5636 2004 5689; x_wconf 86' lang='lat' dir='ltr'><strong>addidit.</strong></span> 
     </span>
    </p>
   </div>
  </div>
