3870 6060
256 221 361 278 103

1483 221 1821 277 SlGEBERTl
1861 221 2375 279 GEMBLACENSIS.

3488 224 3596 280 104

329 342 456 399 539.
537 341 598 396 R.
653 342 740 394 l2.
819 341 874 395 P.
931 341 982 394 2.
1063 341 1120 396 F.
1170 341 1261 398 25.
1339 341 1396 397 L.
1431 343 1512 398 13.
1593 345 1650 398 Α.
1701 345 1790 400 48.
1890 346 2281 418 Afoedcratur.
2323 352 2459 416 (Vita
2504 348 2583 416 R.)
2613 346 2759 402 Obiit
2787 354 3014 403 sanctus
3072 348 3355 421 Remigius
3385 350 3585 406 Remo-

822 431 906 487 W.
966 432 1050 488 14.
1129 433 1188 486 0.
1243 431 1294 490 3.

331 526 419 590 (Η.
485 522 588 591 1n.)
638 521 984 576 Justinianus
1040 523 1336 594 imperator
1385 525 1525 580 duos
1579 526 1904 601 Bulgarum,

260 627 424 685 reges
453 609 693 664 Traciam
724 610 1128 683 depopulantes
1165 612 1366 668 occidit
1393 629 1516 668 cum
1551 615 1735 670 multis
1765 615 1870 670 mi-

258 703 406 757 libus
435 702 750 776 Bulgarum.

433 791 560 845 540.
639 791 726 845 13.
803 790 854 846 3.
955 793 1043 846 26.
1146 795 1233 847 14.
1310 795 1398 848 49.
1478 796 1564 849 15.
1640 797 1692 850 4.

330 883 415 948 (Η.
443 884 545 947 1n.)
573 879 815 935 Chosroe
842 881 1225 936 Anthiochiam
1255 882 1419 952 capit.
1447 882 1522 952 (0.
1553 899 1583 936 ν
1621 883 1700 953 F.)
1735 881 1873 937 Chil-

259 972 522 1026 debertus
557 988 648 1026 rex
678 987 802 1026 cum
836 971 1096 1026 fratruele
1141 973 1520 1028 Theodeberto
1554 975 1608 1028 in
1650 973 1869 1028 fratrem

268 1061 582 1115 Lotharium
612 1059 866 1134 insurgit,
896 1062 995 1113 sed
1027 1069 1198 1114 matre
1247 1077 1436 1116 eorum
1469 1062 1722 1116 Rothilde
1744 1064 1872 1118 satis

256 1158 455 1225 agente
496 1151 643 1221 apud
670 1152 862 1216 Deum,
893 1166 961 1205 ne
982 1151 1124 1206 inter
1150 1151 1348 1205 fratres
1381 1149 1536 1206 fieret
1565 1152 1724 1207 civile
1747 1153 1870 1207 bel-

261 1244 394 1308 lum,
429 1242 700 1297 horrenda
735 1251 1057 1313 tempestate
1106 1243 1352 1308 coerciti,
1407 1260 1530 1298 cum
1573 1260 1741 1314 super
1773 1245 1873 1300 Lo-

262 1334 498 1388 tharium
519 1350 586 1388 ne
605 1335 822 1406 signum
855 1333 1083 1403 quidem
1139 1334 1454 1403 apparuerit
1497 1334 1742 1390 horroris
1772 1337 1873 1390 hu-

258 1425 524 1493 jusmodi,
542 1425 784 1480 reddunt
813 1440 874 1478 se
897 1423 1152 1478 fraternae
1183 1423 1322 1494 paci.

433 1521 560 1573 541.
638 1519 724 1572 14.
804 1519 856 1572 4.
934 1517 1023 1572 27.
1124 1519 1207 1572 15.
1306 1519 1391 1573 50.
1475 1519 1558 1572 16.
1636 1520 1690 1572 5.

327 1616 408 1679 (ΙΙ.
438 1619 538 1679 m.)
578 1611 815 1666 Chosroe
862 1611 973 1679 jam
1019 1618 1210 1682 quarto
1266 1612 1539 1668 Romanos
1596 1613 1864 1668 infestan-

256 1706 389 1767 tem,
413 1699 692 1754 Bilisarius
715 1698 994 1768 compellit
1055 1699 1236 1754 redire
1287 1699 1650 1756 inefficacem.
1685 1700 1866 1766 (Greo.

255 1786 402 1854 Tun.)
431 1787 735 1843 lndiversis
781 1787 1078 1843 Galliarum
1137 1788 1272 1843 locis
1307 1790 1522 1845 diversa
1571 1791 1727 1861 signa
1757 1791 1873 1845 visa

179 1929 188 1938 ,
253 1885 400 1933 sunt.
433 1877 684 1934 Cometes
713 1879 1004 1948 apparuit;
1057 1879 1144 1932 die
1179 1881 1393 1949 paschae
1435 1881 1626 1936 caelum
1681 1881 1872 1936 ardere

258 1971 437 2027 visum
459 1979 580 2036 est;
615 1987 776 2026 verus
816 1972 1041 2042 sanguis
1073 1988 1139 2025 ex
1181 1973 1326 2027 nube
1355 1973 1584 2028 defluxit
1618 1975 1671 2028 in
1707 1976 1874 2029 vesti-

258 2063 460 2118 mentis
505 2063 788 2118 hominum
826 2081 841 2128 ;
885 2063 1082 2117 domus
1114 2064 1400 2132 cujusdam
1444 2065 1513 2119 ab
1559 2066 1704 2120 intus
1748 2082 1876 2120 san-

256 2157 423 2229 guine
482 2171 731 2225 respersa
770 2156 1024 2226 apparuit
1053 2164 1368 2223 ',etsecutaa
1417 2158 1579 2212 variae
1597 2157 1786 2212 clades
1823 2166 1878 2212 et

255 2250 414 2304 malae
435 2249 777 2304 valetudines
804 2265 926 2304 cum
958 2250 1194 2320 pustulis
1217 2256 1270 2305 et
1310 2250 1508 2306 vesicis
1532 2251 1770 2322 populos
1797 2251 1879 2306 af-

258 2337 537 2394 ilixerunt.

429 2433 553 2486 5.12.
633 2433 718 2485 15.
797 2430 848 2485 5.
895 2418 1039 2485 '28.
1138 2431 1225 2484 16.
1305 2431 1391 2486 51.
1474 2432 1560 2486 17.
1639 2432 1692 2487 6.

328 2521 830 2592 (H.m.)Bilisarius
881 2522 926 2555 (⁵⁸
983 2522 1050 2576 ad
1100 2521 1328 2577 Africam
1388 2523 1672 2590 remissus,
1706 2524 1876 2579 Guin-

262 2615 427 2670 tbarit
447 2629 614 2683 super
642 2613 903 2682 reliquias
954 2612 1345 2667 Wandalorum
1406 2623 1726 2687 regnantem
1751 2633 1872 2671 cum

267 2701 769 2774 suisextinguit(G.
819 2717 867 2753 ν.
921 2705 995 2766 F.)
1046 2700 1329 2754 l.otharius
1389 2711 1444 2756 et
1493 2703 1878 2759 Childebertus

258 2792 472 2858 fratres,
497 2791 730 2846 obsesso
763 2789 818 2843 in
863 2790 1137 2860 Hispaniis
1193 2789 1621 2863 Cesaraugusta,
1663 2792 1876 2847 civibus

259 2885 426 2938 Deum
459 2882 743 2938 orantibus
769 2889 824 2936 et
872 2882 1189 2938 circumlata
1237 2883 1510 2937 Vincentii
1538 2884 1777 2938 martiris
1795 2892 1877 2939 tu-

1972 457 2091 495 rum
2123 441 2418 511 episcOpus
2450 440 2573 494 165.
3363 481 3366 484 .

2183 532 2307 586 516.
2395 530 2471 586 19.
2550 531 2604 584 9.
2685 530 2769 584 32.
2849 530 2901 585 3.
2979 531 3070 585 55.
3148 533 3202 586 2.
3283 531 3370 585 10.

2046 621 2123 689 (II.
2157 621 2256 688 m.)
2302 619 2530 691 Vigilius
2588 636 2729 690 papa
2783 620 3053 674 exiliatur.
3090 620 3290 674 Narses
3323 620 3591 690 patricius

1972 713 2362 766 auxiliantibus
2381 711 2486 766 sibi
2523 712 2894 786 Langobardis
2938 712 3166 767 Totilam
3199 729 3384 787 regem
3443 714 3590 783 peri-

1975 802 2071 856 mit
2099 821 2113 866 ;
2146 801 2594 872 Ostrogothorum
2627 809 2793 872 gente
2850 817 3024 872 usque
3053 802 3122 855 ad
3150 801 3584 857 internetionem

1974 891 2173 956 deleta,
2205 907 2435 964 regnum
2468 890 2941 963 Ostrogothorum,
2975 891 3198 961 penitus
3225 891 3480 946 destruit.
3508 893 3585 945 Ita

1975 981 2110 1035 illud
2144 996 2370 1050 regnum
2406 980 2726 1045 Gothorum,
2759 979 2929 1050 quod,
2977 989 3035 1034 ut
3079 981 3153 1034 ait
3176 980 3430 1036 Jordanis
3461 981 3586 1048 166,

1974 1084 2071 1140 per
2100 1085 2274 1123 annos
2305 1068 2521 1122 circiter
2549 1067 2689 1121 2109
2714 1069 3022 1134 duraverat,
3079 1068 3284 1124 defecit
3312 1069 3369 1122 in
3405 1068 3591 1124 Ostro-

1973 1161 2176 1233 gotliis,
2203 1161 2302 1215 sed
2337 1161 2390 1214 in
2422 1159 2741 1232 Wisigothis
2799 1160 2854 1214 in
2915 1160 3172 1231 Hispania
3227 1160 3593 1236 regnantibus

1977 1255 2251 1311 incolume
2306 1255 2583 1308 remansit.
2639 1253 2795 1308 Teias
2853 1269 3082 1326 regnum
3138 1250 3591 1325 Ostrogothorum

1976 1347 2302 1402 resuscitare
2334 1347 2508 1413 nisus,
2534 1355 2727 1420 regnat
2753 1345 2914 1400 annis
2938 1345 2993 1401 2.

2185 1440 2309 1495 547.
2387 1439 2476 1494 29.
2564 1439 2643 1492 10.
2722 1438 2809 1495 33.
2888 1437 2940 1492 4.
3019 1435 3108 1492 56.
3187 1436 3240 1490 3.
3319 1437 3371 1490 1.

2045 1528 2436 1600 (ΡΑυι..Ι)1Α(;.)
2490 1527 2757 1583 Conserto
2811 1526 2987 1598 prelio
3012 1526 3157 1580 inter
3188 1524 3592 1579 Cunimundum

1966 1634 2150 1693 regem
2179 1617 2511 1688 Gepidarum
2539 1623 2594 1671 et
2615 1616 2812 1670 Albuin
2851 1631 3038 1690 regem
3073 1614 3590 1687 Langobardorum,

1972 1716 2302 1766 corruerunt
2349 1709 2606 1780 utrinque
2659 1709 2943 1783 sexaginta
2996 1708 3150 1762 milia
3208 1723 3420 1762 eorum.
3483 1705 3590 1760 Ubi

1975 1803 2171 1857 Albuin
2228 1801 2636 1856 Cunimundum
2685 1802 2936 1871 peremit,
2994 1808 3048 1856 et
3087 1817 3150 1854 ex
3203 1807 3342 1854 testa
3393 1802 3592 1871 capitis

1975 1896 2096 1964 ejus
2123 1896 2383 1967 poculum
2413 1895 2518 1950 sibi
2543 1895 2609 1949 ad
2636 1895 2942 1950 bibendum
2984 1894 3131 1957 fecit,
3163 1892 3443 1964 filiamque
3465 1894 3593 1961 ejus

1977 1985 2301 2055 captivatam
2331 1999 2557 2039 uxorem
2613 1984 2719 2039 sibi
2780 1985 3008 2054 accepit.
3051 1984 3218 2038 Hunis
3247 1999 3376 2039 vero
3421 1991 3596 2038 terras

1979 2074 2310 2144 Gepidarum
2373 2071 2786 2139 invadentibus,
2838 2073 3177 2128 destructum
3223 2080 3306 2128 est
3363 2089 3596 2147 regnum

1979 2163 2310 2235 Gepidarum
2347 2162 2590 2234 penitus.

2189 2255 2313 2308 548.
2390 2254 2479 2308 21.
2559 2253 2643 2307 11.
2723 2252 2811 2306 34.
2889 2254 2946 2306 5.
3022 2253 3112 2307 57.
3189 2255 3243 2307 4.
3320 2253 3376 2306 2.

2050 2347 2130 2416 (G.
2167 2363 2215 2402 ν.
2245 2348 2327 2410 F.)
2356 2345 2768 2401 Theodebertus
2792 2361 2884 2400 rex
2925 2361 3022 2416 per
3077 2360 3136 2400 se
3189 2352 3243 2400 et
3273 2362 3372 2416 per
3392 2346 3590 2400 ducem

1977 2452 2136 2492 suum
2161 2435 2521 2491 Bulcellinum
2558 2435 2765 2489 Italiam
2790 2434 2940 2490 vario
2971 2434 3104 2488 belli
3130 2442 3330 2488 eventu
3370 2435 3594 2506 inquie-

1978 2535 2092 2580 tare
2123 2540 2232 2581 non
2257 2524 2496 2590 desistit,
2552 2533 2605 2578 et
2647 2524 2715 2578 ab
2777 2523 2930 2579 ltalia
2960 2531 3012 2578 et
3043 2541 3073 2578 a
3095 2524 3276 2579 Sicilia
3296 2531 3389 2578 aut
3418 2525 3596 2594 spolia

1978 2621 2069 2669 aut
2095 2615 2295 2668 tributa
2321 2613 2551 2684 accipit.
2611 2613 2771 2681 Tejas
2802 2629 2893 2668 rex
2949 2630 2979 2668 a
3029 2613 3255 2668 Narsete
3285 2612 3594 2685 perimitur,

1978 2712 2032 2759 et
2057 2720 2180 2760 cum
2210 2719 2276 2760 eo
2306 2704 2603 2759 Gothorum
2638 2702 2887 2774 reliquiae
2943 2702 3308 2774 extirpantur.

2118 2797 2239 2853 549.
2318 2797 2407 2851 22.
2495 2796 2574 2849 12.
2617 2794 2707 2851 35.
2782 2796 2834 2850 6.
2912 2795 3004 2849 58.
3081 2796 3137 2850 5.

2049 2889 2234 2959 (Gneo.
2261 2887 2420 2959 Tun.)
2453 2888 2712 2961 Agericus
2743 2887 3107 2942 Virdunensis
3147 2888 3442 2958 episcopus
3471 2903 3600 2941 san-

255 2976 398 3041 nica,
448 2980 672 3045 accepta
720 2973 787 3028 ab
836 2975 918 3028 eis
968 2990 1066 3044 pro
1119 2990 1350 3030 munere
1406 2975 1580 3045 ipsius
1634 2975 1871 3030 martiris
1900 2979 2158 3052 Cctitate
2191 2978 2380 3043 claret,
2434 2977 2490 3034 P.
2549 2979 2606 3033 D.
2666 2977 2860 3032 Narses
2912 2979 3174 3050 patricius
3207 2979 3470 3034 Sinduald
3507 2995 3597 3034 re-

253 3070 414 3136 stola,
447 3069 702 3136 redeunt,
758 3068 1032 3140 adquisita
1089 3069 1363 3140 Hispanite
1425 3079 1577 3140 parte
1613 3071 1867 3125 maxima.

253 3159 426 3228 (lstn.)
454 3158 679 3213 Theuda
713 3158 1140 3234 Wisigothorum
1175 3175 1303 3231 rege
1340 3177 1370 3214 a
1410 3159 1528 3214 suis
1561 3167 1870 3232 perempto,

254 3253 696 3327 Theudegisibus
727 3264 919 3326 regnat
971 3263 1094 3325 post
1116 3271 1239 3308 eum
1270 3255 1430 3309 annis
1458 3255 1508 3308 2.
1543 3258 1608 3322 (ν
1653 3259 1872 3325 Mauri.)

259 3342 478 3398 Maurus
516 3343 571 3396 in
624 3343 794 3398 Gallia
853 3343 1042 3414 claret,
1107 3344 1284 3400 sancti
1345 3344 1634 3400 Benedicti
1702 3345 1871 3402 disci-

259 3430 425 3502 pulus

433 3520 557 3578 543.
637 3523 726 3577 16.
825 3524 877 3577 6.
982 3523 1073 3578 29.
1154 3525 1239 3580 17.
1341 3525 1411 3579 52
1517 3531 1558 3580 t.
1640 3525 1690 3582 7.

326 3611 410 3681 (11.
449 3613 547 3682 m.)
586 3612 816 3685 Vigilius
848 3628 984 3683 papa
1017 3613 1146 3684 quia
1196 3613 1501 3668 secundum
1541 3629 1697 3668 suam
1737 3629 1868 3685 pro-

251 3705 568 3761 missionem
612 3706 788 3760 noluit
815 3706 1168 3761 Anthemium
1229 3723 1508 3774 revocare,
1556 3706 1867 3762 Constanti-

252 3795 498 3865 nopolim
524 3795 762 3849 mittitur
799 3795 1188 3866 ignominiose.
1225 3797 1439 3851 Thotila
1476 3812 1569 3850 rex
1607 3797 1866 3870 Ostrogo‘

252 3884 472 3938 thorum
505 3890 665 3952 capta
701 3883 890 3948 Roma,
925 3884 1190 3938 habitavit
1245 3885 1562 3955 aliquandiu
1597 3902 1719 3940 cum
1762 3887 1872 3942 Ro-

255 3970 434 4024 manis
465 3971 620 4041 quasi
651 3980 806 4040 pater
834 3988 957 4025 cum
992 3971 1140 4039 filiis,
1190 3973 1618 4041 mansuefactus,
1649 3984 1707 4029 ut
1746 3991 1870 4030 cre-

255 4061 420 4129 ditur,
451 4063 624 4117 sancti
650 4063 931 4118 Benedicti
963 4064 1204 4130 monitis,
1249 4065 1434 4134 (PAUL.
1506 4067 1544 4120 D
1575 4070 1592 4135 )
1620 4067 1870 4122 Audoliin

254 4156 492 4217 mortuo,
520 4150 716 4206 Albuin
748 4150 895 4207 filius
917 4154 1038 4222 ejus
1061 4163 1254 4228 regnat
1283 4172 1452 4226 super
1484 4156 1870 4233 Langobardos

254 4239 310 4291 iu
346 4239 622 4294 Pannonia
663 4240 825 4294 annis
849 4242 938 4295 21.

393 4331 516 4386 514.
613 4331 702 4386 17.
799 4332 850 4387 7.
944 4331 1032 4390 30.
1124 4334 1176 4386 1.
1271 4334 1360 4389 53.
1609 4336 1662 4391 8.

320 4425 531 4495 (Gneo.,
558 4427 722 4497 Dial.)
775 4426 1113 4481 Herculanus
1173 4426 1471 4482 Perusinus
1513 4428 1810 4501 episcOpus
1837 4447 1866 4484 a

246 4519 420 4575 Totila
453 4537 604 4594 rege,
636 4528 790 4578 secto
822 4521 1023 4593 capite,
1051 4521 1418 4576 martirizatur
1441 4539 1456 4588 ;
1481 4530 1604 4593 post
1635 4530 1863 4579 mortem

247 4626 379 4666 vero
436 4621 600 4681 caput
649 4614 768 4684 ejus
816 4613 1035 4684 corpori
1067 4613 1282 4668 unitum
1325 4613 1624 4668 invenitur.
1650 4618 1715 4681 (Η
1766 4622 1863 4685 φη.)

249 4697 680 4754 TolitaSiciliam
723 4702 950 4756 invadit.
1011 4703 1208 4758 Narses
1275 4704 1863 4760 ennuchusllomano-

221 4807 369 4845 .rum
405 4792 666 4862 patricius
692 4794 977 4849 ordinatur
1006 4803 1060 4850 et
1109 4803 1298 4852 contra
1337 4797 1566 4852 Totilam
1625 4796 1868 4851 destina-

252 4891 361 4939 tur.
387 4884 1003 4959 (Fnen.)Theudegisilo
1062 4888 1202 4943 inter
1257 4888 1664 4943 convivandum
1694 4905 1724 4943 a
1753 4889 1869 4944 suis

254 4983 562 5046 perempto,
583 4975 775 5050 Agilan
825 4983 1016 5048 regnat
1063 4995 1231 5048 super
1256 4979 1595 5052 Wisigothos
1625 4979 1864 5036 annisQ.

459 5068 584 5122 545.
665 5068 751 5123 18.
829 5069 883 5122 8.
981 5068 1068 5124 3|.
1165 5071 1218 5125 2.
1297 5073 1390 5139 51,
1467 5073 1518 5126 1.
1597 5072 1652 5128 ο.

322 5165 406 5231 (Π.
440 5163 538 5234 m.)
574 5161 770 5217 Narses
798 5160 1037 5218 Albuino
1070 5161 1184 5236 regi
1226 5161 1712 5237 Langobardorum
1743 5179 1872 5220 con-

1973 3087 2096 3144 gem
2126 3071 2453 3137 Brittonum,
2477 3086 2540 3124 ex
2573 3070 2750 3126 amico
2772 3069 2879 3124 sibi
2911 3069 3196 3137 rebellem,
3216 3070 3364 3128 bello
3386 3072 3588 3129 victum

1975 3167 2029 3214 et
2060 3169 2277 3232 captum
2304 3159 2613 3231 suspendit.

2147 3253 2272 3307 550.
2369 3253 2458 3309 23.
2543 3253 2628 3307 13.
2705 3252 2792 3308 36.
2872 3252 2922 3306 7.
3006 3252 3094 3308 59.
3173 3252 3226 3306 6.

2050 3346 2132 3416 (G.
2160 3362 2210 3400 r.
2244 3345 2324 3413 F.)
2351 3345 2768 3400 Theodebertus
2811 3361 2904 3400 rex
2936 3344 3092 3409 obiit,
3126 3343 3215 3400 cui
3242 3343 3591 3399 Theodebal-

1975 3435 2078 3489 dus
2105 3433 2252 3488 filius
2300 3433 2419 3502 ejus
2460 3434 2726 3488 succedit.
2774 3435 2959 3504 (Gneo.
3006 3434 3160 3503 Tun.)
3201 3432 3447 3500 Arboris,
3479 3450 3589 3504 que

1974 3527 2182 3582 dicitur
2219 3526 2537 3593 sambucus,
2566 3526 2752 3594 flores,
2785 3543 2954 3600 grana
2983 3534 3037 3580 et
3085 3525 3294 3581 fructus
3319 3525 3593 3590 inﬂores,

1973 3637 2143 3696 grana
2166 3627 2220 3675 et
2250 3620 2456 3676 fructus
2481 3619 2606 3674 vitis
2635 3619 3093 3675 transformamur
3125 3619 3188 3672 σῖ.

2073 3712 2198 3767 551.
2273 3712 2363 3766 24.
2443 3712 2531 3765 14.
2609 3711 2698 3765 37.
2775 3712 2828 3765 8.
2901 3711 2995 3766 60.
3109 3710 3160 3765 7.

2044 3802 2241 3866 Quinta
2272 3802 2518 3872 synodus
2551 3801 2878 3856 universalis
2917 3799 3456 3871 ConstantinOpolim
3502 3815 3596 3854 ce-

1974 3893 2220 3948 lebratur
2253 3910 2265 3946 :
2302 3892 2357 3946 in
2386 3908 2494 3964 qua
2523 3893 2774 3963 epistola,
2807 3909 2928 3964 quae
2964 3893 3056 3948 [be
3116 3893 3337 3958 dicitur,
3385 3892 3590 3946 erroris

1973 3986 2136 4056 plena
2167 3985 2586 4056 reprobatur,et
2615 3987 2938 4054 Theodorus
2966 4000 3255 4056 personam
3270 3984 3593 4038 mediatoris

1975 4075 2071 4129 Dei
2099 4082 2152 4129 et
2175 4075 2462 4131 hominum
2494 4077 2545 4130 in
2581 4075 2798 4131 duabus
2846 4076 3172 4131 substantiis
3197 4091 3482 4146 separaris,
3516 4075 3585 4128 ad

1974 4164 2276 4235 impietatis
2298 4165 2589 4236 perﬁdiam
2621 4166 2888 4220 cecidisse
2919 4165 3268 4220 convincitur
3311 4163 3390 4233 (cf
3441 4167 3585 4217 Ann.

1972 4255 2138 4326 Leod).
2175 4255 2465 4328 llucusque
2493 4256 2752 4311 Jordanis
2801 4256 3094 4326 episc0pus
3125 4253 3424 4325 hystoriam
3454 4268 3591 4308 con-

1891 4369 1947 4438 D
1973 4344 2170 4438 texuit.

2075 4435 2198 4492 552.
2303 4437 2391 4493 25.
2479 4439 2558 4491 15.
2637 4437 2724 4493 38.
2802 4436 2855 4492 9.
2932 4437 3021 4492 61.
3137 4436 3191 4491 8.

2039 4524 2122 4593 (G.
2149 4527 2324 4595 poni.)
2359 4525 2610 4598 Pelagius
2641 4525 2898 4579 Romana:
2948 4523 3213 4578 zecclesize
3269 4522 3396 4577 57118
3453 4539 3585 4593 pre-

1969 4611 2132 4668 sidet.
2164 4613 2258 4668 Hic
2291 4614 2637 4668 insimulatus
2669 4612 2737 4667 de
2771 4619 2944 4667 morte
2978 4612 3157 4683 Vigilii
3191 4629 3371 4683 papae,
3394 4619 3591 4667 tenens

1966 4716 2155 4762 sancta
2193 4708 2476 4780 evangelia
2508 4715 2559 4762 et
2589 4722 2831 4773 crucem,
2856 4707 3219 4775 jurejurando
3252 4707 3471 4777 publice
3502 4723 3591 4761 sa-

1969 4798 2188 4854 tisfecit.
2226 4801 2410 4868 (Gneo.
2444 4799 2600 4864 Tum,
2636 4801 2706 4853 De
2753 4801 2822 4867 gl.
2853 4806 2998 4853 mart
3058 4801 3134 4868 x.)
3188 4799 3299 4852 Hoc
3339 4806 3588 4868 tempore

1971 4892 2026 4946 in
2057 4892 2270 4947 oriente
2336 4909 2472 4962 puer
2520 4892 2744 4962 quidam
2803 4891 3116 4946 Judteorum
3176 4890 3344 4953 filius.
3401 4907 3587 4947 cuma

1971 4983 2156 5040 coevis
2199 4983 2314 5038 suis
2369 4983 2789 5038 Christianorum
2847 4983 2974 5037 filiis
3045 4984 3112 5038 ad
3165 4983 3268 5038 hoc
3317 4984 3590 5038 adductus

1971 5076 2185 5143 fuisset,
2213 5083 2272 5130 ut
2328 5076 2382 5129 in
2441 5077 2692 5131 :ecclcsia
2731 5084 2933 5132 sanctae
2992 5077 3182 5132 matris
3224 5076 3424 5132 Christi
3455 5078 3587 5132 Jesu

1973 5179 2174 5235 corpus
2197 5173 2251 5220 et
2274 5165 2600 5237 sanguinem
2637 5165 2831 5221 Christi
2858 5167 3192 5238 perciperet,
3225 5175 3456 5237 pr0pter
3487 5167 3590 5222 hoc

1611 5263 1832 5319 VARle
1859 5263 2232 5319 LECTIONES.

320 5359 366 5396 ⁸⁸
394 5361 690 5418 Balisarius
718 5363 770 5418 1.
799 5361 842 5397 ⁸⁷
873 5360 1086 5417 arboris
1113 5360 1569 5417 transformantur
1597 5365 1716 5418 add.
1762 5365 1934 5433 Sigei).
1963 5368 2107 5419 curis
2144 5367 2333 5420 tertiis.

1851 5464 2039 5520 ΝΟΤᾹΞ

239 5591 244 5598 -
319 5559 463 5628 (165)
503 5559 650 5616 Obiit
673 5561 857 5632 potius
877 5579 925 5618 a.
960 5562 1065 5618 535
1092 5581 1107 5624 ;
1131 5568 1186 5617 et
1235 5563 1364 5616 Acta
1385 5561 1480 5618 SS.
1515 5562 1607 5617 Oct
1689 5565 1730 5631 l,
1761 5564 1850 5620 68.

322 5633 470 5704 (166)
503 5632 650 5688 Errat
675 5633 783 5706 Sig.
844 5633 1098 5689 Jordanis
1155 5633 1304 5689 enim
1347 5634 1418 5686 De
1465 5633 1559 5687 reb
1621 5636 1734 5688 Get.
1793 5636 1847 5689 in

1964 5562 2072 5619 fine
2103 5565 2249 5619 hunc
2279 5581 2484 5620 annum
2517 5565 2872 5621 millesimum
2903 5572 2956 5621 et
3013 5566 3468 5622 trecentesimum
3506 5583 3592 5622 re-

1959 5636 2052 5710 gni
2075 5636 2379 5692 Gothorum
2416 5637 2552 5691 dicit
2582 5637 2844 5693 HIRSCH.
