3868 6064
119 307 224 362 105
677 359 693 375 ,
1619 301 1646 355 c

1926 302 1974 354 t.
2017 281 2034 298 '
3350 297 3453 356 106

119 449 148 487 a
176 441 334 504 patre
363 447 466 488 suo
488 431 770 503 projectus
801 431 855 486 in
894 430 1173 487 fornacem
1200 429 1505 493 ardentem,
1541 429 1734 484 illesus
1760 433 1810 499 Α
1839 429 2116 484 Britannia
2147 429 2440 484 sanctitate
2471 435 2526 482 et
2569 428 2847 483 miraculls
2895 427 3095 483 claruit
3127 427 3250 500 ;qui
3282 443 3313 482 a
3343 427 3457 482 Bri-

119 525 246 578 inde
277 540 308 578 a
335 522 654 578 cliristianis
684 527 962 577 extractus
987 527 1090 586 est,
1137 536 1396 576 asserens
1435 520 1584 592 quod
1610 536 1735 574 mu-
1837 521 2021 576 tannis
2037 521 2418 584 exacerbatus,
2448 519 2529 575 eis
2572 519 2880 592 maledictis
2936 519 3190 574 transivit
3237 519 3305 574 ad
3336 517 3458 574 Gal-

122 613 247 679 lier,
275 627 400 684 quae
428 611 485 665 in
542 611 633 666 illa
677 609 930 666 tecclesia
977 625 1210 699 puerum
1269 617 1467 665 tenens
1519 607 1738 678 depicta
1839 614 1959 680 lias,
1991 623 2045 669 et
2075 614 2177 668 sub
2207 613 2435 668 Leontio
2460 613 2760 668 Santonum
2804 611 3068 683 episcOpo
3113 611 3288 668 multo
3312 617 3457 666 tem-

119 712 256 770 erat,
289 704 458 774 pallio
487 718 588 758 suo
615 703 863 757 ﬂammas
889 701 1035 776 ignis
1065 717 1095 756 a
1116 717 1175 756 se
1204 700 1626 756 eventilasset“.
1842 719 1972 775 pore
2004 704 2298 759 virtutibus
2327 703 2546 757 claruit.
2579 701 2870 756 Britannos
2889 715 3020 756 vero
3045 709 3270 772 propter
3299 716 3453 755 suam

293 795 422 850 553.
503 795 564 848 Β.
613 793 704 849 26.
785 793 841 848 Ρ.
907 793 998 850 16.
1075 793 1132 848 F.
1188 793 1278 848 39.
1358 793 1394 846 Ι.
1469 791 1558 848 10.

1927 795 2286 850 ledictionem
2318 794 2486 850 variis
2515 793 2768 849 cladibus
2789 792 3060 857 addictos;
3089 791 3214 848 data
3240 807 3454 848 rursum

687 887 747 940 Α.
803 886 898 941 62.
975 885 1062 941 W.
1114 885 1170 941 9.
1864 883 2254 940 benedictione
2277 883 2514 939 absolvit
2544 889 2598 938 et
2623 882 2925 938 sanavit".
3293 907 3298 914 -

183 975 400 1044 (Fat-zu.)
455 974 647 1049 Agilan
695 990 820 1030 cum
873 974 1181 1030 insolenter
1237 973 1294 1028 in
1347 989 1482 1028 suos
1525 982 1710 1046 ageret

1565 982 1738 1046 geret,
2036 971 2142 1025 562
2241 971 2327 1026 35.
2407 971 2494 1026 25.
2575 971 2662 1026 48.
2742 969 2829 1025 19.
2909 972 2960 1024 1.
3037 969 3092 1022 9.

115 1065 535 1140 Athanagildus,
589 1063 984 1120 auxiliantibus
1035 1063 1144 1119 sibi
1203 1062 1488 1130 Romanis,
1518 1079 1584 1120 eo
1613 1080 1742 1134 per-
1913 1061 1998 1127 (Η.
2077 1062 2180 1126 m.)
2239 1057 2716 1129 Constantinopoli
2769 1057 2994 1130 quidam
3073 1056 3458 1128 imperatorem

126 1169 336 1231 empto,
372 1165 564 1234 regnat
593 1158 754 1213 annis
781 1158 872 1214 22.
1842 1153 2165 1228 extinguere
2188 1153 2382 1216 moliti,
2417 1153 2796 1228 extinguntur.
2829 1150 2992 1223 Cujus
3040 1149 3292 1206 criminis
3322 1149 3460 1204 Bili-

296 1251 426 1305 554·
503 1249 593 1305 27.
677 1251 761 1305 17.
838 1248 928 1306 40.
1005 1250 1095 1304 11.
1172 1250 1267 1306 63.
1347 1253 1398 1306 1.

1932 1245 2019 1300 ius
2047 1261 2268 1317 quoque
2292 1250 2581 1300 accusatus
2631 1244 2700 1300 ab
2741 1244 3077 1315 imperatore
3134 1241 3459 1297 absolvitur.

190 1343 312 1410 (Gn.
348 1341 512 1409 Tua.)
545 1340 820 1396 Rothildis
857 1341 1047 1414 regina
1098 1341 1352 1397 moritur.
1385 1340 1570 1395 Hiems
1614 1341 1743 1395 nive
1843 1340 2024 1408 (Gneo.
2061 1339 2218 1410 Tun.)
2252 1339 2308 1394 ln
2345 1339 2690 1394 Galliamons
2717 1354 2886 1409 super
2913 1337 3198 1392 Rodanum
3230 1335 3460 1392 ﬂuvium

122 1441 175 1490 et
199 1433 380 1506 glacie
405 1432 480 1486 ita
508 1439 884 1504 exasperatur,
939 1440 1000 1487 ut
1024 1432 1279 1488 volucres
1308 1438 1363 1487 et
1406 1430 1537 1488 ferae
1569 1431 1742 1488 iudo-
1845 1433 2033 1488 multis
2051 1433 2251 1488 diebus
2281 1433 2417 1488 dans
2459 1433 2752 1507 mugitum,
2782 1430 3008 1486 tandem
3036 1431 3106 1486 ab
3132 1429 3240 1485 alio
3270 1435 3460 1485 monte

125 1525 272 1580 mitte
301 1540 469 1580 manu
499 1523 621 1594 capi
653 1529 897 1594 possent.
1843 1525 1950 1580 sibi
1997 1525 2182 1581 vicino
2218 1525 2504 1592 discissus,
2561 1541 2684 1580 cum
2741 1523 2995 1580 ecclesiis
3052 1527 3107 1577 et
3181 1521 3460 1586 domibus,

308 1615 438 1668 555.
513 1613 600 1668 28.
688 1613 768 1668 18.
849 1613 936 1667 41.
1019 1613 1105 1668 12.
1183 1613 1276 1668 64.
1353 1614 1407 1668 2.
1847 1614 2244 1670 bominibuset
2273 1614 2486 1680 bestiis,
2511 1614 2566 1669 in
2597 1614 2884 1670 Rodanum
2915 1611 3278 1684 precipitatus
3309 1610 3461 1666 est".

200 1705 283 1772 (P.
317 1706 405 1773 D.)
451 1704 768 1759 Bucellinus
805 1710 860 1759 et
904 1703 1170 1778 Amingus
1213 1704 1384 1760 duces
1415 1704 1816 1778 Francorumn
1993 1707 2118 1762 563.
2195 1707 2284 1762 36.
2359 1706 2449 1764 26.
2529 1707 2616 1761 49.
2692 1705 2784 1762 20.
2857 1705 2916 1760 2.
2994 1705 3081 1761 10.

130 1812 160 1849 a
188 1752 416 1849 liarscte
447 1792 811 1864 perimuntur.
834 1792 914 1863 (Η.
971 1752 1266 1864 m.)nQuasi
1299 1794 1516 1866 species
1541 1793 1748 1849 lanceae
1769 1752 1821 1822 Β
1923 1795 2002 1866 (G.
2037 1813 2084 1850 r.
2129 1797 2209 1868 Β.)
2250 1796 2540 1851 Lotharius
2566 1811 2659 1850 rex
2713 1795 3044 1850 Chramnum
3105 1792 3275 1848 filium
3304 1807 3465 1848 suum

131 1884 183 1938 in
211 1883 360 1938 cwlo
388 1879 695 1954 apparuita
733 1880 1203 1951 septemtrionein
1233 1881 1576 1937 occidentem
1610 1881 1675 1938 ‘9.
1849 1883 1944 1940 diu
1991 1891 2180 1939 contra
2217 1901 2276 1938 sc
2327 1885 2688 1940 rebellantem
2721 1892 2777 1940 et
2815 1885 2986 1939 multa
3037 1883 3180 1938 mala
3209 1883 3266 1938 in
3292 1897 3466 1957 regno

306 1971 435 2028 556.
510 1972 600 2026 29.
677 1971 767 2026 19.
844 1971 931 2024 42.
1015 1969 1099 2026 13.
1176 1971 1248 2025 65
1342 1971 1394 2027 3.
1849 1990 1948 2030 suo
1981 1973 2274 2030 facientem
2308 1974 2364 2029 in
2432 1975 2716 2030 Britannia
2771 1981 3118 2046 prosecutus,
3153 1974 3203 2030 ei
3237 1973 3470 2045 ejusque

198 2067 280 2131 (G.
313 2081 362 2118 ν.
392 2065 476 2132 F.)
499 2061 918 2118 Theodebaldus
973 2077 1067 2115 rex
1119 2061 1280 2116 obiit.
1336 2061 1624 2118 Lotharius
1657 2077 1748 2117 rex
1850 2063 2138 2120 auxiliaria
2159 2063 2285 2118 duci
2319 2063 2639 2120 Brithonum
2669 2062 2964 2119 Chonobro
2997 2063 3144 2118 bello
3168 2062 3470 2129 concurrit;

133 2153 468 2208 Francorum
498 2149 832 2206 rebellantes
860 2157 1052 2206 contra
1102 2165 1162 2205 se
1219 2151 1462 2206 Saxones
1499 2157 1555 2205 et
1584 2149 1746 2205 auxi-
1851 2165 1906 2212 οι
1956 2156 2308 2216 Chonobmm
2363 2156 2589 2228 quidem
2637 2155 2892 2226 peremit,
2950 2153 3280 2209 Chramnum
3341 2168 3472 2210 vero

133 2246 332 2299 liantes
360 2245 447 2298 eis
470 2243 780 2314 Thuringos
817 2241 967 2317 gravi
996 2258 1182 2314 pugna
1219 2253 1274 2298 et
1303 2243 1522 2299 excidio
1551 2243 1754 2315 pcrdo—
1851 2255 2070 2319 captum
2099 2247 2213 2322 igni
2245 2263 2370 2302 cum
2390 2261 2560 2302 uxore
2593 2253 2650 2302 et
2677 2243 2896 2300 ﬁliabus
2917 2245 3170 2300 consumi
3201 2243 3354 2305 fecit,

136 2337 296 2392 muit.
332 2337 694 2404 (Ann.Leod.)
726 2333 874 2388 Obiit
926 2341 1150 2389 sanctus
1200 2334 1494 2391 Medardus
1553 2337 1663 2392 Nov

1577 2337 1758 2393 tovio-
2004 2337 2130 2394 564.
2207 2335 2294 2392 37.
2379 2337 2470 2390 27.
2547 2333 2635 2391 50.
2713 2334 2803 2390 21.
2882 2334 2918 2388 2
3015 2333 3104 2388 11.

136 2426 345 2482 mensis
384 2425 700 2498 episcopus,
724 2432 780 2480 et
799 2424 1110 2480 Suessionis
1131 2425 1418 2496 sepelitur.
1930 2429 2117 2500 (Mam)
2142 2429 2426 2485 Johannes
2466 2428 2724 2483 Romana:
2753 2425 3019 2482 ecclesiae
3049 2426 3176 2480 58M
3207 2423 3474 2496 presidet.

313 2513 441 2570 557.
522 2513 612 2570 30.
689 2511 780 2569 20.
856 2511 946 2570 43.
1027 2513 1116 2568 14.
1195 2515 1282 2568 66.
1363 2515 1399 2568 4

1981 2535 2030 2573 r.
2061 2518 2144 2587 F.)
2187 2517 2442 2572 Lothario
2498 2515 2826 2570 Francorum
2886 2529 3015 2589 rege
3045 2519 3286 2579 mortuo,
3330 2512 3477 2567 Chil-

209 2611 412 2680 (anc.
467 2609 626 2682 Tun.)
669 2608 1026 2682 Radegundis
1071 2609 1284 2684 regina,
1313 2625 1452 2665 uxor
1475 2611 1756 2682 quondam
1863 2611 2081 2682 pericus
2119 2609 2265 2665 filius
2296 2609 2434 2678 ejus,
2472 2607 2802 2679 compartito
2842 2620 3016 2680 regno
3037 2619 3159 2660 cum
3216 2603 3480 2660 fratribus

141 2697 379 2755 Lotharii
411 2697 580 2771 regis,
600 2703 808 2752 mutata
835 2703 988 2753 veste
1043 2698 1212 2754 claret
1235 2698 1542 2754 sanctitatis
1564 2699 1765 2756 nobili—
1861 2703 1979 2758 suis
2019 2702 2328 2770 Hcriberto,
2362 2701 2680 2758 Guntranno
2735 2707 2791 2755 et
2829 2697 3125 2772 Sigiberto,
3155 2704 3348 2774 regnat
3378 2713 3480 2753 an-

147 2796 256 2845 tate
1867 2795 1956 2849 nis
1979 2795 2070 2849 22.

319 2881 448 2938 558.
526 2882 612 2938 31.
688 2881 782 2939 21.
858 2882 950 2938 44.
1033 2883 1112 2938 l5.
1195 2883 1283 2938 67.
1364 2884 1418 2940 5.

2007 2887 2131 2944 565.
2209 2887 2298 2942 38.
2372 2887 2464 2952 28,
2565 2887 2616 2955 1,
2693 2887 2784 2942 22.
2881 2885 2934 2942 7.
3033 2885 3120 2941 12.

217 2979 355 3045 (Vita
407 2978 468 3029 G.
521 2974 608 3044 Μ.)
664 2973 962 3048 Gregorius
1018 2973 1186 3046 [ﬁlius
1240 2975 1500 3030 Gordiani
1543 2984 1767 3033 senato-
1939 2975 2146 3046 (Beoa)
2192 2975 2502 3032 Justiniano
2563 2975 2899 3048 imperatore
2957 2979 3196 3040 mortuo,
3225 2971 3479 3028 Justinus

145 3067 300 3138 τίετο]
334 3067 526 3122 Romae
543 3065 806 3122 adolescit
834 3083 850 3133 ;
877 3065 996 3138 qui,
1053 3083 1148 3122 sex
1205 3068 1559 3124 monasteriis
1589 3067 1645 3123 in
1678 3069 1767 3123 Si-
1791 3106 1840 3169 (ἶ
1868 3067 2301 3140 minorimperat
2320 3067 2482 3123 annis
2543 3068 2626 3122 12.
2647 3067 2727 3138 (Ρ.
2778 3067 2865 3137 D.)
2896 3065 3060 3122 Multa
3088 3065 3250 3140 signa
3275 3064 3333 3119 in
3363 3061 3482 3120 sole

145 3156 268 3211 cilia
295 3155 568 3222 fundatis,
624 3162 679 3210 et
723 3155 963 3226 septimo
999 3155 1184 3212 Roma
1235 3156 1293 3211 in
1354 3156 1520 3212 domo
1549 3173 1671 3224 sua,
1702 3174 1769 3214 ex
1792 3147 1840 3169 “’
1872 3167 1928 3216 et
1954 3161 2081 3216 luna
2109 3168 2487 3232 apparuerunt
2513 3159 2558 3194 ⁷⁸

151 3254 369 3316 pretore
397 3244 612 3300 urbano
638 3243 816 3301 factus
845 3245 1172 3314 monachus,
1205 3246 1480 3318 sapientia
1510 3256 1565 3304 et
1587 3247 1678 3303 δεῖ(

1560 3247 1771 3304 .scien-
2049 3253 2174 3308 566.
2249 3253 2302 3307 1.
2377 3252 2468 3307 29.
2542 3251 2604 3310 2.
2672 3249 2765 3318 23,
2841 3251 2896 3306 5.
3005 3248 3087 3306 13.

153 3334 244 3401 tia,
276 3333 536 3388 doctrina
560 3342 614 3389 et
643 3335 929 3390 sanctitate
959 3335 1156 3391 claruit
1205 3337 1297 3406 (Η.
1329 3337 1431 3408 m.)
1475 3338 1770 3394 Tcrremo-
1947 3340 2026 3397 (P.
2063 3341 2148 3408 D.)
2181 3339 2376 3394 Narses
2404 3337 2670 3410 patricius
2735 3337 3086 3393 accusatione
3107 3336 3480 3392 Romanorum

157 3431 239 3477 tus
259 3421 534 3478 terribilis
555 3421 720 3478 nimis
741 3438 842 3494 per
869 3423 1065 3478 decem
1093 3423 1214 3480 dies
1242 3424 1419 3481 factus
1449 3435 1532 3482 est
1560 3427 1602 3462 ⁷¹
1879 3427 2169 3501 patriciatu
2199 3429 2552 3503 degradatus,
2577 3435 2630 3484 et
2645 3428 2778 3500 quia
2809 3428 3100 3484 eunuchus
3119 3434 3258 3494 erat,
3295 3439 3491 3497 expro-

332 3510 462 3564 559.
540 3509 630 3566 32.
703 3510 795 3564 22.
871 3511 962 3566 45.
1044 3511 1129 3568 16.
1207 3513 1296 3568 63.
1375 3513 1430 3570 6.
1879 3519 2074 3573 brante
2101 3517 2205 3572 sibi
2237 3517 2445 3588 Sophia
2501 3524 2756 3592 augusta,
2814 3526 2875 3572 ut
2930 3517 3036 3572 iret
3090 3517 3147 3571 in
3186 3529 3493 3590 geneceum

231 3602 308 3670 (lt.
367 3617 431 3666 r.,
468 3602 548 3666 Ρ.)
581 3599 938 3658 Childeberto
988 3617 1118 3677 rege
1167 3610 1408 3671 mortuo,
1459 3607 1781 3663 monarchia
1882 3611 2130 3666 dividere
2151 3626 2325 3682 pensa
2353 3611 2577 3682 puellis,
2619 3610 2990 3682 respondens,
3011 3610 3177 3664 talem
3217 3625 3279 3665 se
3310 3607 3495 3664 eidem

161 3691 316 3765 regni
345 3691 677 3748 Francorum
705 3692 854 3748 cedit
891 3691 1047 3749 fratri
1078 3693 1199 3763 ejus
1225 3694 1505 3752 Lothario.
1883 3700 2187 3757 orditurum
2217 3699 2403 3766 telam,
2435 3699 2654 3772 qualem
2695 3698 2812 3769 ipsa
2839 3697 2970 3753 dum
2997 3697 3228 3765 viveret,
3250 3697 3502 3767 depone-

345 3782 471 3838 560.
549 3782 640 3840 33.
715 3782 806 3839 23.
881 3783 972 3840 46.
1051 3785 1138 3839 17.
1215 3784 1305 3840 69.
1382 3787 1434 3841 7.
1887 3809 1943 3848 re
1973 3808 2084 3848 non
2125 3797 2334 3863 posset,
2363 3790 2556 3846 invitat
2587 3789 2976 3865 Langobarbos
3005 3789 3072 3844 ad
3106 3787 3500 3860 possidendam

236 3875 352 3931 Hoc
385 3881 633 3946 tempore
658 3874 866 3931 Judeus
915 3875 1140 3948 quidam
1190 3876 1489 3952 imaginem
1521 3879 1650 3935 Jesu
1677 3881 1786 3936 sal-
1890 3884 2121 3940 Italiam.
2165 3884 2357 3954 (Bnnx,
2404 3887 2468 3938 II.
2527 3887 2595 3949 e.)
2647 3882 2878 3938 Sanctus
2929 3878 3194 3936 Columba
3232 3878 3510 3952 presbiter

166 3966 377 4023 vatoris
405 3966 478 4020 de
502 3965 756 4022 aacclesia
783 3966 970 4022 furtim
999 3967 1308 4039 deponens,
1331 3984 1452 4024 eam
1487 3971 1595 4026 telo
1621 3980 1792 4028 trans-
1896 3975 2129 4031 veniens
2183 3974 2251 4029 de
2305 3973 2509 4039 Scotia,
2556 3974 2736 4029 clarus
2792 3973 3028 4029 habetur
3079 3971 3136 4027 in
3205 3970 3542 4036 Britannia,-

178 4057 427 4126 ﬁxit;et
455 4075 579 4114 eam
606 4059 745 4114 clam
795 4059 862 4115 ad
893 4059 1118 4115 domum
1179 4077 1336 4116 suam
1362 4061 1642 4132 deferens,
1670 4082 1795 4121 cum
1903 4072 2006 4144 [(V.
2043 4071 2220 4139 Macl.)
2277 4070 2490 4126 Sanson
2550 4069 2799 4126 Dolensis
2851 4069 3325 4141 archiepiscOpus,
3385 4082 3514 4124 con-

178 4169 301 4208 eam
344 4151 588 4207 ﬂammis
623 4152 790 4208 vellet
841 4169 1092 4218 exurere.
1123 4169 1182 4210 se
1236 4155 1510 4230 sanguine
1538 4156 1801 4229 imaginis
1905 4163 2247 4237 sanguineus
2289 4161 2461 4218 sancti
2521 4161 2771 4228 Maciovi,
2821 4168 2877 4217 et
2922 4175 3211 4217 successor
3249 4157 3516 4215 Sansonis

181 4247 536 4297 ετυθηίδιυηι
605 4239 820 4310 Videtis:
871 4258 982 4312 Prae
1037 4254 1260 4315 stupore
1311 4260 1429 4300 eam
1487 4245 1802 4303 abscondito
1905 4255 2214 4322 Maclorius,
2245 4255 2338 4327 qui
2368 4255 2437 4309 de
2490 4253 2855 4309 transmarina
2912 4252 3191 4308 Britannia
3217 4251 3287 4306 ad
3316 4251 3519 4306 cisma-

181 4333 357 4395 Quam
386 4328 675 4385 christiani
725 4329 1088 4402 requirentes,
1145 4341 1201 4388 et
1247 4348 1345 4403 per
1391 4334 1626 4407 vestigia
1678 4351 1705 4389 s

1992 4363 2084 4402 am
2113 4347 2443 4402 transierant
2471 4343 2807 4402 Britanniam
2873 4344 3084 4400 clarent
3131 4342 3423 4398 sanctitate
3463 4349 3519 4396 et

183 4422 375 4496 guinis
402 4421 778 4490 invenientes,
809 4438 928 4478 eam
950 4423 1429 4497 sanguinolentam
1457 4435 1808 4498 receperunt,
1835 4475 1887 4542 D
1913 4436 2162 4493 doctrina
2190 4435 2278 4506 78,]

195 4515 425 4542 I....I.......
491 4528 621 4542 ..ιι-..ι
677 4513 1054 4542 Ιηηειιη..,ι......ο
1110 4516 1170 4542 In
1223 4517 1260 4542 n
1293 4518 1307 4542 \
1367 4517 1690 4542 u:--..._L:|:-
1752 4522 1803 4542 ι*
2057 4527 2159 4542 ..η-
2257 4527 2278 4542 ιε

187 4515 428 4570 Judeum
491 4528 622 4568 vero
676 4513 1058 4585 lapidavernnt
1109 4516 1191 4587 (P.
1223 4517 1308 4587 D.)
1367 4517 1694 4574 Miserabilis

1543 4518 1694 4574 abilis
1752 4522 1808 4576 in
1836 4513 1887 4542 ³⁷
2055 4527 2180 4584 567.
2257 4527 2311 4582 2.
2387 4526 2475 4584 30.
2553 4527 2605 4582 3.
2680 4525 2772 4580 24.
2850 4524 2906 4578 6.
2987 4524 3070 4578 14.

198 4610 357 4665 italia
389 4608 737 4665 mortalitatis
765 4610 1102 4682 pestilentia.
1988 4619 2068 4690 (θ.
2107 4635 2140 4672 r
2192 4617 2274 4690 Ρ.)
2321 4617 2641 4690 Sigeberlus
2692 4630 2784 4670 rex
2831 4613 3019 4668 Hunos
3077 4619 3260 4684 partes
3284 4610 3528 4668 Franco-

372 4698 502 4755 561.
577 4699 666 4752 34.
742 4699 833 4754 24.
908 4701 997 4754 47.
1079 4701 1164 4755 18.
1241 4701 1333 4756 70.
1406 4704 1462 4757 8.

1999 4724 2039 4762 τι
2068 4704 2543 4778 depopulantesin
2575 4702 2870 4776 Thuringia
2900 4702 3048 4758 bello
3085 4701 3347 4757 devincit.
3371 4701 3526 4756 Chil-

269 4791 459 4860 (Bnoa,
492 4797 553 4844 Η.
583 4791 655 4861 θ.)
686 4791 985 4863 Anglorum
1027 4791 1083 4846 in
1115 4792 1397 4849 Britannia
1431 4794 1627 4850 tertius
1666 4795 1813 4850 Edil-
1915 4797 2138 4870 pericus
2168 4795 2334 4850 frater
2370 4795 2490 4863 ejus
2523 4793 2739 4848 interim
2762 4792 3030 4848 terminos
3086 4791 3236 4847 illius
3257 4791 3524 4860 incursat,

197 4877 393 4935 bertus
422 4887 614 4952 regnat
638 4880 799 4934 annis
847 4881 934 4936 56.
987 4886 1068 4949 (V.
1099 4885 1151 4938 S.
1185 4883 1363 4954 Mact.)
1415 4882 1526 4938 Hoc
1561 4889 1814 4955 tempore
1917 4896 1973 4945 et
1995 4887 2180 4943 Remis
2217 4887 2406 4941 urbem
2463 4893 2718 4956 occupat.
2778 4884 2854 4954 (P.
2909 4885 2985 4946 D.)
3047 4884 3222 4940 Hastae
3270 4883 3449 4956 igneae
3475 4883 3532 4937 in

202 4969 257 5023 in
286 4969 498 5025 Scottia
549 4971 873 5026 Brcndanus
927 4971 1123 5028 claruit
1153 4989 1168 5039 ;
1198 4972 1293 5045 qui
1346 4973 1670 5028 Fortunatas
1719 4973 1812 5027 in-
1917 4978 2055 5034 caelo
2083 4977 2216 5033 visae
2245 4987 2391 5042 sunt,
2447 4974 2845 5045 portendentes
2889 4974 3264 5050 “irruptionem
3315 4971 3535 5045 Lango-

201 5063 352 5117 sulas
375 5065 690 5136 septennali
721 5067 1072 5139 navigatione
1111 5067 1420 5139 requirens,
1449 5067 1621 5122 multa
1651 5068 1820 5123 mira-
1920 5066 2214 5122 bardorum
2265 5064 2322 5118 in
2377 5063 2582 5118 Italiam
2645 5064 2849 5136 [(Gnao.
2882 5062 3039 5134 Tua.)
3095 5063 3330 5117 Sanctus
3361 5061 3533 5114 Baso-

205 5155 330 5210 culo
359 5155 528 5230 digna
553 5156 710 5212 vidit.
752 5158 794 5212 A
823 5174 933 5231 quo
985 5158 1248 5227 Macutes,
1303 5158 1398 5230 qui
1439 5165 1494 5214 et
1523 5159 1820 5227 Maclovus,
1923 5159 2009 5214 lus
2053 5157 2224 5212 abbas
2254 5153 2606 5210 etSindulfus
2632 5153 2905 5224 presbiter
2929 5162 2985 5210 et
3006 5153 3250 5209 reclusus
3279 5149 3336 5204 in
3369 5149 3542 5205 Fran-

207 5245 542 5320 regulariter
567 5247 832 5304 educatus
857 5255 910 5304 et
937 5247 1111 5320 ipsius
1140 5246 1512 5323 navigationis
1541 5248 1746 5317 socius,
1766 5248 1822 5302 in
1927 5247 2012 5302 cia
2039 5247 2252 5302 clarent
2273 5245 2320 5280 ⁷⁶
2345 5244 2361 5315 ]

1542 5377 1763 5433 VARUE
1802 5375 2076 5433 LECTION
2085 5375 2185 5431 ES.

279 5481 327 5516 ⁸⁸
358 5481 474 5537 Hoc
505 5481 1084 5554 —eventilassetqdd.
1115 5485 1221 5552 Sig.
1255 5485 1364 5552 ipse
1386 5485 1531 5538 curis
1577 5496 1681 5537 sec.
1741 5481 1787 5516 ⁸ο
1841 5479 2004 5554 Quasi
2063 5509 2122 5517 —
2173 5475 2516 5554 occidentem
2573 5475 3027 5554 add._._S.ig.__cur.
3087 5471 3278 5554 tertiis.
3320 5466 3460 5554 "Lf;

211 5567 257 5607 s.
298 5554 452 5608 addit
469 5569 640 5623 supra
658 5555 860 5628 lineam
884 5549 978 5627 1β.
1008 5562 1070 5610 ut
1095 5538 1326 5620 vid'etu},
1379 5553 1524 5628 felt,
1548 5538 1930 5628 uesanam-“
1961 5551 2020 5605 T.
2057 5557 2094 5605 t.
2117 5564 2264 5628 n_.Ap.
2316 5547 2350 5601 d
2565 5538 2944 5628 e.__adftit_'_Sig.
2976 5557 3095 5628 cur.
3129 5543 3321 5628 tertiis.
3350 5538 3397 5628 ’ξ’
3426 5538 3550 5628 Bri-

213 5639 424 5682 unnos
451 5611 761 5680 —'sanavit
788 5611 1048 5694 Sig.'ipse
1083 5628 1272 5680 statim
1309 5611 1522 5680 addit,
1548 5624 1594 5658 ⁷³
1639 5625 1696 5678 In
1755 5623 1816 5678 G.
1867 5653 1936 5663 —
1988 5629 2087 5694 est,
2118 5611 2240 5694 Sig'.
2297 5621 2444 5694 curis
2500 5620 2686 5694 tertiis.
2723 5617 2766 5650 ⁷⁵
2793 5616 2857 5670 Μ.
2896 5611 2942 5670 s.
2989 5613 3024 5666 i.
3057 5622 3096 5670 t.
3121 5629 3166 5668 s.
3207 5628 3258 5667 e.
3293 5611 3330 5666 ι.
3355 5625 3406 5664 a.
3437 5613 3547 5678 Sig.

217 5711 332 5751 cur.
365 5699 561 5752 tertiis.
596 5696 642 5730 ⁷⁵
659 5699 719 5750 in
745 5690 971 5752 sunima'
981 5701 1187 5766 pagina
1212 5697 1337 5751 add.
1369 5697 1448 5750 18.
1473 5697 1586 5752 rell.
1624 5701 1823 5751 Desunt
1853 5697 1913 5748 Λ.
1947 5694 1993 5727 ⁷⁶
2023 5693 2144 5748 add.
2181 5692 2260 5744 16.
2290 5691 2405 5744 rell.
2438 5694 2634 5744 Desunt
2662 5690 2718 5740 A.

550 5815 828 5878 Pa'rnon.
877 5814 1070 5879 CLX.
1304 5830 1308 5834 '
3191 5810 3231 5872 4
