3868 6064
320 252 424 309 107

1528 251 1875 307 SIGEBERTI
1916 251 2433 309 GEMBLACENSIS.

3547 264 3653 320 108

321 377 447 433 568.
527 377 587 433 R.
619 377 672 433 3.
749 376 808 434 P.
831 376 920 430 31.
1001 375 1056 430 F.
1085 376 1138 429 4.
1219 375 1277 430 L.
1316 375 1407 431 25.
1486 376 1546 428 A.
1592 374 1642 430 7.
1723 374 1808 429 W.
1850 373 1928 430 t5.
1958 374 2166 446 ACleb
2188 376 2522 448 subrogatus
2549 394 2719 453 regno
2767 380 3276 455 Langobardorum,
3334 392 3523 456 regnat
3551 400 3657 439 an-

395 467 475 540 (P.
503 468 584 535 D.)
615 465 886 523 Albuinus
918 483 1035 534 rex,
1089 466 1401 522 Saxonibus
1455 465 1692 539 aliisque
1748 465 1936 540 genti-

323 560 428 616 bus
465 559 572 615 sibi
604 559 1148 616 ascitisetPannonia
1166 576 1234 614 ex
1259 558 1518 615 condicto
1548 559 1934 615 commendata

322 648 514 704 amicis
542 648 1028 724 Langobardorum
1087 648 1280 714 Hunis,
1310 648 1377 702 ad
1413 647 1619 702 italiam
1651 647 1936 703 contendit

296 755 447 799 'cum
473 743 731 799 omnibus
760 742 1244 817 Langobardorum
1280 741 1525 808 familiis,
1557 738 1749 813 ibique
1779 742 1812 795 6
1833 758 1933 796 an-

322 830 410 887 nis
430 832 699 905 regnavit.
745 830 1066 905 Sigebertus
1093 845 1186 883 rex
1220 829 1466 883 desertas
1522 828 1796 883 Saxonum
1825 835 1936 882 ter-

323 940 411 979 ras
440 923 706 994 pervadit,
763 938 967 993 easque
1005 920 1199 977 Suavis
1246 921 1314 974 ad
1346 920 1701 975 habitandum
1749 919 1931 974 tradit.

326 1014 473 1069 Itane
502 1013 630 1068 mali
670 1013 967 1067 novitatem
998 1028 1140 1068 nova
1170 1012 1224 1066 in
1254 1012 1387 1068 czelo
1417 1011 1576 1085 signa
1605 1012 1779 1067 multo
1808 1020 1935 1067 ante

321 1113 571 1178 tempore
601 1105 1016 1177 portenderant.

498 1196 627 1252 569.
737 1198 795 1264 4,
869 1196 957 1253 32.
1035 1195 1089 1251 5.
1173 1197 1219 1249 1.
1296 1196 1350 1252 8.
1431 1197 1517 1252 16.

390 1288 578 1361 (κη.)
603 1288 847 1344 Armenii
874 1287 1039 1343 fidem
1063 1286 1263 1343 Christi
1294 1288 1627 1359 suscipiunt.
1654 1287 1736 1358 (G.
1768 1305 1819 1342 r.
1856 1290 1900 1342 F
1924 1288 1939 1359 )

321 1380 644 1456 Sigebertns
690 1397 780 1435 rex
823 1379 973 1434 fratri
1024 1395 1125 1435 suo
1176 1379 1490 1451 Chilperico
1543 1387 1836 1455 repugnat,
1886 1387 1940 1435 et

324 1472 641 1530 Suessionis
663 1472 851 1527 sedem
884 1471 1042 1545 regni
1070 1471 1189 1541 ejus
1213 1479 1467 1542 occupat.
1494 1472 1937 1527 Theodebertum

322 1562 495 1619 filium
536 1563 656 1632 ejus
705 1562 778 1616 ibi
808 1569 1030 1632 captum
1086 1560 1275 1616 exiliat
1307 1578 1322 1627 ;
1354 1561 1534 1631 ipsum
1568 1559 1937 1633 Chilpericum

327 1656 504 1729 prelio
533 1655 734 1711 victum
765 1654 938 1728 fugat,
980 1660 1032 1708 et
1081 1654 1348 1709 terminos
1369 1668 1500 1710 suos
1534 1652 1603 1708 ab
1633 1653 1754 1722 ejus
1785 1653 1939 1709 inso-

324 1747 493 1803 lentia
538 1746 756 1802 liberat.
809 1745 891 1818 (G.
949 1745 1067 1817 Fr.)
1115 1748 1246 1816 Ipse
1305 1759 1532 1801 uxorem
1591 1745 1744 1800 ducit
1801 1745 1939 1800 Bru-

323 1855 470 1895 mam
526 1838 591 1904 77,
643 1836 808 1892 filiam
883 1836 1228 1912 Athanagildi
1277 1836 1426 1911 regis
1482 1836 1936 1910 Wisigothorum,

326 1926 470 1999 [quae
501 1932 556 1982 et
594 1923 964 1980 Brunichildis
992 1924 1139 1980 dicta
1166 1923 1294 1995 est.]

463 2017 589 2076 370.
666 2016 718 2072 5.
797 2016 887 2072 33.
963 2016 1018 2071 6.
1097 2016 1151 2070 2.
1228 2015 1283 2071 9.
1364 2017 1448 2071 17.

394 2109 478 2181 (Α.
510 2108 682 2179 ιεοάη)
731 2108 967 2163 Sanctus
1018 2106 1285 2162 Vedastus
1335 2107 1492 2162 obiit.
1529 2107 1610 2177 (P.
1644 2107 1731 2179 D.)
1789 2106 1940 2162 ltalia

321 2217 353 2255 a
381 2198 759 2274 Langobardis
799 2198 951 2253 nullo
989 2197 1296 2253 obsistente
1355 2213 1590 2268 pervasa
1639 2198 1937 2263 atteritur;

323 2293 550 2363 insuper
578 2290 720 2347 fame
750 2298 807 2346 et
849 2289 1167 2361 pestilentia
1184 2288 1550 2344 consumitur.

465 2381 588 2436 571.
663 2380 716 2433 6.
795 2379 885 2436 34.
964 2378 1014 2433 7.
1091 2378 1144 2433 3.
1223 2378 1311 2435 19.
1402 2379 1483 2434 18.

393 2472 578 2544 (Gaio.
604 2470 761 2540 Tua.)
795 2470 936 2525 Huni
968 2469 1169 2525 iterum
1223 2469 1502 2544 Sigiberto
1544 2469 1833 2545 congressi
1885 2476 1940 2524 et

319 2559 550 2633 magicis
578 2557 791 2613 artibus
818 2573 964 2629 pene
987 2558 1270 2613 victoriam
1298 2558 1509 2629 adepti,
1534 2560 1834 2626 recedunt,
1853 2558 1941 2613 Si-

319 2648 548 2723 geberto
577 2647 635 2702 in
660 2646 813 2702 omni
845 2645 954 2702 vita
984 2646 1105 2715 ejus
1134 2645 1523 2703 confoederati.

456 2737 582 2794 572.
659 2736 707 2790 7.
787 2734 875 2793 35.
953 2736 1007 2790 8.
1086 2736 1139 2791 3.
1216 2736 1306 2791 11.
1387 2737 1474 2792 19.

391 2829 471 2901 (P.
497 2828 584 2899 D.)
617 2827 915 2902 Gregorius
949 2826 1372 2891 .Turonensium
1404 2828 1690 2883 ordinatus
1721 2827 1938 2899 episco-

319 2936 423 2994 pus
447 2920 627 2976 clarus
658 2918 894 2974 habetur
923 2918 980 2972 in
1037 2919 1316 2974 omnibus.
1356 2919 1727 2992 Langobardi,
1768 2919 1935 2991 Papia

317 3021 442 3084 post
464 3011 690 3068 triennii
717 3010 1067 3066 obsidionem
1099 3026 1196 3082 per
1224 3011 1569 3067 deditionem
1596 3019 1844 3083 accepta,
1877 3020 1933 3068 et

317 3112 519 3175 praeter
548 3103 772 3159 Romam
799 3109 855 3157 et
887 3103 1204 3158 Ravennam
1236 3120 1379 3174 pene
1411 3111 1522 3160 tota
1565 3104 1719 3175 potiti
1755 3104 1932 3172 ltalia,
1961 3096 2008 3122 υ

317 3192 674 3250 dominantur
713 3193 787 3247 ibi
814 3208 938 3248 cum
963 3193 1231 3264 potentia.

495 3282 621 3339 573.
692 3283 745 3339 8.
824 3280 914 3339 36.
989 3284 1044 3337 9.
1123 3284 1179 3340 5.
1257 3283 1343 3338 12.
1420 3283 1509 3339 20.

394 3375 480 3447 (H.
538 3373 639 3445 m.)
680 3373 831 3429 Inter
887 3373 1167 3430 Romanos
1214 3383 1269 3429 et
1323 3375 1519 3430 Persas
1549 3391 1733 3447 pugna
1773 3390 1933 3432 com-

323 3465 512 3533 missa,
571 3465 830 3521 Romanis
877 3466 1024 3521 cedit
1076 3466 1320 3522 victoria.
1352 3466 1542 3537 (Gneo.
1595 3467 1704 3523 Tun
1733 3468 1749 3538 )
1782 3468 1937 3522 Heri-

321 3558 513 3615 bertus
530 3573 622 3613 rex
652 3558 907 3614 moritur.
942 3558 1166 3629 Hispani
1200 3566 1255 3614 et
1281 3559 1474 3616 Franci
1514 3560 1582 3615 de
1624 3562 1826 3631 pascha
1849 3577 1938 3617 ce-

320 3646 587 3702 lebrando
643 3646 997 3712 dissentiunt,
1054 3646 1306 3717 Hispanis
1375 3646 1439 3701 12
1514 3647 1627 3702 Kal.
1716 3648 1933 3719 Aprilis,

319 3735 544 3791 Francis
592 3750 722 3789 vero
764 3735 846 3789 14.
912 3733 1027 3788 Kal.
1071 3734 1200 3789 Maii
1249 3736 1451 3806 pascha
1501 3737 1932 3795 celebrantibus.

317 3827 427 3883 Sed
457 3826 693 3881 Francos
725 3833 873 3879 recte
904 3824 1226 3881 celebrasse
1257 3844 1357 3898 per
1388 3828 1492 3882 hoc
1530 3829 1793 3884 divinitus
1813 3831 1952 3903 cla-,

320 3919 449 3976 ruit.
481 3916 632 3990 quod
662 3916 843 3972 fontes
875 3916 931 3970 in
975 3917 1254 3989 HiSpania,
1279 3918 1373 3990 qui
1411 3919 1467 3973 in
1493 3920 1724 3977 sabbato
1742 3930 1932 3979 sancto

196 4064 205 4073 ,
319 4006 536 4079 paschae
566 4005 634 4060 ad
665 4004 1056 4075 baptizandum
1088 4006 1352 4062 divinitus
1381 4016 1580 4079 sponte
1610 4011 1809 4081 repleri
1842 4028 1934 4067 so-

317 4098 451 4166 lent,
473 4112 585 4154 non
615 4097 672 4152 in
704 4095 1092 4168 Hispanorum,
1143 4099 1242 4154 sed
1265 4099 1322 4153 in
1354 4099 1683 4158 Francorum
1726 4104 1928 4175 pascha

318 4190 514 4263 repleti
546 4197 675 4246 sunt
695 4190 759 4245 ⁷⁸.

1969 1701 2018 1767 Β

2038 482 2139 522 nos
2169 468 2226 522 2.

2172 557 2296 613 575.
2381 558 2465 614 10.
2552 560 2597 613 1.
2681 562 2762 616 11.
2844 563 2894 617 1.
2976 563 3061 617 14.
3163 563 3234 618 22

2105 645 2184 715 (G.
2244 648 2415 718 pont)
2484 648 2817 705 Benedictus
2887 650 3141 707 Romanae
3191 654 3456 709 aecelesiae
3520 655 3648 709 59ml

2034 738 2296 808 presidet.
2330 739 2407 811 (ν.
2448 741 2630 811 Greg.)
2680 742 2758 795 Ab
2791 742 2899 797 hoc
2937 744 3236 819 Gregorius
3266 746 3333 800 ad
3362 746 3649 817 predican-

2037 831 2165 885 dum
2194 833 2551 907 Anglisabire
2574 836 2902 904 permissus,
2933 837 3031 891 sed
3054 838 3258 909 pepulo
3282 839 3647 895 tumultuante

2038 930 2324 991 retractus,
2393 926 2662 996 septimus
2747 927 2912 984 levita
2978 936 3063 984 est
3119 929 3406 985 ordinatus
3464 933 3645 1001 (lsro)
3734 970 3740 978 .

2036 1016 2398 1088 Athanagildo
2422 1033 2551 1091 rege
2603 1017 3037 1094 Wisigothorum
3065 1028 3304 1086 mortuo,
3338 1021 3654 1096 Levigildus

2037 1124 2160 1163 cum
2184 1107 2346 1163 fratre
2379 1124 2482 1164 suo
2515 1109 2695 1165 Leuva
2723 1119 2778 1166 et
2807 1121 2933 1182 post
2956 1113 3108 1168 solus
3138 1120 3332 1188 regnat
3361 1113 3522 1168 annis
3562 1114 3655 1171 16.

2044 1196 2123 1267 (P.
2149 1196 2591 1266 D.)Fortunatus
2630 1206 2793 1269 poeta
2811 1200 3043 1257 veniens
3071 1201 3140 1255 ab
3181 1201 3353 1268 ltalia,
3394 1202 3565 1258 claret
3596 1202 3651 1257 in

2043 1287 2232 1343 Gallia.

2181 1382 2307 1437 576.
2426 1382 2510 1437 11.
2621 1382 2677 1436 2.
2793 1384 2878 1438 12.
2992 1385 3027 1439 2
3165 1386 3228 1439 15
3391 1388 3435 1441 1.

2115 1470 2237 1541 (1b.)
2270 1469 2404 1525 Cleh
2446 1477 2683 1536 mortuo,
2733 1470 3075 1545 Langobardi
3104 1472 3207 1528 sub
3264 1473 3503 1528 ducibus
3531 1473 3653 1529 fue-

2044 1568 2170 1616 runt
2193 1561 2355 1616 annis
2384 1560 2473 1617 10.
2506 1562 2664 1616 Fame
2708 1562 2933 1617 Romam
2967 1573 3218 1639 urgente,
3267 1566 3422 1620 multi
3457 1566 3653 1621 Bema-

2042 1668 2239 1708 norum
2269 1669 2328 1707 se
2356 1653 2730 1725 Langobardis
2758 1654 2989 1711 dedunt.

2182 1740 2306 1795 577.
2414 1743 2498 1797 12.
2644 1744 2700 1797 2.
2781 1744 2865 1797 12'
3011 1745 3066 1799 2.
3144 1746 3233 1800 15.
3384 1748 3433 1802 1.

2115 1827 2200 1900 (Η.
2224 1829 2325 1900 m)
2363 1830 2578 1886 Justino
2631 1831 2962 1902 imperatore
3012 1842 3256 1899 mortuo,
3283 1833 3535 1890 Tiberius
3565 1851 3656 1890 re-

2041 1928 2174 1993 gnat
2201 1920 2566 1987 annis6.Hic,
2603 1922 2770 1977 missa
2797 1923 2865 1977 ab
2916 1922 3148 1997 Egypto
3180 1923 3440 1980 frumenti
3473 1926 3657 1997 copia,

2045 2010 2270 2065 Romam
2326 2011 2524 2068 liberat
2590 2013 2659 2067 ab
2716 2014 2899 2069 inedia
2959 2016 3042 2085 (G.
3096 2033 3144 2070 r.
3177 2017 3261 2087 F.)
3319 2017 3663 2089 Chilpericus

2039 2118 2133 2155 rex
2162 2102 2493 2158 Francorum
2529 2103 2749 2160 fratrem
2781 2122 2938 2161 suum
2990 2094 3341 2181 Sigebertum
3406 2110 3573 2164 nimis
3597 2118 3655 2164 et

2039 2205 2210 2260 perse
2233 2199 2288 2246 et
2319 2208 2418 2262 per
2449 2192 2620 2248 filium
2653 2210 2813 2249 suum
2846 2194 3287 2252 Theodebertum
3334 2206 3496 2274 urget
3533 2199 3660 2270 plus

2040 2297 2201 2351 quam
2237 2282 2384 2337 civili
2407 2284 2573 2340 bello.

2143 2371 2269 2427 578.
2423 2374 2473 2427 1.
2620 2375 2674 2427 4.

2826 2376 2912 2431 14.
3062 2376 3115 2433 5.
3194 2378 3280 2434 17.
3429 2378 3482 2437 3.

2115 2466 2238 2537 (1b.)
2278 2467 2599 2542 Sigebertus
2646 2483 2736 2524 rex
2791 2469 2941 2525 fratri
2982 2487 3084 2527 suo
3126 2472 3437 2544 Chilperico
3471 2490 3661 2550 pugna

2040 2556 2420 2631 congreditur,
2474 2557 2666 2629 ibique
2720 2558 3135 2616 Theodebertus
3188 2560 3336 2616 ﬁlius
3367 2562 3661 2635 Chilperici

2044 2648 2352 2718 perimitur.
2416 2649 2636 2705 Francis
2680 2666 2812 2706 vero
2867 2667 2968 2723 pro
3008 2651 3321 2725 Chilperico
3344 2655 3452 2709 sibi
3491 2670 3662 2712 exoso

2041 2739 2389 2815 Sigebertum
2418 2757 2588 2812 super
2613 2758 2673 2798 se
2696 2758 2881 2815 regem
2911 2743 3094 2799 levare
3108 2744 3441 2813 volentibus,
3469 2762 3500 2801 a
3527 2748 3661 2803 duo-

2037 2828 2145 2884 bus
2182 2830 2396 2900 pueris,
2423 2846 2455 2885 a
2505 2830 2866 2906 Fredegunde
2918 2832 3208 2905 Chilperici
3238 2850 3408 2890 uxore
3441 2835 3661 2892 immis-

2038 2919 2139 2983 sis,
2181 2918 2505 2993 Sigebertus
2554 2920 2858 2990 perimitur.
2899 2921 3108 2995 (Fuso)
3151 2924 3479 2981 Brunicildis
3520 2941 3662 2983 uxor

2037 3010 2290 3079 ejuscum
2309 3010 2423 3067 ﬁlio
2449 3011 2797 3068 Childeberto
2822 3012 2911 3068 vel
2934 3014 3263 3071 Childeberti
3280 3015 3652 3089 filiisregnum

2036 3103 2378 3177 gubernans,
2412 3110 2637 3175 propter
2688 3104 3039 3162 insolentiam
3066 3123 3281 3163 morum
3332 3108 3471 3165 adeo
3501 3109 3654 3165 into-

2039 3192 2285 3246 lerabilis
2315 3202 2433 3248 erat
2465 3193 2709 3259 Francis,
2738 3200 2799 3248 ut
2834 3194 3033 3251 merito
3065 3196 3654 3269 credereturlSibillam

2039 3283 2108 3339 de
2131 3300 2194 3339 ea
2220 3284 2571 3340 vaticinatam
2625 3302 2748 3342 esse
2784 3304 2797 3341 :
2827 3291 3022 3356 Veniet,
3079 3288 3173 3354 ait,
3200 3293 3404 3345 Bruma
3430 3290 3494 3345 de
3520 3307 3657 3360 par-

2041 3377 2182 3431 tibus
2208 3380 2499 3447 Hispaniae,
2528 3385 2657 3433 ante
2680 3382 2837 3449 cujus
2862 3387 3201 3450 conspectum
3226 3387 3406 3450 gentes
3429 3383 3512 3437 vel
3529 3397 3661 3453 gen-

2040 3468 2178 3520 tium
2190 3481 2334 3536 reges
2357 3467 2614 3536 peribunt
2641 3485 2661 3535 ;
2693 3471 2809 3537 ipsa
2859 3483 2980 3524 vero
3033 3469 3268 3525 calcibus
3297 3485 3555 3540 equorum
3578 3471 3661 3525 di-

2036 3562 2201 3624 rupta
2226 3555 2440 3625 peribit.
2479 3575 2502 3605 ι)
2538 3556 2667 3621 Quae
2689 3556 2940 3628 quamvis
2984 3556 3055 3612 ita
3077 3564 3225 3613 esset
3254 3558 3521 3622 insolens,
3559 3565 3655 3613 ta-

2038 3660 2163 3699 men
2196 3643 2461 3700 ecclesias
2486 3644 2581 3699 Dei
2637 3645 2965 3700 honorabat.
3026 3645 3185 3700 Plura
3238 3647 3401 3701 etiam
3422 3654 3660 3704 sancto-

2037 3751 2156 3789 rum
2187 3733 2421 3789 cenobia
2442 3732 2710 3799 fundavit,
2741 3739 2796 3788 et
2824 3734 3043 3789 ediﬁcia
3087 3734 3413 3789 ammirandi
3463 3737 3655 3808 operis

2037 3823 2359 3886 construxit,
2391 3828 2451 3876 ut
2475 3821 2738 3877 miraculo
2781 3821 2964 3889 fuerit,
2997 3828 3151 3876 tanta
3180 3822 3249 3876 ab
3302 3837 3367 3877 ea
3395 3821 3516 3879 ﬁeri
3549 3841 3659 3897 po-

2038 3911 2248 3982 tuisse,]
2308 3910 2392 3981 (G.
2437 3927 2484 3965 r.
2546 3911 2630 3980 F.)
2690 3910 2924 3965 Sanctus
2977 3910 3281 3966 Germanus
3325 3910 3659 3970 Parisiensis

2035 4001 2328 4073 episcOpus
2352 3998 2490 4054 obiit
2540 3998 2618 4069 (P.
2656 3997 2741 4067 D.)
2763 3998 2936 4053 Duces
2965 3997 3449 4072 Langobardorum
3479 4000 3652 4057 urbes

2028 4101 2085 4151 et
2109 4090 2387 4147 aecclesias
2413 4088 2843 4144 exterminantes
2862 4089 3179 4159 indiscrete,
3206 4090 3505 4167 subjugant
3534 4091 3649 4147 sibi

2028 4185 2177 4258 quod
2208 4188 2495 4254 supererat
2521 4179 2690 4236 Italiae
2722 4179 2785 4234 7°.

459 4279 585 4336 574.
661 4279 716 4335 9.
791 4279 880 4336 37.
958 4280 1046 4334 10.
1122 4280 1176 4335 6.
1252 4281 1341 4338 43.
1419 4283 1508 4339 21.
2196 4277 2321 4331 579.
2431 4274 2485 4328 2.
2598 4274 2654 4328 5.
2765 4274 2857 4328 15.
3003 4272 3056 4330 3.
3173 4274 3256 4329 18.
3403 4274 3456 4330 4.

387 4367 466 4440 (Ρ.
516 4367 602 4439 D.)
628 4367 785 4439 Apud
829 4367 1026 4423 Persas
1079 4369 1368 4425 Hormisda
1420 4381 1614 4448 regnat
1644 4373 1805 4429 annis
1834 4374 1920 4429 18.
1946 4402 2003 4448 η
2101 4367 2184 4438 (II.
2224 4364 2324 4435 m.)
2353 4361 2669 4429 Thiberius,
2697 4362 2828 4434 quia
2847 4361 3093 4417 liberalis
3118 4362 3173 4416 in
3200 4378 3472 4434 pauperes
3510 4361 3638 4433 fuit,

312 4458 584 4514 Albuinus
612 4475 704 4515 rex
737 4459 1217 4533 Langobardorum
1253 4462 1320 4517 ab
1343 4464 1615 4536 armigero
1638 4480 1739 4519 suo
1779 4453 2000 4535 peri-u
2028 4457 2411 4512 liberalitatem
2456 4455 2578 4523 ejus
2616 4455 2761 4509 Deus
2802 4453 2965 4523 juvit,
2998 4454 3127 4509 dum
3161 4454 3363 4510 multos
3412 4455 3642 4509 thesau-

313 4548 504 4619 mitur,
534 4550 727 4606 fraude
756 4552 943 4608 uxoris
989 4570 1126 4621 suae,
1166 4555 1326 4624 cujus
1379 4562 1587 4625 patrem
1618 4555 1924 4610 Cunimun-
2029 4566 2119 4605 ros
2147 4550 2196 4603 ei
2228 4547 2474 4603 invenire
2506 4546 2660 4602 dedit
2714 4545 3056 4618 Chilpericus
3086 4563 3178 4601 rex
3219 4544 3635 4602 Brunichildem

313 4641 444 4698 dum
475 4643 806 4715 Gepidarum
838 4661 1025 4719 regem
1058 4647 1175 4718 ipse
1228 4648 1357 4703 olim
1377 4647 1433 4701 in
1491 4648 1635 4703 bello
1668 4664 1927 4719 pereme-
2028 4637 2269 4693 relictam
2314 4635 2585 4711 Sigeberti
2638 4650 2761 4690 cum
2810 4633 2937 4688 filiis
2993 4633 3201 4690 exiliat.
3260 4634 3320 4688 ἃ.
3347 4650 3398 4689 r.
3429 4635 3486 4689 F.
3523 4632 3641 4688 Me-

313 4742 416 4803 rat,
443 4742 499 4792 et
526 4751 593 4791 ex
624 4743 763 4792 testa
786 4738 982 4810 capitis
1013 4740 1134 4809 ejus
1161 4739 1268 4794 sibi
1331 4748 1576 4810 pateram
1608 4739 1677 4794 ad
1714 4738 1920 4795 biben-
2028 4746 2127 4786 nas
2152 4729 2428 4785 SOlilal‘iUS
2453 4728 2508 4782 ίη
2537 4726 2690 4782 "alia
2710 4726 2897 4782 οηπθε·

312 4822 442 4878 dum
473 4823 679 4880 fecerat
715 4841 730 4893 ;
760 4842 923 4898 quam
964 4843 1087 4882 cum
1128 4841 1238 4882 uno
1276 4826 1366 4880 die
1419 4825 1469 4881 ci
1500 4827 1808 4901 porrigeret
1837 4827 1923 4882 di-
2166 4834 2291 4889 580.
2442 4832 2497 4889 5.
2604 4830 2657 4887 6.
2778 4830 2841 4884 16
3008 4830 3041 4883 4

309 4919 620 4975 censzBibe
647 4934 773 4975 eum
816 4927 974 4990 patre
1003 4928 1094 4977 tuo
1126 4920 1139 4974 l
1174 4920 1266 4974 illa
1314 4918 1555 4976 femineo
1604 4920 1787 4977 furore
1831 4938 1924 4978 ac-

309 5024 496 5079 censa,
522 5008 675 5067 illum
704 5010 773 5067 ab
788 5010 1063 5086 armigero
1092 5011 1338 5082 ipsiusin
1367 5010 1510 5069 lecto
1538 5012 1735 5084 perimi
1765 5011 1919 5068 fecit.

3178 4830 3259 4885 19.
3408 4830 3463 4884 5.

2095 4922 2343 4978 Ormisda
2374 4936 2466 4977 rex
2499 4919 2785 4974 Persarum
2844 4918 3137 4974 incursans
3184 4917 3497 4989 provincias
3527 4916 3640 4973 Ro-

2025 5026 2333 5077 manorum,
2362 5006 2732 5085 ignominiose
2770 5006 2948 5063 victus
2977 5022 3009 5061 a
3035 5006 3317 5076 Romanis,
3350 5006 3642 5078 praposuit

1657 5175 1878 5231 VARUE
1918 5173 2296 5231 LECTlONES.

378 5331 421 5416 ξίν
447 5336 555 5416 ._S"ig.
575 5338 818 5416 primam
844 5340 1130 5416 scripserat
1160 5338 1567 5416 Brunichildem
1605 5357 1619 5406 ;
1652 5340 1742 5416 sed
1770 5341 1879 5408 ipse
1923 5340 2328 5416 ρρδιωοοννεςεὶι
2356 5343 2517 5416 atque
2567 5335 2772 5416 addidit
2822 5347 2982 5416 verba
3041 5346 3164 5403 quae
3203 5329 3354 5416 ‘et
3473 5346 3529 5416 ε.
3550 5334 3639 5416 Ita

268 5404 860 5481 '[eu._Brunirhildem
892 5404 977 5481 AI,
1008 5413 1099 5463 cui
1150 5427 1203 5481 q.
1261 5426 1311 5464 e.
1374 5411 1430 5463 Β.
1490 5411 1525 5464 d
1607 5404 1657 5466 e.
1706 5404 1976 5464 desunt“
2038 5408 2260 5479 Hispani
2293 5439 2357 5481 έ
2390 5404 2519 5462 sunt
2560 5410 2620 5461 in
2668 5422 2841 5481 marg.
3041 5419 3146 5481 cur
3195 5405 3365 5457 tertiis
3398 5404 3447 5481 τῆ
3473 5404 3638 5481 Verba

307 5474 973 5557 Fredegund_te—ltalite,
1001 5474 1311 5557 erqszs'qztw
1340 5482 1640 5550 Sigebertus
1691 5485 1978 5557 scripserat
2028 5474 2241 5557 dua-bus
2285 5479 2462 5557 lineis,
2499 5477 2913 5557 itqhamplgiozjit‘
2942 5478 3022 5557 1‘6.
3050 5474 3165 5557 rell.
3187 5475 3507 5557 praeter}?
3538 5478 3638 5557 cui

275 5544 518 5614 ,πηδηιῦ
534 5552 744 5622 inclusa
771 5544 982 5620 desunt,
1012 5544 1219 5622 reliqui
1248 5544 1523 5622 leguntur,
1550 5559 1613 5608 ut
1668 5568 1764 5608 nos
1794 5544 2053 5608 'dedimus
2106 5556 2164 5607 at
2220 5555 2282 5606 in
2330 5544 2733 5620 ﬁne'addituri
2762 5544 3151 5601 Childebertus
3184 5544 3329 5599 titius
3360 5544 3637 5618 Sigeberti
3710 5576 3713 5579 -

307 5634 540 5694 regnum
570 5620 740 5692 patris
768 5622 989 5693 accipit.
1014 5626 1098 5678 Ita
1121 5620 1431 5695 igitur‘Sig.
1460 5627 1637 5694 primo
1662 5627 1970 5695 scripserat.
