  <div class='ocr_page' id='page_1' title='image "/cluster/home/n/w/nwhite01/storage/ocr_20150623/160/hvd.32044054760186/060.png"; bbox 0 0 3868 6064; ppageno 0'>
   <div class='ocr_carea' id='block_1_1' title="bbox 219 297 332 351">
    <p class='ocr_par' dir='ltr' id='par_1_1' title="bbox 219 297 332 351">
     <span class='ocr_line' id='line_1_1' title="bbox 219 297 332 351; baseline 0.009 -1"><span class='ocrx_word' id='word_1_1' title='bbox 219 297 332 351; x_wconf 89' lang='grc'><strong>109</strong></span> 
     </span>
    </p>
   </div>
   <div class='ocr_carea' id='block_1_2' title="bbox 1728 294 2073 350">
    <p class='ocr_par' dir='ltr' id='par_1_2' title="bbox 1728 294 2073 350">
     <span class='ocr_line' id='line_1_2' title="bbox 1728 294 2073 350; baseline 0.003 -2"><span class='ocrx_word' id='word_1_2' title='bbox 1728 294 2073 350; x_wconf 78' lang='lat' dir='ltr'><strong>CHRONICA.</strong></span> 
     </span>
    </p>
   </div>
   <div class='ocr_carea' id='block_1_3' title="bbox 3457 300 3560 358">
    <p class='ocr_par' dir='ltr' id='par_1_3' title="bbox 3457 300 3560 358">
     <span class='ocr_line' id='line_1_3' title="bbox 3457 300 3560 358; baseline 0.029 -4"><span class='ocrx_word' id='word_1_3' title='bbox 3457 300 3560 358; x_wconf 89' lang='grc'><strong>110</strong></span> 
     </span>
    </p>
   </div>
   <div class='ocr_carea' id='block_1_4' title="bbox 220 410 3559 488">
    <p class='ocr_par' dir='ltr' id='par_1_4' title="bbox 220 410 3559 488">
     <span class='ocr_line' id='line_1_4' title="bbox 220 410 3559 488; baseline 0.001 -19"><span class='ocrx_word' id='word_1_4' title='bbox 220 415 492 481; x_wconf 90' lang='lat' dir='ltr'><strong>edictum,</strong></span> <span class='ocrx_word' id='word_1_5' title='bbox 543 428 615 467; x_wconf 89' lang='lat' dir='ltr'><strong>ne</strong></span> <span class='ocrx_word' id='word_1_6' title='bbox 663 429 755 467; x_wconf 85' lang='lat' dir='ltr'><strong>rex</strong></span> <span class='ocrx_word' id='word_1_7' title='bbox 786 411 1070 466; x_wconf 85' lang='lat' dir='ltr'><strong>Persarum</strong></span> <span class='ocrx_word' id='word_1_8' title='bbox 1131 427 1230 482; x_wconf 92' lang='lat' dir='ltr'><strong>per</strong></span> <span class='ocrx_word' id='word_1_9' title='bbox 1283 426 1344 466; x_wconf 92' lang='lat' dir='ltr'><strong>se</strong></span> <span class='ocrx_word' id='word_1_10' title='bbox 1373 410 1513 466; x_wconf 90' lang='lat' dir='ltr'><strong>ultra</strong></span> <span class='ocrx_word' id='word_1_11' title='bbox 1566 420 1723 466; x_wconf 90' lang='lat' dir='ltr'><strong>exeat</strong></span> <span class='ocrx_word' id='word_1_12' title='bbox 1774 412 1841 466; x_wconf 87' lang='lat' dir='ltr'><strong>ad</strong></span> <span class='ocrx_word' id='word_1_13' title='bbox 1870 421 1918 485; x_wconf 72' lang='grc' dir='ltr'>Α</span> <span class='ocrx_word' id='word_1_14' title='bbox 1945 422 1999 467; x_wconf 89' lang='lat' dir='ltr'><strong>et</strong></span> <span class='ocrx_word' id='word_1_15' title='bbox 2031 413 2382 485; x_wconf 77' lang='lat' dir='ltr'><strong>liOSpitalitati</strong></span> <span class='ocrx_word' id='word_1_16' title='bbox 2414 413 2654 479; x_wconf 90' lang='lat' dir='ltr'><strong>deditus,</strong></span> <span class='ocrx_word' id='word_1_17' title='bbox 2706 415 2946 470; x_wconf 86' lang='lat' dir='ltr'><strong>utnullo</strong></span> <span class='ocrx_word' id='word_1_18' title='bbox 3000 431 3242 488; x_wconf 82' lang='lat' dir='ltr'><strong>unquam</strong></span> <span class='ocrx_word' id='word_1_19' title='bbox 3291 415 3382 471; x_wconf 91' lang='lat' dir='ltr'><strong>die</strong></span> <span class='ocrx_word' id='word_1_20' title='bbox 3435 416 3559 471; x_wconf 87' lang='lat' dir='ltr'><strong>sine</strong></span> 
     </span>
    </p>
   </div>
   <div class='ocr_carea' id='block_1_5' title="bbox 223 503 1842 578">
    <p class='ocr_par' dir='ltr' id='par_1_5' title="bbox 223 503 1842 578">
     <span class='ocr_line' id='line_1_5' title="bbox 223 503 1842 578; baseline -0.001 -19"><span class='ocrx_word' id='word_1_21' title='bbox 223 506 464 576; x_wconf 89' lang='lat' dir='ltr'><strong>prelium</strong></span> <span class='ocrx_word' id='word_1_22' title='bbox 517 506 698 576; x_wconf 70' lang='lat' dir='ltr'><strong>(Gneo.</strong></span> <span class='ocrx_word' id='word_1_23' title='bbox 754 503 905 573; x_wconf 85' lang='lat' dir='ltr'><strong>Tun.)</strong></span> <span class='ocrx_word' id='word_1_24' title='bbox 949 503 1096 578; x_wconf 88' lang='lat' dir='ltr'><strong>Ignis</strong></span> <span class='ocrx_word' id='word_1_25' title='bbox 1154 519 1254 573; x_wconf 91' lang='lat' dir='ltr'><strong>per</strong></span> <span class='ocrx_word' id='word_1_26' title='bbox 1301 503 1478 558; x_wconf 89' lang='lat' dir='ltr'><strong>celum</strong></span> <span class='ocrx_word' id='word_1_27' title='bbox 1533 503 1842 557; x_wconf 91' lang='lat' dir='ltr'><strong>discurrere</strong></span> 
     </span>
    </p>
   </div>
   <div class='ocr_carea' id='block_1_6' title="bbox 225 597 586 652">
    <p class='ocr_par' dir='ltr' id='par_1_6' title="bbox 225 597 586 652">
     <span class='ocr_line' id='line_1_6' title="bbox 225 597 586 652; baseline 0.006 -2"><span class='ocrx_word' id='word_1_28' title='bbox 225 598 382 651; x_wconf 86' lang='lat' dir='ltr'><strong>visus</strong></span> <span class='ocrx_word' id='word_1_29' title='bbox 409 605 494 651; x_wconf 90' lang='lat' dir='ltr'><strong>est</strong></span> <span class='ocrx_word' id='word_1_30' title='bbox 521 597 586 652; x_wconf 78' lang='grc' dir='ltr'><strong>⁸ο.</strong></span> 
     </span>
    </p>
   </div>
   <div class='ocr_carea' id='block_1_7' title="bbox 225 689 356 743">
    <p class='ocr_par' dir='ltr' id='par_1_7' title="bbox 225 689 356 743">
     <span class='ocr_line' id='line_1_7' title="bbox 225 689 356 743; baseline -0.015 1"><span class='ocrx_word' id='word_1_31' title='bbox 225 689 356 743; x_wconf 96' lang='grc'>581.</span> 
     </span>
    </p>
   </div>
   <div class='ocr_carea' id='block_1_8' title="bbox 272 774 1852 846">
    <p class='ocr_par' dir='ltr' id='par_1_8' title="bbox 272 774 1852 846">
     <span class='ocr_line' id='line_1_8' title="bbox 272 774 1852 846; baseline 0.002 -22"><span class='ocrx_word' id='word_1_32' title='bbox 272 777 382 845; x_wconf 82' lang='lat' dir='ltr'><strong>.(G.</strong></span> <span class='ocrx_word' id='word_1_33' title='bbox 407 776 582 846; x_wconf 75' lang='lat' dir='ltr'><strong>pom.)</strong></span> <span class='ocrx_word' id='word_1_34' title='bbox 614 775 863 846; x_wconf 86' lang='lat' dir='ltr'><strong>Pelagius</strong></span> <span class='ocrx_word' id='word_1_35' title='bbox 915 775 1173 829; x_wconf 68' lang='lat' dir='ltr'><strong>Romanae</strong></span> <span class='ocrx_word' id='word_1_36' title='bbox 1225 775 1489 828; x_wconf 62' lang='lat' dir='ltr'><strong>wcclesiaa</strong></span> <span class='ocrx_word' id='word_1_37' title='bbox 1519 774 1646 829; x_wconf 66' lang='lat'><strong>6009</strong></span> <span class='ocrx_word' id='word_1_38' title='bbox 1675 775 1852 844; x_wconf 88' lang='lat' dir='ltr'><strong>presi-</strong></span> 
     </span>
    </p>
   </div>
   <div class='ocr_carea' id='block_1_9' title="bbox 228 861 1849 935">
    <p class='ocr_par' dir='ltr' id='par_1_9' title="bbox 228 861 1849 935">
     <span class='ocr_line' id='line_1_9' title="bbox 228 861 1849 935; baseline -0.002 -17"><span class='ocrx_word' id='word_1_39' title='bbox 228 865 342 918; x_wconf 92' lang='lat' dir='ltr'><strong>det.</strong></span> <span class='ocrx_word' id='word_1_40' title='bbox 382 864 477 918; x_wconf 85' lang='lat' dir='ltr'><strong>llic</strong></span> <span class='ocrx_word' id='word_1_41' title='bbox 507 863 899 918; x_wconf 75' lang='lat' dir='ltr'><strong>obsidentibus</strong></span> <span class='ocrx_word' id='word_1_42' title='bbox 954 863 1179 917; x_wconf 83' lang='lat' dir='ltr'>Romam</span> <span class='ocrx_word' id='word_1_43' title='bbox 1209 861 1602 935; x_wconf 86' lang='lat' dir='ltr'><strong>Langobardis,</strong></span> <span class='ocrx_word' id='word_1_44' title='bbox 1630 862 1849 916; x_wconf 86' lang='lat' dir='ltr'><strong>ordina-</strong></span> 
     </span>
    </p>
   </div>
   <div class='ocr_carea' id='block_1_10' title="bbox 225 952 1855 1025">
    <p class='ocr_par' dir='ltr' id='par_1_10' title="bbox 225 952 1855 1025">
     <span class='ocr_line' id='line_1_10' title="bbox 225 952 1855 1025; baseline -0.002 -17"><span class='ocrx_word' id='word_1_45' title='bbox 225 964 315 1009; x_wconf 88' lang='lat' dir='ltr'><strong>tur</strong></span> <span class='ocrx_word' id='word_1_46' title='bbox 340 955 551 1025; x_wconf 86' lang='lat' dir='ltr'><strong>absque</strong></span> <span class='ocrx_word' id='word_1_47' title='bbox 573 954 824 1022; x_wconf 89' lang='lat' dir='ltr'><strong>jussione</strong></span> <span class='ocrx_word' id='word_1_48' title='bbox 875 953 1163 1023; x_wconf 87' lang='lat' dir='ltr'><strong>principis.</strong></span> <span class='ocrx_word' id='word_1_49' title='bbox 1201 953 1296 1006; x_wconf 86' lang='lat' dir='ltr'><strong>Hic</strong></span> <span class='ocrx_word' id='word_1_50' title='bbox 1347 952 1591 1007; x_wconf 79' lang='lat' dir='ltr'><strong>decrevit</strong></span> <span class='ocrx_word' id='word_1_51' title='bbox 1623 952 1855 1006; x_wconf 87' lang='lat' dir='ltr'><strong>cotidia—</strong></span> 
     </span>
    </p>
   </div>
   <div class='ocr_carea' id='block_1_11' title="bbox 434 685 1846 742">
    <p class='ocr_par' dir='ltr' id='par_1_11' title="bbox 434 685 1846 742">
     <span class='ocr_line' id='line_1_11' title="bbox 434 685 1846 742; baseline -0.001 -1"><span class='ocrx_word' id='word_1_52' title='bbox 434 688 495 742; x_wconf 76' lang='grc' dir='ltr'>Β.</span> <span class='ocrx_word' id='word_1_53' title='bbox 538 688 592 741; x_wconf 73' lang='grc'>4.</span> <span class='ocrx_word' id='word_1_54' title='bbox 672 686 729 740; x_wconf 86' lang='grc' dir='ltr'><strong>Ρ.</strong></span> <span class='ocrx_word' id='word_1_55' title='bbox 769 688 825 741; x_wconf 90' lang='lat'><strong>7.</strong></span> <span class='ocrx_word' id='word_1_56' title='bbox 903 686 958 741; x_wconf 89' lang='lat' dir='ltr'><strong>F.</strong></span> <span class='ocrx_word' id='word_1_57' title='bbox 1004 685 1088 740; x_wconf 87' lang='grc'>17.</span> <span class='ocrx_word' id='word_1_58' title='bbox 1170 686 1206 740; x_wconf 94' lang='lat' dir='ltr'><strong>L</strong></span> <span class='ocrx_word' id='word_1_59' title='bbox 1265 687 1320 740; x_wconf 79' lang='lat'><strong>5.</strong></span> <span class='ocrx_word' id='word_1_60' title='bbox 1401 687 1457 740; x_wconf 83' lang='lat' dir='ltr'><strong>A.</strong></span> <span class='ocrx_word' id='word_1_61' title='bbox 1502 685 1571 740; x_wconf 83' lang='grc'><strong>20</strong></span> <span class='ocrx_word' id='word_1_62' title='bbox 1669 685 1752 740; x_wconf 87' lang='lat' dir='ltr'><strong>W.</strong></span> <span class='ocrx_word' id='word_1_63' title='bbox 1795 687 1846 741; x_wconf 89' lang='lat'><strong>6.</strong></span> 
     </span>
    </p>
   </div>
   <div class='ocr_carea' id='block_1_12' title="bbox 117 1045 1853 1116">
    <p class='ocr_par' dir='ltr' id='par_1_12' title="bbox 117 1045 1853 1116">
     <span class='ocr_line' id='line_1_12' title="bbox 117 1045 1853 1116; baseline -0.002 -15"><span class='ocrx_word' id='word_1_64' title='bbox 117 1059 141 1078; x_wconf 65' lang='grc' dir='ltr'>δ</span> <span class='ocrx_word' id='word_1_65' title='bbox 227 1063 357 1100; x_wconf 86' lang='lat' dir='ltr'><strong>nam</strong></span> <span class='ocrx_word' id='word_1_66' title='bbox 417 1054 886 1101; x_wconf 86' lang='lat' dir='ltr'><strong>sacramentorum</strong></span> <span class='ocrx_word' id='word_1_67' title='bbox 933 1045 1297 1116; x_wconf 90' lang='lat' dir='ltr'><strong>prefationem</strong></span> <span class='ocrx_word' id='word_1_68' title='bbox 1339 1045 1406 1098; x_wconf 90' lang='lat' dir='ltr'><strong>ad</strong></span> <span class='ocrx_word' id='word_1_69' title='bbox 1439 1045 1632 1098; x_wconf 85' lang='lat' dir='ltr'><strong>missas</strong></span> <span class='ocrx_word' id='word_1_70' title='bbox 1661 1059 1853 1098; x_wconf 87' lang='lat' dir='ltr'><strong>novem</strong></span> 
     </span>
    </p>
   </div>
   <div class='ocr_carea' id='block_1_13' title="bbox 225 1135 1856 1208">
    <p class='ocr_par' dir='ltr' id='par_1_13' title="bbox 225 1135 1856 1208">
     <span class='ocr_line' id='line_1_13' title="bbox 225 1135 1856 1208; baseline -0.002 -16"><span class='ocrx_word' id='word_1_71' title='bbox 225 1139 610 1192; x_wconf 87' lang='lat' dir='ltr'><strong>tantummodo</strong></span> <span class='ocrx_word' id='word_1_72' title='bbox 643 1137 1044 1208; x_wconf 86' lang='lat' dir='ltr'><strong>prefationibus</strong></span> <span class='ocrx_word' id='word_1_73' title='bbox 1093 1135 1397 1191; x_wconf 91' lang='lat' dir='ltr'><strong>secundum</strong></span> <span class='ocrx_word' id='word_1_74' title='bbox 1428 1135 1716 1206; x_wconf 86' lang='lat' dir='ltr'><strong>antiquum</strong></span> <span class='ocrx_word' id='word_1_75' title='bbox 1747 1135 1856 1189; x_wconf 83' lang='lat' dir='ltr'><strong>Ro-</strong></span> 
     </span>
    </p>
   </div>
   <div class='ocr_carea' id='block_1_14' title="bbox 230 1229 1855 1294">
    <p class='ocr_par' dir='ltr' id='par_1_14' title="bbox 230 1229 1855 1294">
     <span class='ocr_line' id='line_1_14' title="bbox 230 1229 1855 1294; baseline -0.003 -8"><span class='ocrx_word' id='word_1_76' title='bbox 230 1249 520 1288; x_wconf 90' lang='lat' dir='ltr'><strong>manorum</strong></span> <span class='ocrx_word' id='word_1_77' title='bbox 545 1232 793 1288; x_wconf 87' lang='lat' dir='ltr'><strong>ordinem</strong></span> <span class='ocrx_word' id='word_1_78' title='bbox 851 1247 974 1286; x_wconf 89' lang='lat' dir='ltr'><strong>esse</strong></span> <span class='ocrx_word' id='word_1_79' title='bbox 1007 1230 1483 1294; x_wconf 81' lang='lat' dir='ltr'><strong>commutandam;</strong></span> <span class='ocrx_word' id='word_1_80' title='bbox 1539 1229 1751 1284; x_wconf 88' lang='lat' dir='ltr'><strong>scilicet</strong></span> <span class='ocrx_word' id='word_1_81' title='bbox 1801 1229 1855 1281; x_wconf 90' lang='lat' dir='ltr'><strong>in</strong></span> 
     </span>
    </p>
   </div>
   <div class='ocr_carea' id='block_1_15' title="bbox 231 1322 1852 1396">
    <p class='ocr_par' dir='ltr' id='par_1_15' title="bbox 231 1322 1852 1396">
     <span class='ocr_line' id='line_1_15' title="bbox 231 1322 1852 1396; baseline -0.003 -16"><span class='ocrx_word' id='word_1_82' title='bbox 231 1327 415 1380; x_wconf 89' lang='lat' dir='ltr'><strong>natale</strong></span> <span class='ocrx_word' id='word_1_83' title='bbox 444 1326 684 1394; x_wconf 87' lang='lat' dir='ltr'><strong>Domini,</strong></span> <span class='ocrx_word' id='word_1_84' title='bbox 714 1327 769 1380; x_wconf 88' lang='lat' dir='ltr'><strong>in</strong></span> <span class='ocrx_word' id='word_1_85' title='bbox 798 1325 1169 1396; x_wconf 88' lang='lat' dir='ltr'><strong>apparitione,</strong></span> <span class='ocrx_word' id='word_1_86' title='bbox 1213 1325 1269 1378; x_wconf 92' lang='lat' dir='ltr'><strong>in</strong></span> <span class='ocrx_word' id='word_1_87' title='bbox 1299 1324 1523 1394; x_wconf 86' lang='lat' dir='ltr'><strong>pascha,</strong></span> <span class='ocrx_word' id='word_1_88' title='bbox 1557 1322 1610 1376; x_wconf 89' lang='lat' dir='ltr'><strong>in</strong></span> <span class='ocrx_word' id='word_1_89' title='bbox 1652 1337 1852 1376; x_wconf 89' lang='lat' dir='ltr'><strong>ascen-</strong></span> 
     </span>
    </p>
   </div>
   <div class='ocr_carea' id='block_1_16' title="bbox 228 1419 1852 1493">
    <p class='ocr_par' dir='ltr' id='par_1_16' title="bbox 228 1419 1852 1493">
     <span class='ocr_line' id='line_1_16' title="bbox 228 1419 1852 1493; baseline -0.001 -17"><span class='ocrx_word' id='word_1_90' title='bbox 228 1423 409 1489; x_wconf 90' lang='lat' dir='ltr'><strong>sione,</strong></span> <span class='ocrx_word' id='word_1_91' title='bbox 441 1423 495 1476; x_wconf 91' lang='lat' dir='ltr'><strong>in</strong></span> <span class='ocrx_word' id='word_1_92' title='bbox 521 1432 866 1493; x_wconf 88' lang='lat' dir='ltr'><strong>pentecoste,</strong></span> <span class='ocrx_word' id='word_1_93' title='bbox 889 1422 957 1477; x_wconf 92' lang='lat' dir='ltr'><strong>de</strong></span> <span class='ocrx_word' id='word_1_94' title='bbox 985 1421 1266 1492; x_wconf 84' lang='lat' dir='ltr'><strong>apostolis,</strong></span> <span class='ocrx_word' id='word_1_95' title='bbox 1286 1421 1356 1475; x_wconf 92' lang='lat' dir='ltr'><strong>de</strong></span> <span class='ocrx_word' id='word_1_96' title='bbox 1369 1429 1557 1474; x_wconf 86' lang='lat' dir='ltr'><strong>sancta</strong></span> <span class='ocrx_word' id='word_1_97' title='bbox 1587 1419 1852 1485; x_wconf 87' lang='lat' dir='ltr'><strong>trinitate,</strong></span> 
     </span>
    </p>
   </div>
   <div class='ocr_carea' id='block_1_17' title="bbox 229 1508 1853 1583">
    <p class='ocr_par' dir='ltr' id='par_1_17' title="bbox 229 1508 1853 1583">
     <span class='ocr_line' id='line_1_17' title="bbox 229 1508 1853 1583; baseline -0.004 -15"><span class='ocrx_word' id='word_1_98' title='bbox 229 1513 301 1568; x_wconf 89' lang='lat' dir='ltr'><strong>de</strong></span> <span class='ocrx_word' id='word_1_99' title='bbox 347 1520 536 1568; x_wconf 90' lang='lat' dir='ltr'><strong>sancta</strong></span> <span class='ocrx_word' id='word_1_100' title='bbox 567 1529 752 1579; x_wconf 87' lang='lat' dir='ltr'><strong>cruce,</strong></span> <span class='ocrx_word' id='word_1_101' title='bbox 803 1513 871 1566; x_wconf 92' lang='lat' dir='ltr'><strong>de</strong></span> <span class='ocrx_word' id='word_1_102' title='bbox 905 1513 1120 1581; x_wconf 88' lang='lat' dir='ltr'><strong>jejunio</strong></span> <span class='ocrx_word' id='word_1_103' title='bbox 1153 1508 1636 1583; x_wconf 90' lang='lat' dir='ltr'><strong>quadragesimali.</strong></span> <span class='ocrx_word' id='word_1_104' title='bbox 1671 1509 1853 1578; x_wconf 65' lang='lat' dir='ltr'><strong>(Bson)</strong></span> 
     </span>
    </p>
   </div>
   <div class='ocr_carea' id='block_1_18' title="bbox 231 1600 1859 1677">
    <p class='ocr_par' dir='ltr' id='par_1_18' title="bbox 231 1600 1859 1677">
     <span class='ocr_line' id='line_1_18' title="bbox 231 1600 1859 1677; baseline -0.002 -19"><span class='ocrx_word' id='word_1_105' title='bbox 231 1607 313 1659; x_wconf 79' lang='lat' dir='ltr'><strong>Ab</strong></span> <span class='ocrx_word' id='word_1_106' title='bbox 364 1605 467 1661; x_wconf 91' lang='lat' dir='ltr'><strong>hoc</strong></span> <span class='ocrx_word' id='word_1_107' title='bbox 525 1605 820 1677; x_wconf 84' lang='lat' dir='ltr'><strong>Gregorius</strong></span> <span class='ocrx_word' id='word_1_108' title='bbox 873 1602 1408 1673; x_wconf 85' lang='lat' dir='ltr'><strong>Constantinopolim</strong></span> <span class='ocrx_word' id='word_1_109' title='bbox 1466 1600 1859 1672; x_wconf 84' lang='lat' dir='ltr'><strong>apocrisiarius</strong></span> 
     </span>
    </p>
   </div>
   <div class='ocr_carea' id='block_1_19' title="bbox 1953 502 3559 577">
    <p class='ocr_par' dir='ltr' id='par_1_19' title="bbox 1953 502 3559 577">
     <span class='ocr_line' id='line_1_19' title="bbox 1953 502 3559 577; baseline 0.001 -21"><span class='ocrx_word' id='word_1_110' title='bbox 1953 517 2196 572; x_wconf 84' lang='lat' dir='ltr'><strong>paupere</strong></span> <span class='ocrx_word' id='word_1_111' title='bbox 2227 511 2321 556; x_wconf 91' lang='lat' dir='ltr'><strong>aut</strong></span> <span class='ocrx_word' id='word_1_112' title='bbox 2352 502 2566 572; x_wconf 85' lang='lat' dir='ltr'><strong>hospite</strong></span> <span class='ocrx_word' id='word_1_113' title='bbox 2595 503 2931 568; x_wconf 90' lang='lat' dir='ltr'><strong>comederet,</strong></span> <span class='ocrx_word' id='word_1_114' title='bbox 2964 520 3088 559; x_wconf 90' lang='lat' dir='ltr'><strong>cum</strong></span> <span class='ocrx_word' id='word_1_115' title='bbox 3119 519 3231 558; x_wconf 92' lang='lat' dir='ltr'><strong>uno</strong></span> <span class='ocrx_word' id='word_1_116' title='bbox 3261 503 3354 558; x_wconf 91' lang='lat' dir='ltr'><strong>die</strong></span> <span class='ocrx_word' id='word_1_117' title='bbox 3384 519 3559 577; x_wconf 87' lang='lat' dir='ltr'><strong>usque</strong></span> 
     </span>
    </p>
   </div>
   <div class='ocr_carea' id='block_1_20' title="bbox 1950 590 3559 663">
    <p class='ocr_par' dir='ltr' id='par_1_20' title="bbox 1950 590 3559 663">
     <span class='ocr_line' id='line_1_20' title="bbox 1950 590 3559 663; baseline 0.003 -21"><span class='ocrx_word' id='word_1_118' title='bbox 1950 590 2018 643; x_wconf 92' lang='lat' dir='ltr'><strong>ad</strong></span> <span class='ocrx_word' id='word_1_119' title='bbox 2051 605 2332 660; x_wconf 83' lang='lat' dir='ltr'><strong>vesperam</strong></span> <span class='ocrx_word' id='word_1_120' title='bbox 2364 590 2556 644; x_wconf 89' lang='lat' dir='ltr'><strong>urbem</strong></span> <span class='ocrx_word' id='word_1_121' title='bbox 2587 591 2894 657; x_wconf 88' lang='lat' dir='ltr'><strong>circuisset,</strong></span> <span class='ocrx_word' id='word_1_122' title='bbox 2924 600 2984 646; x_wconf 92' lang='lat' dir='ltr'><strong>ut</strong></span> <span class='ocrx_word' id='word_1_123' title='bbox 3016 608 3312 663; x_wconf 87' lang='lat' dir='ltr'><strong>pauperem</strong></span> <span class='ocrx_word' id='word_1_124' title='bbox 3344 593 3430 647; x_wconf 91' lang='lat' dir='ltr'><strong>vel</strong></span> <span class='ocrx_word' id='word_1_125' title='bbox 3461 593 3559 649; x_wconf 92' lang='lat' dir='ltr'><strong>ho-</strong></span> 
     </span>
    </p>
   </div>
   <div class='ocr_carea' id='block_1_21' title="bbox 1951 680 3562 750">
    <p class='ocr_par' dir='ltr' id='par_1_21' title="bbox 1951 680 3562 750">
     <span class='ocr_line' id='line_1_21' title="bbox 1951 680 3562 750; baseline 0.002 -16"><span class='ocrx_word' id='word_1_126' title='bbox 1951 680 2149 750; x_wconf 87' lang='lat' dir='ltr'><strong>spitem</strong></span> <span class='ocrx_word' id='word_1_127' title='bbox 2182 681 2476 746; x_wconf 83' lang='lat' dir='ltr'><strong>inveniret,</strong></span> <span class='ocrx_word' id='word_1_128' title='bbox 2512 680 2745 736; x_wconf 73' lang='lat' dir='ltr'><strong>oﬁ‘endit</strong></span> <span class='ocrx_word' id='word_1_129' title='bbox 2791 682 2967 737; x_wconf 85' lang='lat' dir='ltr'><strong>virum</strong></span> <span class='ocrx_word' id='word_1_130' title='bbox 2995 683 3272 738; x_wconf 91' lang='lat' dir='ltr'><strong>seniorem</strong></span> <span class='ocrx_word' id='word_1_131' title='bbox 3305 682 3362 737; x_wconf 90' lang='lat' dir='ltr'><strong>in</strong></span> <span class='ocrx_word' id='word_1_132' title='bbox 3407 691 3562 738; x_wconf 87' lang='lat' dir='ltr'><strong>veste</strong></span> 
     </span>
    </p>
   </div>
   <div class='ocr_carea' id='block_1_22' title="bbox 1952 770 3559 838">
    <p class='ocr_par' dir='ltr' id='par_1_22' title="bbox 1952 770 3559 838">
     <span class='ocr_line' id='line_1_22' title="bbox 1952 770 3559 838; baseline 0.001 -14"><span class='ocrx_word' id='word_1_133' title='bbox 1952 770 2075 824; x_wconf 91' lang='lat' dir='ltr'><strong>alba</strong></span> <span class='ocrx_word' id='word_1_134' title='bbox 2101 787 2224 823; x_wconf 89' lang='lat' dir='ltr'><strong>cum</strong></span> <span class='ocrx_word' id='word_1_135' title='bbox 2258 770 2479 826; x_wconf 91' lang='lat' dir='ltr'><strong>duobus</strong></span> <span class='ocrx_word' id='word_1_136' title='bbox 2522 771 2688 825; x_wconf 91' lang='lat' dir='ltr'><strong>sociis</strong></span> <span class='ocrx_word' id='word_1_137' title='bbox 2720 778 2955 825; x_wconf 89' lang='lat' dir='ltr'><strong>stantem</strong></span> <span class='ocrx_word' id='word_1_138' title='bbox 2993 771 3050 824; x_wconf 90' lang='lat' dir='ltr'><strong>in</strong></span> <span class='ocrx_word' id='word_1_139' title='bbox 3078 771 3260 827; x_wconf 89' lang='lat' dir='ltr'><strong>medio</strong></span> <span class='ocrx_word' id='word_1_140' title='bbox 3289 771 3559 838; x_wconf 85' lang='lat' dir='ltr'><strong>civitatis;</strong></span> 
     </span>
    </p>
   </div>
   <div class='ocr_carea' id='block_1_23' title="bbox 1955 860 3634 933">
    <p class='ocr_par' dir='ltr' id='par_1_23' title="bbox 1955 860 3634 933">
     <span class='ocr_line' id='line_1_23' title="bbox 1955 860 3634 933; baseline 0.001 -17"><span class='ocrx_word' id='word_1_141' title='bbox 1955 869 2008 916; x_wconf 86' lang='lat' dir='ltr'><strong>et</strong></span> <span class='ocrx_word' id='word_1_142' title='bbox 2031 860 2270 915; x_wconf 87' lang='lat' dir='ltr'><strong>invitans</strong></span> <span class='ocrx_word' id='word_1_143' title='bbox 2297 878 2420 915; x_wconf 90' lang='lat' dir='ltr'><strong>eum</strong></span> <span class='ocrx_word' id='word_1_144' title='bbox 2453 861 2519 915; x_wconf 89' lang='lat' dir='ltr'><strong>ad</strong></span> <span class='ocrx_word' id='word_1_145' title='bbox 2559 862 2882 932; x_wconf 88' lang='lat' dir='ltr'><strong>hospitium,</strong></span> <span class='ocrx_word' id='word_1_146' title='bbox 2910 863 3014 917; x_wconf 91' lang='lat' dir='ltr'><strong>hoc</strong></span> <span class='ocrx_word' id='word_1_147' title='bbox 3041 879 3363 933; x_wconf 89' lang='lat' dir='ltr'><strong>responsum</strong></span> <span class='ocrx_word' id='word_1_148' title='bbox 3402 879 3564 917; x_wconf 88' lang='lat' dir='ltr'><strong>acce—</strong></span> <span class='ocrx_word' id='word_1_149' title='bbox 3631 887 3634 890; x_wconf 93' lang='grc'><strong>·</strong></span> 
     </span>
    </p>
   </div>
   <div class='ocr_carea' id='block_1_24' title="bbox 1957 953 3568 1024">
    <p class='ocr_par' dir='ltr' id='par_1_24' title="bbox 1957 953 3568 1024">
     <span class='ocr_line' id='line_1_24' title="bbox 1957 953 3568 1024; baseline 0.002 -18"><span class='ocrx_word' id='word_1_150' title='bbox 1957 953 2123 1024; x_wconf 88' lang='lat' dir='ltr'><strong>pitab</strong></span> <span class='ocrx_word' id='word_1_151' title='bbox 2144 969 2242 1008; x_wconf 90' lang='lat' dir='ltr'><strong>eo:</strong></span> <span class='ocrx_word' id='word_1_152' title='bbox 2274 960 2384 1008; x_wconf 78' lang='lat' dir='ltr'><strong>Non</strong></span> <span class='ocrx_word' id='word_1_153' title='bbox 2433 960 2663 1023; x_wconf 80' lang='lat' dir='ltr'><strong>poteras,</strong></span> <span class='ocrx_word' id='word_1_154' title='bbox 2696 970 2726 1009; x_wconf 90' lang='grc' dir='ltr'><em>ο</em></span> <span class='ocrx_word' id='word_1_155' title='bbox 2771 957 2924 1008; x_wconf 84' lang='lat' dir='ltr'><strong>homo</strong></span> <span class='ocrx_word' id='word_1_156' title='bbox 2953 957 3062 1020; x_wconf 78' lang='lat' dir='ltr'><strong>Dei,</strong></span> <span class='ocrx_word' id='word_1_157' title='bbox 3111 970 3236 1008; x_wconf 85' lang='lat' dir='ltr'><strong>cum</strong></span> <span class='ocrx_word' id='word_1_158' title='bbox 3262 961 3434 1009; x_wconf 83' lang='lat' dir='ltr'><strong>vestro</strong></span> <span class='ocrx_word' id='word_1_159' title='bbox 3473 953 3568 1023; x_wconf 83' lang='lat' dir='ltr'><strong>Sy-</strong></span> 
     </span>
    </p>
   </div>
   <div class='ocr_carea' id='block_1_25' title="bbox 1955 1047 3568 1114">
    <p class='ocr_par' dir='ltr' id='par_1_25' title="bbox 1955 1047 3568 1114">
     <span class='ocr_line' id='line_1_25' title="bbox 1955 1047 3568 1114; baseline 0.001 -12"><span class='ocrx_word' id='word_1_160' title='bbox 1955 1062 2140 1102; x_wconf 85' lang='lat' dir='ltr'><strong>meone</strong></span> <span class='ocrx_word' id='word_1_161' title='bbox 2164 1049 2306 1102; x_wconf 82' lang='lat' dir='ltr'><strong>hanc</strong></span> <span class='ocrx_word' id='word_1_162' title='bbox 2333 1048 2520 1102; x_wconf 82' lang='lat' dir='ltr'><strong>urbem</strong></span> <span class='ocrx_word' id='word_1_163' title='bbox 2545 1051 2774 1114; x_wconf 79' lang='lat' dir='ltr'><strong>salvare,</strong></span> <span class='ocrx_word' id='word_1_164' title='bbox 2802 1063 2871 1102; x_wconf 85' lang='lat' dir='ltr'><strong>ne</strong></span> <span class='ocrx_word' id='word_1_165' title='bbox 2897 1049 3294 1103; x_wconf 81' lang='lat' dir='ltr'><strong>subverteretur</strong></span> <span class='ocrx_word' id='word_1_166' title='bbox 3313 1047 3342 1102; x_wconf 78' lang='lat'><strong>?</strong></span> <span class='ocrx_word' id='word_1_167' title='bbox 3375 1049 3436 1102; x_wconf 84' lang='lat' dir='ltr'><strong>Et</strong></span> <span class='ocrx_word' id='word_1_168' title='bbox 3463 1049 3568 1104; x_wconf 90' lang='lat' dir='ltr'><strong>hoc</strong></span> 
     </span>
    </p>
   </div>
   <div class='ocr_carea' id='block_1_26' title="bbox 1957 1139 3570 1210">
    <p class='ocr_par' dir='ltr' id='par_1_26' title="bbox 1957 1139 3570 1210">
     <span class='ocr_line' id='line_1_26' title="bbox 1957 1139 3570 1210; baseline 0.001 -18"><span class='ocrx_word' id='word_1_169' title='bbox 1957 1139 2127 1204; x_wconf 91' lang='lat' dir='ltr'><strong>dicto,</strong></span> <span class='ocrx_word' id='word_1_170' title='bbox 2172 1139 2473 1203; x_wconf 90' lang='lat' dir='ltr'><strong>sudarium,</strong></span> <span class='ocrx_word' id='word_1_171' title='bbox 2529 1139 2677 1210; x_wconf 92' lang='lat' dir='ltr'><strong>quod</strong></span> <span class='ocrx_word' id='word_1_172' title='bbox 2730 1139 2784 1192; x_wconf 89' lang='lat' dir='ltr'><strong>in</strong></span> <span class='ocrx_word' id='word_1_173' title='bbox 2824 1156 2990 1194; x_wconf 90' lang='lat' dir='ltr'><strong>manu</strong></span> <span class='ocrx_word' id='word_1_174' title='bbox 3022 1141 3269 1206; x_wconf 88' lang='lat' dir='ltr'><strong>tenebat,</strong></span> <span class='ocrx_word' id='word_1_175' title='bbox 3330 1141 3570 1196; x_wconf 85' lang='lat' dir='ltr'><strong>excussit</strong></span> 
     </span>
    </p>
   </div>
   <div class='ocr_carea' id='block_1_27' title="bbox 1957 1233 3566 1306">
    <p class='ocr_par' dir='ltr' id='par_1_27' title="bbox 1957 1233 3566 1306">
     <span class='ocr_line' id='line_1_27' title="bbox 1957 1233 3566 1306; baseline 0.001 -18"><span class='ocrx_word' id='word_1_176' title='bbox 1957 1249 2123 1304; x_wconf 87' lang='lat' dir='ltr'><strong>super</strong></span> <span class='ocrx_word' id='word_1_177' title='bbox 2151 1250 2316 1288; x_wconf 91' lang='lat' dir='ltr'><strong>unam</strong></span> <span class='ocrx_word' id='word_1_178' title='bbox 2351 1233 2705 1288; x_wconf 86' lang='lat' dir='ltr'><strong>medietatem</strong></span> <span class='ocrx_word' id='word_1_179' title='bbox 2734 1234 2918 1300; x_wconf 88' lang='lat' dir='ltr'><strong>urbis;</strong></span> <span class='ocrx_word' id='word_1_180' title='bbox 2968 1235 3262 1306; x_wconf 86' lang='lat' dir='ltr'><strong>statimque</strong></span> <span class='ocrx_word' id='word_1_181' title='bbox 3294 1235 3413 1304; x_wconf 89' lang='lat' dir='ltr'><strong>ipsa</strong></span> <span class='ocrx_word' id='word_1_182' title='bbox 3441 1250 3566 1290; x_wconf 89' lang='lat' dir='ltr'><strong>me-</strong></span> 
     </span>
    </p>
   </div>
   <div class='ocr_carea' id='block_1_28' title="bbox 1956 1324 3569 1382">
    <p class='ocr_par' dir='ltr' id='par_1_28' title="bbox 1956 1324 3569 1382">
     <span class='ocr_line' id='line_1_28' title="bbox 1956 1324 3569 1382; baseline 0.001 -3"><span class='ocrx_word' id='word_1_183' title='bbox 1956 1324 2133 1380; x_wconf 87' lang='lat' dir='ltr'><strong>dietas</strong></span> <span class='ocrx_word' id='word_1_184' title='bbox 2174 1342 2296 1380; x_wconf 92' lang='lat' dir='ltr'><strong>cum</strong></span> <span class='ocrx_word' id='word_1_185' title='bbox 2345 1325 2672 1380; x_wconf 90' lang='lat' dir='ltr'><strong>habitaculis</strong></span> <span class='ocrx_word' id='word_1_186' title='bbox 2715 1333 2770 1380; x_wconf 91' lang='lat' dir='ltr'><strong>et</strong></span> <span class='ocrx_word' id='word_1_187' title='bbox 2849 1326 3250 1382; x_wconf 78' lang='lat' dir='ltr'><strong>habitatoribus</strong></span> <span class='ocrx_word' id='word_1_188' title='bbox 3301 1325 3569 1381; x_wconf 87' lang='lat' dir='ltr'><strong>subversa</strong></span> 
     </span>
    </p>
   </div>
   <div class='ocr_carea' id='block_1_29' title="bbox 1955 1415 3567 1487">
    <p class='ocr_par' dir='ltr' id='par_1_29' title="bbox 1955 1415 3567 1487">
     <span class='ocr_line' id='line_1_29' title="bbox 1955 1415 3567 1487; baseline -0.001 -16"><span class='ocrx_word' id='word_1_189' title='bbox 1955 1423 2054 1472; x_wconf 87' lang='lat' dir='ltr'><strong>est.</strong></span> <span class='ocrx_word' id='word_1_190' title='bbox 2087 1416 2149 1471; x_wconf 89' lang='lat' dir='ltr'><strong>Et</strong></span> <span class='ocrx_word' id='word_1_191' title='bbox 2167 1417 2362 1471; x_wconf 91' lang='lat' dir='ltr'><strong>volens</strong></span> <span class='ocrx_word' id='word_1_192' title='bbox 2391 1416 2572 1470; x_wconf 90' lang='lat' dir='ltr'><strong>adhuc</strong></span> <span class='ocrx_word' id='word_1_193' title='bbox 2600 1422 2855 1470; x_wconf 87' lang='lat' dir='ltr'><strong>excutere</strong></span> <span class='ocrx_word' id='word_1_194' title='bbox 2886 1415 3166 1470; x_wconf 90' lang='lat' dir='ltr'><strong>sudarium</strong></span> <span class='ocrx_word' id='word_1_195' title='bbox 3199 1431 3366 1487; x_wconf 88' lang='lat' dir='ltr'><strong>super</strong></span> <span class='ocrx_word' id='word_1_196' title='bbox 3404 1416 3567 1470; x_wconf 91' lang='lat' dir='ltr'><strong>aliam</strong></span> 
     </span>
    </p>
   </div>
   <div class='ocr_carea' id='block_1_30' title="bbox 1958 1503 3571 1569">
    <p class='ocr_par' dir='ltr' id='par_1_30' title="bbox 1958 1503 3571 1569">
     <span class='ocr_line' id='line_1_30' title="bbox 1958 1503 3571 1569; baseline -0.001 -10"><span class='ocrx_word' id='word_1_197' title='bbox 1958 1504 2312 1559; x_wconf 88' lang='lat' dir='ltr'><strong>medietatem</strong></span> <span class='ocrx_word' id='word_1_198' title='bbox 2370 1503 2544 1569; x_wconf 91' lang='lat' dir='ltr'><strong>urbis,</strong></span> <span class='ocrx_word' id='word_1_199' title='bbox 2593 1504 2682 1559; x_wconf 91' lang='lat' dir='ltr'><strong>vix</strong></span> <span class='ocrx_word' id='word_1_200' title='bbox 2729 1503 2797 1558; x_wconf 90' lang='lat' dir='ltr'><strong>ab</strong></span> <span class='ocrx_word' id='word_1_201' title='bbox 2846 1503 2956 1558; x_wconf 89' lang='lat' dir='ltr'><strong>illis</strong></span> <span class='ocrx_word' id='word_1_202' title='bbox 2982 1503 3204 1560; x_wconf 91' lang='lat' dir='ltr'><strong>duobus</strong></span> <span class='ocrx_word' id='word_1_203' title='bbox 3249 1505 3412 1560; x_wconf 91' lang='lat' dir='ltr'><strong>sociis</strong></span> <span class='ocrx_word' id='word_1_204' title='bbox 3453 1504 3571 1559; x_wconf 83' lang='lat' dir='ltr'><strong>suis</strong></span> 
     </span>
    </p>
   </div>
   <div class='ocr_carea' id='block_1_31' title="bbox 1963 1591 3574 1663">
    <p class='ocr_par' dir='ltr' id='par_1_31' title="bbox 1963 1591 3574 1663">
     <span class='ocr_line' id='line_1_31' title="bbox 1963 1591 3574 1663; baseline -0.002 -16"><span class='ocrx_word' id='word_1_205' title='bbox 1963 1594 2131 1647; x_wconf 89' lang='lat' dir='ltr'><strong>multa</strong></span> <span class='ocrx_word' id='word_1_206' title='bbox 2173 1608 2336 1663; x_wconf 92' lang='lat' dir='ltr'><strong>prece</strong></span> <span class='ocrx_word' id='word_1_207' title='bbox 2367 1591 2542 1646; x_wconf 80' lang='lat' dir='ltr'><strong>flexus</strong></span> <span class='ocrx_word' id='word_1_208' title='bbox 2591 1599 2695 1656; x_wconf 91' lang='lat' dir='ltr'><strong>est,</strong></span> <span class='ocrx_word' id='word_1_209' title='bbox 2737 1599 2796 1646; x_wconf 92' lang='lat' dir='ltr'><strong>ut</strong></span> <span class='ocrx_word' id='word_1_210' title='bbox 2852 1599 3102 1661; x_wconf 86' lang='lat' dir='ltr'><strong>parceret</strong></span> <span class='ocrx_word' id='word_1_211' title='bbox 3139 1592 3373 1647; x_wconf 67' lang='lat' dir='ltr'><strong>residuae</strong></span> <span class='ocrx_word' id='word_1_212' title='bbox 3419 1591 3574 1645; x_wconf 88' lang='lat' dir='ltr'><strong>urbis</strong></span> 
     </span>
    </p>
   </div>
   <div class='ocr_carea' id='block_1_32' title="bbox 237 1685 3571 1790">
    <p class='ocr_par' dir='ltr' id='par_1_32' title="bbox 237 1685 3571 1790">
     <span class='ocr_line' id='line_1_32' title="bbox 237 1685 3571 1790; baseline -0.002 -42"><span class='ocrx_word' id='word_1_213' title='bbox 237 1696 503 1760; x_wconf 90' lang='lat' dir='ltr'><strong>directus,</strong></span> <span class='ocrx_word' id='word_1_214' title='bbox 539 1696 757 1750; x_wconf 91' lang='lat' dir='ltr'><strong>hortatu</strong></span> <span class='ocrx_word' id='word_1_215' title='bbox 790 1694 1020 1748; x_wconf 86' lang='lat' dir='ltr'><strong>Leandri</strong></span> <span class='ocrx_word' id='word_1_216' title='bbox 1054 1692 1392 1763; x_wconf 87' lang='lat' dir='ltr'><strong>Hispalensis</strong></span> <span class='ocrx_word' id='word_1_217' title='bbox 1417 1691 1664 1762; x_wconf 89' lang='lat' dir='ltr'><strong>episc0pi</strong></span> <span class='ocrx_word' id='word_1_218' title='bbox 1690 1690 1860 1745; x_wconf 90' lang='lat' dir='ltr'><strong>libros</strong></span> <span class='ocrx_word' id='word_1_219' title='bbox 1887 1723 1936 1790; x_wconf 76' lang='grc' dir='ltr'><strong>Β</strong></span> <span class='ocrx_word' id='word_1_220' title='bbox 1960 1687 2264 1742; x_wconf 89' lang='lat' dir='ltr'><strong>medietati.</strong></span> <span class='ocrx_word' id='word_1_221' title='bbox 2298 1686 2497 1758; x_wconf 90' lang='lat' dir='ltr'><strong>Sicque</strong></span> <span class='ocrx_word' id='word_1_222' title='bbox 2523 1685 2723 1751; x_wconf 90' lang='lat' dir='ltr'><strong>virum,</strong></span> <span class='ocrx_word' id='word_1_223' title='bbox 2777 1686 2872 1758; x_wconf 90' lang='lat' dir='ltr'><strong>qui</strong></span> <span class='ocrx_word' id='word_1_224' title='bbox 2903 1687 3022 1741; x_wconf 73' lang='lat' dir='ltr'><strong>haec</strong></span> <span class='ocrx_word' id='word_1_225' title='bbox 3069 1687 3389 1757; x_wconf 87' lang='lat' dir='ltr'><strong>aspiciebat,</strong></span> <span class='ocrx_word' id='word_1_226' title='bbox 3434 1693 3571 1742; x_wconf 89' lang='lat' dir='ltr'><strong>atto-</strong></span> 
     </span>
    </p>
   </div>
   <div class='ocr_carea' id='block_1_33' title="bbox 235 1786 1858 1859">
    <p class='ocr_par' dir='ltr' id='par_1_33' title="bbox 235 1786 1858 1859">
     <span class='ocr_line' id='line_1_33' title="bbox 235 1786 1858 1859; baseline -0.002 -16"><span class='ocrx_word' id='word_1_227' title='bbox 235 1789 520 1844; x_wconf 78' lang='lat' dir='ltr'><strong>Moralium</strong></span> <span class='ocrx_word' id='word_1_228' title='bbox 582 1789 640 1842; x_wconf 89' lang='lat' dir='ltr'><strong>in</strong></span> <span class='ocrx_word' id='word_1_229' title='bbox 669 1788 771 1844; x_wconf 87' lang='lat' dir='ltr'><strong>Job</strong></span> <span class='ocrx_word' id='word_1_230' title='bbox 831 1788 1162 1859; x_wconf 90' lang='lat' dir='ltr'><strong>composuit,</strong></span> <span class='ocrx_word' id='word_1_231' title='bbox 1221 1796 1275 1842; x_wconf 90' lang='lat' dir='ltr'><strong>et</strong></span> <span class='ocrx_word' id='word_1_232' title='bbox 1331 1787 1536 1841; x_wconf 90' lang='lat' dir='ltr'><strong>ibidem</strong></span> <span class='ocrx_word' id='word_1_233' title='bbox 1599 1786 1858 1840; x_wconf 78' lang='lat' dir='ltr'><strong>Eutittum</strong></span> 
     </span>
    </p>
   </div>
   <div class='ocr_carea' id='block_1_34' title="bbox 242 1875 1862 1946">
    <p class='ocr_par' dir='ltr' id='par_1_34' title="bbox 242 1875 1862 1946">
     <span class='ocr_line' id='line_1_34' title="bbox 242 1875 1862 1946; baseline -0.002 -14"><span class='ocrx_word' id='word_1_234' title='bbox 242 1877 916 1946; x_wconf 84' lang='lat' dir='ltr'><strong>Constantinopolitanum</strong></span> <span class='ocrx_word' id='word_1_235' title='bbox 975 1876 1297 1946; x_wconf 86' lang='lat' dir='ltr'><strong>episcOpum</strong></span> <span class='ocrx_word' id='word_1_236' title='bbox 1352 1875 1495 1929; x_wconf 91' lang='lat' dir='ltr'><strong>male</strong></span> <span class='ocrx_word' id='word_1_237' title='bbox 1559 1875 1626 1928; x_wconf 90' lang='lat' dir='ltr'><strong>de</strong></span> <span class='ocrx_word' id='word_1_238' title='bbox 1679 1889 1862 1928; x_wconf 89' lang='lat' dir='ltr'><strong>resur-</strong></span> 
     </span>
    </p>
   </div>
   <div class='ocr_carea' id='block_1_35' title="bbox 236 1966 1857 2042">
    <p class='ocr_par' dir='ltr' id='par_1_35' title="bbox 236 1966 1857 2042">
     <span class='ocr_line' id='line_1_35' title="bbox 236 1966 1857 2042; baseline -0.002 -20"><span class='ocrx_word' id='word_1_239' title='bbox 236 1969 483 2024; x_wconf 84' lang='lat' dir='ltr'><strong>rectione</strong></span> <span class='ocrx_word' id='word_1_240' title='bbox 514 1969 1002 2042; x_wconf 87' lang='lat' dir='ltr'><strong>dogmatizantem,</strong></span> <span class='ocrx_word' id='word_1_241' title='bbox 1037 1983 1237 2038; x_wconf 92' lang='lat' dir='ltr'><strong>corpus</strong></span> <span class='ocrx_word' id='word_1_242' title='bbox 1267 1977 1515 2022; x_wconf 89' lang='lat' dir='ltr'><strong>nostrum</strong></span> <span class='ocrx_word' id='word_1_243' title='bbox 1549 1966 1605 2020; x_wconf 89' lang='lat' dir='ltr'><strong>in</strong></span> <span class='ocrx_word' id='word_1_244' title='bbox 1641 1966 1731 2020; x_wconf 90' lang='lat' dir='ltr'><strong>illa</strong></span> <span class='ocrx_word' id='word_1_245' title='bbox 1764 1983 1857 2020; x_wconf 94' lang='lat' dir='ltr'><strong>re-</strong></span> 
     </span>
    </p>
   </div>
   <div class='ocr_carea' id='block_1_36' title="bbox 235 2055 1860 2129">
    <p class='ocr_par' dir='ltr' id='par_1_36' title="bbox 235 2055 1860 2129">
     <span class='ocr_line' id='line_1_36' title="bbox 235 2055 1860 2129; baseline -0.001 -19"><span class='ocrx_word' id='word_1_246' title='bbox 235 2057 600 2112; x_wconf 90' lang='lat' dir='ltr'><strong>surrectionis</strong></span> <span class='ocrx_word' id='word_1_247' title='bbox 628 2057 806 2129; x_wconf 81' lang='lat' dir='ltr'><strong>gloria</strong></span> <span class='ocrx_word' id='word_1_248' title='bbox 832 2056 1190 2127; x_wconf 90' lang='lat' dir='ltr'><strong>impalpabile</strong></span> <span class='ocrx_word' id='word_1_249' title='bbox 1220 2056 1400 2110; x_wconf 88' lang='lat' dir='ltr'><strong>ventis</strong></span> <span class='ocrx_word' id='word_1_250' title='bbox 1417 2071 1656 2126; x_wconf 89' lang='lat' dir='ltr'><strong>aereque</strong></span> <span class='ocrx_word' id='word_1_251' title='bbox 1685 2055 1860 2126; x_wconf 90' lang='lat' dir='ltr'><strong>supti-</strong></span> 
     </span>
    </p>
   </div>
   <div class='ocr_carea' id='block_1_37' title="bbox 235 2146 1863 2218">
    <p class='ocr_par' dir='ltr' id='par_1_37' title="bbox 235 2146 1863 2218">
     <span class='ocr_line' id='line_1_37' title="bbox 235 2146 1863 2218; baseline -0.002 -16"><span class='ocrx_word' id='word_1_252' title='bbox 235 2150 346 2202; x_wconf 90' lang='lat' dir='ltr'><strong>lius</strong></span> <span class='ocrx_word' id='word_1_253' title='bbox 386 2163 512 2202; x_wconf 89' lang='lat' dir='ltr'><strong>esse</strong></span> <span class='ocrx_word' id='word_1_254' title='bbox 543 2147 806 2212; x_wconf 85' lang='lat' dir='ltr'><strong>futurum,</strong></span> <span class='ocrx_word' id='word_1_255' title='bbox 840 2148 895 2201; x_wconf 90' lang='lat' dir='ltr'><strong>in</strong></span> <span class='ocrx_word' id='word_1_256' title='bbox 946 2148 1226 2218; x_wconf 90' lang='lat' dir='ltr'><strong>presentia</strong></span> <span class='ocrx_word' id='word_1_257' title='bbox 1255 2148 1606 2218; x_wconf 88' lang='lat' dir='ltr'><strong>imperatoris</strong></span> <span class='ocrx_word' id='word_1_258' title='bbox 1658 2146 1863 2201; x_wconf 88' lang='lat' dir='ltr'><strong>Tiberii</strong></span> 
     </span>
    </p>
   </div>
   <div class='ocr_carea' id='block_1_38' title="bbox 235 2241 1864 2312">
    <p class='ocr_par' dir='ltr' id='par_1_38' title="bbox 235 2241 1864 2312">
     <span class='ocr_line' id='line_1_38' title="bbox 235 2241 1864 2312; baseline -0.002 -15"><span class='ocrx_word' id='word_1_259' title='bbox 235 2241 562 2308; x_wconf 82' lang='lat' dir='ltr'><strong>confutavit,</strong></span> <span class='ocrx_word' id='word_1_260' title='bbox 611 2249 666 2296; x_wconf 90' lang='lat' dir='ltr'><strong>et</strong></span> <span class='ocrx_word' id='word_1_261' title='bbox 697 2243 790 2296; x_wconf 92' lang='lat' dir='ltr'><strong>illo</strong></span> <span class='ocrx_word' id='word_1_262' title='bbox 849 2257 960 2296; x_wconf 90' lang='lat' dir='ltr'><strong>non</strong></span> <span class='ocrx_word' id='word_1_263' title='bbox 992 2242 1164 2298; x_wconf 91' lang='lat' dir='ltr'><strong>multo</strong></span> <span class='ocrx_word' id='word_1_264' title='bbox 1211 2249 1332 2312; x_wconf 90' lang='lat' dir='ltr'><strong>post</strong></span> <span class='ocrx_word' id='word_1_265' title='bbox 1366 2249 1584 2297; x_wconf 91' lang='lat' dir='ltr'><strong>mortuo</strong></span> <span class='ocrx_word' id='word_1_266' title='bbox 1637 2241 1864 2312; x_wconf 90' lang='lat' dir='ltr'><strong>penitus</strong></span> 
     </span>
    </p>
   </div>
   <div class='ocr_carea' id='block_1_39' title="bbox 243 2335 1865 2410">
    <p class='ocr_par' dir='ltr' id='par_1_39' title="bbox 243 2335 1865 2410">
     <span class='ocr_line' id='line_1_39' title="bbox 243 2335 1865 2410; baseline -0.001 -18"><span class='ocrx_word' id='word_1_267' title='bbox 243 2338 495 2392; x_wconf 79' lang='lat' dir='ltr'><strong>extinxit.</strong></span> <span class='ocrx_word' id='word_1_268' title='bbox 562 2337 637 2406; x_wconf 86' lang='lat' dir='ltr'><strong>(P.</strong></span> <span class='ocrx_word' id='word_1_269' title='bbox 703 2338 783 2404; x_wconf 90' lang='lat' dir='ltr'><strong>D.)</strong></span> <span class='ocrx_word' id='word_1_270' title='bbox 869 2337 1046 2391; x_wconf 90' lang='lat' dir='ltr'><strong>Duces</strong></span> <span class='ocrx_word' id='word_1_271' title='bbox 1106 2336 1585 2410; x_wconf 80' lang='lat' dir='ltr'><strong>Langobardorum</strong></span> <span class='ocrx_word' id='word_1_272' title='bbox 1664 2335 1865 2390; x_wconf 87' lang='lat' dir='ltr'><strong>Gallias</strong></span> 
     </span>
    </p>
   </div>
   <div class='ocr_carea' id='block_1_40' title="bbox 237 2423 1864 2501">
    <p class='ocr_par' dir='ltr' id='par_1_40' title="bbox 237 2423 1864 2501">
     <span class='ocr_line' id='line_1_40' title="bbox 237 2423 1864 2501; baseline -0.002 -21"><span class='ocrx_word' id='word_1_273' title='bbox 237 2427 662 2501; x_wconf 83' lang='lat' dir='ltr'><strong>aggrediuntur,</strong></span> <span class='ocrx_word' id='word_1_274' title='bbox 686 2433 740 2480; x_wconf 91' lang='lat' dir='ltr'><strong>et</strong></span> <span class='ocrx_word' id='word_1_275' title='bbox 769 2425 919 2480; x_wconf 88' lang='lat' dir='ltr'><strong>vario</strong></span> <span class='ocrx_word' id='word_1_276' title='bbox 969 2425 1209 2479; x_wconf 79' lang='lat' dir='ltr'><strong>bellandi</strong></span> <span class='ocrx_word' id='word_1_277' title='bbox 1241 2432 1440 2480; x_wconf 89' lang='lat' dir='ltr'><strong>eventu</strong></span> <span class='ocrx_word' id='word_1_278' title='bbox 1475 2440 1621 2480; x_wconf 91' lang='lat' dir='ltr'><strong>nunc</strong></span> <span class='ocrx_word' id='word_1_279' title='bbox 1651 2423 1864 2491; x_wconf 89' lang='lat' dir='ltr'><strong>Franci,</strong></span> 
     </span>
    </p>
   </div>
   <div class='ocr_carea' id='block_1_41' title="bbox 239 2514 1864 2592">
    <p class='ocr_par' dir='ltr' id='par_1_41' title="bbox 239 2514 1864 2592">
     <span class='ocr_line' id='line_1_41' title="bbox 239 2514 1864 2592; baseline -0.002 -20"><span class='ocrx_word' id='word_1_280' title='bbox 239 2534 392 2572; x_wconf 90' lang='lat' dir='ltr'><strong>nunc</strong></span> <span class='ocrx_word' id='word_1_281' title='bbox 423 2517 764 2592; x_wconf 81' lang='lat' dir='ltr'><strong>Langobardi</strong></span> <span class='ocrx_word' id='word_1_282' title='bbox 814 2517 958 2572; x_wconf 89' lang='lat' dir='ltr'><strong>inter</strong></span> <span class='ocrx_word' id='word_1_283' title='bbox 985 2533 1044 2572; x_wconf 90' lang='lat' dir='ltr'><strong>se</strong></span> <span class='ocrx_word' id='word_1_284' title='bbox 1083 2517 1441 2573; x_wconf 90' lang='lat' dir='ltr'><strong>colliduntur.</strong></span> <span class='ocrx_word' id='word_1_285' title='bbox 1483 2515 1761 2586; x_wconf 84' lang='lat' dir='ltr'><strong>Hospitius</strong></span> <span class='ocrx_word' id='word_1_286' title='bbox 1783 2514 1864 2568; x_wconf 88' lang='lat' dir='ltr'><strong>fa-</strong></span> 
     </span>
    </p>
   </div>
   <div class='ocr_carea' id='block_1_42' title="bbox 235 2608 1860 2682">
    <p class='ocr_par' dir='ltr' id='par_1_42' title="bbox 235 2608 1860 2682">
     <span class='ocr_line' id='line_1_42' title="bbox 235 2608 1860 2682; baseline -0.001 -18"><span class='ocrx_word' id='word_1_287' title='bbox 235 2610 530 2665; x_wconf 88' lang='lat' dir='ltr'><strong>mulusDei</strong></span> <span class='ocrx_word' id='word_1_288' title='bbox 555 2612 610 2664; x_wconf 90' lang='lat' dir='ltr'><strong>in</strong></span> <span class='ocrx_word' id='word_1_289' title='bbox 641 2610 811 2664; x_wconf 88' lang='lat' dir='ltr'><strong>Gallia</strong></span> <span class='ocrx_word' id='word_1_290' title='bbox 841 2610 1030 2674; x_wconf 92' lang='lat' dir='ltr'><strong>claret,</strong></span> <span class='ocrx_word' id='word_1_291' title='bbox 1061 2610 1155 2682; x_wconf 88' lang='lat' dir='ltr'><strong>qui</strong></span> <span class='ocrx_word' id='word_1_292' title='bbox 1187 2611 1354 2666; x_wconf 90' lang='lat' dir='ltr'><strong>etiam</strong></span> <span class='ocrx_word' id='word_1_293' title='bbox 1380 2608 1860 2681; x_wconf 85' lang='lat' dir='ltr'><strong>Langobardorum</strong></span> 
     </span>
    </p>
   </div>
   <div class='ocr_carea' id='block_1_43' title="bbox 239 2703 907 2774">
    <p class='ocr_par' dir='ltr' id='par_1_43' title="bbox 239 2703 907 2774">
     <span class='ocr_line' id='line_1_43' title="bbox 239 2703 907 2774; baseline 0.001 -17"><span class='ocrx_word' id='word_1_294' title='bbox 239 2703 543 2758; x_wconf 87' lang='lat' dir='ltr'><strong>adventum</strong></span> <span class='ocrx_word' id='word_1_295' title='bbox 575 2703 907 2774; x_wconf 89' lang='lat' dir='ltr'><strong>predixerat.</strong></span> 
     </span>
    </p>
   </div>
   <div class='ocr_carea' id='block_1_44' title="bbox 313 2791 1586 2848">
    <p class='ocr_par' dir='ltr' id='par_1_44' title="bbox 313 2791 1586 2848">
     <span class='ocr_line' id='line_1_44' title="bbox 313 2791 1586 2848; baseline -0.002 0"><span class='ocrx_word' id='word_1_296' title='bbox 313 2792 441 2848; x_wconf 83' lang='lat'><strong>582.</strong></span> <span class='ocrx_word' id='word_1_297' title='bbox 517 2791 572 2847; x_wconf 88' lang='grc'><strong>5.</strong></span> <span class='ocrx_word' id='word_1_298' title='bbox 651 2794 704 2846; x_wconf 87' lang='grc'><strong>8.</strong></span> <span class='ocrx_word' id='word_1_299' title='bbox 858 2793 943 2847; x_wconf 84' lang='grc'><strong>18.</strong></span> <span class='ocrx_word' id='word_1_300' title='bbox 1091 2793 1147 2848; x_wconf 93' lang='grc'>6.</span> <span class='ocrx_word' id='word_1_301' title='bbox 1293 2792 1383 2846; x_wconf 92' lang='grc'><strong>21.</strong></span> <span class='ocrx_word' id='word_1_302' title='bbox 1535 2793 1586 2848; x_wconf 86' lang='lat'><strong>7.</strong></span> 
     </span>
    </p>
   </div>
   <div class='ocr_carea' id='block_1_45' title="bbox 315 2886 1865 2960">
    <p class='ocr_par' dir='ltr' id='par_1_45' title="bbox 315 2886 1865 2960">
     <span class='ocr_line' id='line_1_45' title="bbox 315 2886 1865 2960; baseline -0.001 -19"><span class='ocrx_word' id='word_1_303' title='bbox 315 2888 504 2956; x_wconf 75' lang='lat' dir='ltr'><strong>(Gneo.</strong></span> <span class='ocrx_word' id='word_1_304' title='bbox 540 2887 696 2959; x_wconf 85' lang='lat' dir='ltr'><strong>Tun.)</strong></span> <span class='ocrx_word' id='word_1_305' title='bbox 723 2888 965 2944; x_wconf 90' lang='lat' dir='ltr'><strong>Saxones</strong></span> <span class='ocrx_word' id='word_1_306' title='bbox 996 2887 1052 2941; x_wconf 89' lang='lat' dir='ltr'><strong>in</strong></span> <span class='ocrx_word' id='word_1_307' title='bbox 1087 2886 1242 2941; x_wconf 90' lang='lat' dir='ltr'><strong>ltalia</strong></span> <span class='ocrx_word' id='word_1_308' title='bbox 1268 2903 1299 2941; x_wconf 93' lang='lat' dir='ltr'><strong>a</strong></span> <span class='ocrx_word' id='word_1_309' title='bbox 1341 2887 1714 2960; x_wconf 83' lang='lat' dir='ltr'><strong>Langobardis</strong></span> <span class='ocrx_word' id='word_1_310' title='bbox 1774 2901 1865 2941; x_wconf 87' lang='lat' dir='ltr'><strong>re-</strong></span> 
     </span>
    </p>
   </div>
   <div class='ocr_carea' id='block_1_46' title="bbox 241 2977 1868 3048">
    <p class='ocr_par' dir='ltr' id='par_1_46' title="bbox 241 2977 1868 3048">
     <span class='ocr_line' id='line_1_46' title="bbox 241 2977 1868 3048; baseline -0.001 -16"><span class='ocrx_word' id='word_1_311' title='bbox 241 2977 532 3042; x_wconf 89' lang='lat' dir='ltr'><strong>cedentes,</strong></span> <span class='ocrx_word' id='word_1_312' title='bbox 561 2985 615 3031; x_wconf 89' lang='lat' dir='ltr'><strong>et</strong></span> <span class='ocrx_word' id='word_1_313' title='bbox 647 2983 818 3031; x_wconf 87' lang='lat' dir='ltr'><strong>terras</strong></span> <span class='ocrx_word' id='word_1_314' title='bbox 846 2992 974 3031; x_wconf 90' lang='lat' dir='ltr'><strong>suas</strong></span> <span class='ocrx_word' id='word_1_315' title='bbox 1006 2977 1062 3030; x_wconf 89' lang='lat' dir='ltr'><strong>in</strong></span> <span class='ocrx_word' id='word_1_316' title='bbox 1090 2977 1378 3031; x_wconf 90' lang='lat' dir='ltr'><strong>Germania</strong></span> <span class='ocrx_word' id='word_1_317' title='bbox 1401 2984 1652 3048; x_wconf 88' lang='lat' dir='ltr'><strong>repetere</strong></span> <span class='ocrx_word' id='word_1_318' title='bbox 1687 2977 1868 3032; x_wconf 90' lang='lat' dir='ltr'><strong>niten-</strong></span> 
     </span>
    </p>
   </div>
   <div class='ocr_carea' id='block_1_47' title="bbox 236 3071 1869 3144">
    <p class='ocr_par' dir='ltr' id='par_1_47' title="bbox 236 3071 1869 3144">
     <span class='ocr_line' id='line_1_47' title="bbox 236 3071 1869 3144; baseline 0 -18"><span class='ocrx_word' id='word_1_319' title='bbox 236 3079 344 3137; x_wconf 88' lang='lat' dir='ltr'><strong>tes,</strong></span> <span class='ocrx_word' id='word_1_320' title='bbox 377 3088 408 3124; x_wconf 90' lang='lat' dir='ltr'><strong>a</strong></span> <span class='ocrx_word' id='word_1_321' title='bbox 439 3071 701 3143; x_wconf 84' lang='lat' dir='ltr'><strong>gentibus</strong></span> <span class='ocrx_word' id='word_1_322' title='bbox 744 3088 774 3126; x_wconf 92' lang='lat' dir='ltr'><strong>a</strong></span> <span class='ocrx_word' id='word_1_323' title='bbox 821 3071 1110 3144; x_wconf 88' lang='lat' dir='ltr'><strong>Sigeberto</strong></span> <span class='ocrx_word' id='word_1_324' title='bbox 1150 3072 1280 3126; x_wconf 88' lang='lat' dir='ltr'><strong>illuc</strong></span> <span class='ocrx_word' id='word_1_325' title='bbox 1313 3071 1559 3127; x_wconf 89' lang='lat' dir='ltr'><strong>inmissis</strong></span> <span class='ocrx_word' id='word_1_326' title='bbox 1594 3087 1774 3144; x_wconf 90' lang='lat' dir='ltr'><strong>usque</strong></span> <span class='ocrx_word' id='word_1_327' title='bbox 1801 3071 1869 3126; x_wconf 90' lang='lat' dir='ltr'><strong>ad</strong></span> 
     </span>
    </p>
   </div>
   <div class='ocr_carea' id='block_1_48' title="bbox 240 3161 1863 3234">
    <p class='ocr_par' dir='ltr' id='par_1_48' title="bbox 240 3161 1863 3234">
     <span class='ocr_line' id='line_1_48' title="bbox 240 3161 1863 3234; baseline 0.001 -19"><span class='ocrx_word' id='word_1_328' title='bbox 240 3163 441 3234; x_wconf 84' lang='lat' dir='ltr'><strong>viginti</strong></span> <span class='ocrx_word' id='word_1_329' title='bbox 475 3161 626 3216; x_wconf 89' lang='lat' dir='ltr'><strong>milia</strong></span> <span class='ocrx_word' id='word_1_330' title='bbox 657 3177 846 3217; x_wconf 91' lang='lat' dir='ltr'><strong>eorum</strong></span> <span class='ocrx_word' id='word_1_331' title='bbox 878 3163 1060 3227; x_wconf 69' lang='lat' dir='ltr'><strong>caesis,</strong></span> <span class='ocrx_word' id='word_1_332' title='bbox 1111 3177 1234 3217; x_wconf 89' lang='lat' dir='ltr'><strong>sero</strong></span> <span class='ocrx_word' id='word_1_333' title='bbox 1266 3163 1595 3218; x_wconf 91' lang='lat' dir='ltr'><strong>destiterunt</strong></span> <span class='ocrx_word' id='word_1_334' title='bbox 1625 3181 1655 3217; x_wconf 89' lang='lat' dir='ltr'><strong>a</strong></span> <span class='ocrx_word' id='word_1_335' title='bbox 1689 3163 1863 3217; x_wconf 86' lang='lat' dir='ltr'><strong>bellis.</strong></span> 
     </span>
    </p>
   </div>
   <div class='ocr_carea' id='block_1_49' title="bbox 244 3255 374 3324">
    <p class='ocr_par' dir='ltr' id='par_1_49' title="bbox 244 3255 374 3324">
     <span class='ocr_line' id='line_1_49' title="bbox 244 3255 374 3324; baseline -0.008 -17"><span class='ocrx_word' id='word_1_336' title='bbox 244 3255 349 3324; x_wconf 86' lang='lat' dir='ltr'><strong>(Ib.</strong></span> <span class='ocrx_word' id='word_1_337' title='bbox 359 3257 374 3322; x_wconf 83' lang='lat'>)</span> 
     </span>
    </p>
   </div>
   <div class='ocr_carea' id='block_1_50' title="bbox 246 3343 1871 3416">
    <p class='ocr_par' dir='ltr' id='par_1_50' title="bbox 246 3343 1871 3416">
     <span class='ocr_line' id='line_1_50' title="bbox 246 3343 1871 3416; baseline -0.002 -16"><span class='ocrx_word' id='word_1_338' title='bbox 246 3346 441 3400; x_wconf 88' lang='lat' dir='ltr'><strong>ctitate</strong></span> <span class='ocrx_word' id='word_1_339' title='bbox 474 3343 714 3399; x_wconf 89' lang='lat' dir='ltr'><strong>clarebat</strong></span> <span class='ocrx_word' id='word_1_340' title='bbox 745 3344 800 3398; x_wconf 91' lang='lat' dir='ltr'><strong>in</strong></span> <span class='ocrx_word' id='word_1_341' title='bbox 835 3344 1023 3398; x_wconf 90' lang='lat' dir='ltr'><strong>Gallia.</strong></span> <span class='ocrx_word' id='word_1_342' title='bbox 1083 3344 1218 3415; x_wconf 90' lang='lat' dir='ltr'><strong>Lupi</strong></span> <span class='ocrx_word' id='word_1_343' title='bbox 1260 3344 1619 3416; x_wconf 87' lang='lat' dir='ltr'><strong>Burdegalam</strong></span> <span class='ocrx_word' id='word_1_344' title='bbox 1675 3343 1871 3398; x_wconf 86' lang='lat' dir='ltr'><strong>urbem</strong></span> 
     </span>
    </p>
   </div>
   <div class='ocr_carea' id='block_1_51' title="bbox 251 3437 1878 3512">
    <p class='ocr_par' dir='ltr' id='par_1_51' title="bbox 251 3437 1878 3512">
     <span class='ocr_line' id='line_1_51' title="bbox 251 3437 1878 3512; baseline -0.001 -20"><span class='ocrx_word' id='word_1_345' title='bbox 251 3438 516 3512; x_wconf 86' lang='lat' dir='ltr'><strong>ingressi,</strong></span> <span class='ocrx_word' id='word_1_346' title='bbox 569 3437 850 3492; x_wconf 86' lang='lat' dir='ltr'><strong>neminem</strong></span> <span class='ocrx_word' id='word_1_347' title='bbox 937 3443 1267 3504; x_wconf 88' lang='lat' dir='ltr'><strong>metuentes,</strong></span> <span class='ocrx_word' id='word_1_348' title='bbox 1323 3438 1729 3494; x_wconf 89' lang='lat' dir='ltr'><strong>devoraverunt</strong></span> <span class='ocrx_word' id='word_1_349' title='bbox 1784 3453 1878 3492; x_wconf 90' lang='lat' dir='ltr'><strong>ca-</strong></span> 
     </span>
    </p>
   </div>
   <div class='ocr_carea' id='block_1_52' title="bbox 252 3535 460 3590">
    <p class='ocr_par' dir='ltr' id='par_1_52' title="bbox 252 3535 460 3590">
     <span class='ocr_line' id='line_1_52' title="bbox 252 3535 460 3590; baseline 0.01 -2"><span class='ocrx_word' id='word_1_350' title='bbox 252 3551 360 3590; x_wconf 89' lang='lat' dir='ltr'><strong>nes</strong></span> <span class='ocrx_word' id='word_1_351' title='bbox 391 3535 460 3590; x_wconf 72' lang='grc' dir='ltr'><strong>εί.</strong></span> 
     </span>
    </p>
   </div>
   <div class='ocr_carea' id='block_1_53' title="bbox 331 3625 1705 3681">
    <p class='ocr_par' dir='ltr' id='par_1_53' title="bbox 331 3625 1705 3681">
     <span class='ocr_line' id='line_1_53' title="bbox 331 3625 1705 3681; baseline -0.001 0"><span class='ocrx_word' id='word_1_352' title='bbox 331 3625 460 3681; x_wconf 88' lang='grc'>583.</span> <span class='ocrx_word' id='word_1_353' title='bbox 606 3625 660 3680; x_wconf 93' lang='grc'><strong>6.</strong></span> <span class='ocrx_word' id='word_1_354' title='bbox 810 3625 865 3681; x_wconf 89' lang='grc'>9.</span> <span class='ocrx_word' id='word_1_355' title='bbox 1017 3625 1103 3680; x_wconf 90' lang='grc'><strong>19.</strong></span> <span class='ocrx_word' id='word_1_356' title='bbox 1252 3627 1306 3680; x_wconf 85' lang='lat'><strong>7.</strong></span> <span class='ocrx_word' id='word_1_357' title='bbox 1453 3626 1544 3680; x_wconf 90' lang='lat'><strong>22.</strong></span> <span class='ocrx_word' id='word_1_358' title='bbox 1653 3626 1705 3680; x_wconf 90' lang='grc'><strong>8.</strong></span> 
     </span>
    </p>
   </div>
   <div class='ocr_carea' id='block_1_54' title="bbox 332 3717 1883 3791">
    <p class='ocr_par' dir='ltr' id='par_1_54' title="bbox 332 3717 1883 3791">
     <span class='ocr_line' id='line_1_54' title="bbox 332 3717 1883 3791; baseline -0.001 -17"><span class='ocrx_word' id='word_1_359' title='bbox 332 3723 417 3788; x_wconf 80' lang='lat' dir='ltr'><strong>(II.</strong></span> <span class='ocrx_word' id='word_1_360' title='bbox 445 3721 545 3791; x_wconf 73' lang='grc' dir='ltr'><strong>τη.)</strong></span> <span class='ocrx_word' id='word_1_361' title='bbox 586 3719 804 3774; x_wconf 87' lang='lat' dir='ltr'><strong>Tiberio</strong></span> <span class='ocrx_word' id='word_1_362' title='bbox 860 3720 1194 3790; x_wconf 87' lang='lat' dir='ltr'><strong>imperatore</strong></span> <span class='ocrx_word' id='word_1_363' title='bbox 1254 3717 1308 3771; x_wconf 91' lang='lat' dir='ltr'><strong>in</strong></span> <span class='ocrx_word' id='word_1_364' title='bbox 1348 3717 1661 3772; x_wconf 83' lang='lat' dir='ltr'><strong>Armeniam</strong></span> <span class='ocrx_word' id='word_1_365' title='bbox 1696 3717 1883 3773; x_wconf 90' lang='lat' dir='ltr'><strong>incur-</strong></span> 
     </span>
    </p>
   </div>
   <div class='ocr_carea' id='block_1_55' title="bbox 263 3811 1886 3884">
    <p class='ocr_par' dir='ltr' id='par_1_55' title="bbox 263 3811 1886 3884">
     <span class='ocr_line' id='line_1_55' title="bbox 263 3811 1886 3884; baseline -0.004 -14"><span class='ocrx_word' id='word_1_366' title='bbox 263 3823 424 3870; x_wconf 89' lang='lat' dir='ltr'><strong>rente</strong></span> <span class='ocrx_word' id='word_1_367' title='bbox 453 3823 508 3870; x_wconf 81' lang='lat' dir='ltr'><strong>et</strong></span> <span class='ocrx_word' id='word_1_368' title='bbox 537 3831 646 3869; x_wconf 93' lang='lat' dir='ltr'><strong>non</strong></span> <span class='ocrx_word' id='word_1_369' title='bbox 679 3815 851 3869; x_wconf 92' lang='lat' dir='ltr'><strong>multo</strong></span> <span class='ocrx_word' id='word_1_370' title='bbox 883 3822 1007 3884; x_wconf 91' lang='lat' dir='ltr'><strong>post</strong></span> <span class='ocrx_word' id='word_1_371' title='bbox 1055 3821 1292 3878; x_wconf 91' lang='lat' dir='ltr'><strong>mortuo,</strong></span> <span class='ocrx_word' id='word_1_372' title='bbox 1325 3811 1622 3866; x_wconf 84' lang='lat' dir='ltr'><strong>Mauricius</strong></span> <span class='ocrx_word' id='word_1_373' title='bbox 1650 3811 1886 3881; x_wconf 89' lang='lat' dir='ltr'><strong>imperat</strong></span> 
     </span>
    </p>
   </div>
   <div class='ocr_carea' id='block_1_56' title="bbox 445 3252 1872 3308">
    <p class='ocr_par' dir='ltr' id='par_1_56' title="bbox 445 3252 1872 3308">
     <span class='ocr_line' id='line_1_56' title="bbox 445 3252 1872 3308; baseline 0.002 -5"><span class='ocrx_word' id='word_1_374' title='bbox 445 3252 751 3307; x_wconf 81' lang='lat' dir='ltr'><strong>Winochus</strong></span> <span class='ocrx_word' id='word_1_375' title='bbox 793 3253 964 3307; x_wconf 89' lang='lat' dir='ltr'><strong>Britto</strong></span> <span class='ocrx_word' id='word_1_376' title='bbox 1020 3253 1254 3308; x_wconf 90' lang='lat' dir='ltr'><strong>veniens</strong></span> <span class='ocrx_word' id='word_1_377' title='bbox 1308 3252 1377 3307; x_wconf 91' lang='lat' dir='ltr'><strong>de</strong></span> <span class='ocrx_word' id='word_1_378' title='bbox 1420 3253 1700 3308; x_wconf 86' lang='lat' dir='ltr'><strong>Britannia</strong></span> <span class='ocrx_word' id='word_1_379' title='bbox 1750 3268 1872 3306; x_wconf 89' lang='lat' dir='ltr'><strong>san-</strong></span> 
     </span>
    </p>
   </div>
   <div class='ocr_carea' id='block_1_57' title="bbox 1962 1775 3574 1842">
    <p class='ocr_par' dir='ltr' id='par_1_57' title="bbox 1962 1775 3574 1842">
     <span class='ocr_line' id='line_1_57' title="bbox 1962 1775 3574 1842; baseline 0.001 -14"><span class='ocrx_word' id='word_1_380' title='bbox 1962 1775 2138 1830; x_wconf 91' lang='lat' dir='ltr'><strong>nitum</strong></span> <span class='ocrx_word' id='word_1_381' title='bbox 2171 1775 2484 1830; x_wconf 89' lang='lat' dir='ltr'><strong>consolatus</strong></span> <span class='ocrx_word' id='word_1_382' title='bbox 2522 1790 2586 1829; x_wconf 89' lang='lat' dir='ltr'><strong>ex</strong></span> <span class='ocrx_word' id='word_1_383' title='bbox 2635 1775 2942 1830; x_wconf 89' lang='lat' dir='ltr'><strong>salvatione</strong></span> <span class='ocrx_word' id='word_1_384' title='bbox 2975 1790 3087 1830; x_wconf 70' lang='lat' dir='ltr'><strong>sua:</strong></span> <span class='ocrx_word' id='word_1_385' title='bbox 3125 1775 3342 1842; x_wconf 91' lang='lat' dir='ltr'><strong>domus,</strong></span> <span class='ocrx_word' id='word_1_386' title='bbox 3365 1775 3574 1830; x_wconf 87' lang='lat' dir='ltr'><strong>disces-</strong></span> 
     </span>
    </p>
   </div>
   <div class='ocr_carea' id='block_1_58' title="bbox 1962 1864 3577 1935">
    <p class='ocr_par' dir='ltr' id='par_1_58' title="bbox 1962 1864 3577 1935">
     <span class='ocr_line' id='line_1_58' title="bbox 1962 1864 3577 1935; baseline 0.001 -17"><span class='ocrx_word' id='word_1_387' title='bbox 1962 1864 2120 1930; x_wconf 89' lang='lat' dir='ltr'><strong>sit,et</strong></span> <span class='ocrx_word' id='word_1_388' title='bbox 2149 1865 2291 1918; x_wconf 91' lang='lat' dir='ltr'><strong>ultra</strong></span> <span class='ocrx_word' id='word_1_389' title='bbox 2320 1879 2430 1918; x_wconf 92' lang='lat' dir='ltr'><strong>non</strong></span> <span class='ocrx_word' id='word_1_390' title='bbox 2453 1865 2761 1935; x_wconf 90' lang='lat' dir='ltr'><strong>comparuit</strong></span> <span class='ocrx_word' id='word_1_391' title='bbox 2807 1865 2890 1935; x_wconf 91' lang='lat' dir='ltr'><strong>(P.</strong></span> <span class='ocrx_word' id='word_1_392' title='bbox 2910 1864 2994 1934; x_wconf 90' lang='lat' dir='ltr'><strong>D.)</strong></span> <span class='ocrx_word' id='word_1_393' title='bbox 3029 1864 3398 1919; x_wconf 90' lang='lat' dir='ltr'><strong>Guntramnus</strong></span> <span class='ocrx_word' id='word_1_394' title='bbox 3416 1864 3577 1919; x_wconf 88' lang='lat' dir='ltr'><strong>Fran-</strong></span> 
     </span>
    </p>
   </div>
   <div class='ocr_carea' id='block_1_59' title="bbox 1963 1952 3575 2028">
    <p class='ocr_par' dir='ltr' id='par_1_59' title="bbox 1963 1952 3575 2028">
     <span class='ocr_line' id='line_1_59' title="bbox 1963 1952 3575 2028; baseline 0 -20"><span class='ocrx_word' id='word_1_395' title='bbox 1963 1968 2152 2008; x_wconf 92' lang='lat' dir='ltr'><strong>corum</strong></span> <span class='ocrx_word' id='word_1_396' title='bbox 2180 1969 2274 2006; x_wconf 88' lang='lat' dir='ltr'><strong>rex</strong></span> <span class='ocrx_word' id='word_1_397' title='bbox 2297 1953 2352 2006; x_wconf 90' lang='lat' dir='ltr'><strong>in</strong></span> <span class='ocrx_word' id='word_1_398' title='bbox 2378 1953 2633 2008; x_wconf 86' lang='lat' dir='ltr'><strong>venando</strong></span> <span class='ocrx_word' id='word_1_399' title='bbox 2668 1952 2867 2019; x_wconf 87' lang='lat' dir='ltr'><strong>fessus,</strong></span> <span class='ocrx_word' id='word_1_400' title='bbox 2917 1953 3047 2008; x_wconf 91' lang='lat' dir='ltr'><strong>dum</strong></span> <span class='ocrx_word' id='word_1_401' title='bbox 3075 1955 3126 2008; x_wconf 91' lang='lat' dir='ltr'><strong>in</strong></span> <span class='ocrx_word' id='word_1_402' title='bbox 3159 1954 3371 2028; x_wconf 88' lang='lat' dir='ltr'><strong>gremio</strong></span> <span class='ocrx_word' id='word_1_403' title='bbox 3400 1955 3575 2008; x_wconf 86' lang='lat' dir='ltr'><strong>armi-</strong></span> 
     </span>
    </p>
   </div>
   <div class='ocr_carea' id='block_1_60' title="bbox 1964 2041 3578 2117">
    <p class='ocr_par' dir='ltr' id='par_1_60' title="bbox 1964 2041 3578 2117">
     <span class='ocr_line' id='line_1_60' title="bbox 1964 2041 3578 2117; baseline 0.001 -22"><span class='ocrx_word' id='word_1_404' title='bbox 1964 2041 2080 2116; x_wconf 84' lang='lat' dir='ltr'><strong>geri</strong></span> <span class='ocrx_word' id='word_1_405' title='bbox 2112 2041 2198 2095; x_wconf 91' lang='lat' dir='ltr'><strong>sui</strong></span> <span class='ocrx_word' id='word_1_406' title='bbox 2250 2041 2514 2096; x_wconf 89' lang='lat' dir='ltr'><strong>dormiret</strong></span> <span class='ocrx_word' id='word_1_407' title='bbox 2536 2042 2690 2109; x_wconf 88' lang='lat' dir='ltr'><strong>juxta</strong></span> <span class='ocrx_word' id='word_1_408' title='bbox 2731 2042 2904 2096; x_wconf 92' lang='lat' dir='ltr'><strong>rivum</strong></span> <span class='ocrx_word' id='word_1_409' title='bbox 2936 2058 3113 2114; x_wconf 56' lang='lat' dir='ltr'><strong>aquae,</strong></span> <span class='ocrx_word' id='word_1_410' title='bbox 3159 2043 3296 2097; x_wconf 89' lang='lat' dir='ltr'><strong>vidit</strong></span> <span class='ocrx_word' id='word_1_411' title='bbox 3340 2043 3578 2117; x_wconf 83' lang='lat' dir='ltr'><strong>armiger</strong></span> 
     </span>
    </p>
   </div>
   <div class='ocr_carea' id='block_1_61' title="bbox 1965 2131 3575 2205">
    <p class='ocr_par' dir='ltr' id='par_1_61' title="bbox 1965 2131 3575 2205">
     <span class='ocr_line' id='line_1_61' title="bbox 1965 2131 3575 2205; baseline 0.003 -21"><span class='ocrx_word' id='word_1_412' title='bbox 1965 2131 2033 2185; x_wconf 92' lang='lat' dir='ltr'><strong>de</strong></span> <span class='ocrx_word' id='word_1_413' title='bbox 2055 2146 2150 2186; x_wconf 89' lang='lat' dir='ltr'><strong>ore</strong></span> <span class='ocrx_word' id='word_1_414' title='bbox 2183 2131 2330 2205; x_wconf 91' lang='lat' dir='ltr'><strong>regis</strong></span> <span class='ocrx_word' id='word_1_415' title='bbox 2352 2147 2579 2202; x_wconf 89' lang='lat' dir='ltr'><strong>parvum</strong></span> <span class='ocrx_word' id='word_1_416' title='bbox 2597 2131 2797 2186; x_wconf 90' lang='lat' dir='ltr'><strong>animal</strong></span> <span class='ocrx_word' id='word_1_417' title='bbox 2827 2132 2978 2186; x_wconf 90' lang='lat' dir='ltr'><strong>exire</strong></span> <span class='ocrx_word' id='word_1_418' title='bbox 3000 2151 3016 2197; x_wconf 91' lang='lat'><strong>;</strong></span> <span class='ocrx_word' id='word_1_419' title='bbox 3036 2132 3123 2187; x_wconf 92' lang='lat' dir='ltr'><strong>cui</strong></span> <span class='ocrx_word' id='word_1_420' title='bbox 3151 2133 3359 2188; x_wconf 91' lang='lat' dir='ltr'><strong>volenti</strong></span> <span class='ocrx_word' id='word_1_421' title='bbox 3399 2133 3575 2189; x_wconf 91' lang='lat' dir='ltr'><strong>rivum</strong></span> 
     </span>
    </p>
   </div>
   <div class='ocr_carea' id='block_1_62' title="bbox 1966 2223 3576 2298">
    <p class='ocr_par' dir='ltr' id='par_1_62' title="bbox 1966 2223 3576 2298">
     <span class='ocr_line' id='line_1_62' title="bbox 1966 2223 3576 2298; baseline 0 -20"><span class='ocrx_word' id='word_1_422' title='bbox 1966 2225 2197 2279; x_wconf 87' lang='lat' dir='ltr'><strong>transire</strong></span> <span class='ocrx_word' id='word_1_423' title='bbox 2237 2241 2340 2279; x_wconf 90' lang='lat' dir='ltr'><strong>nec</strong></span> <span class='ocrx_word' id='word_1_424' title='bbox 2384 2224 2616 2291; x_wconf 84' lang='lat' dir='ltr'><strong>valenti,</strong></span> <span class='ocrx_word' id='word_1_425' title='bbox 2665 2223 2931 2298; x_wconf 84' lang='lat' dir='ltr'><strong>armiger,</strong></span> <span class='ocrx_word' id='word_1_426' title='bbox 2980 2223 3167 2298; x_wconf 87' lang='lat' dir='ltr'><strong>gladio</strong></span> <span class='ocrx_word' id='word_1_427' title='bbox 3215 2233 3363 2278; x_wconf 91' lang='lat' dir='ltr'><strong>trans</strong></span> <span class='ocrx_word' id='word_1_428' title='bbox 3400 2224 3576 2280; x_wconf 88' lang='lat' dir='ltr'><strong>rivum</strong></span> 
     </span>
    </p>
   </div>
   <div class='ocr_carea' id='block_1_63' title="bbox 1966 2316 3581 2390">
    <p class='ocr_par' dir='ltr' id='par_1_63' title="bbox 1966 2316 3581 2390">
     <span class='ocr_line' id='line_1_63' title="bbox 1966 2316 3581 2390; baseline -0.002 -16"><span class='ocrx_word' id='word_1_429' title='bbox 1966 2319 2144 2390; x_wconf 89' lang='lat' dir='ltr'><strong>posito</strong></span> <span class='ocrx_word' id='word_1_430' title='bbox 2177 2318 2319 2372; x_wconf 90' lang='lat' dir='ltr'><strong>viam</strong></span> <span class='ocrx_word' id='word_1_431' title='bbox 2352 2317 2404 2372; x_wconf 91' lang='lat' dir='ltr'><strong>ei</strong></span> <span class='ocrx_word' id='word_1_432' title='bbox 2447 2316 2616 2372; x_wconf 88' lang='lat' dir='ltr'><strong>eundi</strong></span> <span class='ocrx_word' id='word_1_433' title='bbox 2648 2324 2703 2371; x_wconf 92' lang='lat' dir='ltr'><strong>et</strong></span> <span class='ocrx_word' id='word_1_434' title='bbox 2746 2316 3014 2372; x_wconf 86' lang='lat' dir='ltr'><strong>redeundi</strong></span> <span class='ocrx_word' id='word_1_435' title='bbox 3046 2316 3279 2387; x_wconf 80' lang='lat' dir='ltr'><strong>paravit.</strong></span> <span class='ocrx_word' id='word_1_436' title='bbox 3327 2317 3442 2382; x_wconf 85' lang='lat' dir='ltr'><strong>Quo</strong></span> <span class='ocrx_word' id='word_1_437' title='bbox 3475 2317 3581 2371; x_wconf 87' lang='lat' dir='ltr'><strong>ite-</strong></span> 
     </span>
    </p>
   </div>
   <div class='ocr_carea' id='block_1_64' title="bbox 1967 2410 3580 2482">
    <p class='ocr_par' dir='ltr' id='par_1_64' title="bbox 1967 2410 3580 2482">
     <span class='ocr_line' id='line_1_64' title="bbox 1967 2410 3580 2482; baseline -0.001 -16"><span class='ocrx_word' id='word_1_438' title='bbox 1967 2429 2086 2467; x_wconf 92' lang='lat' dir='ltr'><strong>rum</strong></span> <span class='ocrx_word' id='word_1_439' title='bbox 2119 2412 2174 2466; x_wconf 92' lang='lat' dir='ltr'><strong>in</strong></span> <span class='ocrx_word' id='word_1_440' title='bbox 2224 2427 2286 2466; x_wconf 92' lang='lat' dir='ltr'><strong>os</strong></span> <span class='ocrx_word' id='word_1_441' title='bbox 2313 2412 2434 2480; x_wconf 89' lang='lat' dir='ltr'><strong>ejus</strong></span> <span class='ocrx_word' id='word_1_442' title='bbox 2474 2410 2730 2476; x_wconf 89' lang='lat' dir='ltr'><strong>intrante,</strong></span> <span class='ocrx_word' id='word_1_443' title='bbox 2785 2427 2879 2465; x_wconf 90' lang='lat' dir='ltr'><strong>rex</strong></span> <span class='ocrx_word' id='word_1_444' title='bbox 2905 2417 3259 2480; x_wconf 87' lang='lat' dir='ltr'><strong>experrectus</strong></span> <span class='ocrx_word' id='word_1_445' title='bbox 3305 2419 3361 2465; x_wconf 90' lang='lat' dir='ltr'><strong>et</strong></span> <span class='ocrx_word' id='word_1_446' title='bbox 3387 2417 3580 2482; x_wconf 89' lang='lat' dir='ltr'><strong>stupe—</strong></span> 
     </span>
    </p>
   </div>
   <div class='ocr_carea' id='block_1_65' title="bbox 1965 2501 3579 2573">
    <p class='ocr_par' dir='ltr' id='par_1_65' title="bbox 1965 2501 3579 2573">
     <span class='ocr_line' id='line_1_65' title="bbox 1965 2501 3579 2573; baseline -0.002 -14"><span class='ocrx_word' id='word_1_447' title='bbox 1965 2504 2139 2559; x_wconf 85' lang='lat' dir='ltr'><strong>factus</strong></span> <span class='ocrx_word' id='word_1_448' title='bbox 2181 2502 2338 2567; x_wconf 89' lang='lat' dir='ltr'><strong>dixit,</strong></span> <span class='ocrx_word' id='word_1_449' title='bbox 2369 2519 2429 2556; x_wconf 88' lang='lat' dir='ltr'><strong>se</strong></span> <span class='ocrx_word' id='word_1_450' title='bbox 2461 2517 2563 2573; x_wconf 90' lang='lat' dir='ltr'><strong>per</strong></span> <span class='ocrx_word' id='word_1_451' title='bbox 2599 2502 2876 2557; x_wconf 91' lang='lat' dir='ltr'><strong>somnium</strong></span> <span class='ocrx_word' id='word_1_452' title='bbox 2909 2517 3008 2572; x_wconf 87' lang='lat' dir='ltr'><strong>per</strong></span> <span class='ocrx_word' id='word_1_453' title='bbox 3056 2511 3280 2573; x_wconf 92' lang='lat' dir='ltr'><strong>pontem</strong></span> <span class='ocrx_word' id='word_1_454' title='bbox 3340 2501 3579 2557; x_wconf 90' lang='lat' dir='ltr'><strong>ferreum</strong></span> 
     </span>
    </p>
   </div>
   <div class='ocr_carea' id='block_1_66' title="bbox 1963 2592 3582 2663">
    <p class='ocr_par' dir='ltr' id='par_1_66' title="bbox 1963 2592 3582 2663">
     <span class='ocr_line' id='line_1_66' title="bbox 1963 2592 3582 2663; baseline 0.002 -16"><span class='ocrx_word' id='word_1_455' title='bbox 1963 2593 2246 2659; x_wconf 88' lang='lat' dir='ltr'><strong>transisse,</strong></span> <span class='ocrx_word' id='word_1_456' title='bbox 2280 2599 2334 2647; x_wconf 89' lang='lat' dir='ltr'><strong>et</strong></span> <span class='ocrx_word' id='word_1_457' title='bbox 2371 2592 2473 2646; x_wconf 82' lang='lat' dir='ltr'><strong>sub</strong></span> <span class='ocrx_word' id='word_1_458' title='bbox 2528 2602 2714 2647; x_wconf 91' lang='lat' dir='ltr'><strong>monte</strong></span> <span class='ocrx_word' id='word_1_459' title='bbox 2769 2592 3010 2663; x_wconf 90' lang='lat' dir='ltr'><strong>quodam</strong></span> <span class='ocrx_word' id='word_1_460' title='bbox 3050 2594 3250 2648; x_wconf 89' lang='lat' dir='ltr'><strong>multos</strong></span> <span class='ocrx_word' id='word_1_461' title='bbox 3293 2594 3582 2650; x_wconf 89' lang='lat' dir='ltr'><strong>thesauros</strong></span> 
     </span>
    </p>
   </div>
   <div class='ocr_carea' id='block_1_67' title="bbox 1964 2685 3582 2755">
    <p class='ocr_par' dir='ltr' id='par_1_67' title="bbox 1964 2685 3582 2755">
     <span class='ocr_line' id='line_1_67' title="bbox 1964 2685 3582 2755; baseline 0.002 -17"><span class='ocrx_word' id='word_1_462' title='bbox 1964 2685 2188 2739; x_wconf 89' lang='lat' dir='ltr'><strong>vidisse.</strong></span> <span class='ocrx_word' id='word_1_463' title='bbox 2238 2685 2334 2739; x_wconf 91' lang='lat' dir='ltr'><strong>Ubi</strong></span> <span class='ocrx_word' id='word_1_464' title='bbox 2367 2701 2490 2740; x_wconf 90' lang='lat' dir='ltr'><strong>cum</strong></span> <span class='ocrx_word' id='word_1_465' title='bbox 2524 2685 2854 2755; x_wconf 89' lang='lat' dir='ltr'><strong>perrexisset</strong></span> <span class='ocrx_word' id='word_1_466' title='bbox 2899 2686 3206 2741; x_wconf 91' lang='lat' dir='ltr'><strong>secundum</strong></span> <span class='ocrx_word' id='word_1_467' title='bbox 3235 2685 3400 2741; x_wconf 80' lang='lat' dir='ltr'><strong>fidem</strong></span> <span class='ocrx_word' id='word_1_468' title='bbox 3429 2702 3582 2742; x_wconf 82' lang='lat' dir='ltr'><strong>som-</strong></span> 
     </span>
    </p>
   </div>
   <div class='ocr_carea' id='block_1_68' title="bbox 1967 2773 3585 2846">
    <p class='ocr_par' dir='ltr' id='par_1_68' title="bbox 1967 2773 3585 2846">
     <span class='ocr_line' id='line_1_68' title="bbox 1967 2773 3585 2846; baseline 0.002 -19"><span class='ocrx_word' id='word_1_469' title='bbox 1967 2773 2067 2840; x_wconf 88' lang='lat' dir='ltr'><strong>nii,</strong></span> <span class='ocrx_word' id='word_1_470' title='bbox 2092 2775 2378 2829; x_wconf 87' lang='lat' dir='ltr'><strong>thesauros</strong></span> <span class='ocrx_word' id='word_1_471' title='bbox 2412 2789 2645 2844; x_wconf 83' lang='lat' dir='ltr'><strong>magnos</strong></span> <span class='ocrx_word' id='word_1_472' title='bbox 2674 2773 2905 2840; x_wconf 91' lang='lat' dir='ltr'><strong>invenit,</strong></span> <span class='ocrx_word' id='word_1_473' title='bbox 2939 2790 3146 2846; x_wconf 90' lang='lat' dir='ltr'><strong>eosque</strong></span> <span class='ocrx_word' id='word_1_474' title='bbox 3173 2785 3430 2846; x_wconf 88' lang='lat' dir='ltr'><strong>acceptos</strong></span> <span class='ocrx_word' id='word_1_475' title='bbox 3456 2791 3585 2830; x_wconf 90' lang='lat' dir='ltr'><strong>san-</strong></span> 
     </span>
    </p>
   </div>
   <div class='ocr_carea' id='block_1_69' title="bbox 1967 2862 2968 2934">
    <p class='ocr_par' dir='ltr' id='par_1_69' title="bbox 1967 2862 2968 2934">
     <span class='ocr_line' id='line_1_69' title="bbox 1967 2862 2968 2934; baseline 0.003 -17"><span class='ocrx_word' id='word_1_476' title='bbox 1967 2872 2069 2918; x_wconf 67' lang='lat' dir='ltr'><strong>cta:</strong></span> <span class='ocrx_word' id='word_1_477' title='bbox 2099 2863 2364 2918; x_wconf 56' lang='lat' dir='ltr'><strong>ecclesiae</strong></span> <span class='ocrx_word' id='word_1_478' title='bbox 2387 2863 2578 2918; x_wconf 90' lang='lat' dir='ltr'><strong>usibus</strong></span> <span class='ocrx_word' id='word_1_479' title='bbox 2605 2862 2880 2934; x_wconf 86' lang='lat' dir='ltr'><strong>delegavit</strong></span> <span class='ocrx_word' id='word_1_480' title='bbox 2904 2863 2968 2920; x_wconf 81' lang='grc'><strong>⁸³.</strong></span> 
     </span>
    </p>
   </div>
   <div class='ocr_carea' id='block_1_70' title="bbox 2043 2973 3378 3043">
    <p class='ocr_par' dir='ltr' id='par_1_70' title="bbox 2043 2973 3378 3043">
     <span class='ocr_line' id='line_1_70' title="bbox 2043 2973 3378 3043; baseline 0.002 -14"><span class='ocrx_word' id='word_1_481' title='bbox 2043 2973 2167 3029; x_wconf 85' lang='grc'>586.</span> <span class='ocrx_word' id='word_1_482' title='bbox 2314 2975 2367 3029; x_wconf 88' lang='grc'>3.</span> <span class='ocrx_word' id='word_1_483' title='bbox 2483 2975 2571 3028; x_wconf 86' lang='grc'><strong>12.</strong></span> <span class='ocrx_word' id='word_1_484' title='bbox 2683 2975 2772 3029; x_wconf 89' lang='grc'><strong>22.</strong></span> <span class='ocrx_word' id='word_1_485' title='bbox 2885 2974 2977 3031; x_wconf 80' lang='grc'><strong>10.</strong></span> <span class='ocrx_word' id='word_1_486' title='bbox 3086 2975 3178 3043; x_wconf 81' lang='grc'>25,</span> <span class='ocrx_word' id='word_1_487' title='bbox 3293 2978 3378 3032; x_wconf 81' lang='lat' dir='ltr'><strong>II.</strong></span> 
     </span>
    </p>
   </div>
   <div class='ocr_carea' id='block_1_71' title="bbox 2044 3063 3588 3140">
    <p class='ocr_par' dir='ltr' id='par_1_71' title="bbox 2044 3063 3588 3140">
     <span class='ocr_line' id='line_1_71' title="bbox 2044 3063 3588 3140; baseline 0.003 -22"><span class='ocrx_word' id='word_1_488' title='bbox 2044 3066 2123 3133; x_wconf 83' lang='lat' dir='ltr'><strong>(P.</strong></span> <span class='ocrx_word' id='word_1_489' title='bbox 2159 3064 2245 3133; x_wconf 89' lang='lat' dir='ltr'><strong>D.)</strong></span> <span class='ocrx_word' id='word_1_490' title='bbox 2282 3063 2624 3138; x_wconf 87' lang='lat' dir='ltr'><strong>Langobardi</strong></span> <span class='ocrx_word' id='word_1_491' title='bbox 2679 3064 2931 3119; x_wconf 86' lang='lat' dir='ltr'><strong>Aucthari</strong></span> <span class='ocrx_word' id='word_1_492' title='bbox 2987 3079 3170 3140; x_wconf 89' lang='lat' dir='ltr'><strong>regem</strong></span> <span class='ocrx_word' id='word_1_493' title='bbox 3227 3065 3332 3120; x_wconf 91' lang='lat' dir='ltr'><strong>sibi</strong></span> <span class='ocrx_word' id='word_1_494' title='bbox 3386 3073 3588 3122; x_wconf 80' lang='lat' dir='ltr'><strong>statue-</strong></span> 
     </span>
    </p>
   </div>
   <div class='ocr_carea' id='block_1_72' title="bbox 1973 3153 3582 3226">
    <p class='ocr_par' dir='ltr' id='par_1_72' title="bbox 1973 3153 3582 3226">
     <span class='ocr_line' id='line_1_72' title="bbox 1973 3153 3582 3226; baseline -0.001 -15"><span class='ocrx_word' id='word_1_495' title='bbox 1973 3161 2122 3219; x_wconf 88' lang='lat' dir='ltr'><strong>runt,</strong></span> <span class='ocrx_word' id='word_1_496' title='bbox 2143 3169 2383 3224; x_wconf 90' lang='lat' dir='ltr'><strong>eumque</strong></span> <span class='ocrx_word' id='word_1_497' title='bbox 2415 3153 2486 3208; x_wconf 94' lang='lat' dir='ltr'><strong>ob</strong></span> <span class='ocrx_word' id='word_1_498' title='bbox 2515 3153 2837 3226; x_wconf 89' lang='lat' dir='ltr'><strong>dignitatem</strong></span> <span class='ocrx_word' id='word_1_499' title='bbox 2872 3153 3112 3209; x_wconf 83' lang='lat' dir='ltr'><strong>Flavium</strong></span> <span class='ocrx_word' id='word_1_500' title='bbox 3134 3154 3582 3226; x_wconf 89' lang='lat' dir='ltr'><strong>appellaverunt,</strong></span> 
     </span>
    </p>
   </div>
   <div class='ocr_carea' id='block_1_73' title="bbox 1971 3241 3590 3317">
    <p class='ocr_par' dir='ltr' id='par_1_73' title="bbox 1971 3241 3590 3317">
     <span class='ocr_line' id='line_1_73' title="bbox 1971 3241 3590 3317; baseline 0.002 -21"><span class='ocrx_word' id='word_1_501' title='bbox 1971 3257 2002 3296; x_wconf 90' lang='lat' dir='ltr'><strong>a</strong></span> <span class='ocrx_word' id='word_1_502' title='bbox 2053 3255 2162 3312; x_wconf 92' lang='lat' dir='ltr'><strong>quo</strong></span> <span class='ocrx_word' id='word_1_503' title='bbox 2228 3256 2421 3296; x_wconf 91' lang='lat' dir='ltr'><strong>omnes</strong></span> <span class='ocrx_word' id='word_1_504' title='bbox 2470 3241 2957 3316; x_wconf 89' lang='lat' dir='ltr'><strong>Langobardorum</strong></span> <span class='ocrx_word' id='word_1_505' title='bbox 3025 3258 3184 3317; x_wconf 87' lang='lat' dir='ltr'><strong>reges</strong></span> <span class='ocrx_word' id='word_1_506' title='bbox 3240 3243 3408 3299; x_wconf 87' lang='lat' dir='ltr'><strong>Flavii</strong></span> <span class='ocrx_word' id='word_1_507' title='bbox 3458 3253 3590 3299; x_wconf 90' lang='lat' dir='ltr'><strong>sunt</strong></span> 
     </span>
    </p>
   </div>
   <div class='ocr_carea' id='block_1_74' title="bbox 1976 3329 3590 3406">
    <p class='ocr_par' dir='ltr' id='par_1_74' title="bbox 1976 3329 3590 3406">
     <span class='ocr_line' id='line_1_74' title="bbox 1976 3329 3590 3406; baseline 0.002 -21"><span class='ocrx_word' id='word_1_508' title='bbox 1976 3329 2240 3402; x_wconf 89' lang='lat' dir='ltr'><strong>appellati</strong></span> <span class='ocrx_word' id='word_1_509' title='bbox 2315 3331 2524 3401; x_wconf 67' lang='grc' dir='ltr'><strong>(Ρκευ.)</strong></span> <span class='ocrx_word' id='word_1_510' title='bbox 2584 3330 2899 3404; x_wconf 88' lang='lat' dir='ltr'><strong>Levigildus</strong></span> <span class='ocrx_word' id='word_1_511' title='bbox 2983 3347 3077 3386; x_wconf 88' lang='lat' dir='ltr'><strong>rex</strong></span> <span class='ocrx_word' id='word_1_512' title='bbox 3154 3332 3590 3406; x_wconf 86' lang='lat' dir='ltr'><strong>Wisigothorum</strong></span> 
     </span>
    </p>
   </div>
   <div class='ocr_carea' id='block_1_75' title="bbox 1979 3420 3590 3494">
    <p class='ocr_par' dir='ltr' id='par_1_75' title="bbox 1979 3420 3590 3494">
     <span class='ocr_line' id='line_1_75' title="bbox 1979 3420 3590 3494; baseline 0.003 -19"><span class='ocrx_word' id='word_1_513' title='bbox 1979 3421 2153 3476; x_wconf 81' lang='lat' dir='ltr'><strong>filium</strong></span> <span class='ocrx_word' id='word_1_514' title='bbox 2175 3437 2334 3475; x_wconf 91' lang='lat' dir='ltr'><strong>suum</strong></span> <span class='ocrx_word' id='word_1_515' title='bbox 2356 3420 2775 3494; x_wconf 85' lang='lat' dir='ltr'><strong>Erminigildum</strong></span> <span class='ocrx_word' id='word_1_516' title='bbox 2796 3421 2977 3476; x_wconf 88' lang='lat' dir='ltr'><strong>hostili</strong></span> <span class='ocrx_word' id='word_1_517' title='bbox 3004 3437 3350 3494; x_wconf 90' lang='lat' dir='ltr'><strong>persequens</strong></span> <span class='ocrx_word' id='word_1_518' title='bbox 3380 3425 3590 3492; x_wconf 89' lang='lat' dir='ltr'><strong>animo,</strong></span> 
     </span>
    </p>
   </div>
   <div class='ocr_carea' id='block_1_76' title="bbox 1981 3513 3594 3586">
    <p class='ocr_par' dir='ltr' id='par_1_76' title="bbox 1981 3513 3594 3586">
     <span class='ocr_line' id='line_1_76' title="bbox 1981 3513 3594 3586; baseline 0.002 -16"><span class='ocrx_word' id='word_1_519' title='bbox 1981 3531 2107 3570; x_wconf 89' lang='lat' dir='ltr'><strong>eum</strong></span> <span class='ocrx_word' id='word_1_520' title='bbox 2147 3514 2372 3569; x_wconf 87' lang='lat' dir='ltr'><strong>damnat</strong></span> <span class='ocrx_word' id='word_1_521' title='bbox 2409 3513 2598 3570; x_wconf 91' lang='lat' dir='ltr'><strong>exilio.</strong></span> <span class='ocrx_word' id='word_1_522' title='bbox 2641 3514 2818 3585; x_wconf 81' lang='lat' dir='ltr'><strong>(Ibid.)</strong></span> <span class='ocrx_word' id='word_1_523' title='bbox 2843 3515 2954 3570; x_wconf 82' lang='lat' dir='ltr'><strong>Hoc</strong></span> <span class='ocrx_word' id='word_1_524' title='bbox 2981 3523 3230 3586; x_wconf 91' lang='lat' dir='ltr'><strong>tempore</strong></span> <span class='ocrx_word' id='word_1_525' title='bbox 3263 3517 3431 3572; x_wconf 89' lang='lat' dir='ltr'><strong>etiam</strong></span> <span class='ocrx_word' id='word_1_526' title='bbox 3461 3518 3594 3574; x_wconf 80' lang='lat' dir='ltr'><strong>Miro</strong></span> 
     </span>
    </p>
   </div>
   <div class='ocr_carea' id='block_1_77' title="bbox 1983 3605 2628 3662">
    <p class='ocr_par' dir='ltr' id='par_1_77' title="bbox 1983 3605 2628 3662">
     <span class='ocr_line' id='line_1_77' title="bbox 1983 3605 2628 3662; baseline -0.002 -2"><span class='ocrx_word' id='word_1_527' title='bbox 1983 3623 2078 3662; x_wconf 90' lang='lat' dir='ltr'><strong>rex</strong></span> <span class='ocrx_word' id='word_1_528' title='bbox 2106 3605 2344 3660; x_wconf 65' lang='lat' dir='ltr'><strong>Gallicis:</strong></span> <span class='ocrx_word' id='word_1_529' title='bbox 2375 3605 2628 3660; x_wconf 91' lang='lat' dir='ltr'><strong>moritur.</strong></span> 
     </span>
    </p>
   </div>
   <div class='ocr_carea' id='block_1_78' title="bbox 2053 3718 3344 3777">
    <p class='ocr_par' dir='ltr' id='par_1_78' title="bbox 2053 3718 3344 3777">
     <span class='ocr_line' id='line_1_78' title="bbox 2053 3718 3344 3777; baseline -0.001 -1"><span class='ocrx_word' id='word_1_530' title='bbox 2053 3719 2178 3776; x_wconf 86' lang='lat'><strong>587.</strong></span> <span class='ocrx_word' id='word_1_531' title='bbox 2324 3718 2377 3774; x_wconf 71' lang='grc'>4.</span> <span class='ocrx_word' id='word_1_532' title='bbox 2492 3719 2578 3775; x_wconf 87' lang='grc'>13.</span> <span class='ocrx_word' id='word_1_533' title='bbox 2687 3718 2780 3774; x_wconf 87' lang='grc'>23.</span> <span class='ocrx_word' id='word_1_534' title='bbox 2894 3721 2943 3776; x_wconf 88' lang='grc'><strong>1.</strong></span> <span class='ocrx_word' id='word_1_535' title='bbox 3053 3719 3144 3775; x_wconf 86' lang='grc'><strong>26.</strong></span> <span class='ocrx_word' id='word_1_536' title='bbox 3261 3721 3344 3777; x_wconf 89' lang='grc'><strong>12.</strong></span> 
     </span>
    </p>
   </div>
   <div class='ocr_carea' id='block_1_79' title="bbox 2059 3821 3603 3893">
    <p class='ocr_par' dir='ltr' id='par_1_79' title="bbox 2059 3821 3603 3893">
     <span class='ocr_line' id='line_1_79' title="bbox 2059 3821 3603 3893; baseline 0.002 -15"><span class='ocrx_word' id='word_1_537' title='bbox 2059 3823 2136 3892; x_wconf 90' lang='lat' dir='ltr'><strong>(G.</strong></span> <span class='ocrx_word' id='word_1_538' title='bbox 2177 3839 2224 3877; x_wconf 88' lang='lat' dir='ltr'><strong>r.</strong></span> <span class='ocrx_word' id='word_1_539' title='bbox 2269 3823 2350 3892; x_wconf 71' lang='grc' dir='ltr'>ἶν’.)</span> <span class='ocrx_word' id='word_1_540' title='bbox 2407 3821 2748 3893; x_wconf 89' lang='lat' dir='ltr'><strong>Chilpericus</strong></span> <span class='ocrx_word' id='word_1_541' title='bbox 2797 3838 2888 3878; x_wconf 89' lang='lat' dir='ltr'><strong>rex</strong></span> <span class='ocrx_word' id='word_1_542' title='bbox 2954 3822 3285 3879; x_wconf 88' lang='lat' dir='ltr'><strong>Francorum</strong></span> <span class='ocrx_word' id='word_1_543' title='bbox 3352 3823 3603 3881; x_wconf 89' lang='lat' dir='ltr'><strong>immissu</strong></span> 
     </span>
    </p>
   </div>
   <div class='ocr_carea' id='block_1_80' title="bbox 263 3904 3606 3984">
    <p class='ocr_par' dir='ltr' id='par_1_80' title="bbox 263 3904 3606 3984">
     <span class='ocr_line' id='line_1_80' title="bbox 263 3904 3606 3984; baseline 0.003 -27"><span class='ocrx_word' id='word_1_544' title='bbox 263 3909 432 3964; x_wconf 85' lang='lat' dir='ltr'><strong>annis</strong></span> <span class='ocrx_word' id='word_1_545' title='bbox 458 3910 547 3963; x_wconf 78' lang='grc'><strong>21.</strong></span> <span class='ocrx_word' id='word_1_546' title='bbox 583 3909 668 3978; x_wconf 81' lang='grc' dir='ltr'><strong>(Ρ,</strong></span> <span class='ocrx_word' id='word_1_547' title='bbox 693 3909 780 3977; x_wconf 84' lang='lat' dir='ltr'><strong>D.)</strong></span> <span class='ocrx_word' id='word_1_548' title='bbox 823 3907 1236 3980; x_wconf 82' lang='lat' dir='ltr'><strong>Erminigildus,</strong></span> <span class='ocrx_word' id='word_1_549' title='bbox 1290 3905 1550 3976; x_wconf 85' lang='lat' dir='ltr'><strong>Levigildi</strong></span> <span class='ocrx_word' id='word_1_550' title='bbox 1585 3905 1730 3980; x_wconf 85' lang='lat' dir='ltr'><strong>regis</strong></span> <span class='ocrx_word' id='word_1_551' title='bbox 1769 3904 1887 3958; x_wconf 85' lang='lat' dir='ltr'><strong>Wi-</strong></span> <span class='ocrx_word' id='word_1_552' title='bbox 1989 3910 2177 3966; x_wconf 86' lang='lat' dir='ltr'><strong>uxoris</strong></span> <span class='ocrx_word' id='word_1_553' title='bbox 2213 3926 2326 3965; x_wconf 65' lang='lat' dir='ltr'><strong>suae</strong></span> <span class='ocrx_word' id='word_1_554' title='bbox 2367 3911 2744 3984; x_wconf 83' lang='lat' dir='ltr'><strong>Fredegundis</strong></span> <span class='ocrx_word' id='word_1_555' title='bbox 2796 3910 3106 3982; x_wconf 89' lang='lat' dir='ltr'><strong>perimitur.</strong></span> <span class='ocrx_word' id='word_1_556' title='bbox 3142 3911 3430 3968; x_wconf 87' lang='lat' dir='ltr'><strong>Lotharius</strong></span> <span class='ocrx_word' id='word_1_557' title='bbox 3460 3910 3606 3968; x_wconf 84' lang='lat' dir='ltr'><strong>ﬁlius</strong></span> 
     </span>
    </p>
   </div>
   <div class='ocr_carea' id='block_1_81' title="bbox 271 3996 1888 4072">
    <p class='ocr_par' dir='ltr' id='par_1_81' title="bbox 271 3996 1888 4072">
     <span class='ocr_line' id='line_1_81' title="bbox 271 3996 1888 4072; baseline -0.003 -18"><span class='ocrx_word' id='word_1_558' title='bbox 271 4000 623 4072; x_wconf 83' lang='lat' dir='ltr'><strong>sigothorum</strong></span> <span class='ocrx_word' id='word_1_559' title='bbox 683 3997 850 4065; x_wconf 81' lang='lat' dir='ltr'><strong>filius,</strong></span> <span class='ocrx_word' id='word_1_560' title='bbox 910 3998 1077 4052; x_wconf 79' lang='lat' dir='ltr'><strong>tiliam</strong></span> <span class='ocrx_word' id='word_1_561' title='bbox 1147 3997 1409 4068; x_wconf 81' lang='lat' dir='ltr'><strong>Sigiberti</strong></span> <span class='ocrx_word' id='word_1_562' title='bbox 1466 3996 1614 4068; x_wconf 89' lang='lat' dir='ltr'><strong>regis</strong></span> <span class='ocrx_word' id='word_1_563' title='bbox 1662 4011 1888 4050; x_wconf 91' lang='lat' dir='ltr'><strong>uxorem</strong></span> 
     </span>
    </p>
   </div>
   <div class='ocr_carea' id='block_1_82' title="bbox 273 4089 1891 4162">
    <p class='ocr_par' dir='ltr' id='par_1_82' title="bbox 273 4089 1891 4162">
     <span class='ocr_line' id='line_1_82' title="bbox 273 4089 1891 4162; baseline -0.002 -16"><span class='ocrx_word' id='word_1_564' title='bbox 273 4093 456 4154; x_wconf 84' lang='lat' dir='ltr'><strong>duxit,</strong></span> <span class='ocrx_word' id='word_1_565' title='bbox 513 4107 614 4162; x_wconf 90' lang='lat' dir='ltr'><strong>per</strong></span> <span class='ocrx_word' id='word_1_566' title='bbox 701 4107 864 4162; x_wconf 90' lang='lat' dir='ltr'><strong>quam</strong></span> <span class='ocrx_word' id='word_1_567' title='bbox 925 4091 1282 4146; x_wconf 88' lang='lat' dir='ltr'><strong>orthodoxam</strong></span> <span class='ocrx_word' id='word_1_568' title='bbox 1351 4089 1517 4144; x_wconf 83' lang='lat' dir='ltr'><strong>fidem</strong></span> <span class='ocrx_word' id='word_1_569' title='bbox 1574 4104 1891 4153; x_wconf 74' lang='lat' dir='ltr'><strong>conversus,</strong></span> 
     </span>
    </p>
   </div>
   <div class='ocr_carea' id='block_1_83' title="bbox 275 4175 1902 4250">
    <p class='ocr_par' dir='ltr' id='par_1_83' title="bbox 275 4175 1902 4250">
     <span class='ocr_line' id='line_1_83' title="bbox 275 4175 1902 4250; baseline -0.004 -16"><span class='ocrx_word' id='word_1_570' title='bbox 275 4181 417 4234; x_wconf 88' lang='lat' dir='ltr'><strong>iram</strong></span> <span class='ocrx_word' id='word_1_571' title='bbox 481 4180 652 4250; x_wconf 88' lang='lat' dir='ltr'><strong>patris</strong></span> <span class='ocrx_word' id='word_1_572' title='bbox 700 4180 786 4234; x_wconf 90' lang='lat' dir='ltr'><strong>sui</strong></span> <span class='ocrx_word' id='word_1_573' title='bbox 846 4178 1108 4248; x_wconf 75' lang='lat' dir='ltr'><strong>Levigildi</strong></span> <span class='ocrx_word' id='word_1_574' title='bbox 1159 4178 1340 4232; x_wconf 81' lang='lat' dir='ltr'><strong>Ariani</strong></span> <span class='ocrx_word' id='word_1_575' title='bbox 1386 4175 1902 4246; x_wconf 89' lang='lat' dir='ltr'><strong>inrecuperabiliter</strong></span> 
     </span>
    </p>
   </div>
   <div class='ocr_carea' id='block_1_84' title="bbox 276 4268 1900 4342">
    <p class='ocr_par' dir='ltr' id='par_1_84' title="bbox 276 4268 1900 4342">
     <span class='ocr_line' id='line_1_84' title="bbox 276 4268 1900 4342; baseline -0.002 -16"><span class='ocrx_word' id='word_1_576' title='bbox 276 4273 537 4328; x_wconf 91' lang='lat' dir='ltr'><strong>incurrit.</strong></span> <span class='ocrx_word' id='word_1_577' title='bbox 581 4274 767 4340; x_wconf 76' lang='lat' dir='ltr'><strong>(Gneo.</strong></span> <span class='ocrx_word' id='word_1_578' title='bbox 800 4272 951 4342; x_wconf 85' lang='lat' dir='ltr'><strong>Tun.)</strong></span> <span class='ocrx_word' id='word_1_579' title='bbox 979 4271 1212 4327; x_wconf 91' lang='lat' dir='ltr'><strong>Turonis</strong></span> <span class='ocrx_word' id='word_1_580' title='bbox 1242 4286 1404 4327; x_wconf 87' lang='lat' dir='ltr'><strong>verus</strong></span> <span class='ocrx_word' id='word_1_581' title='bbox 1443 4270 1512 4324; x_wconf 91' lang='lat' dir='ltr'><strong>de</strong></span> <span class='ocrx_word' id='word_1_582' title='bbox 1545 4268 1716 4325; x_wconf 88' lang='lat' dir='ltr'><strong>fracto</strong></span> <span class='ocrx_word' id='word_1_583' title='bbox 1759 4284 1900 4340; x_wconf 89' lang='lat' dir='ltr'><strong>pane</strong></span> 
     </span>
    </p>
   </div>
   <div class='ocr_carea' id='block_1_85' title="bbox 283 4359 827 4435">
    <p class='ocr_par' dir='ltr' id='par_1_85' title="bbox 283 4359 827 4435">
     <span class='ocr_line' id='line_1_85' title="bbox 283 4359 827 4435; baseline -0.002 -20"><span class='ocrx_word' id='word_1_584' title='bbox 283 4361 519 4435; x_wconf 86' lang='lat' dir='ltr'><strong>sanguis</strong></span> <span class='ocrx_word' id='word_1_585' title='bbox 548 4359 760 4416; x_wconf 83' lang='lat' dir='ltr'><strong>efﬂuxit</strong></span> <span class='ocrx_word' id='word_1_586' title='bbox 782 4361 827 4395; x_wconf 77' lang='grc'><strong>³²</strong></span> 
     </span>
    </p>
   </div>
   <div class='ocr_carea' id='block_1_86' title="bbox 354 4449 1772 4507">
    <p class='ocr_par' dir='ltr' id='par_1_86' title="bbox 354 4449 1772 4507">
     <span class='ocr_line' id='line_1_86' title="bbox 354 4449 1772 4507; baseline -0.004 0"><span class='ocrx_word' id='word_1_587' title='bbox 354 4451 485 4507; x_wconf 69' lang='grc'>584.</span> <span class='ocrx_word' id='word_1_588' title='bbox 638 4459 689 4507; x_wconf 80' lang='grc'><strong>1.</strong></span> <span class='ocrx_word' id='word_1_589' title='bbox 837 4451 925 4507; x_wconf 77' lang='grc'>40.</span> <span class='ocrx_word' id='word_1_590' title='bbox 1072 4452 1169 4506; x_wconf 92' lang='grc'>20.</span> <span class='ocrx_word' id='word_1_591' title='bbox 1317 4451 1369 4503; x_wconf 91' lang='grc'><strong>8.</strong></span> <span class='ocrx_word' id='word_1_592' title='bbox 1483 4449 1573 4504; x_wconf 86' lang='grc'><strong>25.</strong></span> <span class='ocrx_word' id='word_1_593' title='bbox 1719 4449 1772 4502; x_wconf 88' lang='grc'>9.</span> 
     </span>
    </p>
   </div>
   <div class='ocr_carea' id='block_1_87' title="bbox 357 4539 1901 4610">
    <p class='ocr_par' dir='ltr' id='par_1_87' title="bbox 357 4539 1901 4610">
     <span class='ocr_line' id='line_1_87' title="bbox 357 4539 1901 4610; baseline -0.003 -16"><span class='ocrx_word' id='word_1_594' title='bbox 357 4543 444 4610; x_wconf 75' lang='grc' dir='ltr'><strong>(Η.</strong></span> <span class='ocrx_word' id='word_1_595' title='bbox 480 4542 580 4610; x_wconf 88' lang='lat' dir='ltr'><strong>m.)</strong></span> <span class='ocrx_word' id='word_1_596' title='bbox 612 4540 884 4595; x_wconf 84' lang='lat' dir='ltr'><strong>Chaianus</strong></span> <span class='ocrx_word' id='word_1_597' title='bbox 931 4557 1024 4595; x_wconf 88' lang='lat' dir='ltr'><strong>rex</strong></span> <span class='ocrx_word' id='word_1_598' title='bbox 1058 4542 1308 4605; x_wconf 79' lang='lat' dir='ltr'><strong>Avarum,</strong></span> <span class='ocrx_word' id='word_1_599' title='bbox 1367 4539 1418 4592; x_wconf 89' lang='lat' dir='ltr'><strong>id</strong></span> <span class='ocrx_word' id='word_1_600' title='bbox 1474 4545 1556 4593; x_wconf 88' lang='lat' dir='ltr'><strong>est</strong></span> <span class='ocrx_word' id='word_1_601' title='bbox 1597 4539 1901 4602; x_wconf 89' lang='lat' dir='ltr'><strong>llunorum,</strong></span> 
     </span>
    </p>
   </div>
   <div class='ocr_carea' id='block_1_88' title="bbox 283 4628 1903 4705">
    <p class='ocr_par' dir='ltr' id='par_1_88' title="bbox 283 4628 1903 4705">
     <span class='ocr_line' id='line_1_88' title="bbox 283 4628 1903 4705; baseline -0.003 -18"><span class='ocrx_word' id='word_1_602' title='bbox 283 4649 482 4705; x_wconf 87' lang='lat' dir='ltr'><strong>pacem</strong></span> <span class='ocrx_word' id='word_1_603' title='bbox 513 4649 637 4688; x_wconf 91' lang='lat' dir='ltr'><strong>cum</strong></span> <span class='ocrx_word' id='word_1_604' title='bbox 671 4631 930 4688; x_wconf 85' lang='lat' dir='ltr'><strong>Mauricio</strong></span> <span class='ocrx_word' id='word_1_605' title='bbox 971 4631 1303 4702; x_wconf 88' lang='lat' dir='ltr'><strong>imperatore</strong></span> <span class='ocrx_word' id='word_1_606' title='bbox 1332 4629 1512 4685; x_wconf 91' lang='lat' dir='ltr'><strong>solvit.</strong></span> <span class='ocrx_word' id='word_1_607' title='bbox 1541 4630 1722 4700; x_wconf 70' lang='lat' dir='ltr'><strong>(Gneo.</strong></span> <span class='ocrx_word' id='word_1_608' title='bbox 1752 4628 1903 4696; x_wconf 84' lang='lat' dir='ltr'><strong>Tun.)</strong></span> 
     </span>
    </p>
   </div>
   <div class='ocr_carea' id='block_1_89' title="bbox 284 4719 1906 4794">
    <p class='ocr_par' dir='ltr' id='par_1_89' title="bbox 284 4719 1906 4794">
     <span class='ocr_line' id='line_1_89' title="bbox 284 4719 1906 4794; baseline -0.004 -16"><span class='ocrx_word' id='word_1_609' title='bbox 284 4725 468 4778; x_wconf 69' lang='lat' dir='ltr'><strong>Persae</strong></span> <span class='ocrx_word' id='word_1_610' title='bbox 499 4724 808 4778; x_wconf 86' lang='lat' dir='ltr'><strong>Armeniam</strong></span> <span class='ocrx_word' id='word_1_611' title='bbox 842 4723 1050 4794; x_wconf 90' lang='lat' dir='ltr'><strong>predis,</strong></span> <span class='ocrx_word' id='word_1_612' title='bbox 1093 4721 1388 4787; x_wconf 89' lang='lat' dir='ltr'><strong>incendiis,</strong></span> <span class='ocrx_word' id='word_1_613' title='bbox 1431 4721 1746 4792; x_wconf 83' lang='lat' dir='ltr'><strong>captivitate</strong></span> <span class='ocrx_word' id='word_1_614' title='bbox 1783 4719 1906 4789; x_wconf 87' lang='lat' dir='ltr'><strong>epi-</strong></span> 
     </span>
    </p>
   </div>
   <div class='ocr_carea' id='block_1_90' title="bbox 284 4815 1910 4891">
    <p class='ocr_par' dir='ltr' id='par_1_90' title="bbox 284 4815 1910 4891">
     <span class='ocr_line' id='line_1_90' title="bbox 284 4815 1910 4891; baseline -0.004 -18"><span class='ocrx_word' id='word_1_615' title='bbox 284 4834 589 4888; x_wconf 87' lang='lat' dir='ltr'><strong>scoporum</strong></span> <span class='ocrx_word' id='word_1_616' title='bbox 619 4835 682 4874; x_wconf 90' lang='lat' dir='ltr'><strong>ac</strong></span> <span class='ocrx_word' id='word_1_617' title='bbox 712 4815 1044 4891; x_wconf 83' lang='lat' dir='ltr'><strong>populorum</strong></span> <span class='ocrx_word' id='word_1_618' title='bbox 1078 4817 1434 4888; x_wconf 88' lang='lat' dir='ltr'><strong>perturbant;</strong></span> <span class='ocrx_word' id='word_1_619' title='bbox 1481 4815 1784 4871; x_wconf 75' lang='lat' dir='ltr'><strong>aecclesiam</strong></span> <span class='ocrx_word' id='word_1_620' title='bbox 1827 4823 1910 4868; x_wconf 91' lang='lat' dir='ltr'><strong>ta-</strong></span> 
     </span>
    </p>
   </div>
   <div class='ocr_carea' id='block_1_91' title="bbox 283 4909 1910 4983">
    <p class='ocr_par' dir='ltr' id='par_1_91' title="bbox 283 4909 1910 4983">
     <span class='ocr_line' id='line_1_91' title="bbox 283 4909 1910 4983; baseline -0.005 -15"><span class='ocrx_word' id='word_1_621' title='bbox 283 4929 420 4968; x_wconf 88' lang='lat' dir='ltr'><strong>men</strong></span> <span class='ocrx_word' id='word_1_622' title='bbox 450 4913 519 4968; x_wconf 77' lang='grc'>48</span> <span class='ocrx_word' id='word_1_623' title='bbox 549 4919 848 4983; x_wconf 86' lang='lat' dir='ltr'><strong>martyrum</strong></span> <span class='ocrx_word' id='word_1_624' title='bbox 880 4911 1025 4983; x_wconf 91' lang='lat' dir='ltr'><strong>apud</strong></span> <span class='ocrx_word' id='word_1_625' title='bbox 1053 4911 1362 4966; x_wconf 84' lang='lat' dir='ltr'><strong>Armeniam</strong></span> <span class='ocrx_word' id='word_1_626' title='bbox 1410 4909 1511 4965; x_wconf 89' lang='lat' dir='ltr'><strong>sub</strong></span> <span class='ocrx_word' id='word_1_627' title='bbox 1542 4909 1748 4964; x_wconf 91' lang='lat' dir='ltr'><strong>Licinio</strong></span> <span class='ocrx_word' id='word_1_628' title='bbox 1777 4922 1910 4978; x_wconf 89' lang='lat' dir='ltr'><strong>pas-</strong></span> 
     </span>
    </p>
   </div>
   <div class='ocr_carea' id='block_1_92' title="bbox 281 4999 1519 5070">
    <p class='ocr_par' dir='ltr' id='par_1_92' title="bbox 281 4999 1519 5070">
     <span class='ocr_line' id='line_1_92' title="bbox 281 4999 1519 5070; baseline -0.006 -13"><span class='ocrx_word' id='word_1_629' title='bbox 281 5019 478 5058; x_wconf 84' lang='lat' dir='ltr'><strong>sorum</strong></span> <span class='ocrx_word' id='word_1_630' title='bbox 500 5003 652 5056; x_wconf 88' lang='lat' dir='ltr'><strong>nullo</strong></span> <span class='ocrx_word' id='word_1_631' title='bbox 676 5001 840 5056; x_wconf 91' lang='lat' dir='ltr'><strong>modo</strong></span> <span class='ocrx_word' id='word_1_632' title='bbox 869 4999 1167 5054; x_wconf 90' lang='lat' dir='ltr'><strong>incendere</strong></span> <span class='ocrx_word' id='word_1_633' title='bbox 1199 5005 1519 5070; x_wconf 82' lang='lat' dir='ltr'><strong>potuerunt.</strong></span> 
     </span>
    </p>
   </div>
   <div class='ocr_carea' id='block_1_93' title="bbox 361 5087 1838 5148">
    <p class='ocr_par' dir='ltr' id='par_1_93' title="bbox 361 5087 1838 5148">
     <span class='ocr_line' id='line_1_93' title="bbox 361 5087 1838 5148; baseline -0.005 0"><span class='ocrx_word' id='word_1_634' title='bbox 639 5093 674 5146; x_wconf 88' lang='grc'><strong>2</strong></span> <span class='ocrx_word' id='word_1_635' title='bbox 842 5093 925 5146; x_wconf 79' lang='lat' dir='ltr'><strong>il.</strong></span> <span class='ocrx_word' id='word_1_636' title='bbox 1075 5092 1164 5146; x_wconf 84' lang='grc'><strong>21.</strong></span> <span class='ocrx_word' id='word_1_637' title='bbox 1313 5091 1367 5143; x_wconf 88' lang='grc'><strong>9.</strong></span> <span class='ocrx_word' id='word_1_638' title='bbox 1513 5088 1603 5144; x_wconf 75' lang='grc'>2-1.</span> <span class='ocrx_word' id='word_1_639' title='bbox 1751 5087 1838 5142; x_wconf 93' lang='grc'><strong>10.</strong></span> 
     </span>
    </p>
   </div>
   <div class='ocr_carea' id='block_1_94' title="bbox 365 5182 1913 5254">
    <p class='ocr_par' dir='ltr' id='par_1_94' title="bbox 365 5182 1913 5254">
     <span class='ocr_line' id='line_1_94' title="bbox 365 5182 1913 5254; baseline -0.005 -15"><span class='ocrx_word' id='word_1_640' title='bbox 365 5185 493 5254; x_wconf 73' lang='lat' dir='ltr'><strong>(1b.)</strong></span> <span class='ocrx_word' id='word_1_641' title='bbox 523 5182 813 5238; x_wconf 72' lang='lat' dir='ltr'><strong>Mauricius</strong></span> <span class='ocrx_word' id='word_1_642' title='bbox 840 5182 1142 5252; x_wconf 87' lang='lat' dir='ltr'><strong>imperator</strong></span> <span class='ocrx_word' id='word_1_643' title='bbox 1163 5198 1264 5252; x_wconf 90' lang='lat' dir='ltr'><strong>per</strong></span> <span class='ocrx_word' id='word_1_644' title='bbox 1284 5188 1560 5252; x_wconf 90' lang='lat' dir='ltr'><strong>pretorem</strong></span> <span class='ocrx_word' id='word_1_645' title='bbox 1584 5195 1744 5234; x_wconf 91' lang='lat' dir='ltr'><strong>suum</strong></span> <span class='ocrx_word' id='word_1_646' title='bbox 1777 5192 1913 5233; x_wconf 87' lang='lat' dir='ltr'><strong>con-</strong></span> 
     </span>
    </p>
   </div>
   <div class='ocr_carea' id='block_1_95' title="bbox 287 5269 1912 5346">
    <p class='ocr_par' dir='ltr' id='par_1_95' title="bbox 287 5269 1912 5346">
     <span class='ocr_line' id='line_1_95' title="bbox 287 5269 1912 5346; baseline -0.006 -13"><span class='ocrx_word' id='word_1_647' title='bbox 287 5287 373 5333; x_wconf 87' lang='lat' dir='ltr'><strong>tra</strong></span> <span class='ocrx_word' id='word_1_648' title='bbox 407 5275 600 5330; x_wconf 84' lang='lat' dir='ltr'><strong>Persas</strong></span> <span class='ocrx_word' id='word_1_649' title='bbox 629 5275 843 5330; x_wconf 90' lang='lat' dir='ltr'><strong>fortiter</strong></span> <span class='ocrx_word' id='word_1_650' title='bbox 869 5273 1000 5346; x_wconf 89' lang='lat' dir='ltr'><strong>agit.</strong></span> <span class='ocrx_word' id='word_1_651' title='bbox 1022 5273 1308 5328; x_wconf 85' lang='lat' dir='ltr'><strong>Antiochia</strong></span> <span class='ocrx_word' id='word_1_652' title='bbox 1337 5273 1602 5328; x_wconf 89' lang='lat' dir='ltr'><strong>divinitus</strong></span> <span class='ocrx_word' id='word_1_653' title='bbox 1631 5269 1912 5326; x_wconf 89' lang='lat' dir='ltr'><strong>subverti-</strong></span> 
     </span>
    </p>
   </div>
   <div class='ocr_carea' id='block_1_96' title="bbox 1925 4451 1985 4519">
    <p class='ocr_par' dir='ltr' id='par_1_96' title="bbox 1925 4451 1985 4519">
     <span class='ocr_line' id='line_1_96' title="bbox 1925 4451 1985 4519; baseline 0 0"><span class='ocrx_word' id='word_1_654' title='bbox 1925 4451 1985 4519; x_wconf 92' lang='lat' dir='ltr'><strong>D</strong></span> 
     </span>
    </p>
   </div>
   <div class='ocr_carea' id='block_1_97' title="bbox 1994 3999 3608 4077">
    <p class='ocr_par' dir='ltr' id='par_1_97' title="bbox 1994 3999 3608 4077">
     <span class='ocr_line' id='line_1_97' title="bbox 1994 3999 3608 4077; baseline 0.001 -22"><span class='ocrx_word' id='word_1_655' title='bbox 1994 4002 2115 4069; x_wconf 91' lang='lat' dir='ltr'><strong>ejus</strong></span> <span class='ocrx_word' id='word_1_656' title='bbox 2145 3999 2327 4054; x_wconf 86' lang='lat' dir='ltr'><strong>infans</strong></span> <span class='ocrx_word' id='word_1_657' title='bbox 2355 4001 2390 4054; x_wconf 77' lang='grc'>4</span> <span class='ocrx_word' id='word_1_658' title='bbox 2428 4000 2701 4054; x_wconf 89' lang='lat' dir='ltr'><strong>mensium</strong></span> <span class='ocrx_word' id='word_1_659' title='bbox 2733 4000 2790 4055; x_wconf 89' lang='lat' dir='ltr'><strong>in</strong></span> <span class='ocrx_word' id='word_1_660' title='bbox 2821 4016 2992 4075; x_wconf 88' lang='lat' dir='ltr'><strong>regno</strong></span> <span class='ocrx_word' id='word_1_661' title='bbox 3023 4001 3374 4069; x_wconf 87' lang='lat' dir='ltr'><strong>sublimatus,</strong></span> <span class='ocrx_word' id='word_1_662' title='bbox 3408 4018 3608 4077; x_wconf 84' lang='lat' dir='ltr'><strong>regna—</strong></span> 
     </span>
    </p>
   </div>
   <div class='ocr_carea' id='block_1_98' title="bbox 1996 4088 2384 4145">
    <p class='ocr_par' dir='ltr' id='par_1_98' title="bbox 1996 4088 2384 4145">
     <span class='ocr_line' id='line_1_98' title="bbox 1996 4088 2384 4145; baseline -0.005 -1"><span class='ocrx_word' id='word_1_663' title='bbox 1996 4091 2074 4145; x_wconf 89' lang='lat' dir='ltr'><strong>vit</strong></span> <span class='ocrx_word' id='word_1_664' title='bbox 2102 4089 2263 4143; x_wconf 90' lang='lat' dir='ltr'><strong>annis</strong></span> <span class='ocrx_word' id='word_1_665' title='bbox 2293 4088 2384 4143; x_wconf 75' lang='grc'>45.</span> 
     </span>
    </p>
   </div>
   <div class='ocr_carea' id='block_1_99' title="bbox 2069 4195 3419 4266">
    <p class='ocr_par' dir='ltr' id='par_1_99' title="bbox 2069 4195 3419 4266">
     <span class='ocr_line' id='line_1_99' title="bbox 2069 4195 3419 4266; baseline 0.003 -16"><span class='ocrx_word' id='word_1_666' title='bbox 2069 4195 2192 4250; x_wconf 85' lang='grc'>588.</span> <span class='ocrx_word' id='word_1_667' title='bbox 2339 4196 2390 4249; x_wconf 78' lang='lat'><strong>5.</strong></span> <span class='ocrx_word' id='word_1_668' title='bbox 2547 4196 2630 4251; x_wconf 66' lang='grc' dir='ltr'><strong>ιι.</strong></span> <span class='ocrx_word' id='word_1_669' title='bbox 2743 4197 2797 4251; x_wconf 72' lang='lat'><strong>1.</strong></span> <span class='ocrx_word' id='word_1_670' title='bbox 2944 4197 3003 4266; x_wconf 80' lang='lat'><strong>2,</strong></span> <span class='ocrx_word' id='word_1_671' title='bbox 3114 4197 3183 4251; x_wconf 76' lang='lat'><strong>27</strong></span> <span class='ocrx_word' id='word_1_672' title='bbox 3333 4199 3419 4255; x_wconf 67' lang='lat'><strong>13.</strong></span> 
     </span>
    </p>
   </div>
   <div class='ocr_carea' id='block_1_100' title="bbox 2074 4309 3614 4384">
    <p class='ocr_par' dir='ltr' id='par_1_100' title="bbox 2074 4309 3614 4384">
     <span class='ocr_line' id='line_1_100' title="bbox 2074 4309 3614 4384; baseline 0.005 -20"><span class='ocrx_word' id='word_1_673' title='bbox 2074 4311 2154 4383; x_wconf 87' lang='lat' dir='ltr'><strong>(P.</strong></span> <span class='ocrx_word' id='word_1_674' title='bbox 2202 4311 2288 4382; x_wconf 91' lang='lat' dir='ltr'><strong>D.)</strong></span> <span class='ocrx_word' id='word_1_675' title='bbox 2337 4309 2723 4366; x_wconf 86' lang='lat' dir='ltr'><strong>Childebertus</strong></span> <span class='ocrx_word' id='word_1_676' title='bbox 2771 4329 2918 4367; x_wconf 91' lang='lat' dir='ltr'><strong>rexa</strong></span> <span class='ocrx_word' id='word_1_677' title='bbox 2975 4313 3235 4369; x_wconf 87' lang='lat' dir='ltr'><strong>Mauricio</strong></span> <span class='ocrx_word' id='word_1_678' title='bbox 3280 4314 3614 4384; x_wconf 88' lang='lat' dir='ltr'><strong>imperatore</strong></span> 
     </span>
    </p>
   </div>
   <div class='ocr_carea' id='block_1_101' title="bbox 2006 4399 3618 4475">
    <p class='ocr_par' dir='ltr' id='par_1_101' title="bbox 2006 4399 3618 4475">
     <span class='ocr_line' id='line_1_101' title="bbox 2006 4399 3618 4475; baseline 0.003 -21"><span class='ocrx_word' id='word_1_679' title='bbox 2006 4415 2104 4472; x_wconf 91' lang='lat' dir='ltr'><strong>pro</strong></span> <span class='ocrx_word' id='word_1_680' title='bbox 2131 4399 2475 4470; x_wconf 89' lang='lat' dir='ltr'><strong>expellendis</strong></span> <span class='ocrx_word' id='word_1_681' title='bbox 2494 4401 2563 4454; x_wconf 90' lang='lat' dir='ltr'><strong>ab</strong></span> <span class='ocrx_word' id='word_1_682' title='bbox 2599 4401 2749 4455; x_wconf 85' lang='lat' dir='ltr'><strong>Italia</strong></span> <span class='ocrx_word' id='word_1_683' title='bbox 2782 4400 3157 4475; x_wconf 84' lang='lat' dir='ltr'><strong>Langobardis</strong></span> <span class='ocrx_word' id='word_1_684' title='bbox 3196 4402 3486 4472; x_wconf 88' lang='lat' dir='ltr'><strong>pecuniam</strong></span> <span class='ocrx_word' id='word_1_685' title='bbox 3525 4419 3618 4459; x_wconf 90' lang='lat' dir='ltr'><strong>ac-</strong></span> 
     </span>
    </p>
   </div>
   <div class='ocr_carea' id='block_1_102' title="bbox 2004 4490 3620 4563">
    <p class='ocr_par' dir='ltr' id='par_1_102' title="bbox 2004 4490 3620 4563">
     <span class='ocr_line' id='line_1_102' title="bbox 2004 4490 3620 4563; baseline 0.001 -15"><span class='ocrx_word' id='word_1_686' title='bbox 2004 4491 2171 4563; x_wconf 87' lang='lat' dir='ltr'><strong>cepit.</strong></span> <span class='ocrx_word' id='word_1_687' title='bbox 2217 4491 2324 4546; x_wconf 90' lang='lat' dir='ltr'><strong>Sed</strong></span> <span class='ocrx_word' id='word_1_688' title='bbox 2377 4491 2432 4544; x_wconf 91' lang='lat' dir='ltr'><strong>id</strong></span> <span class='ocrx_word' id='word_1_689' title='bbox 2473 4491 2671 4546; x_wconf 88' lang='lat' dir='ltr'><strong>frustra</strong></span> <span class='ocrx_word' id='word_1_690' title='bbox 2698 4490 2820 4559; x_wconf 82' lang='lat' dir='ltr'><strong>fuit,</strong></span> <span class='ocrx_word' id='word_1_691' title='bbox 2854 4492 2983 4562; x_wconf 90' lang='lat' dir='ltr'><strong>quia</strong></span> <span class='ocrx_word' id='word_1_692' title='bbox 3015 4508 3159 4547; x_wconf 91' lang='lat' dir='ltr'><strong>nunc</strong></span> <span class='ocrx_word' id='word_1_693' title='bbox 3205 4492 3620 4550; x_wconf 78' lang='lat' dir='ltr'><strong>confcederatus</strong></span> 
     </span>
    </p>
   </div>
   <div class='ocr_carea' id='block_1_103' title="bbox 2007 4583 3621 4658">
    <p class='ocr_par' dir='ltr' id='par_1_103' title="bbox 2007 4583 3621 4658">
     <span class='ocr_line' id='line_1_103' title="bbox 2007 4583 3621 4658; baseline 0.001 -19"><span class='ocrx_word' id='word_1_694' title='bbox 2007 4585 2089 4639; x_wconf 86' lang='lat' dir='ltr'><strong>eis</strong></span> <span class='ocrx_word' id='word_1_695' title='bbox 2132 4583 2316 4649; x_wconf 89' lang='lat' dir='ltr'><strong>rediit,</strong></span> <span class='ocrx_word' id='word_1_696' title='bbox 2359 4599 2506 4638; x_wconf 91' lang='lat' dir='ltr'><strong>nunc</strong></span> <span class='ocrx_word' id='word_1_697' title='bbox 2551 4583 2632 4637; x_wconf 91' lang='lat' dir='ltr'><strong>eis</strong></span> <span class='ocrx_word' id='word_1_698' title='bbox 2662 4599 2992 4658; x_wconf 88' lang='lat' dir='ltr'><strong>congressus</strong></span> <span class='ocrx_word' id='word_1_699' title='bbox 3023 4583 3251 4640; x_wconf 85' lang='lat' dir='ltr'><strong>inferior</strong></span> <span class='ocrx_word' id='word_1_700' title='bbox 3303 4584 3385 4640; x_wconf 91' lang='lat' dir='ltr'><strong>eis</strong></span> <span class='ocrx_word' id='word_1_701' title='bbox 3431 4587 3621 4654; x_wconf 87' lang='lat' dir='ltr'><strong>cessit,</strong></span> 
     </span>
    </p>
   </div>
   <div class='ocr_carea' id='block_1_104' title="bbox 2009 4679 3624 4751">
    <p class='ocr_par' dir='ltr' id='par_1_104' title="bbox 2009 4679 3624 4751">
     <span class='ocr_line' id='line_1_104' title="bbox 2009 4679 3624 4751; baseline 0.002 -16"><span class='ocrx_word' id='word_1_702' title='bbox 2009 4697 2158 4735; x_wconf 83' lang='lat' dir='ltr'><strong>nunc</strong></span> <span class='ocrx_word' id='word_1_703' title='bbox 2215 4680 2319 4734; x_wconf 89' lang='lat' dir='ltr'><strong>etsi</strong></span> <span class='ocrx_word' id='word_1_704' title='bbox 2349 4679 2603 4750; x_wconf 89' lang='lat' dir='ltr'><strong>superior</strong></span> <span class='ocrx_word' id='word_1_705' title='bbox 2655 4679 2737 4734; x_wconf 91' lang='lat' dir='ltr'><strong>eis</strong></span> <span class='ocrx_word' id='word_1_706' title='bbox 2777 4679 2896 4745; x_wconf 89' lang='lat' dir='ltr'><strong>fuit,</strong></span> <span class='ocrx_word' id='word_1_707' title='bbox 2949 4680 3018 4734; x_wconf 91' lang='lat' dir='ltr'><strong>ab</strong></span> <span class='ocrx_word' id='word_1_708' title='bbox 3052 4681 3379 4751; x_wconf 89' lang='lat' dir='ltr'><strong>expulsione</strong></span> <span class='ocrx_word' id='word_1_709' title='bbox 3439 4690 3624 4738; x_wconf 88' lang='lat' dir='ltr'><strong>tamen</strong></span> 
     </span>
    </p>
   </div>
   <div class='ocr_carea' id='block_1_105' title="bbox 2011 4765 3311 4840">
    <p class='ocr_par' dir='ltr' id='par_1_105' title="bbox 2011 4765 3311 4840">
     <span class='ocr_line' id='line_1_105' title="bbox 2011 4765 3311 4840; baseline 0 -16"><span class='ocrx_word' id='word_1_710' title='bbox 2011 4784 2202 4824; x_wconf 91' lang='lat' dir='ltr'><strong>eorum</strong></span> <span class='ocrx_word' id='word_1_711' title='bbox 2224 4765 2509 4821; x_wconf 91' lang='lat' dir='ltr'><strong>munimen</strong></span> <span class='ocrx_word' id='word_1_712' title='bbox 2542 4767 2822 4822; x_wconf 90' lang='lat' dir='ltr'><strong>civitatum</strong></span> <span class='ocrx_word' id='word_1_713' title='bbox 2851 4783 2977 4822; x_wconf 93' lang='lat' dir='ltr'><strong>eum</strong></span> <span class='ocrx_word' id='word_1_714' title='bbox 3012 4769 3311 4840; x_wconf 89' lang='lat' dir='ltr'><strong>prohibuit.</strong></span> 
     </span>
    </p>
   </div>
   <div class='ocr_carea' id='block_1_106' title="bbox 2083 4879 3442 4938">
    <p class='ocr_par' dir='ltr' id='par_1_106' title="bbox 2083 4879 3442 4938">
     <span class='ocr_line' id='line_1_106' title="bbox 2083 4879 3442 4938; baseline 0.004 -5"><span class='ocrx_word' id='word_1_715' title='bbox 2083 4879 2207 4935; x_wconf 79' lang='grc'>589.</span> <span class='ocrx_word' id='word_1_716' title='bbox 2357 4881 2410 4933; x_wconf 87' lang='grc'><strong>6.</strong></span> <span class='ocrx_word' id='word_1_717' title='bbox 2527 4880 2612 4934; x_wconf 86' lang='grc'><strong>15.</strong></span> <span class='ocrx_word' id='word_1_718' title='bbox 2760 4879 2817 4934; x_wconf 93' lang='grc'><strong>2.</strong></span> <span class='ocrx_word' id='word_1_719' title='bbox 2965 4881 3018 4935; x_wconf 90' lang='grc'>3.</span> <span class='ocrx_word' id='word_1_720' title='bbox 3129 4881 3202 4936; x_wconf 90' lang='grc'><strong>28</strong></span> <span class='ocrx_word' id='word_1_721' title='bbox 3353 4882 3442 4938; x_wconf 74' lang='grc'>14.</span> 
     </span>
    </p>
   </div>
   <div class='ocr_carea' id='block_1_107' title="bbox 2089 4989 3630 5069">
    <p class='ocr_par' dir='ltr' id='par_1_107' title="bbox 2089 4989 3630 5069">
     <span class='ocr_line' id='line_1_107' title="bbox 2089 4989 3630 5069; baseline 0.002 -22"><span class='ocrx_word' id='word_1_722' title='bbox 2089 4991 2280 5064; x_wconf 74' lang='grc' dir='ltr'><strong>(ΒευΑ)</strong></span> <span class='ocrx_word' id='word_1_723' title='bbox 2305 4989 2617 5062; x_wconf 80' lang='lat' dir='ltr'><strong>Levigildus</strong></span> <span class='ocrx_word' id='word_1_724' title='bbox 2639 5006 2731 5045; x_wconf 90' lang='lat' dir='ltr'><strong>rex</strong></span> <span class='ocrx_word' id='word_1_725' title='bbox 2759 4990 3192 5067; x_wconf 84' lang='lat' dir='ltr'><strong>Wisigothorum</strong></span> <span class='ocrx_word' id='word_1_726' title='bbox 3213 4992 3630 5069; x_wconf 87' lang='lat' dir='ltr'><strong>Erminigildum</strong></span> 
     </span>
    </p>
   </div>
   <div class='ocr_carea' id='block_1_108' title="bbox 2013 5081 3633 5156">
    <p class='ocr_par' dir='ltr' id='par_1_108' title="bbox 2013 5081 3633 5156">
     <span class='ocr_line' id='line_1_108' title="bbox 2013 5081 3633 5156; baseline 0.001 -17"><span class='ocrx_word' id='word_1_727' title='bbox 2013 5083 2188 5140; x_wconf 84' lang='lat' dir='ltr'><strong>ﬁlium</strong></span> <span class='ocrx_word' id='word_1_728' title='bbox 2225 5097 2408 5148; x_wconf 90' lang='lat' dir='ltr'><strong>suum,</strong></span> <span class='ocrx_word' id='word_1_729' title='bbox 2443 5081 2572 5153; x_wconf 90' lang='lat' dir='ltr'><strong>quia</strong></span> <span class='ocrx_word' id='word_1_730' title='bbox 2617 5081 2858 5137; x_wconf 81' lang='lat' dir='ltr'><strong>Arrianae</strong></span> <span class='ocrx_word' id='word_1_731' title='bbox 2890 5083 3266 5138; x_wconf 91' lang='lat' dir='ltr'><strong>communioni</strong></span> <span class='ocrx_word' id='word_1_732' title='bbox 3305 5085 3633 5156; x_wconf 89' lang='lat' dir='ltr'><strong>participare</strong></span> 
     </span>
    </p>
   </div>
   <div class='ocr_carea' id='block_1_109' title="bbox 2015 5170 3639 5240">
    <p class='ocr_par' dir='ltr' id='par_1_109' title="bbox 2015 5170 3639 5240">
     <span class='ocr_line' id='line_1_109' title="bbox 2015 5170 3639 5240; baseline 0.001 -13"><span class='ocrx_word' id='word_1_733' title='bbox 2015 5173 2215 5240; x_wconf 88' lang='lat' dir='ltr'><strong>noluit,</strong></span> <span class='ocrx_word' id='word_1_734' title='bbox 2251 5179 2411 5226; x_wconf 91' lang='lat' dir='ltr'><strong>nocte</strong></span> <span class='ocrx_word' id='word_1_735' title='bbox 2450 5177 2637 5224; x_wconf 90' lang='lat' dir='ltr'><strong>sancta</strong></span> <span class='ocrx_word' id='word_1_736' title='bbox 2669 5171 2888 5240; x_wconf 67' lang='lat' dir='ltr'><strong>pascha:</strong></span> <span class='ocrx_word' id='word_1_737' title='bbox 2935 5170 2992 5224; x_wconf 91' lang='lat' dir='ltr'><strong>in</strong></span> <span class='ocrx_word' id='word_1_738' title='bbox 3022 5186 3243 5226; x_wconf 89' lang='lat' dir='ltr'><strong>carcere</strong></span> <span class='ocrx_word' id='word_1_739' title='bbox 3273 5173 3456 5226; x_wconf 89' lang='lat' dir='ltr'><strong>securi</strong></span> <span class='ocrx_word' id='word_1_740' title='bbox 3487 5173 3639 5228; x_wconf 78' lang='lat' dir='ltr'><strong>occi-</strong></span> 
     </span>
    </p>
   </div>
   <div class='ocr_carea' id='block_1_110' title="bbox 2018 5261 3634 5332">
    <p class='ocr_par' dir='ltr' id='par_1_110' title="bbox 2018 5261 3634 5332">
     <span class='ocr_line' id='line_1_110' title="bbox 2018 5261 3634 5332; baseline 0.001 -13"><span class='ocrx_word' id='word_1_741' title='bbox 2018 5265 2116 5320; x_wconf 92' lang='lat' dir='ltr'><strong>dit.</strong></span> <span class='ocrx_word' id='word_1_742' title='bbox 2153 5263 2364 5332; x_wconf 77' lang='lat' dir='ltr'><strong>(Fat-zu.)</strong></span> <span class='ocrx_word' id='word_1_743' title='bbox 2422 5261 2807 5316; x_wconf 83' lang='lat' dir='ltr'><strong>Childebertus</strong></span> <span class='ocrx_word' id='word_1_744' title='bbox 2855 5261 3093 5316; x_wconf 87' lang='lat' dir='ltr'><strong>Lotharii</strong></span> <span class='ocrx_word' id='word_1_745' title='bbox 3161 5262 3430 5319; x_wconf 88' lang='lat' dir='ltr'><strong>exercitui</strong></span> <span class='ocrx_word' id='word_1_746' title='bbox 3491 5280 3634 5322; x_wconf 90' lang='lat' dir='ltr'><strong>con-</strong></span> 
     </span>
    </p>
   </div>
   <div class='ocr_carea' id='block_1_111' title="bbox 285 5353 2688 5432">
    <p class='ocr_par' dir='ltr' id='par_1_111' title="bbox 285 5353 2688 5432">
     <span class='ocr_line' id='line_1_111' title="bbox 285 5353 2688 5432; baseline -0.007 -7"><span class='ocrx_word' id='word_1_747' title='bbox 285 5377 385 5425; x_wconf 88' lang='lat' dir='ltr'><strong>tur</strong></span> <span class='ocrx_word' id='word_1_748' title='bbox 411 5367 516 5422; x_wconf 87' lang='lat' dir='ltr'><strong>hoc</strong></span> <span class='ocrx_word' id='word_1_749' title='bbox 547 5365 731 5422; x_wconf 90' lang='lat' dir='ltr'><strong>modo.</strong></span> <span class='ocrx_word' id='word_1_750' title='bbox 763 5365 993 5431; x_wconf 85' lang='lat' dir='ltr'><strong>Quidam</strong></span> <span class='ocrx_word' id='word_1_751' title='bbox 1036 5364 1170 5420; x_wconf 90' lang='lat' dir='ltr'><strong>civis</strong></span> <span class='ocrx_word' id='word_1_752' title='bbox 1200 5363 1350 5418; x_wconf 90' lang='lat' dir='ltr'><strong>illius</strong></span> <span class='ocrx_word' id='word_1_753' title='bbox 1401 5365 1540 5419; x_wconf 90' lang='lat' dir='ltr'><strong>adeo</strong></span> <span class='ocrx_word' id='word_1_754' title='bbox 1601 5359 1918 5418; x_wconf 89' lang='lat' dir='ltr'><strong>elemosinis</strong></span> <span class='ocrx_word' id='word_1_755' title='bbox 2019 5370 2242 5432; x_wconf 81' lang='lat' dir='ltr'><strong>gressus</strong></span> <span class='ocrx_word' id='word_1_756' title='bbox 2270 5353 2448 5408; x_wconf 89' lang='lat' dir='ltr'><strong>victus</strong></span> <span class='ocrx_word' id='word_1_757' title='bbox 2470 5353 2688 5409; x_wconf 90' lang='lat' dir='ltr'><strong>evasit..</strong></span> 
     </span>
    </p>
   </div>
   <div class='ocr_carea' id='block_1_112' title="bbox 1657 5496 2284 5558">
    <p class='ocr_par' dir='ltr' id='par_1_112' title="bbox 1657 5496 2284 5558">
     <span class='ocr_line' id='line_1_112' title="bbox 1657 5496 2284 5558; baseline -0.008 -2"><span class='ocrx_word' id='word_1_758' title='bbox 1657 5502 1881 5558; x_wconf 74' lang='lat' dir='ltr'><strong>VARl/E</strong></span> <span class='ocrx_word' id='word_1_759' title='bbox 1911 5496 2284 5556; x_wconf 80' lang='lat' dir='ltr'><strong>LECTiONES.</strong></span> 
     </span>
    </p>
   </div>
   <div class='ocr_carea' id='block_1_113' title="bbox 532 5629 3644 5707">
    <p class='ocr_par' dir='ltr' id='par_1_113' title="bbox 532 5629 3644 5707">
     <span class='ocr_line' id='line_1_113' title="bbox 532 5629 3644 5707; baseline -0.001 -16"><span class='ocrx_word' id='word_1_760' title='bbox 532 5653 583 5707; x_wconf 92' lang='lat' dir='ltr'><strong>p.</strong></span> <span class='ocrx_word' id='word_1_761' title='bbox 614 5654 663 5692; x_wconf 91' lang='lat' dir='ltr'><strong>c.</strong></span> <span class='ocrx_word' id='word_1_762' title='bbox 698 5638 751 5690; x_wconf 89' lang='lat' dir='ltr'><strong>d.</strong></span> <span class='ocrx_word' id='word_1_763' title='bbox 781 5653 833 5691; x_wconf 95' lang='lat' dir='ltr'><strong>v.</strong></span> <span class='ocrx_word' id='word_1_764' title='bbox 867 5654 916 5691; x_wconf 89' lang='lat' dir='ltr'><strong>e.</strong></span> <span class='ocrx_word' id='word_1_765' title='bbox 951 5637 1072 5692; x_wconf 83' lang='lat' dir='ltr'><strong>add.</strong></span> <span class='ocrx_word' id='word_1_766' title='bbox 1106 5641 1212 5705; x_wconf 84' lang='lat' dir='ltr'><strong>Sig.</strong></span> <span class='ocrx_word' id='word_1_767' title='bbox 1245 5653 1363 5691; x_wconf 85' lang='lat' dir='ltr'><strong>cur.</strong></span> <span class='ocrx_word' id='word_1_768' title='bbox 1394 5651 1498 5691; x_wconf 75' lang='lat' dir='ltr'><strong>ser.</strong></span> <span class='ocrx_word' id='word_1_769' title='bbox 1585 5635 1624 5669; x_wconf 80' lang='grc'><strong>⁸⁸</strong></span> <span class='ocrx_word' id='word_1_770' title='bbox 1676 5634 1809 5705; x_wconf 91' lang='lat' dir='ltr'><strong>Lupi</strong></span> <span class='ocrx_word' id='word_1_771' title='bbox 1840 5664 1909 5674; x_wconf 96' lang='lat'><strong>—</strong></span> <span class='ocrx_word' id='word_1_772' title='bbox 1935 5649 2100 5689; x_wconf 89' lang='lat' dir='ltr'><strong>canes</strong></span> <span class='ocrx_word' id='word_1_773' title='bbox 2147 5635 2254 5698; x_wconf 81' lang='lat' dir='ltr'><strong>Sig.</strong></span> <span class='ocrx_word' id='word_1_774' title='bbox 2286 5647 2406 5707; x_wconf 66' lang='lat' dir='ltr'><strong>cur.</strong></span> <span class='ocrx_word' id='word_1_775' title='bbox 2448 5645 2550 5686; x_wconf 77' lang='lat' dir='ltr'><strong>sec.</strong></span> <span class='ocrx_word' id='word_1_776' title='bbox 2585 5630 2630 5664; x_wconf 70' lang='grc'>⁸³</span> <span class='ocrx_word' id='word_1_777' title='bbox 2658 5631 2714 5684; x_wconf 82' lang='grc' dir='ltr'>Τ.</span> <span class='ocrx_word' id='word_1_778' title='bbox 2745 5646 2796 5684; x_wconf 90' lang='lat' dir='ltr'><strong>v.</strong></span> <span class='ocrx_word' id='word_1_779' title='bbox 2857 5629 2892 5685; x_wconf 86' lang='lat' dir='ltr'><strong>f.</strong></span> <span class='ocrx_word' id='word_1_780' title='bbox 2927 5647 2978 5700; x_wconf 94' lang='lat' dir='ltr'><strong>p.</strong></span> <span class='ocrx_word' id='word_1_781' title='bbox 3036 5647 3082 5686; x_wconf 90' lang='lat' dir='ltr'><strong>s.</strong></span> <span class='ocrx_word' id='word_1_782' title='bbox 3139 5647 3191 5686; x_wconf 90' lang='lat' dir='ltr'><strong>e.</strong></span> <span class='ocrx_word' id='word_1_783' title='bbox 3252 5634 3356 5701; x_wconf 81' lang='lat' dir='ltr'><strong>Sig.</strong></span> <span class='ocrx_word' id='word_1_784' title='bbox 3387 5647 3505 5688; x_wconf 80' lang='lat' dir='ltr'><strong>cur.</strong></span> <span class='ocrx_word' id='word_1_785' title='bbox 3541 5647 3644 5695; x_wconf 74' lang='lat' dir='ltr'><strong>sec.</strong></span> 
     </span>
    </p>
   </div>
   <div class='ocr_carea' id='block_1_114' title="bbox 300 5704 2476 5780">
    <p class='ocr_par' dir='ltr' id='par_1_114' title="bbox 300 5704 2476 5780">
     <span class='ocr_line' id='line_1_114' title="bbox 300 5704 2476 5780; baseline -0.004 -17"><span class='ocrx_word' id='word_1_786' title='bbox 300 5711 348 5743; x_wconf 76' lang='lat'><strong>&#39;3</strong></span> <span class='ocrx_word' id='word_1_787' title='bbox 379 5704 752 5764; x_wconf 68' lang='lat' dir='ltr'><strong>Guntramnus</strong></span> <span class='ocrx_word' id='word_1_788' title='bbox 790 5740 835 5747; x_wconf 86' lang='grc'><strong><em>-</em></strong></span> <span class='ocrx_word' id='word_1_789' title='bbox 875 5704 1280 5780; x_wconf 27' lang='grc' dir='ltr'><strong>(Ιίξῐεξξειγὶῐίδίῃ.</strong></span> <span class='ocrx_word' id='word_1_790' title='bbox 1317 5724 1434 5763; x_wconf 80' lang='lat' dir='ltr'><strong>cur.</strong></span> <span class='ocrx_word' id='word_1_791' title='bbox 1474 5723 1575 5761; x_wconf 78' lang='lat' dir='ltr'><strong>sec.</strong></span> <span class='ocrx_word' id='word_1_792' title='bbox 1607 5710 1663 5759; x_wconf 81' lang='lat' dir='ltr'><strong>in</strong></span> <span class='ocrx_word' id='word_1_793' title='bbox 1692 5704 1886 5760; x_wconf 57' lang='lat' dir='ltr'><strong>rakura</strong></span> <span class='ocrx_word' id='word_1_794' title='bbox 1919 5712 1971 5758; x_wconf 81' lang='lat' dir='ltr'><strong>et</strong></span> <span class='ocrx_word' id='word_1_795' title='bbox 1999 5721 2170 5770; x_wconf 81' lang='lat' dir='ltr'><strong>marg.</strong></span> <span class='ocrx_word' id='word_1_796' title='bbox 2207 5704 2476 5768; x_wconf 69' lang='lat' dir='ltr'><strong>inferiore.</strong></span> 
     </span>
    </p>
   </div>
  </div>
