3868 6064
213 291 311 349 111

279 423 406 479 590.
456 421 519 477 R.
563 421 615 476 7.
654 418 734 490 lP.
781 416 866 481 16,
908 414 964 469 F.
1006 413 1054 468 3Δ
1104 413 1159 467 Ι..
1199 412 1234 465 4
1296 411 1356 465 A.
1394 411 1484 465 29.
1528 408 1608 463 W.
1654 408 1742 462 15.

1422 278 1763 334 SlGEBERTl
1806 275 2314 329 GEMBIACENSIS.

3435 272 3539 326 112

1845 411 1891 479 Α
1923 405 2225 461 Richardus
2279 420 2373 459 rex
2444 402 2874 478 Wisigotharum
2946 403 3214 458 terminos
3270 402 3540 458 Romano—

279 513 361 586 (P.
387 512 476 583 D.)
505 512 621 566 Rex
653 505 1138 582 Langobardorum
1170 502 1427 558 Aucthari
1455 516 1683 556 uxorem
1715 498 1821 552 du-
1922 514 2039 552 rum
2068 495 2310 550 infestat.
2345 495 2636 565 Hucusque
2661 494 2956 586 Gregorius
2974 493 3313 549 Turonensis
3354 493 3536 586 histo-

207 584 294 661 cit
316 599 773 666 Theudelindam,
824 596 992 652 ﬁliam
1022 593 1299 650 Garibaldi
1357 593 1503 664 regis
1528 590 1814 658 Bajoario-
1918 588 2053 642 riam
2110 588 2440 642 Francorum
2498 585 2751 659 digessit.
2797 584 2929 655 [Hoc
2971 591 3221 656 tempore
3275 584 3540 657 regnabat

206 707 348 747 rum.
406 690 596 745 Nimiae
646 687 842 760 pluviae
891 684 1184 748 inundant,
1215 689 1275 736 ut
1308 696 1504 735 omnes
1544 679 1812 740 dicerent,

206 784 337 855 quia
365 798 524 854 aquae
552 780 743 835 diluvii
796 774 1330 848 superinundarent;
1366 779 1419 825 et
1452 778 1600 826 tanta
1628 769 1818 823 clades

207 876 330 942 fuit,
362 884 421 941 ut
443 874 628 929 nullus
665 871 973 946 graviorem
1001 884 1031 922 a
1068 866 1254 921 seculo
1286 865 1453 919 fuisse
1483 861 1819 917 meminerit.

208 962 434 1037 Magnus
478 961 642 1017 etiam
676 960 841 1014 draco
895 957 950 1011 in
982 955 1207 1010 modum
1248 953 1441 1006 validae
1496 950 1670 1005 trabis
1699 964 1821 1004 cum

207 1051 602 1108 innumerabili
622 1048 961 1120 serpentium
983 1044 1339 1099 multitudine
1378 1059 1480 1114 per
1503 1041 1739 1095 Tiberim
1770 1039 1824 1093 in

206 1156 359 1196 mare
390 1139 709 1195 descendit:
753 1153 784 1190 a
850 1134 1053 1206 quibus
1098 1131 1379 1188 suﬂ'ocatae
1430 1131 1620 1185 bestiae
1661 1128 1827 1183 maris

209 1240 265 1288 et
311 1233 379 1287 ad
412 1231 541 1286 litus
579 1228 862 1301 projectte,
897 1226 1189 1297 putredine
1223 1239 1407 1279 aerem
1438 1225 1824 1291 corruperunt.

207 1324 333 1379 591.
481 1323 537 1387 8,
687 1322 774 1376 17.
922 1320 977 1373 4.
1125 1318 1179 1372 5.
1327 1315 1415 1370 30.
1571 1314 1633 1369 16

280 1416 364 1487 (Η.
416 1415 521 1485 m.)
578 1412 884 1468 Ormisdam
974 1425 1162 1483 regem
1206 1409 1492 1461 Persarum
1572 1422 1603 1459 a
1648 1402 1828 1459 Persis

212 1516 554 1570 excecatum,
586 1503 735 1559 ﬁlius
765 1504 886 1572 ejus
930 1499 1426 1561 Chosroe‘occidit,
1482 1504 1536 1553 et
1575 1497 1641 1552 ad
1673 1496 1825 1550 Mau-

210 1599 395 1655 ritium
430 1599 563 1669 imp.
597 1595 865 1667 confugit,
912 1595 1145 1666 ejusque
1183 1593 1383 1647 virtute
1411 1590 1606 1645 Persas
1635 1586 1829 1643 debel-

210 1688 351 1756 lans,
385 1704 614 1761 regnum
646 1687 933 1742 Persarum
964 1684 1196 1756 accepit,
1229 1692 1282 1739 et
1326 1682 1487 1737 annis
1529 1681 1599 1735 39
1630 1693 1827 1752 regna-

210 1781 311 1836 vit.
366 1778 578 1851 (Fanum)
617 1777 901 1852 Levigildo
968 1775 1402 1848 Wisigotharum
1440 1788 1569 1847 rege
1608 1777 1828 1826 mortuo

212 1871 549 1927 Ricbaredus
604 1868 751 1924 filius
808 1868 929 1937 ejus
967 1875 1162 1942 regnat
1214 1865 1484 1922 annistB.
1520 1863 1600 1933 (P.
1636 1861 1722 1933 D.)
1768 1860 1826 1913 in

214 1957 370 2013 italia
406 1957 549 2013 facto
580 1955 788 2012 diluvio
820 1970 968 2026 pene
1005 1954 1148 2009 ultra
1178 1954 1341 2009 fidem
1401 1952 1670 2016 omnium,
1704 1960 1828 2022 post

210 2050 436 2104 multam
466 2047 852 2105 confusionem
894 2061 1075 2101 rerum
1107 2044 1405 2100 subsecuta
1453 2050 1536 2098 est
1588 2058 1686 2113 per
1715 2039 1826 2095 ela-

212 2139 338 2195 dem
371 2138 736 2213 inguinariam
792 2134 1131 2191 inedicibilis
1187 2134 1489 2190 mortalitas
1515 2131 1824 2198 hominum,

213 2243 336 2300 quae
362 2229 601 2300 primum
631 2225 903 2298 percussit
943 2224 1221 2297 Pelagium
1273 2238 1491 2293 papam.
1535 2219 1829 2294 Gregorius

112 2334 118 2339 '
214 2321 281 2377 ad
308 2327 570 2392 papatum
601 2317 829 2383 electus,
865 2313 1083 2370 interim
1104 2313 1233 2367 dum
1256 2312 1609 2383 imperatoris
1638 2325 1829 2364 assen-

215 2431 312 2471 sus
340 2418 683 2485 expectatur,
738 2410 977 2466 instituit
1014 2425 1114 2481 per
1163 2406 1528 2480 septiformen
1566 2405 1826 2461 letaniam

216 2505 435 2578 placare
474 2506 607 2559 iram
641 2502 761 2557 Dei:
795 2510 851 2557 et
882 2502 936 2555 in
970 2501 1322 2571 procedendo
1344 2500 1619 2575 octoginta
1652 2499 1829 2553 homi-

220 2594 384 2649 nibus
407 2594 509 2648 hac
530 2593 691 2666 plaga
718 2590 1016 2662 percussis,
1048 2590 1269 2644 tandem
1294 2589 1374 2644 ira
1400 2588 1495 2643 Dei
1526 2587 1754 2660 quievit.

287 2684 412 2741 592.
560 2684 614 2738 9.
765 2685 816 2738 1.
964 2680 1015 2736 5.
1164 2681 1217 2736 6.
1330 2681 1418 2735 31.
1570 2681 1620 2734 1.

287 2773 580 2849 Gregorius
627 2772 884 2827 Romanae
931 2769 1197 2826 ecclesiae
1247 2769 1376 2827 6008
1413 2769 1674 2842 presidet.
1738 2768 1832 2823 Hic

215 2867 359 2922 inter
395 2873 580 2922 cetera
608 2863 826 2935 pietatis
854 2878 1024 2934 Opera
1053 2863 1291 2917 animam
1308 2861 1522 2930 Trajani
1557 2861 1830 2916 Romano-

212 2974 333 3012 rum
355 2957 632 3029 quondam
664 2954 1034 3026 imperatoris,
1062 2953 1313 3026 quamvis
1344 2952 1562 3025 pagani,
1590 2968 1621 3006 a
1649 2952 1829 3022 poenis

212 3044 414 3101 inferni
441 3045 688 3113 liberari,
729 3044 1044 3099 miserando
1085 3051 1139 3099 et
1169 3044 1437 3115 plorando
1468 3059 1499 3097 a
1531 3043 1641 3096 Deo
1674 3042 1825 3112 opti-

1855 3088 1904 3158 C

1920 680 1976 734 in
2029 680 2288 733 Hibernia
2319 679 2493 733 insula
2524 677 2824 740 Philtanus,
2857 686 2911 732 et
2943 677 2996 731 in
3052 676 3235 732 Scotia
3277 677 3541 749 regnabat

1924 769 2213 834 Bredinus,
2249 768 2335 821 cui
2377 767 2543 821 frater
2582 772 2697 819 erat
2727 765 2952 821 nomine
3006 764 3283 829 Adeltius;
3342 765 3410 820 de
3443 782 3539 820 cu-

1918 860 2009 927 jus
2030 855 2224 912 Adeltii
2256 856 2388 924 tilia,
2419 872 2541 926 qua:
2570 861 2760 910 vocata
2787 863 2869 909 est
2897 856 3185 930 Gelgehes,
3213 855 3406 926 genuit
3446 871 3537 909 rex

1928 945 2199 1001 Hibernia:
2230 946 2512 999 Philtanus
2535 951 2784 999 sanctum
2808 944 3072 999 Furseum
3104 955 3158 1000 et
3197 945 3388 1000 fratres
3418 946 3540 1015 ejus

1929 1038 2227 1093 Foillanum
2258 1043 2311 1090 et
2334 1036 2586 1091 Ultanum
2617 1036 2703 1106 ³⁴,]

1999 1130 2121 1182 394.
2238 1129 2323 1182 11.
2472 1126 2524 1179 3.
2673 1126 2728 1179 7.
2874 1125 2928 1179 2.
3078 1124 3166 1182 33.
3314 1126 3366 1181 3.

2001 1216 2205 1286 (Face)
2245 1215 2451 1269 Tunica
2497 1213 2711 1269 Domini
2745 1214 2917 1269 nostri
2957 1214 3088 1269 Jesu
3120 1213 3316 1270 Christi
3364 1216 3418 1269 in
3461 1216 3540 1270 ci-

1888 1372 1893 1379 ,
1929 1308 2094 1361 vitate
2124 1306 2348 1376 Zaphat,
2380 1320 2490 1360 non
2513 1306 2675 1377 longe
2705 1321 2736 1359 a
2767 1305 3146 1372 Hierosolima,
3189 1306 3541 1362 confessione

1928 1395 2181 1466 Symonis
2216 1394 2379 1448 Judei
2425 1395 2666 1462 inventa,
2726 1402 2781 1449 et
2839 1393 2907 1448 ab
2965 1394 3240 1466 episcopis
3281 1394 3543 1469 Gregorio

1928 1485 2229 1538 Antioceno
2286 1491 2344 1536 et
2384 1483 2591 1537 Thoma
2651 1482 3130 1538 llierosolimitano
3187 1492 3240 1538 et
3289 1484 3543 1539 Johanne

1930 1572 2541 1642 Constantinopolitano
2574 1572 2909 1626 Hierusalem
2967 1571 3023 1624 in
3075 1571 3218 1638 loco,
3270 1573 3364 1626 ubi
3409 1589 3540 1627 crux

1930 1663 2129 1718 Christi
2159 1670 2472 1729 veneratur,
2514 1671 2598 1718 est
2642 1663 2840 1734 posita.
2898 1664 3235 1737 Gaugericus
3294 1665 3542 1719 Camera-

1925 1758 2110 1813 censis
2131 1759 2429 1830 episcopus
2457 1760 2626 1813 claret
2652 1759 2718 1814 ⁸⁵.

1997 1851 2119 1904 595.
2239 1851 2303 1905 12
2471 1852 2525 1905 4.
2672 1850 2725 1906 8.
2872 1851 2924 1903 3.
3073 1850 3162 1905 34.
3309 1852 3362 1906 4.

2000 1946 2083 2016 (Η.
2115 1962 2169 1999 m
2200 1945 2215 2015 )
2248 1944 2722 2014 Constantinopoli
2756 1946 2998 2000 nascitur
3028 1962 3167 2017 puer
3220 1945 3540 2018 quadripes'

1928 2042 1981 2089 et
2010 2035 2149 2089 alter
2174 2035 2314 2089 duos
2331 2036 2570 2090 vertices
2602 2036 2847 2101 habens;
2879 2053 3003 2107 quae
3037 2037 3287 2112 prodigia
3317 2045 3545 2109 porten-

1929 2125 2066 2180 dunt
2120 2126 2348 2181 adversa
2402 2127 2560 2193 locis,
2619 2127 2676 2181 in
2736 2128 2942 2199 quibus
2972 2136 3292 2184 nascuntur.
3331 2130 3538 2203 then.)

1930 2220 2269 2276 Richaredus
2299 2238 2392 2276 rex
2425 2222 2859 2295 Wisigothorum
2900 2224 3111 2295 synodo
3150 2225 3220 2280 62
3249 2226 3544 2298 episcopo-

1929 2329 2047 2367 rum
2080 2313 2225 2384 apud
2275 2314 2520 2370 Toletum
2553 2323 2908 2390 congregata,
2952 2317 3139 2389 ibique
3170 2318 3394 2372 Arriana
3443 2319 3543 2373 he-

1931 2402 2040 2456 resi
2099 2402 2353 2457 abdicata
2394 2413 2448 2459 et
2500 2405 2980 2473 anathematizata,
3013 2422 3072 2461 se
3112 2423 3236 2461 cum
3290 2414 3401 2462 tota
3425 2406 3543 2461 Wi-

1930 2497 2271 2569 sigotborum
2305 2505 2468 2571 gente
2500 2497 2789 2553 conﬁrmat
2819 2500 2875 2553 in
2900 2498 3010 2554 fide
3041 2501 3328 2556 catholica.
3354 2501 3426 2568 (P.
3460 2501 3542 2568 D.)

1929 2585 2134 2641 Tassilo
2179 2604 2208 2640 a
2256 2586 2610 2643 Childeberto
2667 2588 2951 2644 ordinatus
2991 2604 3083 2643 rex
3148 2589 3544 2659 Bajoariorum,

1932 2674 2165 2730 devictis
2193 2676 2421 2743 Sclavis,
2461 2677 2703 2747 optinuit
2733 2677 3092 2749 triumphum.

2002 2767 2127 2824 596.
2246 2769 2328 2821 13.
2476 2769 2530 2822 5.
2680 2770 2732 2824 9.
2881 2771 2915 2823 4
3083 2770 3170 2825 35.
3321 2771 3375 2827 5.

2005 2859 2081 2929 (Ρ.
2122 2859 2204 2930 D.)
2238 2858 2507 2931 Agilulfus
2564 2877 2655 2916 rex
2707 2861 3188 2936 Langobardorum
3244 2863 3299 2917 in
3348 2863 3546 2919 Roma-

1930 2966 2032 3006 nos
2065 2951 2335 3025 insurgit;
2376 2953 2474 3007 sed
2512 2961 2710 3025 agente
2757 2953 3134 3009 Theudelinda
3190 2956 3401 3027 regina,
3433 2971 3543 3011 non

1929 3043 2102 3098 multo
2133 3049 2256 3114 post
2284 3060 2406 3098 cum
2440 3044 2520 3098 eis
2550 3044 2729 3099 fmdus
2758 3044 2877 3101 init.
2915 3046 3048 3101 Huic
3091 3046 3299 3121 reginae
3344 3046 3547 3120 Grego-

213 3137 352 3193 nuit.
386 3137 483 3192 Hic
520 3137 666 3192 inter
706 3136 899 3203 multa,
941 3152 1063 3207 quae
1115 3136 1271 3191 utilia
1316 3136 1582 3191 aecclesiae
1619 3135 1749 3190 fecit
1778 3148 1831 3190 et
1856 3134 1904 3158 υ
1932 3134 2048 3188 rius
2094 3150 2235 3204 papa
2288 3134 2461 3189 libros
2518 3135 2726 3209 Dialogi
2780 3136 2863 3190 sui
2922 3137 3088 3192 misit.
3126 3137 3330 3207 (Fam)
3361 3137 3456 3192 Sol
3511 3154 3542 3191 a

213 3229 471 3297 instituit,
512 3228 956 3299 antiphonarium
998 3229 1324 3301 regulariter
1370 3228 1736 3283 centonizavit
1778 3235 1832 3282 et

215 3319 424 3375 utiliter
481 3318 818 3389 compilavit.
866 3318 1251 3389 Kyrrieleyson
1291 3335 1323 3373 a
1351 3318 1499 3373 clero
1535 3318 1605 3372 ad
1636 3317 1832 3371 missas

215 3410 426 3468 cantari
473 3411 749 3482 prccepit;
805 3409 1036 3464 Alleluia
1087 3410 1155 3464 ad
1204 3409 1401 3465 missas
1461 3418 1612 3465 extra
1668 3409 1833 3481 quin-

217 3502 592 3577 quagesimam
643 3501 754 3556 dici
782 3500 931 3556 fecit.
965 3503 1023 3555 ln
1055 3516 1266 3557 canone
1307 3502 1501 3557 hostiae
1535 3501 1633 3556 tria
1667 3500 1833 3556 verba

225 3590 640 3662 superaddidit:
681 3594 900 3660 Diesque
936 3597 1141 3645 nostros
1180 3593 1240 3645 in
1271 3598 1367 3646 tua
1400 3606 1534 3660 pace
1560 3592 1831 3660 disponas,

1932 3242 2095 3281 mane
2126 3243 2299 3298 usque
2332 3227 2396 3281 ad
2448 3228 2737 3283 meridiem
2789 3229 3097 3286 minoratus
3126 3238 3232 3303 _est
3271 3246 3447 3304 usque
3476 3231 3542 3285 ad

1936 3316 2147 3369 tertiam
2182 3314 2269 3371 sui
2303 3323 2536 3385 partem.

2003 3406 2130 3462 597.
2245 3408 2329 3462 14.
2475 3409 2529 3464 6.
2686 3408 2763 3462 l0.
2913 3410 2965 3464 5.
3114 3409 3204 3466 36.
3351 3412 3404 3466 6.

2007 3499 2196 3569 (Enna,
2238 3504 2300 3553 II.
2342 3500 2413 3570 ε.)
2447 3499 2737 3570 Gregorius
2779 3517 2941 3572 papa,
2974 3501 3123 3573 quod
3156 3501 3275 3574 ipse
3305 3503 3436 3558 olim
3468 3503 3551 3557 fa-

1935 3601 2060 3640 cere
2091 3587 2403 3643 intenderat
2455 3588 2815 3660 Augustinum
2854 3605 2977 3644 cum
3007 3590 3127 3646 aliis
3158 3590 3227 3645 ad
3258 3591 3553 3663 predican-

221 3690 384 3752 atque
407 3684 475 3737 ab
502 3690 707 3738 aeterna
731 3683 1082 3738 damnatione
1107 3698 1202 3739 nos
1227 3686 1436 3752 eripiet
1463 3685 1523 3737 in
1550 3685 1838 3738 electorum
1939 3683 2067 3737 dum
2116 3682 2355 3736 destinat
2422 3681 2475 3735 in
2554 3682 2744 3755 Anglia
2788 3681 2948 3753 (Fnan
2976 3689 2987 3748 )
3048 3684 3399 3739 Guntrannus
3456 3701 3552 3740 rex

222 3777 443 3826 tuorum
474 3771 668 3840 jubeas
695 3785 850 3839 grege
898 3774 1199 3825 numerari.
1268 3770 1579 3825 Orationem
1617 3786 1837 3843 quoque
1938 3765 2228 3826 sanctitate
2283 3771 2462 3824 clarus
2505 3770 2705 3825 dormit
2739 3771 2794 3824 in
2841 3769 3078 3837 Christo;
3143 3788 3373 3844 regnum
3432 3774 3554 3845 ejus

222 3858 558 3914 dominicam
610 3864 733 3928 post
771 3872 1038 3913 canonem
1108 3874 1277 3929 super
1331 3859 1565 3914 hostiam
1620 3858 1834 3914 censuit

219 3950 456 4006 recitari.
486 3950 565 4020 (P.
610 3950 692 4019 D.)
725 3950 944 4005 Auctari
988 3966 1115 4024 rege
1158 3951 1644 4025 Langobardorum
1678 3968 1831 4006 mor-

222 4054 340 4113 tuo,
398 4046 761 4121 Langobardi,
837 4048 1103 4117 permissa
1167 4048 1562 4103 Theudelinrlze
1631 4049 1832 4124 reginae

222 4138 471 4209 optione,
504 4138 607 4192 sibi
648 4138 823 4194 virum
857 4147 912 4195 et
942 4140 1110 4196 Italiae.
1140 4158 1325 4215 regem
1376 4141 1617 4216 eligendi
1651 4141 1834 4212 prefe-

220 4237 414 4283 cerunt
442 4226 548 4282 sibi
583 4243 767 4299 regem
798 4228 1116 4304 Agilulfum,
1136 4229 1230 4302 qui
1262 4230 1509 4303 regnavit
1538 4230 1698 4284 annis
1739 4231 1810 4283 25

289 4321 413 4379 593.
532 4322 614 4378 10.
760 4324 814 4379 2.
961 4325 1013 4379 6.
1163 4326 1215 4379 1.
1329 4325 1415 4380 32,
1564 4324 1598 4379 2

1939 3862 2107 3917 cessit
2138 3860 2382 3916 fratrueli
2404 3862 2526 3931 ejus
2561 3861 2925 3919 Childeberto.

2003 3953 2129 4008 598.
2248 3953 2327 4008 l5.
2478 3955 2528 4009 7.
2644 3955 2734 4011 11.
2880 3955 2935 4009 6.
3048 3955 3137 4011 37.
3285 3958 3337 4011 7.

2006 4042 2345 4097 Richaredus
2376 4058 2469 4097 rex
2488 4042 2919 4118 Wisigolhorum
2962 4043 3187 4118 regibus
3216 4045 3549 4100 Francorum

1934 4132 2362 4202 confaaderatur,
2404 4134 2570 4206 eique
2626 4150 2784 4191 soror
2819 4135 3157 4192 Childeberti
3216 4137 3362 4210 regis
3414 4152 3553 4192 uxor

1935 4227 2114 4282 datur.
2173 4229 2362 4299 (Dem,
2418 4234 2481 4283 Η.
2539 4228 2609 4299 e.)
2661 4228 2890 4284 Sanctus
2946 4228 3207 4285 Columba
3278 4229 3450 4285 abbas
3496 4237 3551 4286 et

1937 4316 2226 4387 presbiter,
2273 4317 2465 4372 doctor
2495 4316 2803 4372 Scottorum
2846 4328 2900 4372 et
2930 4319 3225 4385 Pictorum,
3257 4318 3417 4386 obiit,
3454 4319 3549 4391 qui

290 4411 459 4481 (Gneo
510 4410 667 4477 Tun.)
718 4411 773 4465 ln
832 4410 1003 4466 Gallia
1052 4412 1273 4483 quidam
1324 4413 1378 4466 in
1430 4412 1566 4467 silva
1610 4407 2172 4502 cadenstosteris
2196 4407 2311 4462 suis
2356 4408 2530 4463 multa
2568 4409 2874 4465 sanctitatis
2924 4409 3262 4465 monimenta
3294 4410 3548 4481 reliquit:

218 4502 391 4577 ligna,
424 4503 562 4558 adeo
590 4519 620 4557 a
643 4503 847 4558 muscis
879 4503 1168 4559 infestatus
1198 4512 1300 4569 est,
1324 4510 1383 4558 ut
1414 4520 1512 4573 per
1541 4503 1828 4558 biennium

220 4611 414 4650 amens
441 4593 616 4651 ﬁeret.
663 4595 869 4651 Deinde
903 4596 1006 4651 sub
1039 4595 1325 4671 religionis
1365 4595 1555 4650 habitu
1583 4611 1640 4650 se
1671 4596 1829 4650 exhi-

221 4684 389 4741 bebat
449 4687 1011 4758 pseudoprophetam,
1059 4686 1261 4742 deinde
1312 4702 1553 4759 magum,
1627 4685 1830 4741 deinde

221 4773 385 4829 etiam
413 4775 675 4831 sanitates
705 4793 873 4847 super
903 4774 1152 4830 infirmos
1202 4773 1432 4839 faciens,
1468 4772 1737 4828 Christum
1771 4790 1831 4829 se

222 4880 347 4920 esse
375 4865 614 4933 dicebat,
643 4874 698 4922 et
729 4882 825 4937 pro
871 4865 1081 4920 Christo
1106 4880 1165 4919 se
1196 4864 1411 4919 adorari
1435 4864 1701 4931 jubebat;
1736 4880 1833 4920 no-

220 4953 399 5009 lentes
438 4970 499 5009 se
553 4954 803 5018 adorare,
845 4969 966 5009 cum
1008 4953 1215 5023 populo
1260 4952 1354 5024 qui
1394 4953 1444 5008 ei
1485 4953 1686 5010 multus
1730 4954 1831 5007 ad-

222 5046 468 5116 herebat,
500 5048 801 5119 impetebat
830 5047 1119 5103 hostiliter.
1165 5047 1264 5113 Qui
1296 5055 1488 5119 postea
1518 5065 1548 5103 a
1593 5049 1831 5120 quodam

218 5135 369 5193 ﬁdeli
394 5138 610 5194 occisus
629 5144 746 5192 est:
784 5143 839 5191 et
864 5136 937 5190 ita
968 5151 1236 5207 sequaces
1263 5136 1385 5204 ejus
1414 5136 1652 5208 dispersi
1681 5142 1829 5191 sunt.

1938 4507 2285 4569 preterquam
2318 4500 2464 4570 quod
2498 4499 2699 4555 rustica
2744 4500 3100 4572 simplicitate
3138 4502 3342 4573 pascha
3372 4502 3548 4557 domi-

1934 4590 2058 4645 nico
2103 4590 2192 4645 die
2237 4590 2442 4646 debere
2491 4591 2762 4647 celebrari
2820 4608 3001 4664 neque
3080 4594 3296 4661 didicit,
3369 4608 3551 4665 neque

1933 4682 2135 4739 docuit.
2200 4683 2510 4754 [Marculfus
2550 4684 2721 4740 abbas
2780 4685 3219 4755 Bajocasinensis
3255 4687 3549 4743 sanctitate

1933 4774 2102 4829 claret
2133 4774 2186 4827 in
2223 4774 2393 4829 Gallia
2418 4774 2507 4846 ³⁵.]

2005 4866 2127 4921 599.
2251 4869 2331 4922 16.
2478 4869 2511 4924 8
2648 4870 2734 4925 12.
2882 4872 2935 4926 7.
3050 4871 3138 4930 38.
3286 4872 3320 4926 8

2007 4955 2220 5026 (Deum)
2265 4955 2579 5012 Edilbertus
2628 4974 2721 5012 rex
2759 4958 3080 5032 Anglorum,
3136 4959 3229 5031 qui
3274 4955 3551 5012 Cantuarii

1934 5047 2558 5117 vocantur,predicante
2583 5050 2885 5124 Augustino
2916 5067 3038 5106 cum
3061 5057 3225 5125 gente
3254 5067 3352 5105 sua
3371 5049 3555 5119 bapti-

1935 5143 2104 5193 zatur.
2155 5138 2320 5194 Porro
2362 5154 2500 5212 gens
2550 5141 2880 5214 Anglorum,
2922 5143 3015 5214 qui
3065 5141 3250 5197 Mercii
3291 5142 3553 5198 dicuntur

1570 5275 1788 5330 VARUE
1821 5275 2094 5332 LECTION
2105 5277 2194 5333 ES.

289 5374 336 5409 ⁸⁸
364 5376 427 5450 in
450 5389 623 5450 marg.
678 5375 779 5441 inf.
823 5374 892 5427 ιδ.
947 5374 1062 5428 rell.
1095 5378 1309 5450 Desunt_
1366 5373 1412 5450 εξ
1437 5373 1495 5450 Α.
1547 5374 1728 5450 addit;
1781 5373 2018 5450 Severus
2068 5375 2439 5450 Aquileiensis
2491 5377 2790 5450 episcOpus
2846 5394 2968 5434 cum
3028 5395 3059 5433 a
3116 5366 3266 5435 nullo
3325 5395 3427 5435 nec
3479 5380 3548 5435 ab

220 5444 340 5516 ipso
370 5444 630 5529 Gregorio
658 5460 798 5529 papa
850 5451 1037 5529 posset
1069 5444 1313 5529 revocari
1365 5443 1433 5527 ab
1464 5444 1690 5529 Arriana
1715 5445 1896 5529 heresi
1955 5443 2215 5529 clerus'et
2262 5449 2496 5529 populus
2526 5443 2916 5529 'Aqui'leiensis
2972 5450 3256 5529 annitente
3287 5451 3550 5529 Gregorio

219 5515 363 5593 papa
391 5515 719 5593 divisionem
742 5515 1034 5593 “fecerunt,
1067 5521 1133 5593 et
1167 5516 1378 5593 Arriani
1408 5515 1640 5593 quidem
1663 5516 1805 5585 apud
1837 5516 2138 5589 Aquileiam
2178 5515 2518 5593 ipsi_Severo
2544 5515 2882 5593 ad'heserunt
2915 5561 2926 5573 .
2963 5520 3211 5593 ortodoxi
3240 5538 3371 5578 vero
3392 5515 3549 5593 apud

220 5585 429 5668 Gradus
478 5586 668 5668 sedem
710 5586 827 5668 sibi.
869 5585 1135 5668 episcOpii
1166 5585 1494 5668 statuerunt,
1528 5592 1597 5668 et
1628 5586 1701 5668 ita
1721 5602 1797 5668 ex
1820 5585 1932 5643 una
1960 5585 2249 5659 metropoli
2284 5589 2409 5647 facti
2441 5599 2571 5647 sunt
2596 5592 2704 5647 duo
2736 5592 3102 5668 metropolitae
3137 5636 3148 5647 .
3185 5585 3553 5668 et_licet‘po_st

187 5664 451 5733 ‘mortem
483 5657 669 5733 Severi
701 5656 963 5733 recelesia:
1003 5656 1241 5733 redierit
1268 5657 1335 5712 ad
1367 5657 1631 5733 unitatem
1663 5656 1816 5733 ﬁdei,
1875 5656 2174 5730 numquam
2228 5669 2412 5717 tamen
2467 5669 2655 5732 postea
2713 5664 2782 5717 ad
2837 5656 3083 5732 pristinae
3135 5656 3553 5733 conjunctionis

221 5728 489 5783 unitatem
516 5728 695 5798 potuit
724 5729 1037 5785 reformari.
1067 5728 1112 5764 ⁸ο
1138 5728 1264 5784 add.
1307 5733 1383 5795 ιγ.
1418 5729 1537 5783 rell.
1566 5736 1763 5798 praeter
1790 5732 1849 5785 A.
