3868 6064
291 247 318 301 1
335 245 405 302 13
1785 229 2132 290 CHRDNICA.
3527 251 3628 308 “4

285 376 344 426 et
375 383 515 442 gens
533 363 1096 436 Nordanymbrorum,
1128 362 1224 434 qui
1249 359 1399 434 quod
1425 360 1493 416 ad
1521 360 1906 432 aquilonarem
1932 363 1988 431 Α
2010 359 2230 416 dicente
2282 363 2542 418 nauclero
2576 381 2590 417 :
2622 369 2814 422 Desiste
2851 369 3196 426 elemosinam
3237 381 3416 444 petere
3443 394 3478 432 a
3529 393 3628 434 ηο-

286 467 506 532 partem
534 457 750 512 Ymbrm
777 454 1026 510 ﬂuminis
1076 453 1348 520 habitent,
1376 452 1452 507 ita
1490 458 1775 517 vocantur,
1807 450 1908 506 sub
2011 451 2110 518 bis,
2137 455 2232 522 qui
2253 455 2390 508 nihil
2414 456 2502 509 hic
2531 463 2730 524 printer
2755 460 2956 528 lapides
2986 463 3244 520 habemus
3271 467 3291 519 !
3322 482 3446 522 cum
3487 469 3625 524 sub-

288 550 520 624 regibus
547 547 812 604 Edill‘rido
859 554 914 602 et
955 545 1090 602 [Elle
1143 544 1388 601 nondum
1439 543 1732 599 audierant
1786 558 1910 598 ver-
2005 539 2232 607 jecisset
2257 557 2472 613 pauper
2510 547 2749 600 :Omnia
2794 563 2913 616 ergo
2966 557 3255 609 vertantur
3285 558 3345 610 in
3368 557 3618 626 lapides;

285 643 420 697 bum
442 641 592 695 vitae.
2011 630 2281 703 quidquid
2301 633 2686 690 manducabile
2740 635 2796 690 in
2837 639 2960 693 navi
2988 650 3128 707 erat,
3163 643 3220 698 in
3246 644 3462 716 lapides
3489 663 3626 705 con-

362 732 488 789 600.
532 731 593 786 R.
640 733 726 786 17.
772 731 828 786 P.
869 731 923 785 9.
968 729 1004 784 F
1072 729 1160 784 13.
1221 729 1276 782 L.
1319 728 1372 782 8.
1419 728 1478 783 A.
1521 727 1590 782 39
1651 726 1737 780 W.
1778 727 1834 781 9.
2005 740 2222 780 versum
2247 733 2346 792 est,
2370 727 2556 782 colore
2599 738 2654 784 et
2713 731 2886 786 forma
2940 750 3120 790 rerum
3150 739 3346 794 eadem
3401 758 3624 814 perma-

359 827 550 896 (Βεολ.
580 829 647 878 Π.
701 822 1023 894 e.)Sanctus
1069 821 1210 876 Goar
1237 819 1469 876 veniens
1499 837 1566 874 ex
1591 817 1906 890 Aquitania,

285 919 460 974 claret
488 919 543 973 in
589 917 780 972 Gallia.
834 915 1172 990 Augustinus
1221 915 1288 970 ab
1335 913 1554 969 Etherio
1602 911 1907 967 Arelatensi

287 1018 648 1068 consecratur
726 1009 1026 1086 Anglorum
1086 1009 1407 1080 episcopus.
1449 1007 1658 1076 (Faue)
1687 1005 1907 1061 Childe-

285 1100 480 1156 bertus
507 1116 603 1154 rex
628 1099 959 1154 Francorum
1003 1097 1258 1163 moritur,
1282 1097 1383 1152 'cui
1407 1096 1818 1152 Theodebertus
1851 1102 1907 1150 et

282 1189 664 1244 Theodericus
701 1187 800 1242 ﬁlii
830 1187 952 1258 ejus
1009 1187 1402 1262 subrogantur.

428 1277 555 1334 601.
643 1277 721 1337 18.
813 1275 891 1332 10.
994 1277 1080 1331 14.
1227 1276 1282 1331 9.
1431 1274 1521 1329 10.
1670 1274 1756 1330 10.

355 1373 646 1429 Contentio
678 1372 822 1428 inter
853 1372 1152 1428 Romanam
1209 1369 1520 1426 aecclesiam
1555 1376 1607 1424 et
1636 1385 1904 1442 arrogan-

2007 821 2173 870 nente
2202 816 2268 870 ³⁷.
2301 817 2463 872 Fame
2496 817 2722 874 Romam
2759 833 3112 896 aggravante,
3139 827 3366 884 Romani
3415 831 3622 906 Grego-

2005 906 2086 961 rio
2116 923 2271 978 papze
2295 908 2408 976 jam
2441 909 2699 967 defuncto
2727 912 3084 988 derogantes,
3139 920 3285 989 quod
3328 921 3618 980 thesauros

2006 995 2270 1051 mcclesiae
2299 1013 2396 1052 sua
2426 997 2598 1054 nimia
2619 999 2948 1081 liberalitate
2980 1003 3325 1076 dissipasset,
3349 1023 3473 1064 cum
3505 1026 3616 1066 non

2005 1085 2224 1142 adesset
2259 1105 2516 1158 persona,
2558 1091 2611 1145 in
2671 1109 2834 1163 quam
2909 1097 3262 1164 exarderent,
3297 1102 3617 1158 memoriam

2006 1175 2243 1230 nominis
2269 1177 2388 1248 ejus
2418 1178 2472 1230 in
2496 1177 2651 1232 libris
2681 1179 2826 1235 illius
2856 1183 3044 1239 delere
3087 1185 3370 1242 volebant.
3402 1190 3476 1246 Ac
3520 1207 3620 1263 per

2005 1267 2108 1322 hoc
2138 1267 2310 1323 libros
2341 1268 2582 1344 Gregorii
2611 1286 2764 1341 papae
2821 1272 3082 1330 Romanis
3111 1292 3346 1334 exurere
3371 1281 3616 1336 volenti-

2004 1357 2108 1412 bus
2131 1359 2344 1414 obstitit
2374 1361 2566 1416 Petrus
2619 1362 2904 1430 diaconus,
2961 1366 3203 1436 prodens
3257 1385 3317 1424 se
3349 1370 3614 1442 Spiritum

281 1467 414 1522 tiam
436 1466 706 1522 Johannis
735 1464 986 1536 episcOpi
1024 1462 1642 1534 Constantinopolitani,
1676 1463 1902 1518 univer-
2001 1463 2248 1512 sanctum
2316 1456 2372 1510 in
2425 1457 2610 1528 specie
2649 1459 2916 1514 columbae
2974 1477 3142 1532 super
3168 1473 3334 1535 caput
3366 1467 3614 1540 Gregorii

285 1556 419 1612 salis
443 1556 772 1629 patriarchae
803 1572 1006 1612 nomen
1050 1555 1156 1610 sibi
1222 1552 1560 1626 usurpantis,
1591 1554 1696 1609 sub
1745 1553 1903 1609 Pela-
2000 1549 2283 1605 tractantis
2315 1549 2600 1604 sedentem
2627 1550 2828 1606 vidisse
2854 1552 3062 1624 sepius;
3091 1554 3256 1628 idque
3277 1557 3613 1614 confirmans

282 1649 376 1724 gio
406 1665 548 1720 papa
567 1656 836 1719 concepta
861 1654 917 1704 et
941 1663 972 1702 a
1001 1646 1266 1720 Gregorio
1311 1648 1423 1716 jam
1449 1646 1582 1702 inde
1609 1661 1720 1702 non
1765 1645 1901 1700 leni-
1927 1705 1971 1724 ἢ
1995 1641 2353 1711 jurisjurandi
2381 1649 2745 1710 sacramento,
2777 1659 2904 1698 mox
2946 1645 3190 1701 moriens
3240 1665 3306 1702 ex
3329 1649 3610 1716 condicto,

282 1705 365 1792 Fer
392 1705 686 1812 exagitata,
743 1705 855 1792 non
903 1743 1066 1792 antea
1107 1705 1416 1807 tquiesc‘cre
1471 1734 1672 1806 potuit,
1731 1751 1892 1806 quam
1925 1705 2166 1787 Bhdem
2233 1731 2361 1787 fecit
2399 1747 2500 1788 suo
2562 1705 2898 1796 testimonio,
2934 1735 3133 1800 (Far-zu.)
3171 1737 3295 1792 Post
3347 1705 3608 1794 Richare:

281 1828 563 1884 Johannes
588 1829 710 1899 ipse
761 1827 946 1883 subita
969 1833 1145 1882 morte
1175 1826 1334 1882 obiit.
1365 1825 1441 1897 (P.
1481 1827 1563 1896 D.)
1598 1826 1740 1881 Huni
1773 1843 1895 1881 cum
1999 1823 2128 1878 dum
2162 1824 2308 1895 apud
2334 1823 2674 1900 Wisigothos
2701 1835 2893 1897 regnat
2927 1827 3230 1884 Bettericus
3261 1829 3421 1884 annis
3451 1830 3501 1885 7.

283 1919 505 1974 Francis
533 1916 973 1975 fortiterbellant
1029 1916 1082 1970 in
1133 1914 1458 1989 Thuringia.
1521 1914 1898 1990 Fredegundis
2173 1914 2278 1972 607
2409 1916 2464 1972 3.
2543 1918 2628 1972 16.
2739 1917 2829 1975 20.
2943 1921 3032 1975 15.
3143 1921 3234 1977 46.
3409 1927 3454 1976 1.

273 2011 466 2087 regina
521 2011 774 2078 moritur,
819 2009 1087 2084 Agilulf‘us
1132 2010 1470 2067 Theoderico
1547 2009 1897 2066 confaadera—
2069 2007 2148 2078 (V.
2183 2007 2359 2079 Greg.)
2389 2007 2726 2064 Sabinianus
2779 2025 2922 2080 papa
2953 2025 3077 2065 cum
3130 2017 3186 2066 et
3215 2011 3336 2084 ipse
3359 2012 3612 2069 liberali-
3669 2009 3672 2012 ’

275 2111 382 2159 tur.
414 2104 503 2174 (Η.
527 2103 629 2175 m.)
659 2103 719 2157 ln
749 2103 871 2159 Nilo
921 2103 1165 2178 Egypti
1201 2101 1430 2172 flumine
1462 2102 1574 2158 visa
1601 2108 1728 2158 sunt
1771 2102 1894 2176 ani-
1993 2102 2088 2157 tati
2120 2102 2365 2176 Gregorii
2394 2102 2805 2173 predecessoris
2837 2105 2922 2158 sui
2951 2104 3264 2182 derogaret,
3293 2113 3348 2162 et
3376 2109 3480 2164 sub
3505 2109 3610 2165 hoc

272 2197 439 2251 malia
467 2197 718 2251 humanae
750 2195 964 2262 formae,
1017 2195 1101 2250 vir
1157 2195 1370 2252 scilicet
1397 2203 1452 2250 et
1470 2194 1688 2261 mulier,
1714 2211 1893 2266 usque
1993 2198 2224 2262 Optentu
2265 2207 2485 2246 manum
2521 2191 2716 2264 egenis
2741 2191 3116 2260 subtraheret,
3159 2195 3451 2268 Gregorius
3481 2214 3605 2252 eum

273 2287 344 2340 ad
376 2285 598 2341 lumbos
639 2301 810 2355 super
855 2300 1053 2356 aquam
1104 2291 1390 2350 extantes;
1419 2283 1515 2354 qui
1553 2283 1622 2338 ab
1656 2282 1891 2338 homini-
1993 2295 2090 2350 per
2119 2280 2296 2334 visum
2331 2289 2412 2335 ter
2441 2295 2540 2351 pro
2570 2275 2989 2350 culpa-tenacia:
3017 2290 3071 2336 et
3101 2282 3264 2352 hujus
3285 2283 3606 2359 derogatio-

269 2375 375 2430 bus
393 2390 493 2446 per
520 2375 690 2428 Deum
715 2373 973 2444 adjurati,
1032 2390 1063 2428 a
1090 2389 1252 2430 mane
1291 2389 1470 2446 usque
1498 2373 1568 2428 ad
1595 2389 1798 2428 nonam
1830 2389 1888 2428 se
1989 2367 2078 2423 uis
2108 2369 2472 2440 increpatum,
2493 2369 2642 2440 quod
2673 2384 2780 2424 non
2811 2369 3184 2440 resipisceret,
3217 2371 3380 2426 etiam
3411 2381 3606 2444 quarto

268 2463 544 2520 videndos
572 2463 936 2534 prebuerunt.
1990 2460 2327 2517 horribiliter
2358 2461 2652 2532 increpans
2682 2466 2736 2514 et
2792 2461 3137 2517 comminans
3187 2463 3240 2518 in
3269 2465 3450 2536 capite
3476 2483 3605 2538 per-

413 2555 540 2612 602.
659 2556 745 2611 19.
826 2559 916 2614 11.
1035 2556 1122 2610 15.
1272 2554 1358 2609 10.
1488 2555 1576 2610 41.
1655 2555 1741 2608 11.
1991 2550 2198 2615 cussit;
2239 2565 2349 2620 quo
2381 2549 2681 2605 illedolore
2730 2555 2977 2618 vexatus,
3002 2549 3166 2622 paulo
3224 2560 3347 2623 post
3375 2563 3604 2612 mortem

345 2649 538 2718 (BBDA,
591 2655 658 2704 II.
712 2649 784 2719 θ.)
821 2647 1160 2724 Augustinus
1215 2647 1512 2719 episcopus
1565 2646 1887 2722 Anglorum,
1991 2644 2150 2700 obiit.
2189 2645 2271 2716 (6.
2326 2646 2502 2716 pont)
2537 2645 2665 2700 Post
2689 2662 2852 2718 quem
2884 2647 2950 2713 ⁸⁸,
2995 2647 3318 2704 Donefacius
3348 2650 3605 2708 Romanae

273 2740 463 2795 habita
487 2743 700 2814 synodo
729 2759 851 2798 cum
887 2742 1192 2798 Brittonum
1225 2747 1280 2796 et
1327 2739 1632 2796 Scottorum
1671 2740 1893 2812 episco—
1989 2737 2255 2793 aecclesize
2285 2737 2414 2792 63mI
2445 2737 2705 2808 presidet.
2751 2738 2850 2793 Hic
2903 2739 3146 2810 cptinuit
3175 2741 3324 2812 apud
3367 2743 3603 2800 Phocam

276 2830 382 2900 pis,
416 2831 545 2902 quia
571 2833 886 2888 sacerdotes
914 2839 968 2886 et
1027 2831 1329 2886 monachos
1385 2829 1598 2884 invenit
1627 2830 1892 2885 adversa-
1993 2833 2402 2904 imperatorem,
2433 2841 2494 2886 ut
2531 2832 2782 2888 aeeclesia
2812 2833 3059 2888 Romana
3084 2841 3252 2906 caput
3279 2846 3428 2892 esset
3471 2853 3600 2894 om-

269 2917 382 2972 rios
406 2919 704 2990 aequitatis,
736 2935 876 2992 quos
914 2919 1088 2976 voluit
1137 2919 1340 2974 habere
1397 2917 1580 2974 socios
1625 2919 1886 2989 prediea-
1990 2923 2140 2977 nium
2170 2922 2542 2978 aecclesiarum
2572 2939 2586 2987 ;
2614 2923 2743 2994 quia
2781 2921 3034 2978 :ecclesia
3099 2923 3604 2996 Constantinopoli-

271 3007 460 3075 tionis,
486 3009 682 3064 terruit
731 3025 828 3066 eos
876 3008 1137 3064 vaticinio
1195 3007 1391 3063 futurae
1416 3024 1586 3078 super
1621 3025 1718 3065 eos
1747 3013 1887 3068 cala—
1911 3047 1959 3114 Ο
1988 3019 2115 3067 tana
2136 3011 2414 3068 scribebat
2469 3027 2530 3066 se
2584 3027 2708 3066 esse
2751 3011 2982 3083 primam
3041 3013 3289 3068 omnium
3322 3014 3605 3072 azcclesia-

266 3101 592 3173 mitatis.(V.
642 3103 772 3174 Col.)
806 3104 1040 3158 Sanctus
1083 3102 1454 3159 Columbanus
1507 3121 1573 3160 ex
1625 3105 1880 3162 Hibernia
1915 3101 1958 3114 ν
1987 3121 2126 3160 rum.
2161 3105 2258 3160 llic
2287 3105 2340 3158 in
2374 3103 2611 3160 concilio
2639 3104 2990 3179 septuaginta
3039 3105 3274 3162 duorum
3305 3107 3604 3180 episc0po-

263 3191 320 3244 in
349 3192 720 3264 Burgundiam
785 3192 956 3260 venit,
1002 3191 1192 3264 ibique
1237 3191 1508 3262 permissu
1557 3193 1876 3252 Theoderici
1981 3216 2102 3255 rum
2141 3199 2386 3255 decrevit
2443 3199 2546 3254 sub
2601 3198 2975 3267 anathemate,
3022 3206 3083 3256 ut
3125 3201 3337 3257 .nullus
3379 3203 3600 3259 vivente
3680 3231 3688 3241 -

264 3280 415 3355 regis
443 3281 759 3337 cmnobium
786 3281 1087 3338 Luxovium
1137 3279 1415 3336 aedificare
1443 3279 1627 3352 coepit.

391 3371 520 3426 603.
628 3371 720 3427 20.
835 3373 922 3426 12.
1041 3371 1129 3426 16.
1244 3371 1322 3424 11.
1437 3372 1525 3426 42.
1643 3374 1731 3428 12.

335 3459 420 3532 (Η.
449 3478 508 3516 m
537 3462 552 3530 )
582 3460 876 3517 Mauricius
913 3461 1218 3533 imperator
1234 3476 1295 3515 se
1328 3476 1453 3516 cum
1483 3461 1599 3516 suis
1638 3479 1670 3516 a
1700 3462 1877 3520 Phoca

261 3549 712 3606 interﬁciendum
741 3549 1008 3606 divinitus
1047 3548 1332 3620 praedicit:
1365 3557 1422 3605 et
1452 3550 1720 3606 malorum
1754 3567 1880 3628 pm:

261 3641 469 3706 nitens,
501 3655 567 3694 ea
593 3637 700 3694 sibi
734 3637 824 3694 hic
856 3637 1095 3693 retaliari
1123 3655 1225 3709 per
1255 3653 1316 3693 se
1347 3647 1402 3694 et
1434 3655 1532 3710 per
1573 3655 1761 3696 servos
1782 3641 1878 3696 Dei

267 3731 536 3786 instanter
561 3730 828 3801 exposcit.
863 3729 940 3800 (6.
972 3747 1004 3784 ν
1049 3730 1134 3800 F.)
1166 3728 1540 3784 Theodericus
1571 3747 1662 3786 rex
1694 3731 1877 3787 avium

262 3836 420 3874 suam
454 3818 867 3874 Brunichildem
890 3819 959 3872 ab
981 3817 1275 3872 Austrasiis
1317 3818 1552 3886 ejectum
1577 3820 1788 3891 recepit

370 3911 496 3968 604.
609 3912 700 3967 21.
849 3911 934 3968 13.
1049 3913 1138 3980 17,
1244 3911 1332 3966 12.
1407 3913 1496 3969 43.
1647 3914 1733 3970 13.

335 4003 424 4074 (Η.
464 4005 567 4073 m.)
597 4003 880 4059 Mauritius
920 4003 1222 4074 imperator
1249 4019 1372 4058 cum
1394 4019 1566 4083 uxore
1607 4015 1661 4063 et
1693 4005 1822 4062 filiis
1845 4025 1876 4062 a

263 4093 408 4149 Foca
435 4091 722 4164 perimitur
749 4107 766 4159 ;
804 4101 860 4146 et
925 4091 1156 4164 imperat
1213 4091 1382 4147 Focas
1407 4093 1570 4147 annis
1597 4093 1650 4147 8.
1687 4093 1877 4163 (Rana.

266 4187 331 4242 H.
359 4188 432 4259 ε.)
464 4185 768 4242 Orientales
797 4185 954 4259 Angli
985 4202 1107 4241 cum
1167 4202 1299 4259 rege
1329 4201 1430 4240 suo
1473 4187 1761 4262 Sigeberto
1789 4206 1886 4260 per

179 4277 187 4283 ’
266 4283 546 4338 Mellitum
569 4279 898 4353 ‘episcOpum
929 4282 995 4336 ad
1022 4279 1292 4336 Christum
1325 4289 1740 4340 convertuntur.

411 4373 542 4429 605.
651 4372 703 4426 1.
821 4371 908 4426 14.
1018 4371 1100 4425 18.
1216 4370 1300 4426 13.
1447 4372 1536 4426 44.
1654 4374 1738 4428 14.

341 4463 430 4534 (Η.
475 4461 577 4532 m.)
619 4460 844 4536 Cognita
899 4469 1077 4516 morte
1115 4458 1386 4527 Mauricii,
1440 4454 1760 4536 grassantur
1787 4479 1886 4535 per

267 4557 641 4612 Romanorum
675 4552 989 4625 provincias
1047 4551 1178 4606 hinc
1228 4551 1402 4606 Persae
1441 4558 1498 4608 et
1549 4553 1680 4610 inde
1741 4555 1881 4611 Huni

264 4646 346 4717 (G.
377 4663 426 4701 r.
469 4646 553 4715 F.)
592 4641 884 4698 Lotharius
939 4649 992 4696 et
1038 4640 1410 4696 Theodericus
1438 4642 1614 4712 prclio
1652 4643 1795 4698 inter
1820 4661 1881 4700 se

262 4735 624 4800 colliduntur,
649 4733 704 4786 in
725 4747 836 4804 quo
885 4731 1010 4803 plus
1059 4747 1225 4803 quam
1284 4731 1348 4786 10
1379 4731 1526 4786 milia
1560 4750 1703 4788 caesa
1734 4735 1882 4790 refe-

261 4834 460 4882 runtur
488 4842 503 4890 ;
543 4821 917 4878 Theodericus
945 4829 1129 4877 tamen
1159 4822 1390 4878 victoria
1421 4825 1645 4896 potitur.
1684 4827 1742 4881 1n
1778 4827 1882 4882 hoc

266 4899 446 4990 prelio
477 4915 709 4988 angelus
765 4914 980 4970 Domini
1021 4915 1371 4988 evaginatum
1428 4917 1672 4992 gladium
1713 4935 1883 4992 super

265 5009 536 5082 populum
569 5015 764 5062 tenens
793 5005 942 5061 visus
973 5012 1078 5062 est.

410 5099 536 5155 905.
650 5098 702 5154 2.
850 5098 932 5154 15.
1050 5098 1116 5154 19
1254 5101 1333 5154 14.
1448 5101 1532 5158 45.
1657 5103 1737 5160 15.

339 5193 533 5268 (Gneo,
586 5190 718 5246 Tua.
758 5197 830 5246 De
881 5193 953 5260 gl.
1010 5191 1180 5263 conf.)
1227 5192 1558 5250 Sabinianus
1625 5194 1884 5252 Romana:

265 5282 539 5338 aecclesiae
568 5280 695 5336 62W
717 5281 986 5354 presidet.
1018 5280 1128 5336 Hoc
1155 5289 1263 5336 tem
1273 5297 1404 5353 pore
1423 5299 1635 5356 pauper
1660 5287 1883 5356 quidam

266 5387 460 5430 cuma
507 5370 690 5427 nautis
743 5369 1104 5427 elemosinam
1161 5379 1374 5442 peteret
1429 5388 1532 5430 nec
1589 5375 1884 5446 acciperet,

1911 4369 1966 4436 D

1981 3288 2243 3358 episcopo
2272 3287 2506 3342 civitatis
2526 3303 2638 3341 suae
2693 3287 2894 3342 audeat
2923 3287 3094 3360 loqui,
3129 3296 3226 3346 aut
3250 3300 3434 3360 partes
3491 3288 3600 3346 sibi

1980 3377 2182 3442 facere,
2210 3376 2306 3432 sed
2327 3374 2486 3431 tertio
2506 3375 2596 3430 die
2625 3375 3008 3448 dispositionis
3038 3377 3160 3447 ejus
3187 3378 3283 3434 fiat
3312 3379 3545 3436 licenter
3570 3397 3602 3436 a

1980 3470 2129 3525 clero
2159 3475 2214 3522 et
2257 3467 2464 3538 populo
2510 3467 2709 3523 electio
2749 3468 3054 3524 sacerdotis
3095 3469 3175 3540 (6.
3209 3487 3261 3525 r.
3292 3471 3378 3542 F.)
3419 3473 3604 3528 Theo-

1981 3557 2202 3613 dericus
2230 3563 2284 3611 et
2311 3555 2726 3611 Theodebertus
2746 3555 2944 3610 fratres
3001 3563 3056 3611 et
3104 3571 3266 3631 reges
3293 3557 3596 3616 Wascones

1981 3645 2088 3701 sibi
2119 3644 2422 3716 subjugant
2451 3643 2516 3696 ⁸ο.

2123 3734 2256 3792 608:
2393 3733 2446 3789 4.
2562 3735 2646 3788 17.
2757 3734 2845 3789 21.
2963 3735 3048 3790 16.
3164 3735 3256 3790 47.
3393 3737 3448 3792 2.

2055 3828 2268 3902 (Fixum)
2303 3829 2510 3900 Corpus
2536 3827 2712 3884 sancti
2764 3828 2998 3884 Victoris
3027 3829 3230 3886 Thehei
3263 3831 3410 3902 apud
3441 3833 3600 3890 Salo-

1980 3923 2173 3978 dorum
2238 3937 2362 3975 cum
2411 3926 2602 3976 sancto
2663 3919 2795 3976 Urso
2843 3921 2988 3992 passi
3053 3921 3351 3979 invenitur.
3399 3925 3480 3997 (P.
3510 3925 3595 3998 D.)

1980 4017 2270 4074 Secundus
2294 4013 2532 4070 famulus
2564 4015 2656 4070 Dei
2698 4014 2755 4070 in
2787 4015 2941 4071 Italia
2969 4015 3157 4072 claret.
3196 4017 3409 4091 (Ριιευ.)
3441 4020 3596 4076 Desi-

1983 4108 2174 4165 derius
2203 4107 2532 4163 Viennensis
2559 4106 2856 4178 episcopus
2885 4125 2916 4162 a
2953 4108 3292 4166 Theoderico
3322 4110 3594 4170 exiliatur.

1985 4199 2174 4272 (Dens,
2209 4203 2252 4252 Η
2301 4197 2372 4267 e.)
2402 4194 2752 4270 Augustinus
2800 4195 3010 4266 primus
3045 4197 3342 4270 Anglorum
3381 4201 3597 4272 episco-

1987 4305 2089 4360 pus
2118 4286 2368 4351 moritur,
2400 4285 2563 4357 eique
2596 4285 2922 4340 Laurentius
2947 4285 3318 4343 substituitur.

2197 4378 2318 4434 609.
2421 4377 2476 4432 5.
2585 4377 2668 4432 18.
2770 4377 2860 4430 22.
2961 4377 3049 4431 17.
3152 4378 3242 4434 48.
3318 4379 3372 4435 3.

2057 4467 2121 4538 (6
2168 4465 2349 4536 pom.)
2373 4463 2702 4520 Bonefaeius
2734 4463 2993 4519 Romanae
3016 4465 3280 4521 aecclesiee
3307 4467 3437 4522 ϐιιιδ
3459 4485 3588 4540 prc-

1983 4558 2126 4614 sidet
2157 4557 2218 4628 (P
2281 4556 2366 4627 D.)
2423 4556 2518 4610 llic
2572 4555 2849 4626 pantheon
2879 4555 3066 4611 Romae
3105 4572 3136 4611 a
3174 4557 3314 4614 Foca
3353 4558 3595 4632 impera-

1984 4654 2100 4702 tore
2132 4645 2482 4716 impetratum
2504 4643 2664 4698 vertit
2693 4642 2750 4696 in
2813 4643 3118 4699 aecclesiam
3175 4653 3378 4703 sancta:
3408 4648 3591 4706 Maria:

1982 4750 2037 4798 et
2063 4747 2377 4796 sanctorum
2411 4747 2730 4808 martyrum,
2779 4747 2835 4792 et
2877 4737 2932 4792 in
2985 4739 3246 4796 Kalendis
3270 4742 3594 4800 Novembris

1983 4831 2056 4885 ibi
2089 4829 2324 4886 instituit
2345 4829 2750 4885 solemnitatem
2787 4829 3031 4884 omnium
3062 4831 3412 4890 Sanctorum.

2194 4924 2318 4980 610.
2422 4925 2475 4978 6.
2584 4924 2664 4978 19.
2758 4923 2844 4978 23.
2949 4925 3032 4981 18.
3131 4925 3220 4983 49.
3321 4929 3377 4983 4.

2054 5019 2220 5089 (Bena
2251 5018 2469 5089 )Persae
2511 5018 2881 5074 Romanorum
2911 5019 3198 5090 provintiis
3241 5020 3482 5094 graviter
3506 5019 3595 5074 in-

1985 5109 2208 5166 cubant.
2256 5109 2336 5181 (P.
2370 5109 2453 5180 D.)
2507 5109 2760 5184 Agilufus
2791 5111 3270 5188 Langobardorum
3318 5127 3412 5166 rex
3438 5111 3596 5167 Man-

1985 5211 2157 5266 tuam,
2185 5200 2508 5256 Cremonam
2533 5209 2588 5258 et
2615 5202 2798 5274 aliqua
2828 5203 2847 5256 1
2856 5201 2996 5257 talia;
3015 5202 3239 5258 castella
3257 5203 3424 5274 capit.

2126 5289 2254 5346 611.
2401 5291 2452 5346 7.
2555 5290 2642 5347 20.
2768 5291 2857 5345 24.
2971 5289 3054 5344 19.
3156 5288 3246 5346 50.
3393 5289 3448 5347 5.

2059 5377 2430 5434 Alexandriae-
2454 5379 2734 5436 Johannes
2765 5378 3063 5451 episcopus
3099 5377 3319 5449 claruit,
3385 5378 3483 5452 qui
3523 5379 3595 5436 ob

1626 5511 1705 5565 VA
1715 5511 1846 5566 ΒΙᾹΞ
1877 5511 2244 5568 LEGTIONES.

340 5629 386 5711 f'
411 5629 745 5711 Sabinianus
761 5639 1210 5711 —_permancn_te
1245 5632 1354 5702 Sig.
1387 5637 1532 5711 c_u_ris
1582 5637 1844 5711 secundis.
1906 5637 1951 5671 ³ο
2006 5637 2340 5694 Sabinianus
2369 5671 2438 5680 —
2478 5656 2644 5711 quem
2679 5641 2786 5708 Sig.
2821 5642 2966 5696 curis
3015 5641 3184 5694 tertiis
3224 5642 3284 5694 in
3309 5642 3598 5710 margine;

268 5702 393 5759 rell.
425 5701 494 5755 εν.
524 5708 673 5757 esset
697 5701 944 5758 omnium
985 5733 1052 5744 --
1074 5701 1375 5778 subjugant
1398 5704 1508 5774 Sig.
1541 5709 1687 5762 curis
1714 5723 1813 5764 sec.
1851 5712 1908 5762 in
1937 5725 2154 5778 rasura,
2183 5727 2308 5765 cum
2337 5701 2688 5782 antea-paulo
2718 5701 2926 5766 brevius
2948 5713 3258 5781 scripsisset.
