3870 6060
235 267 331 322 115

1442 260 1783 314 SIGEBERTI
1825 259 2336 314 GEMBLACENSIS.

3455 265 3560 319 116

207 388 489 445 eximiam
520 389 575 442 in
599 386 872 442 Christum
903 383 1288 440 liberalitatem
1324 399 1525 439 nomen
1571 383 1841 439 Elcmosi-
1866 390 1921 458 Α
1949 387 2094 441 bello
2125 385 2398 457 extinguit
2428 387 2596 458 (167).
2635 385 2760 441 Ilaec
2786 387 3067 442 calamitas
3106 387 3306 442 Scottis
3325 387 3560 461 contigit

235 483 378 538 narii
411 483 629 537 meruit.

375 572 498 630 6I2.
526 572 659 627 3.8.
689 571 748 629 P.
775 571 865 626 21.
893 571 952 628 F.
981 570 1072 627 25.
1103 569 1160 625 L.
1186 567 1274 624 20.
1310 570 1369 623 A.
1405 571 1492 625 51.
1529 569 1610 625 W.
1644 569 1698 624 6.

306 670 388 740 (II.
425 667 527 738 τη.)
586 667 864 723 Heraclius
930 667 998 721 ad
1058 664 1350 735 imperium
1411 665 1642 730 electus,
1702 663 1844 718 Foca

234 767 524 831 perempto
578 765 633 812 et
687 764 932 813 cremato
1001 757 1243 830 ignibus,
1278 756 1524 828 regnavit
1563 755 1723 810 annis
1751 755 1843 820 31,

235 849 446 918 (1³1100.)
506 847 819 901 Desiderius
857 844 1185 900 Viennensis
1242 844 1537 914 episc0pus
1611 844 1845 898 consilio

237 938 612 995 Brunichildis
641 953 671 991 a
708 936 1046 992 Theoderico
1104 950 1236 1007 rege
1286 933 1567 1005 lapidibus
1617 933 1848 989 obrutus

239 1031 639 1103 martyrizatur.

413 1122 539 1178 613.
653 1123 706 1175 1.
807 1119 900 1175 22.
1008 1118 1099 1182 26,
1211 1119 1301 1174 21.
1415 1119 1485 1172 52
1615 1120 1668 1171 7.

312 1218 403 1286 (Η.
461 1214 561 1284 m.)
617 1213 794 1268 Persae
853 1229 886 1266 a
941 1211 1311 1267 Romanorum
1353 1210 1702 1266 insecutione
1742 1224 1852 1264 non

241 1309 532 1367 desistunt.
599 1304 808 1376 (FRED.)
868 1303 1139 1359 Betterico
1229 1303 1660 1375 Wisigothorum
1723 1317 1852 1375 rege

239 1404 475 1454 mortuo.
506 1395 808 1451 Sisebodus
855 1400 1050 1460 regnat
1106 1392 1265 1448 annis
1289 1392 1426 1447 299°.
1461 1392 1643 1446 Virtus
1669 1397 1721 1445 et
1751 1405 1855 1444 no-

241 1507 369 1545 men
401 1488 575 1544 sancti
604 1484 872 1542 Johannis
903 1483 1152 1554 baptistze
1201 1482 1481 1537 miraculis
1505 1481 1856 1536 declarantur

243 1581 389 1652 apud
421 1579 612 1636 urbem
644 1575 829 1630 Gallia;
861 1573 1253 1637 Mauriennam,
1289 1574 1356 1628 de
1377 1567 1629 1644 reliquiis
1658 1586 1858 1641 corpo-

1944 481 2249 536 secundum
2279 481 2597 536 vaticinium
2629 483 2916 557 Augustini
2967 483 3214 554 episcopi
3242 484 3334 555 qui
3386 483 3561 539 inter-

1943 571 2182 625 minatus
2221 578 2303 626 est
2333 572 2545 627 Scottos
2571 571 2640 626 ab
2664 573 2850 646 Anglis
2881 574 2997 629 fore
3055 573 3428 644 perimendos,
3460 574 3556 646 qui

1944 663 2149 737 Anglos
2179 663 2244 717 ad
2277 663 2442 718 vitam
2465 665 2712 721 converti
2769 683 2900 740 egre
2956 665 3243 732 ferebant;
3279 667 3332 721 in
3367 683 3559 722 mona-

1947 752 2080 807 chos
2122 768 2344 824 quoque
2369 753 2678 810 Scottorum
2738 756 3040 831 Augustino
3094 757 3330 812 rebelles
3354 757 3431 812 ira
3462 758 3558 812 Dei

1947 842 2216 910 seviente,
2238 844 2330 915 qui
2361 861 2484 898 cum
2509 861 2642 918 .iege
2709 863 2810 902 suo
2838 847 2904 901 ad
2940 848 3046 903 hoc
3070 847 3277 902 bellum
3312 864 3377 902 ex
3409 862 3561 901 more

1949 942 2164 995 euntes,
2189 942 2246 990 ut
2277 953 2406 1009 rege
2437 936 2600 991 armis
2647 947 2948 1010 pugnante,
3009 939 3112 1009 ipsi
3143 939 3354 995 orando
3378 954 3476 1010 pro
3497 953 3564 991 eo

1952 1037 2282 1101 pugnarent,
2303 1031 2575 1100 perempti
2633 1038 2758 1084 sunt
2801 1031 2870 1084 ab
2901 1032 3090 1106 Anglis
3134 1032 3285 1086 mille
3313 1029 3564 1096 ducenti,

1951 1128 2159 1174 tantum
2182 1121 2580 1194 quinquaginta
2613 1139 2711 1193 per
2737 1127 2920 1198 fugam
2951 1124 3173 1196 elapsis.
3207 1123 3564 1181 Glodesindis

1953 1209 2234 1263 Mettensis
2255 1211 2444 1276 claret,
2478 1227 2600 1281 quas
2623 1227 2884 1280 sponsum
2927 1212 3169 1285 fugiens,
3186 1213 3461 1268 velamine
3481 1229 3570 1266 ca.

1954 1296 2086 1366 pitis
2118 1298 2283 1352 misso
2302 1298 2406 1352 sibi
2439 1315 2470 1352 a
2510 1299 2619 1354 Deo
2651 1315 2748 1370 per
2784 1301 3066 1374 angelum,
3097 1319 3156 1356 se
3189 1309 3244 1356 et
3300 1318 3400 1356 sua
3454 1301 3566 1356 Deo

1956 1391 2251 1463 delegavit.

2089 1482 2214 1536 6I6.
2327 1484 2378 1537 4.
2501 1484 2590 1538 ‘25.
2705 1485 2793 1539 29.
2911 1485 3001 1540 24.
3118 1485 3204 1542 55.
3319 1485 3352 1539 3

2029 1575 2118 1642 (Η.
2152 1573 2251 1640 m.)
2308 1572 2488 1627 Persae
2547 1574 2756 1645 Syriam
2815 1574 3182 1639 incursantes,
3245 1577 3571 1629 Damascum

243 1668 318 1722 ris
349 1665 520 1737 ipsius
537 1665 642 1720 hoc
681 1662 846 1717 modo
873 1661 1137 1718 divinitus
1167 1661 1512 1716 illustratam.
1548 1662 1608 1715 In
1639 1677 1703 1715 ea
1724 1660 1851 1715 olim
1885 1697 1933 1763 Β
1957 1661 2198 1731 capiant.
2236 1663 2422 1730 (ξΒευΑ,
2462 1667 2524 1717 ΙΙ.
2556 1664 2655 1733 m.)
2689 1663 3002 1719 Edilbertus
3031 1681 3129 1719 rex
3159 1664 3574 1719 Cantuariorum

245 1759 445 1813 mulier
480 1763 670 1811 sancto
722 1754 980 1825 baptista:
1031 1753 1195 1808 nimis
1249 1754 1446 1808 devota
1486 1752 1780 1824 expetebat
1827 1770 1859 1807 a
1885 1752 1931 1763 "
1959 1753 2073 1808 obit
2105 1754 2273 1823 (168);
2305 1762 2425 1824 post
2447 1771 2608 1826 quem
2641 1754 2904 1810 Ealdbald
2935 1754 3080 1809 filius
3105 1755 3224 1825 ejus
3263 1754 3424 1808 annis
3443 1754 3574 1808 259³

246 1849 381 1917 Deo,
414 1845 610 1900 donari
633 1843 743 1898 sibi
775 1842 984 1914 aliquid
1012 1842 1080 1896 de
1104 1842 1370 1896 membris
1392 1842 1513 1910 ejus
1543 1859 1557 1907 ;
1591 1848 1645 1895 et
1677 1841 1729 1894 in
1759 1843 1861 1896 hac

248 1937 441 1994 orandi
472 1934 734 1991 instantia
763 1949 863 2004 per
886 1933 1188 1987 triennium
1223 1932 1545 2004 persistens,
1570 1949 1692 1987 cum
1725 1933 1863 1986 alter

247 2029 430 2104 quivis
452 2028 564 2100 jam
605 2033 792 2098 posset
817 2025 1132 2096 desperare.
1168 2024 1285 2095 ipsa
1339 2040 1496 2094 spem
1529 2023 1581 2078 in
1621 2024 1731 2079 Deo
1764 2039 1865 2095 po-

250 2138 389 2178 nens
412 2117 638 2189 juravit,
685 2133 747 2171 se
786 2132 898 2171 non
949 2115 1421 2181 manducaturam,
1483 2116 1663 2170 donec
1715 2114 1863 2186 quod

249 2212 493 2286 petebat,
524 2209 820 2280 acciperet.
851 2208 912 2262 Et
940 2207 1022 2262 sic
1079 2214 1294 2278 septem
1355 2207 1551 2261 diebus
1581 2207 1862 2275 jejunans.

247 2305 478 2377 septima
507 2301 731 2358 tandem
759 2300 847 2355 die
905 2299 1147 2370 desuper
1214 2299 1367 2353 altari
1429 2299 1687 2369 pollicem
1740 2298 1864 2352 miri

250 2391 509 2450 candoris
536 2405 802 2461 apparere
833 2388 1047 2454 videns,
1115 2389 1222 2442 leta
1253 2387 1460 2442 donum
1509 2387 1604 2440 Dei
1628 2388 1864 2458 accepit.

251 2483 331 2541 Ad
352 2479 498 2554 quod
521 2477 860 2534 adorandum
888 2485 999 2531 tres
1029 2477 1277 2548 episcopi
1309 2477 1614 2541 venientes,
1635 2492 1758 2530 cum
1798 2476 1868 2530 de

252 2576 359 2630 hoc
377 2577 566 2628 sancto
597 2570 829 2644 pignore
861 2577 1072 2640 partem
1094 2568 1295 2622 elicere
1326 2567 1552 2634 vellent,
1597 2577 1708 2624 tres
1737 2586 1867 2623 sau—

252 2668 437 2744 guinis
486 2675 668 2740 guttas
731 2680 795 2719 ex
853 2679 919 2719 eo
981 2662 1186 2718 stillare
1228 2663 1282 2716 in
1342 2664 1515 2718 linteo
1575 2666 1865 2736 supposito

253 2764 602 2830 stupuerunt,
651 2762 706 2811 et
768 2753 972 2830 singuli
1041 2753 1284 2828 singulas
1327 2770 1387 2810 se
1420 2756 1694 2811 meruisse
1719 2755 1868 2812 letati

253 2859 383 2906 sunt
402 2849 466 2903 νο.

361 2943 486 2997 614.
629 2940 684 2992 2.
809 2937 898 2992 23.

1021 2936 1110 2992 27.
1229 2937 1319 2992 22.
1443 2937 1532 2992 53.
1660 2941 1707 2994 1.

1962 1844 2228 1916 regnavit.
2290 1844 2532 1899 Raduald
2585 1853 2764 1900 autem
2823 1861 2913 1901 rex
2961 1846 3313 1902 orientalium
3369 1846 3577 1917 Anglo-

1965 1955 2104 2006 rum,
2138 1939 2414 1994 Edilberto
2440 1948 2678 2007 mortuo,
2705 1941 2851 1996 illam
2873 1958 3040 2012 super
3087 1942 3292 2016 Anglos
3310 1941 3577 2016 regnandi

1967 2031 2266 2101 potentiam
2296 2042 2523 2103 quartus
2573 2034 2807 2104 accepit,
2842 2042 2901 2088 ut
2953 2036 3057 2089 sub
3111 2043 3247 2090 nutu
3314 2034 3435 2102 ejus
3483 2033 3580 2088 alii

1966 2122 2260 2194 Anglorum
2290 2138 2450 2197 reges
2477 2131 2790 2197 regnarent.
2852 2124 3117 2179 Edilfrido
3173 2140 3399 2196 quoque
3444 2125 3582 2179 Nor-

1968 2211 2398 2281 danymbrorum
2460 2230 2588 2284 rege
2654 2230 2686 2267 a
2725 2213 3008 2269 Radualdo
3059 2231 3188 2290 rege
3271 2222 3583 2284 perempto,

1969 2301 2213 2354 Eduinus
2245 2318 2474 2373 regnum
2507 2302 3048 2373 Nordanymbrorum
3099 2303 3364 2373 suscepit.
3393 2303 3583 2373 (PAUL.

1970 2391 2144 2459 Duc.)
2178 2390 2318 2444 Huni
2347 2389 2735 2464 Longobardos
2767 2391 2823 2444 in
2869 2391 3024 2445 Italia
3051 2391 3356 2456 debellant,
3399 2397 3454 2444 et
3482 2391 3590 2446 Fo-

1970 2500 2088 2538 rum
2112 2482 2240 2537 Julii
2275 2483 2585 2553 proditione
2624 2489 2845 2553 captum
2905 2483 3196 2554 dissipant.
3227 2485 3303 2553 (V.
3339 2482 3395 2537 S.
3431 2485 3586 2552 Lupi)

1968 2573 2200 2627 Sanctus
2229 2572 2410 2642 Lupus
2440 2573 2780 2627 Senonensis
2811 2573 3108 2644 episcOpus
3129 2573 3317 2638 claret,
3368 2572 3455 2626 cui
3475 2571 3587 2626 ali-

1969 2663 2192 2733 quando
2231 2661 2616 2716 cucharistiam
2665 2663 3007 2717 consecranti
3056 2678 3274 2736 gemma
3331 2661 3400 2715 de
3452 2660 3589 2715 caelo

1971 2771 2001 2808 a
2031 2755 2209 2809 Deoin
2243 2754 2416 2808 calice
2443 2754 2753 2808 descendit.

2134 2846 2258 2901 617.
2372 2845 2424 2900 5.
2537 2847 2626 2900 26.
2741 2847 2829 2902 30.
2941 2848 3030 2902 25.
3147 2850 3195 2902 1.
3345 2848 3398 2900 4.

2046 2938 2130 3006 (II.
2161 2938 2262 3008 m.)
2294 2939 2333 2990 A
2364 2938 2542 2992 Persis
2570 2937 2844 2993 Palestina
2894 2939 3040 2994 bello
3069 2939 3358 3010 premitur.
3387 2939 3590 2992 Sancta

328 3031 512 3102 (Mam,
547 3027 609 3083 Η.
648 3045 724 3083 m.
754 3046 769 3094 ;
801 3028 1003 3082 Buacu.
1035 3045 1165 3094 xvn,
1216 3029 1332 3100 44.)
1363 3029 1505 3084 Deus
1545 3029 1699 3084 dedit
1757 3029 1872 3085 110-
1900 3062 1949 3131 C
1975 3042 2198 3098 quoque
2230 3027 2438 3087 civitas,
2453 3026 2702 3098 capitur;
2740 3029 2792 3082 in
2813 3044 2877 3082 ea
2907 3044 3082 3099 usque
3137 3028 3207 3081 90
3236 3029 3388 3082 milia
3441 3028 3592 3082 viro-

257 3139 434 3180 manae
455 3120 718 3178 zecclesize
749 3119 876 3174 6511'
909 3120 1172 3190 presidet.
1208 3119 1304 3175 1110
1351 3121 1641 3177 constituit
1664 3139 1870 3178 secun-
1905 3119 1949 3131 ν
1974 3139 2091 3176 rum
2122 3123 2469 3192 perimuntur
2502 3139 2515 3186 ;
2545 3123 2831 3177 Zacharias
2884 3122 3190 3193 patriarcha
3244 3123 3549 3193 captivatur
3576 3139 3592 3185 ;

259 3221 385 3274 dam
413 3216 635 3271 missam
670 3215 726 3269 in
753 3214 923 3270 clero.
956 3214 1052 3269 1110
1081 3214 1247 3268 etiam
1281 3215 1585 3271 secundum
1619 3217 1873 3273 instituta
1971 3231 2102 3269 crux
2134 3215 2251 3284 ipsa
2283 3214 2563 3268 dominica
2594 3223 2783 3268 sancta
2810 3223 3140 3285 asportatur.
3178 3213 3259 3284 (G.
3307 3230 3356 3266 r.
3384 3212 3469 3282 F.)
3503 3213 3592 3266 ln-

259 3307 525 3376 majorum
555 3319 780 3359 suorum
813 3302 1079 3368 decrevit,
1121 3301 1246 3358 utsi
1271 3303 1363 3375 qui
1417 3303 1518 3358 viri
1551 3306 1634 3360 vel
1665 3305 1869 3360 mulie-
1975 3310 2055 3357 ter
2085 3303 2276 3356 fratres
2303 3303 2703 3358 Theodericum
2733 3311 2786 3358 et
2811 3303 3254 3358 Theodebertum
3287 3317 3467 3376 reges,
3502 3302 3594 3355 in-

259 3414 349 3453 res
378 3411 511 3452 suos
566 3394 669 3466 ipsi
712 3394 856 3449 ﬁlios
891 3409 1243 3466 quocumque
1285 3395 1448 3451 modo
1471 3396 1540 3451 de
1579 3406 1770 3453 sancto
1795 3398 1875 3452 la.-
1973 3392 2173 3446 stinctu
2222 3391 2357 3445 aviaa
2415 3408 2604 3446 eorum
2654 3391 3046 3456 Grunichildis,
3075 3392 3198 3463 plus
3237 3407 3398 3463 quam
3429 3391 3593 3446 civile

257 3506 418 3546 vacro
449 3487 820 3558 susceperint,
859 3496 1189 3557 separentur
1245 3487 1313 3542 ab
1370 3488 1606 3544 invicem
1636 3509 1652 3555 ;
1702 3491 1785 3545 vel
1827 3492 1873 3543 si
1974 3484 2179 3538 bellum
2207 3485 2380 3540 oritur
2413 3503 2427 3548 ;
2461 3502 2754 3557 pugnaque
2786 3485 3100 3552 commissa,
3134 3491 3258 3556 post
3288 3485 3591 3539 inaestima-

258 3581 382 3654 quis
401 3579 486 3634 vir
514 3585 872 3634 commatrem
912 3593 1090 3645 suam,
1121 3578 1206 3632 vel
1237 3578 1281 3632 si
1333 3595 1442 3650 qua
1485 3580 1684 3634 mulier
1730 3597 1877 3636 com-

261 3680 469 3746 patrem
487 3687 647 3726 suum
666 3685 696 3724 a
723 3669 900 3740 primo
944 3669 1092 3724 dono
1135 3669 1374 3740 Spiritus
1403 3672 1764 3744 sancti,quod
1795 3679 1878 3727 est

259 3767 523 3838 pabulum
544 3763 677 3818 salis
709 3763 930 3827 sacrati,
987 3779 1162 3834 usque
1209 3764 1277 3818 ad
1331 3765 1627 3834 septimum
1669 3767 1875 3821 donum

261 3853 496 3927 Spiritus
526 3850 701 3905 sancti
757 3851 812 3903 in
857 3849 1178 3923 conjugium
1233 3851 1471 3917 duxerit,
1500 3859 1873 3922 separentur;

259 3942 458 3997 mulier
484 3946 668 3993 tamen
689 3937 996 3992 maritalem
1028 3938 1211 3992 dotem
1244 3938 1495 4008 recipiat,
1538 3947 1592 3993 et
1625 3949 1748 4010 post
1779 3956 1876 3994 ex-

263 4036 470 4106 pletum
498 4048 703 4086 annum
752 4031 929 4096 alteri,
968 4031 1014 4086 si
1039 4030 1174 4096 vult,
1213 4032 1386 4087 nubat
1415 4035 1479 4088 ⁹¹.
1508 4034 1671 4102 (Fasn
1703 4035 1880 4104 )San-

261 4135 379 4182 ctus
407 4122 777 4179 Columbanus
801 4138 832 4176 a
860 4119 1204 4177 Theoderico
1243 4138 1372 4196 rege
1424 4122 1686 4178 instinctu
1737 4124 1874 4179 Bru-

261 4211 522 4270 nichildis
551 4211 686 4267 aviae
719 4210 1012 4282 expellitur
1069 4210 1314 4266 Francia.
1349 4211 1449 4276 Qui
1505 4219 1646 4282 post,
1678 4213 1871 4269 relicto

261 4301 410 4357 Gallo
437 4300 708 4371 discipqu
757 4314 856 4354 suo
918 4299 972 4352 in
1017 4297 1358 4366 Alemannia,
1400 4299 1718 4354 coenobium
1771 4300 1870 4354 Bo-

259 4396 410 4452 bium
439 4393 742 4450 construxit
771 4392 828 4446 in
879 4391 1035 4446 Italia
1083 4392 1160 4462 (γ.
1214 4392 1356 4462 Am.)
1405 4392 1635 4446 Sanctus
1673 4393 1875 4445 Aman-

261 4491 366 4546 dus
387 4488 720 4546 Elnonensis
751 4504 848 4560 per
877 4487 1075 4542 Gallias
1130 4486 1516 4541 miraculorum
1545 4493 1598 4541 ct
1631 4486 1875 4557 predica-

264 4583 432 4641 tionis
465 4584 642 4657 gratia
685 4583 1042 4639 clarescebat.
1095 4581 1397 4637 Allowinus
1448 4582 1633 4644 etiam,
1706 4583 1877 4653 quiet

264 4673 430 4736 Davo,
461 4687 562 4742 per
576 4687 704 4725 eum
731 4687 796 4725 ex
825 4671 1072 4742 predone
1101 4685 1401 4726 conversus
1423 4677 1477 4724 et
1518 4669 1758 4724 Gandavi
1781 4686 1874 4725 so-

266 4762 444 4820 litarie
499 4762 767 4829 reclusus,
845 4763 1151 4818 sanctitatis
1216 4763 1528 4834 exemplum
1585 4771 1702 4817 erat
1758 4779 1877 4818 om-

266 4851 452 4907 nibus.

405 4941 530 4998 615.
663 4941 716 4995 3.
828 4941 917 4996 ‘24.
1028 4943 1118 4998 28.
1227 4943 1318 4999 23.
1429 4945 1518 4999 54.
1667 4943 1723 5000 2.

337 5037 526 5105 (Βευλ,
577 5032 640 5088 Η.
695 5033 767 5105 e.)
824 5033 1128 5090 Edilfridus
1176 5052 1273 5090 rex
1329 5036 1870 5108 Nordanymbrorum

265 5143 450 5203 regem
482 5127 789 5183 Scottorum
823 5125 944 5206 Ean~
993 5142 1117 5181 cum
1177 5127 1436 5183 omnibus
1494 5145 1637 5200 pene
1678 5128 1794 5183 suis
1825 5129 1877 5182 in

1976 3573 2145 3627 bilem
2201 3580 2438 3644 stragem
2493 3573 2909 3628 Theodebertus
2963 3573 3178 3644 capitur
3204 3574 3394 3643 (Bson,
3422 3575 3489 3629 ΙΙ.
3518 3574 3592 3642 e.)

1979 3667 2080 3721 Per
2101 3667 2457 3722 Ealdbaldum
2487 3674 2538 3721 et
2577 3666 2720 3723 filios
2745 3667 2980 3722 Sibercti
3002 3668 3069 3722 ad
3094 3667 3456 3723 idololatriam
3487 3669 3597 3721 An-

1979 3756 2055 3830 gli
2084 3757 2456 3810 revolvuntur.
2489 3756 2567 3825 (P.
2599 3757 2684 3826 D.)
2717 3757 2930 3829 Agilufo
2950 3757 3436 3830 Langobardorum
3465 3772 3596 3830 rege

1980 3855 2218 3917 mortuo,
2251 3848 2581 3903 Adaloaldus
2605 3849 2750 3904 filius
2776 3849 2896 3916 ejus
2925 3857 3118 3923 regnat
3143 3849 3303 3904 annis
3329 3851 3414 3905 12.

2156 3940 2281 3993 618.
2393 3941 2446 3994 6.
2571 3941 2662 3996 27.
2798 3940 2887 3997 31.
3026 3944 3075 3996 1.
3189 3940 3224 3995 2
3357 3941 3411 3994 5.

2054 4032 2134 4101 (G.
2187 4040 2362 4102 pont.,
2415 4032 2578 4105 an.)
2641 4033 2965 4089 Bonefacius
3013 4035 3272 4088 Romanae
3329 4033 3595 4089 azcclesim

1979 4124 2107 4177 6603
2139 4125 2396 4194 presidet.
2429 4124 2545 4194 (lvo
2596 4131 2742 4180 Decr.
2795 4143 2893 4191 vn,
2939 4125 3053 4198 22.)
3085 4126 3180 4180 llic
3237 4126 3502 4192 decrevit,
3536 4137 3596 4182 ut

1976 4215 2160 4268 nullus
2189 4218 2433 4271 trahatur
2460 4217 2732 4272 violenter
2783 4217 2853 4272 de
2907 4217 3172 4272 aecclesia.
3202 4217 3296 4272 llic
3323 4218 3588 4284 decrevit,

1976 4311 2036 4358 ut
2066 4305 2320 4358 monachi
2380 4305 2434 4358 in
2485 4303 2669 4360 ofﬁcio
2719 4307 3076 4361 sacerdotalis
3133 4309 3337 4382 gradus
3365 4315 3591 4363 utantur

1977 4401 2250 4464 potestate
2290 4395 2496 4468 ligandi
2547 4403 2712 4468 atque
2763 4397 3014 4451 solvendi
3069 4399 3136 4453 93.
3167 4400 3377 4468 (Faun.,
3422 4399 3592 4466 Buux,

1975 4484 2142 4552 11.3.)
2184 4484 2554 4539 Theodericus
2582 4502 2675 4540 rex
2730 4486 3060 4541 Francorum
3123 4490 3370 4543 moritur.
3436 4489 3598 4543 Eald-

1978 4575 2175 4630 baldus
2192 4592 2283 4630 rex
2305 4576 2626 4632 idololatriae
2649 4578 3020 4634 abrenuntiat.
3035 4580 3322 4634 Lotharius
3343 4597 3432 4634 rex
3452 4581 3600 4636 tilios

1977 4667 2307 4724 Theoderici
2337 4669 2480 4739 regis
2507 4669 2562 4724 in
2595 4669 2742 4725 bello
2773 4679 2964 4740 captos
3014 4671 3239 4727 occidit.
3295 4673 3599 4728 Brunicvil-

1981 4759 2105 4814 dem
2136 4777 2358 4832 quoque
2387 4762 2630 4834 reginam
2659 4778 2770 4818 uno
2799 4764 2940 4834 pede
2959 4771 3013 4818 et
3042 4763 3270 4820 brachio
3285 4765 3593 4831 multatam,

1979 4853 2047 4906 ad
2074 4856 2302 4910 caudam
2335 4873 2490 4928 equae
2542 4856 2823 4911 indomitae
2890 4858 3196 4932 religatam,
3249 4859 3597 4914 membratim

1979 4942 2218 5016 discerpi
2247 4947 2375 5002 fecit
2405 4967 2418 5014 ;
2449 4949 2727 5018 impntans
2776 4949 2849 5014 ei,
2905 4951 3052 5020 quod
3085 4951 3275 5005 decem
3308 4967 3467 5025 reges
3499 4969 3599 5021 per

1977 5048 2095 5087 eam
2132 5035 2363 5092 fuissent
2393 5037 2633 5092 extincti.
2672 5037 2733 5092 Et
2762 5038 2842 5092 sic
2869 5040 3187 5094 monarchia
3238 5041 3394 5112 regni
3426 5040 3593 5095 Fran-

1982 5143 2172 5183 corum
2226 5127 2294 5182 ad
2341 5143 2465 5182 eum
2527 5127 2687 5184 redit.
2742 5129 2894 5200 (G.r.
2924 5132 2983 5186 F.
3017 5129 3278 5200 G.pont.)
3333 5130 3595 5187 Eleuthe-

1621 5265 1841 5320 VARI/I3
1879 5264 2257 5321 LFCTIONES.

333 5387 380 5421 ⁹⁰
405 5392 468 5444 in
494 5390 738 5445 locoraso
770 5389 1054 5458 ampliavit
1084 5383 1174 5459 Sig

1179 5431 1212 5462 ._
1255 5392 1399 5445 curis
1425 5391 1671 5462 secundis
1701 5391 1744 5426 ⁹¹
1778 5391 1874 5445 1110
1918 5389 2083 5462 etiam
2136 5420 2206 5430 ——
2249 5389 2420 5445 nubat
2471 5395 2532 5446 in
2584 5409 2757 5462 marg.
2806 5393 2916 5462 Sig.
2969 5393 3351 5450 curistertiis”
3379 5394 3594 5452 XXIIII.

263 5457 354 5517 CI.
383 5459 436 5514 3.
468 5459 623 5516 XXII.
655 5477 724 5516 ex
749 5457 886 5516 corr.
921 5461 982 5516 D.
1023 5461 1065 5496 ’ί
1101 5457 1159 5517 II.
1183 5459 1236 5514 d.
1273 5476 1326 5516 u.
1363 5477 1435 5516 m.
1472 5461 1508 5515 i.
1541 5477 1574 5518 o
1626 5479 1671 5517 s.
1700 5479 1756 5536 g.
1781 5477 1834 5516 u.
1870 5479 1924 5534 p.
1955 5461 1992 5516 I.
2017 5478 2067 5516 a.
2097 5478 2142 5518 s.
2171 5465 2230 5516 in
2257 5478 2455 5518 rasura
2484 5465 2600 5533 Sig.
2639 5457 2784 5520 cu'rz's
2808 5457 3056 5520 secundis
3100 5466 3268 5533 νεα.

326 5714 470 5786 (167)
505 5713 653 5772 Beda
682 5714 787 5773 hoc
801 5715 1003 5772 factum
1034 5717 1170 5774 dicit
1197 5736 1246 5776 ι.
1270 5717 1394 5776 603.

1910 5547 2128 5644 Nom.

2044 5716 2200 5788 (168)
2232 5717 2379 5774 Beda
2407 5733 2464 5773 a.
2501 5716 2634 5774 613.
