3870 6060
203 223 306 276 117

203 441 390 497 Romae
451 444 755 514 perimitur.
816 443 925 500 Hoc
977 452 1226 518 tempore
1272 457 1604 508 terremotus
1653 455 1828 523 major

203 546 397 586 mense
443 533 688 605 Augusto
717 551 732 599 ;
763 541 819 588 et
869 542 1060 590 secuta
1113 544 1195 594 est
1240 539 1428 594 clades
1485 541 1540 596 in
1598 544 1825 613 populo,

203 621 494 692 percussio
547 622 761 678 scilicet
823 625 1160 693 scabicrum,
1221 628 1293 682 ita
1350 638 1409 684 ut
1429 633 1611 686 nullus
1643 641 1829 703 posset

203 725 506 782 agnoscere
557 718 829 766 mertuum
886 729 1043 768 suum
1078 715 1158 786 (Α.
1195 719 1369 790 Leod.)
1395 719 1680 776 Johannes
1710 723 1828 777 Ele-

204 799 541 854 mosinarius
567 800 700 855 obit.
738 801 820 872 (II.
855 803 956 874 τη.)
1002 804 1184 862 Persae
1210 807 1497 880 Egyptum
1542 810 1828 867 incursan-

200 894 308 954 tes,
337 888 726 944 Alexandriam
765 892 990 962 capiunt
1014 895 1077 948 9‘.

343 980 467 1035 619.
504 981 567 1035 Β.
611 983 667 1040 7.
696 982 753 1038 P.
799 984 888 1038 28.
924 985 979 1040 F.
1022 987 1111 1042 32.
1143 988 1200 1042 L.
1229 988 1282 1044 2.
1314 991 1373 1044 A.
1404 990 1459 1048 3.
1490 992 1574 1047 W.
1627 995 1678 1048 6.

275 1071 344 1141 (Η
407 1072 510 1142 m.)
543 1073 723 1129 Persae
755 1075 961 1131 Libiam
1012 1079 1380 1150 incursantes,
1438 1086 1822 1160 Carthaginem

203 1166 457 1237 capiunt.
487 1167 655 1229 (Faao
682 1170 700 1240 )
726 1170 1016 1226 Lotharius
1044 1189 1136 1228 rex
1163 1175 1429 1231 tributum
1491 1179 1558 1232 12
1606 1181 1817 1236 milium

199 1255 699 1329 solidorum,quod
732 1259 1074 1334 Langobardi
1133 1264 1355 1320 Francis
1401 1268 1699 1336 solverant,
1733 1287 1820 1326 re-

200 1345 365 1410 laxat,
424 1345 802 1419 Langobardis
882 1359 1150 1422 perpetuo
1235 1354 1342 1408 sibi
1410 1357 1818 1414 confeederatis.

206 1437 369 1503 ΒευΑ,
429 1438 514 1504 (Η.
546 1439 619 1508 e.)
670 1440 997 1498 Laurentius
1053 1445 1332 1501 secundus
1383 1449 1678 1521 Anglorum
1712 1453 1824 1523 epi-

201 1545 378 1599 c0pus
437 1529 599 1586 obiit.
921 1584 923 1586 .

309 1621 436 1677 620.
577 1623 630 1678 8.
771 1625 864 1681 29.
1006 1628 1093 1684 33.
1239 1630 1290 1686 3.
1431 1634 1482 1687 4.
1623 1635 1675 1688 7.

278 1712 363 1780 (II.
401 1712 504 1781 τη.)
548 1712 824 1770 Chosdroe
876 1733 967 1770 rex
1014 1717 1301 1776 Persarum
1334 1739 1523 1793 pacem
1555 1740 1678 1778 eum
1731 1725 1831 1780 Ro-

140 1849 142 1852 .
202 1803 384 1858 manis
411 1804 592 1860 facere
630 1807 782 1862 nullo
829 1811 994 1865 modo
1027 1813 1308 1868 ammittit.
1363 1815 1571 1886 (ΒευΑ.)
1601 1818 1829 1873 Anasta-

201 1893 318 1948 sius
368 1894 530 1949 Persa
572 1913 638 1951 ex
686 1915 849 1972 mago
898 1902 1235 1959 christianus
1293 1915 1348 1961 et
1399 1909 1724 1975 monachus,
1793 1926 1824 1964 a

201 1981 382 2036 Persis
409 1991 624 2053 captus,
681 1994 804 2056 post
853 1989 1104 2057 verbera,
1164 1993 1385 2049 vincula
1437 2001 1489 2049 et
1545 2012 1820 2065 carceres,

198 2081 327 2142 post
357 2073 629 2130 diutinam
671 2079 1072 2148 appensionem
1096 2099 1195 2154 per
1225 2101 1388 2140 unam
1423 2103 1670 2153 manum,
1699 2097 1821 2142 tau-

196 2166 325 2220 dem
368 2167 592 2223 absciso
658 2171 856 2241 capite,
918 2189 1038 2227 cum
1107 2176 1231 2231 aliis
1295 2178 1365 2232 7O
1419 2181 1814 2250 martyrizatur.

200 2255 302 2325 [(V.
346 2257 502 2326 Far.)
560 2259 720 2334 Virgo
788 2260 987 2318 Christi
1035 2264 1169 2319 Fara
1233 2267 1380 2323 clare
1437 2269 1492 2323 in
1551 2269 1818 2339 Francia.,

197 2345 326 2414 Ejus
371 2347 538 2402 etiam
598 2351 944 2406 sanctitatem
992 2355 1238 2411 imitatus
1287 2357 1452 2413 frater
1514 2359 1635 2428 ejus
1684 2362 1820 2418 Faro

196 2454 262 2492 ex
294 2441 499 2494 comite
533 2442 785 2510 clericus,
810 2454 865 2501 et
889 2461 953 2499 ex
980 2446 1180 2504 clerico
1213 2449 1576 2508 Meldensium
1611 2454 1822 2525 episco-

196 2544 305 2598 pus
339 2529 515 2584 claret
545 2531 590 2564 95

379 2619 506 2674 621.
654 2624 704 2676 9.
823 2624 910 2679 30.
1011 2625 1099 2682 31.
1215 2629 1268 2682 4.
1417 2631 1471 2685 6.
1583 2633 1636 2686 8.

271 2712 488 2784 (Faue)
521 2715 824 2774 Sisebodus
857 2736 948 2774 rex
989 2721 1425 2796 Wisigotharum
1469 2734 1661 2782 contra
1713 2729 1820 2784 Ro-

198 2821 397 2859 manos
429 2806 644 2862 fortiter
673 2809 820 2883 agit;
863 2812 1202 2880 provinciam
1235 2814 1482 2886 aliasque
1513 2818 1761 2874 civitates
1791 2839 1821 2875 a

197 2893 424 2948 Francis
453 2903 689 2950 extortas
715 2897 783 2951 ad
816 2899 1246 2973 Wisigothorum
1273 2903 1364 2971 jus
1393 2905 1612 2978 redigit.

380 2985 509 3040 622.
623 2987 710 3041 10.
825 2989 912 3045 31.
1027 2991 1118 3045 35.
1251 2993 1302 3048 5.
1417 2997 1469 3050 6.
1583 2996 1636 3051 9.

1717 234 2058 291 CHRONICA.

206 366 317 404 rius
395 351 660 420 patricius
733 350 994 408 aﬂ'ectans
1069 354 1439 412 Romanorum
1504 359 1822 431 imperium,
1852 366 1904 434 Α

3448 247 3548 302 118

2071 364 2196 417 627.
2309 363 2394 419 15.
2509 364 2596 420 36.
2712 367 2800 419 46.
2914 368 3003 422 10.
3118 369 3205 424 11.
3308 370 3400 424 14.

2003 452 2296 507 Florebant
2323 453 2379 506 in
2431 453 2620 508 Galliis
2650 455 3025 527 Austrigisilus
3066 457 3441 527 Bituricensis,
3494 470 3551 517 et

1929 542 2032 597 sub
2065 559 2131 599 eo
2163 544 2459 615 Sulpicius,
2489 545 2854 601 Chunibertus
2883 547 3247 617 Coloniensis,
3272 551 3548 607 etJohan-

1931 653 2030 691 nes
2059 639 2392 712 Tungrensis
2431 639 2495 695 9°.
2541 642 2599 693 In
2653 641 2926 712 Hispaniis
2977 643 3217 700 Isidorus
3257 645 3542 717 Spalensis

1931 733 2043 779 tum
2069 727 2378 793 sanctitate,
2409 735 2516 782 tum
2551 729 2801 783 doctrina
2823 730 3082 786 elarebat.

2071 834 2196 890 628.
2309 837 2396 890 16.
2511 837 2600 894 37.
2716 839 2808 907 41,
2921 840 3008 894 11.
3125 842 3212 896 12.
3313 844 3399 898 15.

2001 933 2084 1004 (ﬂ.
2121 934 2221 1002 in.)
2245 935 2523 991 Heraclius
2555 937 2748 991 Persas
2782 939 2930 1010 gravi
2973 940 3150 1009 prelio
3176 942 3450 1009 contrivit,
3486 944 3543 998 in

1927 1039 2036 1093 quo
2061 1031 2337 1094 pretorem
2403 1026 2686 1080 Persarum
2729 1041 3035 1099 omnesque
3095 1045 3238 1100 pene
3267 1031 3546 1103 principes

1925 1111 2161 1180 peremit
2188 1131 2203 1176 ;
2234 1113 2578 1168 etPersidem
2613 1125 2962 1188 pervagatus,
2985 1116 3235 1171 miranda
3252 1119 3543 1175 Persarum

1925 1203 2126 1273 palatia
2158 1205 2459 1258 combussit
2506 1212 2559 1259 et
2612 1205 2831 1274 dejecit.
2866 1207 3078 1278 (Faue)
3131 1209 3420 1266 Lotharius
3448 1229 3542 1267 rex

1925 1294 2097 1349 tilium
2129 1312 2286 1350 suum
2320 1296 2688 1370 Dagobertum
2756 1298 2810 1350 in
2843 1314 3013 1370 regno
3045 1300 3272 1355 ascitum
3309 1302 3542 1373 Pippino

1926 1393 1980 1437 et
2042 1384 2270 1440 Arnulfo
2318 1386 2609 1442 committit
2663 1387 2730 1440 ad
2808 1388 3107 1443 Austrasiis
3175 1393 3539 1465 regnandum.

1925 1475 2089 1544 (Benx
2124 1479 2190 1530 H.
2225 1477 2295 1547 θ.)
2344 1477 2590 1532 Eduinus
2647 1494 2740 1532 rex
2771 1479 3311 1551 Nordanymbrorum
3342 1500 3372 1536 a
3401 1483 3540 1538 Pau-

1924 1569 2038 1623 lino
2064 1570 2326 1641 episcopo
2355 1571 2685 1641 baptizatur,
2726 1580 2781 1627 et
2811 1581 2933 1643 post
2976 1575 3315 1631 Radoaldum
3344 1585 3544 1648 poten-

1859 1672 1908 1740 Β
1934 1660 2041 1715 tius
2070 1663 2284 1716 caeteris
2315 1679 2485 1733 super
2508 1663 2707 1737 Anglos
2733 1666 3092 1736 principatur.

2073 1774 2194 1828 629.
2311 1776 2397 1829 17.
2511 1775 2599 1832 38.
2713 1777 2802 1831 42.
2915 1779 3000 1831 12.
3108 1779 3196 1835 13.
3310 1781 3398 1837 16.

2001 1885 2085 1951 (Η,
2135 1886 2236 1951 m)
2291 1885 2515 1954 Syrohis
2545 1902 2668 1939 cum
2719 1886 3004 1941 Persarum
3034 1888 3385 1960 principibus
3409 1905 3545 1945 con-

1926 1976 2006 2024 tra
2034 1978 2247 2041 patrem
2280 1989 2437 2026 suum
2469 1973 2750 2028 Chosroen
2807 1975 3120 2038 insurrexit,
3159 1986 3214 2031 et
3245 1993 3380 2048 pace
3413 1994 3536 2032 cum

1923 2059 2254 2129 imperatore
2275 2060 2520 2115 Heraclio
2552 2061 2897 2127 confirmata,
2926 2069 3134 2132 patrem
3200 2081 3358 2120 suum
3415 2082 3540 2120 cum

1923 2153 2050 2208 ﬁliis
2082 2154 2255 2224 ipsius
2283 2155 2537 2224 peremit,
2567 2162 2620 2209 et
2657 2170 2803 2209 anno
2831 2172 2940 2210 uno
2970 2158 3218 2229 regnavit
3247 2161 3322 2229 (V.
3353 2165 3539 2230 Dag.).

1924 2248 2263 2320 Dagobertus
2295 2248 2426 2302 iram
2456 2249 2624 2319 patris
2682 2249 2768 2302 sui
2829 2249 3066 2304 Lotharii
3099 2251 3246 2322 regis
3286 2254 3539 2322 meritus,

1923 2339 2050 2410 quia
2089 2339 2462 2393 consiliarium
2535 2340 2654 2407 ejus
2694 2355 2879 2394 cesum
2925 2347 2980 2394 et
3025 2341 3317 2397 detonsum
3363 2345 3541 2400 deho-

1923 2442 2252 2499 nestaverat,
2298 2434 2539 2488 Parisius
2592 2435 2660 2488 ad
2725 2435 3013 2490 ecclesiam
3072 2438 3245 2492 sancti
3301 2439 3532 2496 Dionisii

1921 2526 2428 2600 confugit;etquia
2452 2527 2578 2581 inde
2612 2527 2763 2582 nullo
2786 2527 2950 2582 modo
2984 2529 3192 2584 extrahi
3226 2531 3428 2600 potuit,
3455 2532 3542 2589 lo-

1923 2629 2044 2668 cum
2081 2615 2232 2670 illum
2253 2632 2476 2688 semper
2497 2617 2649 2672 cordi
2679 2617 2890 2672 habuit.

2063 2726 2352 2781 630.18.
2470 2727 2558 2782 39.
2672 2728 2760 2783 43.
2878 2729 2962 2782 13.
3081 2730 3166 2786 14.
3303 2732 3390 2786 17.

1994 2833 2268 2903 (A.Leod.)
2310 2833 2454 2888 Obiit
2483 2843 2706 2890 sanctus
2757 2837 2917 2892 Bavo.
2975 2835 3059 2907 (Η.
3109 2838 3538 2909 m.)Heraclius,

1922 2921 2141 2975 Perside
2174 2923 2385 2977 devicta
2432 2929 2485 2977 et
2535 2940 2668 2993 pace
2718 2924 2862 2980 inter
2908 2926 3184 2982 Romanos
3244 2937 3299 2982 et
3343 2928 3540 2985 Persas

1923 3012 2444 3079 confirmata,rediit
2475 3031 2599 3070 cum
2629 3016 2820 3087 gloria.
2855 3016 3050 3088 Syrohi
3115 3035 3244 3093 rege
3297 3027 3539 3088 mortuo,

265 3077 453 3180 (6:19..
495 3079 653 3142 MAR)
723 3081 992 3139 Honorius
1048 3086 1309 3143 Romanae
1368 3091 1630 3146 ecclesiae
1691 3071 2116 3159 67USCAdesir
2137 3071 2385 3177 regnavit
2421 3113 2546 3177 post
2606 3071 2753 3176 eum,
2806 3071 3001 3177 (P,‘D,)
3036 3071 3539 3188 “adiutis—5g}

196 3171 467 3241 presidet,
504 3174 580 3242 (V.
618 3177 747 3247 Col)
800 3178 1031 3234 Sanctus
1072 3180 1440 3238 Columbanus
1476 3184 1612 3241 obit.
1645 3187 1816 3243 Disci-

197 3266 366 3335 pulus
396 3267 516 3336 ejus
542 3269 725 3324 Gallus
766 3271 819 3325 in
842 3274 1162 3331 Alemannia
1197 3277 1385 3333 claret.

411 3363 536 3421 623.
618 3367 704 3420 11.
781 3368 868 3426 32.
981 3372 1070 3427 36.
1183 3375 1236 3428 6.
1352 3376 1406 3429 7.
1513 3378 1597 3432 10.

268 3452 350 3512 (Η.
386 3457 486 3523 m.)
529 3453 810 3513 Chosdroe
861 3476 1125 3516 successu
1186 3463 1382 3530 elatus,
1441 3465 1494 3519 in
1542 3465 1817 3524 effusione

195 3539 425 3594 humani
474 3545 764 3618 sanguinis
802 3557 856 3603 et
923 3551 1154 3606 maxime
1206 3553 1633 3609 Christianorum
1675 3557 1817 3612 ultra

193 3629 423 3683 modum
455 3641 756 3705 grassatur.
797 3636 1074 3694 Heraclius
1121 3641 1421 3712 imperator
1468 3644 1638 3699 lluuis
1684 3661 1818 3700 con-

193 3718 518 3775 fwderatur.

377 3816 501 3872 624.
617 3819 705 3872 12.
817 3823 904 3876 33.
1019 3825 1108 3882 37.
1219 3830 1271 3883 7.
1378 3831 1430 3883 8.
1547 3832 1634 3888 11.

268 3907 355 3976 (Η.
389 3910 488 3977 m.)
549 3909 827 3968 Heraclius
883 3913 950 3968 ad
1011 3915 1199 3971 Persas
1255 3918 1618 3976 debellandos
1649 3921 1815 3992 proﬁ-

195 3995 440 4061 ciscens,
474 3997 686 4054 virilem
725 4001 821 4056 Dei
869 4001 1098 4076 ﬁguram
1132 4005 1186 4059 in
1227 4006 1482 4063 manibus
1513 4010 1814 4081 accipiens,

193 4104 360 4158 quam
392 4105 589 4144 manus
616 4107 725 4146 non
748 4093 1135 4166 depinxerunt,
1167 4099 1264 4152 sed
1292 4099 1345 4152 in
1370 4100 1529 4155 icona
1563 4103 1814 4169 verbum,

194 4181 347 4249 quod
379 4182 569 4235 omnia
625 4182 823 4240 format
878 4195 1044 4259 atque
1101 4191 1404 4261 componit,
1435 4193 1560 4247 sine
1605 4194 1819 4264 pictura

1918 3198 2400 3274 Langobardorum
2456 3202 2718 3269 extincto,
2780 3203 3066 3258 Rotharith
3125 3207 3542 3279 regnavitjpost

1918 3310 2042 3348 eum
2074 3295 2342 3362 annis16,
2402 3296 2588 3365 (Benx,
2642 3303 2701 3350 Η.
2753 3301 2854 3366 m.)
2908 3299 3216 3370 Erpualdus
3275 3317 3389 3368 rex,
3445 3301 3536 3374 qui

1917 3401 2040 3440 cum
2071 3392 2222 3455 patre
2267 3403 2369 3441 suo
2421 3388 2703 3443 Radoaldo
2735 3405 2765 3442 a
2797 3388 2905 3443 fide
2947 3390 3140 3445 Christi
3183 3400 3537 3462 apostatave-

1919 3489 2020 3546 rat,
2053 3496 2217 3534 suasu
2276 3481 2471 3535 Eduini
2529 3482 2676 3556 regis
2715 3499 2835 3538 cum
2878 3490 3042 3555 gente
3072 3501 3168 3538 sua
3209 3485 3538 3542 idololatria:

1919 3571 2270 3625 abrenuntiat
2321 3573 2408 3640 (Π.
2445 3573 2542 3642 m.)
2577 3573 2688 3627 Hoc
2719 3581 2966 3644 tempore
3027 3575 3264 3628 Arabum
3297 3575 3414 3630 sive
3439 3575 3541 3631 Sa-

1921 3674 2244 3714 racenorum
2277 3659 2536 3730 princeps
2567 3667 2683 3714 erat
2710 3660 3081 3730 Muhammad,
3145 3664 3239 3734 qui
3290 3665 3539 3734 pseudo-

1919 3747 2185 3817 propheta
2235 3764 2299 3802 ex
2357 3752 2608 3821 orphano
2663 3759 2716 3807 et
2771 3752 2960 3822 inope,
3029 3770 3130 3824 per
3180 3755 3393 3812 heresis
3423 3773 3539 3812 sua:

1918 3838 2180 3910 prestigia
2209 3839 2275 3893 ad
2306 3856 2534 3915 regnum
2568 3847 2857 3913 provectus
2883 3851 2987 3909 est,
3046 3843 3143 3898 llic
3170 3844 3238 3899 de
3271 3846 3538 3918 progenie

1919 3925 2206 3982 Ismahelis
2237 3939 2408 3995 ortus,
2440 3946 2561 3984 cum
2603 3939 2749 3985 esset
2803 3947 3014 4002 pauper
3073 3939 3127 3986 et
3149 3933 3432 4003 orphanus
3462 3936 3533 3990 ad

1919 4019 2196 4091 quandam
2236 4029 2523 4095 cognatam
2582 4039 2735 4077 suam
2773 4023 3102 4094 predivitem
3144 4025 3368 4080 nomine
3398 4026 3541 4081 Cha-

1921 4113 2126 4186 digam,
2156 4116 2334 4184 primo
2363 4123 2420 4169 ut
2452 4116 2853 4184 mercenarius,
2887 4116 3092 4172 deinde
3123 4123 3180 4171 ut
3210 4133 3446 4189 sponsus
3475 4135 3533 4174 se

1921 4205 2286 4280 conjungens,
2338 4223 2435 4277 per
2484 4223 2604 4262 eam
2651 4207 2852 4262 ditatus
2900 4215 3006 4274 est,
3055 4209 3182 4272 Quae
3231 4225 3355 4264 cum
3389 4227 3538 4285 aegre

196 4275 430 4329 formam
457 4277 607 4332 velut
635 4279 758 4334 sine
787 4281 1001 4337 semine
1038 4292 1249 4353 partum
1283 4286 1492 4352 eduxit,
1535 4288 1812 4345 Persidem
1844 4343 1892 4369 η
1919 4294 2106 4362 ferret,
2131 4275 2308 4352 villum
2340 4275 2636 4369 epileptico
2687 4300 2880 4354 morbo
2921 4300 3126 4365 vexari,
3175 4300 3267 4354 ille
3317 4300 3540 4356 dicebat

1038 4343 1050 4353 _
1481 4343 1492 4352 ,
1919 4343 2106 4362 _---_-,
2342 4343 2634 4369 Ὕηννηνν
2688 4343 2879 4354 ...νων
2930 4343 3126 4365 .........,
3176 4343 3267 4354 ...ν
3319 4343 3540 4356 ...νυν-η

194 4364 537 4437 aggreditur,
566 4382 798 4439 eamque
817 4386 912 4440 per
933 4387 1028 4425 sex
1056 4373 1352 4430 continuos
1373 4392 1548 4432 annos
1562 4385 1818 4448 potenter
1843 4343 1894 4410 υ
1918 4385 2022 4439 hoc
2062 4400 2170 4440 non
2192 4401 2313 4440 esse
2345 4388 2616 4454 morbum,
2650 4389 2749 4442 sed
2780 4388 3050 4443 visionem
3079 4388 3398 4461 archangeli
3428 4384 3561 4442 Ga-'

196 4458 585 4528 depopulatur.
613 4462 687 4530 (V.
741 4466 865 4533 Col.)
919 4467 1193 4522 Eustasius
1233 4470 1404 4525 abbas
1453 4473 1816 4530 Luxoviensis

194 4558 251 4604 et
279 4551 442 4604 Attila
476 4551 766 4608 Bobiensia
788 4563 912 4626 post
943 4558 1336 4616 Columbanum
1369 4563 1595 4620 clarent.

374 4646 500 4702 625.
621 4649 702 4702 13.
816 4651 904 4705 34.
1017 4654 1104 4710 38.
1221 4657 1273 4712 8.
1381 4659 1432 4714 9.
1550 4659 1634 4714 12.

265 4739 476 4808 (Fam)
506 4739 775 4812 Pippinus
806 4744 952 4800 filius
1012 4748 1382 4818 Karlomanni,
1426 4753 1600 4822 major
1620 4755 1817 4810 domus

196 4829 342 4903 regis
376 4830 636 4894 Lotharii,
670 4833 1102 4905 principabalur.
1125 4840 1357 4912 Pippino
1391 4843 1446 4896 in
1469 4844 1817 4915 disponenda

196 4936 255 4975 re
324 4921 545 4991 publica
584 4926 985 4995 coeperabatur
1044 4939 1266 4986 sanctus
1327 4934 1602 5002 Arnulfus,
1674 4938 1817 4994 filius

197 5010 446 5074 Arnoldi,
481 5009 579 5065 ﬁlii
615 5013 888 5083 Ensberti,
944 5033 1009 5071 ex
1051 5019 1331 5086 Blithilde,
1365 5020 1474 5076 filia
1527 5022 1687 5092 primi
1716 5023 1818 5078 Lo-

197 5098 359 5151 tharii
397 5099 564 5171 regis.
599 5101 788 5170 (Benx,
830 5109 892 5158 II.
934 5106 1005 5176 θ.)
1037 5106 1274 5162 Mellitus
1309 5111 1501 5164 tertius
1521 5111 1816 5182 Anglorum

198 5184 503 5256 episcopus
533 5187 688 5242 obiit.

412 5277 538 5332 626.
617 5279 685 5333 1.1
783 5281 873 5338 35.
971 5285 1060 5340 39.
1167 5288 1218 5340 9.
1277 5290 1409 5344 .10.
1515 5290 1602 5346 13.

266 5371 338 5441 (II
383 5375 483 5441 m.)
519 5373 800 5431 lleraclius
830 5377 1128 5451 imperator
1152 5382 1346 5438 Persas
1377 5384 1590 5440 levibus
1621 5387 1824 5457 praeliis

198 5458 526 5534 frequenter
559 5462 757 5521 fundit.

1916 4472 2144 4526 brihelis
2193 4489 2252 4528 se
2308 4475 2528 4529 interim
2560 4474 2768 4536 videre,
2825 4482 2879 4528 et
2935 4475 3065 4546 quia
3105 4484 3389 4545 aspectum
3415 4476 3537 4547 ejus

1917 4563 2058 4618 ferre
2090 4580 2198 4619 non
2233 4573 2435 4636 posset,
2481 4575 2666 4620 mente
2727 4564 2945 4620 defecta
2993 4565 3210 4630 cadere,
3249 4566 3345 4623 Hie
3377 4583 3536 4624 com-

1919 4655 2234 4710 municabat
2261 4657 2577 4712 christianis
2634 4665 2688 4710 et
2743 4655 2970 4722 Judmis,
3017 4673 3082 4712 ex
3141 4673 3329 4713 eorum
3398 4660 3537 4716 scri-

1921 4746 2094 4816 pturis
2119 4763 2273 4801 suam
2302 4747 2860 4818 pseudOprOphetiam
2906 4747 2960 4801 in
3018 4749 3298 4820 aliquibus
3329 4748 3538 4806 conﬁr-

1918 4855 2093 4892 mans.
2127 4839 2221 4894 Hic
2250 4840 2504 4904 docebat,
2550 4838 2696 4909 quod
2723 4839 2778 4892 hi
2827 4839 2920 4910 qui
2950 4841 3234 4896 inimicum
3277 4843 3538 4898 occidunt

1917 4931 2003 4986 vel
2053 4932 2147 5003 qui
2197 4932 2263 4985 ab
2322 4931 2545 4987 inimico
2590 4931 2940 5000 occiduntur,
2995 4934 3307 5005 paradisum
3350 4935 3538 5008 ingrc-

1921 5025 2163 5090 diantur,
2195 5025 2511 5080 Paradisum
2566 5042 2696 5081 vero
2753 5043 2876 5081 esse
2917 5028 3153 5082 carnalis
3191 5028 3296 5083 cibi
3345 5042 3409 5080 ac
3437 5041 3539 5097 po-

1923 5125 2050 5181 tus;
2082 5116 2268 5186 ibique
2311 5133 2431 5171 esse
2480 5117 2706 5172 ﬂuvium
2738 5118 2874 5182 vini,
2927 5119 3083 5174 lactis
3135 5135 3200 5174 ac
3253 5117 3452 5184 mellis,
3481 5127 3539 5172 et

1921 5207 2212 5261 mixturam
2239 5206 2564 5261 feminarum
2614 5222 2723 5262 non
2759 5208 3138 5279 fprescntium,
3179 5206 3275 5261 sed
3306 5205 3535 5260 aliarum

1925 5298 2096 5352 multo
2125 5305 2370 5369 tempore
2397 5295 2654 5364 futuram,
2703 5306 2756 5354 et
2806 5299 3126 5354 afﬂuentem
3176 5297 3538 5368 voluptatem,

1928 5395 1981 5442 et
2013 5388 2183 5442 multa
2233 5389 2570 5457 hujusmodi.
2606 5389 2704 5443 llic
2735 5397 2816 5445 est
2865 5389 3233 5456 Muhammad,
3279 5388 3368 5444 cui
3401 5406 3540 5464 gen-

1929 5478 2054 5533 tiles
2084 5480 2266 5535 adhuc
2285 5482 2493 5535 cultum
2520 5482 2749 5537 deitatis
2787 5481 3070 5545 exhibent,
3121 5481 3219 5537 Hic
3275 5480 3329 5535 in
3372 5495 3544 5556 regno

1558 5584 1778 5639 VARI/1‘:
1820 5585 2197 5644 LECTIONES.

272 5677 318 5711 ’⁸
349 5675 639 5733 Johanncs
661 5709 725 5719 --
756 5682 987 5755 capiunt
1013 5689 1124 5755 βίᾳ.
1160 5705 1277 5745 cur.
1309 5703 1409 5744 sec.
1448 5693 1500 5744 in
1530 5709 1722 5748 rasum
1755 5711 1770 5758 ;
1804 5696 1920 5750 vrrll.
1954 5696 1998 5727 9-“
2025 5697 2172 5751 (uidit
2227 5701 2321 5753 rell
2353 5716 2369 5764 ;
2401 5700 2612 5754 desum
2642 5699 2700 5752 A.
2736 5700 2780 5734 οδ
2806 5697 3131 5775 Tungressis
3158 5700 3266 5767 Sig.
