1935 3030
168 110 220 136 119

169 174 366 201 Saracenorum
381 176 496 208 quatuor
524 176 648 208 prctores
674 173 777 205 statuit,
801 173 848 209 qui
877 173 972 200 amirei
985 175 1010 209 A

169 219 345 250 vocabantur,
361 218 421 252 Ipse
443 225 508 244 vero
524 218 624 245 amiras
646 218 789 245 dicebatur
811 219 854 245 vel
880 221 971 254 proto-

169 263 311 290 simbolus.
344 262 382 294 (G.
412 270 437 289 ν.
469 263 513 298 F.)
540 263 712 299 Dagobertus
744 272 789 290 rex
818 263 973 291 Saxonibus

170 307 243 334 bello
259 306 396 334 concurrit
410 316 417 339 ;
434 307 563 342 cuipater
591 307 735 334 Lotharius
764 316 808 334 rex
825 316 973 335 accurrens

169 351 281 384 auxilio,
297 351 442 379 interfecto
469 351 595 379 Bertaldo
620 352 689 378 duce
711 352 860 385 Saxonum,
883 353 971 380 victo-

169 398 237 425 riam
251 398 372 433 optinuit
389 407 396 431 ;
413 403 441 426 et
456 407 608 435 pervagans
619 406 730 426 omnem
741 400 900 433 Saxoniam,
912 401 974 427 nul—

169 444 227 471 lum
243 444 356 471 omnino
377 445 526 477 Saxonum,
552 452 707 472 mensuram
736 445 819 481 gladii
834 446 874 472 sui
892 454 973 473 exce-

171 491 293 524 dentem,
309 492 414 518 dimisit
432 492 569 518 viventem
585 492 618 520 97.

207 539 254 565 631
286 539 316 565 Il.
330 539 372 566 19.
396 539 483 566 Ρ.ι19.
508 539 534 565 F.
556 539 600 566 44.
628 539 655 566 L.
676 541 697 567 1.
717 541 803 568 Α.15.
827 541 868 569 W.
894 542 938 569 18.

207 584 254 618 (ll.
284 585 330 617 γη.)
356 584 494 611 Hcraclius
528 585 686 619 imperator,
714 586 824 613 Perside
857 587 974 620 devicta,

171 629 325 657 Zachariam
360 630 541 664 patriarcham
574 638 636 657 cum
665 632 834 667 captivorum
872 633 976 668 populo

173 674 339 702 Hierusalem
349 674 475 707 reducit;
489 675 517 702 el
532 679 653 703 sanctam
674 684 782 703 crucem
809 677 915 704 Domini
933 686 977 704 re—

172 725 295 757 portans,
312 730 373 749 cum
392 722 467 758 regio
492 727 611 750 scemate
634 728 747 751 ornatus
775 729 879 760 portam
896 726 978 753 vellet

173 769 284 801 intrare,
301 776 350 803 per
365 776 445 803 quam
461 768 539 796 Jesus
553 769 586 796 ad
606 777 714 797 crucem
731 770 903 798 subeundam
920 772 977 799 exi-

173 816 220 848 vit,
233 819 311 850 porta
325 815 458 842 divinitus
470 816 565 843 clausa
576 820 634 848 est;
656 817 737 852 eique
754 826 861 845 rursum
878 819 910 846 ad
924 828 976 846 mm

174 859 262 886 nitum
276 859 366 896 angeli
394 859 537 887 humiliato
564 864 593 888 et
615 861 790 896 discalceato,
815 867 893 898 porta
908 865 978 891 ultro

173 910 268 942 aperta
277 910 318 933 est
332 915 339 938 ;
355 906 425 933 etita
440 914 520 934 cruce
541 907 636 940 relata,
662 909 851 936 celebritatem
877 911 979 938 exalta-

173 952 256 979 tionis
270 952 477 986 ejusannuatim
487 953 633 981 dedicavit.
651 955 727 989 Apud
741 955 836 982 Persas
856 956 979 985 Ormisda

175 1003 272 1037 regnat
286 999 365 1027 annis
378 1000 412 1027 10
425 1001 476 1027 sub
503 1000 656 1028 Saracenis.
678 1002 716 1034 (G.
735 1011 758 1029 r.
790 1003 830 1038 F.)
852 1003 978 1032 Lethario

175 1045 304 1072 mediano
318 1045 483 1072 Francorum
500 1053 564 1082 rege
578 1049 697 1079 mortuo,
727 1047 897 1084 Dagobertus
906 1047 980 1075 ﬁlius

174 1092 234 1127 ejus
250 1095 345 1127 regnat
356 1095 417 1127 post
431 1100 492 1119 eum
509 1092 589 1119 annis
604 1094 637 1120 14
651 1093 683 1121 ⁸⁸.

245 1135 307 1164 632.
358 1136 402 1164 20.
454 1137 498 1163 41.
573 1138 598 1164 1.
675 1138 701 1164 2.
777 1138 819 1164 16.
863 1140 907 1166 19.

211 1184 256 1215 (ΙΙ.
272 1184 324 1219 m.)
344 1184 483 1218 Saraceni,
500 1184 547 1220 qui
573 1185 705 1212 hactenus
722 1184 829 1213 fuerant
843 1186 894 1212 sub
916 1187 981 1214 Per-

175 1237 266 1255 sarum
281 1236 377 1265 regno,
393 1236 441 1256 eos
465 1230 539 1257 bello
567 1230 653 1257 victos
684 1240 762 1259 versa
790 1232 849 1259 vice
865 1233 916 1260 sub
930 1242 981 1261 suo

176 1275 304 1311 redigunt
315 1276 449 1303 dominio.
464 1277 503 1303 Ab
520 1277 583 1304 hinc
596 1286 645 1313 pro
663 1279 903 1315 regnoﬂPersarum
919 1282 981 1308 titu-

176 1319 288 1346 landum
304 1323 345 1347 est
355 1328 470 1356 regnum
487 1321 696 1349 Saracenorum.
720 1324 903 1358 Muhammad,
914 1326 982 1352 ami-

177 1373 221 1392 ras
240 1365 438 1393 Saracenorum
468 1366 584 1394 moritur
605 1377 612 1399 ;
636 1372 696 1403 post
722 1378 804 1404 quem
836 1371 983 1398 Ebubeher

177 1411 264 1440 tribus
283 1412 363 1439 annis
378 1412 556 1448 principatur.
568 1413 629 1449 (Ην.)
644 1414 819 1443 Terremotus
834 1416 920 1444 factus
930 1422 981 1451 est,

178 1463 205 1485 et
228 1467 278 1494 per
293 1459 404 1495 triginta
419 1459 479 1486 dies
490 1459 617 1494 apparuit
640 1460 668 1487 in
680 1461 864 1497 caelolsignum
880 1463 906 1490 in
924 1472 983 1492 mo-

774 109 946 136 SIGEBERTI
968 108 1223 136 GEMBLACENSIS.

1781 112 1834 139 120

1094 173 1157 201 634.
1222 173 1266 200 22.
1336 174 1353 200 2
1432 174 1458 201 3.
1527 174 1552 200 1,.
1623 174 1657 201 18
1725 176 1756 202 21

1057 228 1195 263 (ΒΕΒΑΛΙ.
1214 228 1246 262 ιι.)
1275 227 1386 255 Comani
1415 231 1442 255 et
1472 228 1600 255 Saraceni
1631 229 1707 256 vario
1728 233 1831 257 eventu

1023 272 1184 309 conﬂigunt.
1214 273 1395 300 Successorcs
1409 272 1507 299 Eduini
1524 273 1596 307 regis
1610 273 1643 299 ad
1675 273 1830 301 idolatriam

1024 317 1163 349 revoluti,
1191 325 1253 344 mox
1285 321 1349 344 sunt
1387 325 1402 344 a
1439 316 1557 344 Ceduala
1589 325 1653 355 rege
1680 319 1830 354 perempti.

1025 363 1135 398 [(Faao.)
1158 363 1326 399 Dagobertus
1339 371 1384 390 rex
1402 363 1514 390 Selavos
1526 362 1599 390 bello
1614 364 1736 392 devincit
1749 365 1793 400 09.]

1077 422 1139 449 635.
1215 421 1250 449 23
1313 421 1330 449 3
1412 422 1426 448 4
1518 421 1535 448 5
1609 422 1642 449 19
1696 423 1731 450 22

1062 475 1328 509 (Η.υι.)Ε1)υὺε1πρι“
1341 474 1440 501 amiras
1456 475 1581 508 moritur,
1594 480 1655 511 post
1666 484 1747 511 quem
1760 477 1832 504 Hau-

1027 527 1084 546 mar
1099 519 1178 546 annis
1200 520 1232 547 12
1247 519 1427 555 principatur.
1456 520 1600 547 Saracenis
1628 521 1732 557 Syriam
1760 522 1833 549 infe-

1025 563 1170 596 stantibus,
1202 564 1343 591 Heraclius
1374 572 1485 591 crucem
1515 569 1638 592 sanctam
1666 567 1776 593 Domini
1797 567 1834 594 ab

1028 609 1196 636 Hierusalem
1213 610 1475 645 Constantinopolim
1489 612 1636 638 transtulit.
1650 612 1742 646 (Banx,
1758 615 1786 640 Η
1799 615 1834 647 e)

1028 655 1167 683 Oswaldus
1179 655 1250 683 titius
1265 656 1391 683 Edilt'ridi
1408 656 1492 692 regis,
1518 665 1603 694 regno
1612 658 1836 693 Nordanymbro-

1029 710 1086 728 rum
1102 705 1162 736 post
1180 702 1313 729 Eduinum
1328 707 1467 738 suscepto,
1484 703 1627 730 Cedualam
1653 712 1745 740 regem
1762 705 1835 732 Brit-

1028 749 1121 773 tonum
1139 747 1248 782 perimit
1266 756 1272 779 ;
1294 751 1320 774 et
1333 748 1397 783 quia
1414 747 1496 775 fidem
1521 748 1620 776 Christi
1633 750 1730 783 tenuit,
1749 758 1837 785 super

1029 802 1125 821 omnes
1138 794 1283 822 Britannia}
1299 803 1378 832 reges
1406 796 1532 828 eminuit,
1549 800 1576 823 et
1596 800 1713 832 quatuor
1728 798 1838 835 lingua—

991 835 1089 869 Brum
1110 843 1217 874 gentes,
1240 839 1339 872 Pictos,
1361 840 1477 873 Scottos,
1507 840 1644 868 Brittones
1669 847 1696 868 et
1721 842 1835 879 Anglos,

1030 883 1080 910 sub
1110 884 1220 911 dicione
1247 885 1362 920 accepit.
1382 885 1469 912 Aidan
1496 886 1654 921 episcopus,
1677 888 1765 915 sancti
1780 888 1836 916 Co-

1031 926 1130 954 lumba;
1150 928 1304 963 discipulis,
1325 937 1340 955 a
1369 930 1473 957 Scottia
1494 931 1619 965 veniens,
1635 932 1708 966 apud
1724 932 1837 969 Anglos,

1030 972 1149 999 clarebat
1164 974 1307 1001 sanctitate
1324 978 1351 1001 et
1365 975 1500 1003 doctrina.
1537 977 1648 1012 [ananJ
1665 977 1838 1014 Dagobertus

1031 1026 1075 1045 rex
1089 1019 1320 1047 Wasconeshello
1336 1020 1458 1048 devincit
1469 1022 1512 1048 ¹⁰⁰.

1117 1075 1170 1103 636
1232 1075 1267 1103 24
1321 1077 1333 1103 1
1391 1077 1408 1104 5
1498 1078 1515 1104 6
1606 1079 1640 1106 20
1713 1079 1748 1106 23

1068 1134 1107 1166 (G.
1133 1134 1221 1169 pont.)
1240 1135 1400 1163 Theodorus
1416 1136 1544 1164 Romanae
1558 1137 1690 1164 zecclesiae
1706 1138 1769 1164 70us
1780 1146 1842 1173 pre-

1032 1177 1112 1205 sidet.
1128 1179 1175 1211 (I1.
1192 1179 1240 1211 τη.)
1257 1180 1385 1208 Saraceni
1402 1184 1481 1216 capta
1504 1181 1647 1215 Damasco,
1671 1182 1798 1209 Fenicem
1814 1186 1843 1210 et

1033 1222 1177 1259 A-Zgyptum
1192 1229 1338 1259 occupant.

1121 1279 1171 1308 637
1240 1281 1275 1308 25
1343 1282 1360 1308 2
1444 1284 1460 1309 7
1528 1284 1545 1310 8
1612 1284 1641 1310 21
1716 1283 1749 1311 21

1070 1335 1213 1370 [(Amorx.,
1231 1345 1266 1370 iv,
1282 1337 1337 1371 At.)
1352 1337 1494 1365 Florebant
1522 1339 1548 1365 in
1579 1338 1692 1365 Francia
1706 1339 1759 1366 hoc
1772 1342 1841 1366 tem-

1035 1389 1101 1416 pore
1115 1386 1168 1410 tres
1176 1383 1283 1415 fratres,
1299 1384 1366 1417 Ado,
1385 1384 1471 1417 Rado,
1486 1385 1571 1417 Dado,
1584 1385 1630 1420 qui
1654 1388 1680 1412 et
1691 1385 1842 1413 Audoenus

1034 1428 1125 1455 dictus
1133 1434 1175 1456 est
1192 1438 1199 1461 ;
1216 1430 1262 1465 qui
1278 1438 1354 1457 suam
1369 1438 1434 1467 erga
1445 1431 1529 1457 Deum
1554 1431 1728 1458 devotionem
1748 1435 1843 1460 osten-

1035 1477 1134 1504 derunt
1146 1477 1246 1514 singuli
1260 1478 1370 1513 singula
1380 1478 1497 1506 cenobia
1521 1479 1673 1507 fundando.
1691 1479 1725 1506 Ex
1737 1479 1841 1514 quibus

177 1505 241 1532 dum
258 1504 353 1540 gladii,
370 1505 538 1539 pertendens
565 1505 753 1534 imminentem
784 1508 971 1537 Saracenorun

177 1552 346 1559 ‘_.__._._.__
373 1549 429 1559 ,ηη
486 1550 507 1559 η
540 1551 567 1559 ..
599 1550 664 1559 τ..-
815 1553 834 1559 ..
878 1554 885 1559 .

1306 1504 1349 1513 ηρ
1365 1504 1369 1505 ,
1383 1504 1408 1506 η
1424 1504 1444 1506 η
1692 1504 1725 1506 η
1739 1504 1840 1514 1...,"

1059 1521 1109 1548 ado
1125 1521 1176 1549 fuit
1191 1504 1402 1549 0referendarius
1422 1523 1567 1559 Dagoberti
1594 1523 1677 1558 regis.
1707 1522 1842 1550 Referen-

177 1552 358 1584 potentatum.
372 1549 461 1583 (BEDA.
480 1550 514 1576 Η.
533 1551 569 1584 e.)
599 1550 720 1578 Eduinus
749 1560 794 1579 rex
815 1553 985 1590 Nordanym-

177 1593 288 1620 brorum
305 1601 321 1620 a
331 1593 424 1621 Penda
439 1597 467 1621 et
482 1593 600 1622 Ceduala
611 1603 675 1632 rege
693 1596 843 1624 Brittonum
873 1599 983 1633 perimi-

179 1642 232 1670 tur,
243 1642 271 1666 et
287 1638 355 1666 fides
375 1639 472 1666 Christi
489 1639 517 1666 in
531 1640 626 1675 Anglia
643 1642 810 1669 concutitur.

246 1684 307 1712 633.
382 1685 427 1718 21,
503 1685 527 1712 1.
583 1685 600 1712 2
667 1686 692 1714 3,
771 1688 811 1714 17.
866 1689 911 1716 20.

214 1729 254 1763 (G.
272 1737 300 1764 ρ.
316 1728 397 1763 Msa.)
413 1729 560 1757 Severinus
569 1730 698 1758 Romana:
718 1732 849 1760 mcclesie
872 1734 945 1767 68W,
958 1738 985 1761 et

178 1778 241 1810 post
267 1783 330 1803 eum
346 1775 484 1803 Johannes
512 1776 654 1803 LXVllllus
681 1778 812 1812 presidet.
847 1780 985 1808 lleraclius

178 1822 328 1857 imperator
343 1822 469 1849 incidens
498 1821 526 1849 in
550 1823 669 1850 heresim
695 1824 984 1860 Monothelitarum,id

178 1874 220 1897 est
233 1878 316 1897 unam
332 1871 523 1905 operationem
546 1871 573 1897 in
591 1871 695 1899 Christo
722 1873 905 1907 credentium,
923 1883 987 1903 con-

179 1916 251 1943 fudit
269 1917 423 1944 aecclesiam
438 1921 465 1944 et
480 1917 625 1952 imperium
643 1928 650 1950 ;
669 1925 763 1947 contra
779 1921 909 1949 malitiam
927 1923 986 1956 ejus

179 1965 319 1997 pugnante
334 1961 540 1996 perturbatione
555 1963 677 1990 omnium
689 1972 790 1992 rerum.
813 1967 860 1998 (Η.
877 1967 925 2001 7η.)
943 1968 984 1994 Ιη-

179 2009 221 2032 ter
235 2005 372 2032 Romanos
387 2010 414 2032 et
427 2005 578 2033 Saracenos
593 2006 695 2035 bellum
712 2009 877 2044 impacabile
898 2012 986 2039 oritur

179 2050 231 2077 hac
246 2050 375 2083 decausa,
398 2051 463 2086 quia
485 2060 546 2079 cum
566 2053 678 2088 quidam
709 2055 796 2089 spado
814 2056 985 2091 imperatoris

181 2096 297 2124 Heraclii
310 2096 485 2125 distribueret
497 2106 576 2134 rogas
592 2099 737 2133 militibus,
755 2110 816 2129 cum
834 2103 903 2130 inter
916 2104 985 2131 alios

180 2141 261 2168 etiam
275 2141 403 2169 Saraceni
418 2142 469 2169 sub
485 2143 649 2178 imperatore
683 2146 832 2174 militantes
844 2148 986 2176 venissent

179 2186 213 2213 ad
232 2186 420 2221 accipiendam
438 2195 542 2224 regam,
558 2189 683 2223 spadone
698 2191 874 2227 indignanter
888 2193 927 2219 eis
943 2193 985 2220 di-
997 2209 1024 2243 D

180 2236 260 2260 cente
275 2241 281 2264 ;
299 2234 347 2260 Vix
359 2234 462 2267 sur/icit
478 2236 623 2268 imperator
648 2237 713 2263 dare
736 2238 867 2265 militibus
886 2247 962 2274 rogas
977 2250 984 2267 :

180 2282 281 2311 quanto
293 2281 377 2313 magis
389 2281 502 2307 canibus
533 2282 600 2314 istis,
617 2281 655 2308 illi
682 2283 776 2310 dolore
792 2289 817 2310 et
829 2285 932 2318 pudore
946 2286 988 2313 iu-

181 2322 268 2355 citali,
283 2326 366 2350 totam
387 2324 585 2352 Saracenorum
600 2329 712 2363 gentem
745 2328 778 2354 ad
795 2328 985 2358 rebellandum

145 2386 152 2391 .
182 2364 307 2392 incitant.
327 2367 427 2395 Amirei
438 2369 636 2397 Saracenorum
664 2371 800 2399 Romanos
819 2375 986 2411 aggrediun—

182 2414 236 2443 tur,
252 2414 280 2437 et
294 2419 354 2439 cum
367 2413 460 2440 multis
485 2419 540 2442 tres
555 2417 651 2443 amirei
668 2425 683 2444 a
699 2417 827 2446 Romanis
844 2420 985 2454 perimun-

182 2462 234 2485 tur.
251 2458 287 2493 (V.
306 2459 332 2485 S.
348 2460 421 2495 Am)
451 2461 605 2498 Sigibertus
626 2464 717 2492 infans
743 2464 815 2493 ﬁlius
837 2467 983 2504 Dagobcrti

183 2504 255 2539 regis
269 2512 285 2531 a
299 2507 394 2532 sancto
417 2506 539 2535 Amando
554 2509 708 2544 baptizatur
731 2520 738 2544 ;
755 2511 801 2538 ubi
832 2513 987 2541 tacentibus

182 2549 298 2582 cunctis,
320 2549 378 2585 ipse
393 2549 483 2577 infans
502 2551 536 2579 40
551 2552 657 2580 dierum
672 2557 757 2583 Amen
790 2557 944 2592 respondit,
959 2562 987 2585 et

182 2595 320 2624 Amandus
334 2596 549 2633 Trajectensium
565 2599 713 2636 episcopus
723 2603 875 2630 ordinatur.

1035 1566 1128 1594 darius
1148 1571 1239 1595 autem
1256 1568 1408 1602 dicebatur,
1428 1568 1462 1595 ad
1485 1577 1566 1605 quem
1589 1569 1706 1604 publicae
1722 1569 1845 1596 conscri-

1036 1613 1143 1648 ptiones
1158 1614 1358 1647 referebantur,
1383 1619 1413 1643 ut
1434 1624 1484 1651 per
1498 1624 1561 1643 eum
1583 1616 1665 1643 anulo
1684 1623 1733 1642 seu
1753 1615 1844 1653 sigillo

1036 1658 1108 1693 regis
1124 1659 1362 1687 confirmarentur.
1387 1660 1440 1688 Hos
1464 1660 1497 1687 ad
1514 1661 1566 1688 hoc
1592 1660 1723 1687 animavit
1739 1660 1844 1696 Eligius

1036 1702 1152 1735 aurifex,
1176 1704 1231 1737 jam
1260 1704 1363 1731 dudum
1383 1705 1409 1731 in
1439 1705 1499 1732 aula
1514 1705 1587 1741 regis
1604 1705 1723 1732 Lolliarii
1741 1705 1843 1736 clarus,

1036 1747 1082 1783 qui
1100 1748 1180 1775 etiam
1203 1756 1235 1774 ex
1257 1748 1330 1775 dono
1353 1749 1499 1785 Dagobcrti
1516 1750 1588 1785 regis
1609 1750 1663 1785 ‘0‘],
1687 1750 1843 1778 Solemnia-

1036 1803 1096 1823 cum
1122 1796 1318 1822 monasterium
1347 1798 1509 1830 construxit,
1533 1797 1580 1824 ubi
1607 1801 1719 1824 sanctus
1743 1797 1844 1824 Rema-

1035 1842 1093 1868 clus
1107 1841 1140 1868 ab
1156 1841 1301 1877 Aquitania
1327 1842 1451 1875 veniens,
1480 1851 1510 1869 se
1538 1843 1565 1869 in
1597 1843 1695 1870 Christi
1715 1843 1844 1871 tirocinio

1036 1887 1088 1914 sub
1115 1895 1148 1914 eo
1165 1887 1350 1915 exercendum
1374 1888 1459 1915 dedit.
1495 1889 1593 1916 Sancta
1627 1889 1714 1916 Aurea
1737 1889 1845 1921 claruit,

1038 1940 1118 1967 quam
1135 1931 1238 1968 Eligius
1267 1933 1434 1960 monasterio
1461 1933 1596 1969 virginum
1626 1942 1641 1960 a
1669 1942 1699 1961 se
1723 1934 1846 1962 Parisius

1037 1982 1193 2006 constructo
1206 1979 1331 2013 profecit.
1353 1980 1478 2015 [Sanctus
1492 1988 1558 2008 vero
1584 1981 1659 2008 Dado
1687 1981 1844 2008 coenobium

1037 2023 1107 2050 intra
1120 2023 1296 2059 Briegcnsem
1318 2024 1416 2051 saltum
1446 2024 1607 2056 construxit,
1619 2025 1694 2060 quod
1714 2025 1845 2053 Resbacis

1036 2068 1136 2095 dicitur
1152 2078 1158 2100 ς
1176 2068 1203 2095 in
1220 2076 1274 2104 quo
1298 2073 1422 2096 sanctum
1444 2069 1550 2106 Agilum
1573 2069 1694 2105 primum
1714 2069 1842 2097 abbatem

1036 2114 1153 2149 profecit
1164 2114 1217 2150 ‘0’].

1125 2167 1177 2195 638
1245 2167 1278 2195 37
1369 2167 1386 2195 3
1451 2168 1465 2195 7
1539 2169 1555 2196 8
1624 2169 1658 2196 12
1721 2168 1756 2196 25

1074 2220 1112 2253 (ν.
1143 2219 1213 2254 Am.)
1241 2220 1356 2247 Sanctus
1378 2221 1528 2254 Amandus,
1552 2221 1704 2258 Tungrensi
1734 2221 1846 2256 episco-

1039 2268 1102 2299 patu
1124 2265 1292 2299 posthabito,
1314 2265 1391 2292 verbi
1412 2266 1494 2293 instat
1517 2266 1619 2294 ofticio.
1638 2267 1694 2293 Sub
1720 2267 1771 2294 hoc
1781 2275 1846 2293 san-

1038 2314 1097 2337 ctus
1111 2311 1285 2338 Landoaldus
1300 2311 1402 2344 floruit,
1426 2312 1473 2348 qui
1485 2312 1571 2339 tilium
1587 2313 1651 2348 Apri
1667 2312 1716 2340 viri
1734 2312 1848 2340 illustris

1038 2356 1222 2389 Lambertum,
1235 2361 1295 2393 post
1310 2358 1470 2393 episcopum
1485 2362 1512 2385 et
1524 2363 1672 2394 martyrem
1685 2358 1819 2391 futurum,
1831 2367 1846 2385 a

1037 2411 1122 2438 puero
1137 2404 1276 2437 imbuens,
1291 2404 1318 2431 in
1343 2404 1417 2431 viam
1434 2404 1481 2431 Dei
1505 2404 1623 2432 induxit.
1641 2406 1679 2438 (Α.
1698 2404 1753 2439 m.)
1765 2404 1845 2432 Sara-

1036 2448 1096 2475 ceni
1117 2448 1285 2476 llierusalem
1307 2448 1419 2476 biennio
1435 2449 1575 2477 obsessam
1606 2449 1728 2484 capiunt.
1741 2449 1845 2476 Roma-

1038 2492 1110 2520 ricus
1126 2493 1211 2521 abbas
1234 2498 1260 2521 et
1272 2494 1401 2521 Goericus
1424 2493 1599 2521 Mettensium
1626 2494 1775 2529 episcopus
1790 2494 1848 2521 cla—

1038 2542 1107 2566 rent.

854 2657 964 2684 VARI/1'1
980 2657 1167 2685 LECTIONES.

216 2697 237 2713 υτ

253 2701 619 2745 ριιιζξλςςιρίιιιιιξέςιζιξςξφιείιιμ
633 2709 659 2745 α;
671 2703 882 2745 βῆξαι-ἀψιιηί
910 2705 944 2733 F3
951 2727 958 2745 ._
982 2706 1106 2745 9f‘ntotmn.
1123 2715 1229 2735 (mnum
1254 2709 1309 2744 Sig.
1326 2718 1384 2743 cur,
1398 2718 1449 2737 sec.
1467 2711 1496 2737 in.
1511 2717 1610 2737 rasura
1624 2711 1740 2743 scripsit.
1757 2710 1779 2726 ⁹⁹
1794 2711 1846 2737 ad-

180 2735 218 2780 riit
235 2734 328 2780 1³70
341 2735 397 2780 rel'l'.
417 2739 515 2780 pra'ter
576 2736 610 2752 ¹⁰⁰
622 2737 683 2780 add,
700 2737 820 2780 1_‘B.hr:ell.
832 2742 976 2780 pra'tzj-‘A.
992 2742 1023 2780 ξθί
1038 2745 1143 2780 partim
1159 2734 1196 2771 ini
1213 2734 1332 2778 maia,”
1474 2747 1504 2772 in
1519 2747 1575 2772 inm
1588 2734 1691 2780 pagimrt
1718 2747 1758 2772 ita
1782 2754 1845 2772 am-

177 2770 272 2806 pliauit
287 2769 326 2806 1y.
342 2771 399 2796 rell.
412 2774 510 2803 przeter
521 2773 564 2804 A,,
579 2780 594 2806 q

598 2773 626 2799 ui
637 2773 715 2812 {labet
727 2783 735 2799 :
751 2773 974 2818 Effigiuslaurintiex
991 2773 1046 2818 iani
1062 2778 1164 2818 dudum
1188 2779 1215 2806 in
1228 2780 1290 2818 aula
1306 2773 1378 2818 regis
1393 2781 1510 2808 Lotharii
1524 2773 1615 2808 clarus
1626 2773 1664 2808 bx
1676 2781 1750 2808 dono
1769 2782 1843 2818 regis

178 2804 324 2843 Dagoberti
335 2805 424 2832 adhuc
440 2806 526 2835 laicus
536 2804 741 2837 Solenniacum.
756 2804 901 2845 Ιιιῖαρὶιιιν
914 2813 970 2847 Sig.
987 2804 1215 2848 primo
