3868 6064
235 234 334 289 121

371 363 498 420 639.
577 363 637 418 Β.
680 361 772 416 27.
849 361 905 416 S.
946 363 998 415 4.
1174 361 1229 415 8.
1308 361 1364 416 Ι..
1407 362 1461 416 9.
1536 359 1594 414 A.
1637 359 1728 417 23.

945 447 1029 502 W.
1105 449 1162 502 6.

945 447 1029 503 W.
1064 447 1162 503 ’26.

1727 227 2072 284 CHRONICA.

3465 238 3570 294 122

1879 361 1931 429 Α
1962 357 2152 430 templi
2192 365 2336 414 stare
2377 359 2572 429 potuit.
2620 360 2821 431 (FRED.)
2852 359 2910 416 in
2961 360 3240 434 Hispaniis
3264 363 3571 422 Suintilaue

1959 445 2034 500 ob
2063 446 2446 502 crudelitatem
2477 463 2631 502 suam
2681 465 2711 502 a
2767 448 3092 525 Wisigothis
3134 453 3448 522 reprobato,
3492 454 3573 509 Si-

313 547 401 611 (H.
457 544 559 605 m)
630 541 890 598 Saraceni
948 541 1162 614 Syriam
1220 545 1512 612 occupant.
1566 539 1743 595 Judaei
1803 539 1858 594 in
1957 535 2238 590 sanandus
2269 551 2368 606 per
2395 534 2656 590 auxilium
2704 536 3000 611 Dagoberti
3049 539 3378 596 sublimatus
3407 541 3460 596 in
3487 557 3573 598 re-

240 635 506 707 Hispania
543 634 829 691 christiani
880 632 1218 690 efﬁciuntur.
1261 631 1534 686 Sisibutus
1561 631 1707 686 enim
1743 631 1856 686 Go-

239 732 462 786 thorum
515 744 607 785 rex
661 728 1118 803 gloriosissimus,
1172 725 1440 798 plurimas
1496 725 1553 780 in
1600 724 1858 796 Hispania

242 822 548 894 provintias
577 822 837 878 Romanae
866 820 1079 876 militiae
1112 818 1280 875 urbes
1306 817 1410 873 sibi
1442 817 1704 874 bellando
1733 815 1862 870 sub-

234 916 391 984 jecit,
418 923 476 971 et
516 913 740 970 Judaaos
771 913 826 968 in
856 928 956 969 suo
988 927 1162 988 regno
1201 911 1269 966 ad
1310 909 1475 966 ﬁdem
1493 909 1700 965 .Christi
1727 924 1860 966 con-

242 1011 429 1060 vertit.

387 1093 512 1156 640,
622 1092 713 1148 28.
861 1092 916 1146 5.
1062 1092 1114 1146 9.
1225 1089 1314 1145 10.
1423 1089 1514 1144 24.
1624 1087 1716 1144 27.

1959 643 2152 702 gnum,
2184 634 2378 703 regnat
2407 644 2584 684 annos
2613 627 2702 684 20.

2101 720 2226 776 645.
2373 720 2425 774 2.
2541 719 2629 776 10.
2749 722 2831 775 14.
2942 721 3031 777 15.
3178 723 3229 778 5.
3384 727 3436 782 1.

2034 811 2368 886 Dagobertus
2405 828 2498 867 rex
2539 811 2865 868 Francorum
2908 813 3166 880 moritur;
3207 815 3276 871 de
3319 833 3430 889 quo
3477 835 3576 890 per

1961 901 2228 957 visionem
2261 902 2478 957 cuidam
2505 903 2806 958 revelatum
2839 911 2946 970 est,
2969 905 3116 976 quod
3151 905 3334 960 anima
3365 906 3484 974 ejus
3505 907 3574 960 ad

1957 989 2230 1060 judicium
2262 989 2359 1044 Dei
2392 997 2544 1060 rapta
2573 989 2663 1058 sit,
2695 999 2749 1046 et
2778 992 2966 1046 multis
2993 992 3200 1048 sanctis
3239 1001 3429 1049 contra
3454 1011 3572 1049 eam

1962 1097 2061 1154 pro
2112 1083 2484 1154 expoliatione
2523 1099 2745 1139 suarum
2801 1084 3176 1140 aecclesiarum
3227 1086 3576 1142 reclamanti-

315 1183 459 1252 (Vita
508 1182 672 1250 Clod.)
729 1180 963 1236 Sanctus
1015 1177 1276 1234 Arnulfus
1303 1194 1366 1234 ex
1411 1178 1624 1247 majore
1661 1177 1860 1233 domus
1961 1175 2087 1239 bus,
2119 1190 2242 1230 cum
2301 1190 2422 1230 eam
2467 1175 2578 1242 jam
2635 1175 2762 1230 mali
2793 1175 2974 1250 angeli
3007 1177 3210 1232 vellent
3263 1179 3330 1234 ad
3384 1195 3578 1250 poenas

240 1270 596 1326 Mettensium
646 1269 962 1340 episcOpus,
1013 1273 1067 1322 et
1119 1283 1184 1322 ex
1240 1267 1506 1338 episcopo
1557 1265 1858 1330 solitarius,

244 1361 450 1418 dormit
506 1362 561 1416 in
607 1360 843 1416 Christo.
876 1359 1166 1415 Clodulfus
1205 1357 1353 1414 ﬁlius
1393 1359 1534 1428 ejus,
1569 1365 1692 1429 post
1731 1359 1860 1413 Met-

1963 1267 2164 1325 inferni
2223 1283 2440 1338 rapere,
2493 1269 2804 1323 interventu
2835 1269 3011 1325 sancti
3056 1271 3307 1341 martyris
3344 1271 3576 1326 Dionisii

1965 1358 2312 1426 Parisiensis,
2368 1358 2455 1414 cui
2505 1357 2625 1430 ipse
2672 1358 2907 1415 maxime
2995 1360 3226 1417 devotus
3289 1361 3486 1428 fuerat,
3548 1379 3581 1416 a

248 1457 424 1512 tensis
453 1457 752 1527 episcopus
791 1454 1139 1510 sanctitatem
1173 1455 1344 1526 patris
1400 1453 1664 1510 imitatur.
1717 1453 1866 1510 Deda
1966 1450 2148 1520 pcenis
2193 1447 2425 1502 liberata
2477 1453 2582 1502 est.
2620 1447 2926 1503 Clodoveus
2975 1448 3120 1504 ﬁlius
3159 1450 3450 1522 Dagoberti
3493 1466 3580 1504 re-

247 1558 428 1606 mater
455 1549 632 1622 ipsius
673 1549 925 1616 Clodulﬁ,
957 1549 1206 1604 Treveris
1241 1549 1476 1616 reclusa,
1507 1548 1727 1605 Christo
1757 1565 1863 1604 an-
1967 1539 2155 1616 gnavit
2208 1545 2331 1611 post
2359 1555 2483 1594 eum
2515 1539 2676 1594 annis
2705 1539 2794 1606 17,
2827 1540 3293 1616 Sigiberto~fratre
3322 1540 3444 1609 ejus
3467 1541 3579 1608 jam

249 1645 492 1701 cillatur.
531 1643 612 1712 (G.
661 1649 711 1709 ν,
771 1645 854 1710 F.)
894 1643 1153 1699 Saraceni
1219 1643 1562 1699 Antiochiam
1618 1641 1866 1714 capiunt.

325 1742 406 1808 (Η.
443 1738 547 1806 m.)
605 1737 948 1808 Dagobertus
985 1754 1081 1792 rex
1132 1738 1466 1810 Sigibertum
1506 1737 1677 1792 ﬁlium
1708 1753 1867 1792 suum

249 1830 548 1886 Austrasiis
592 1846 780 1905 regem
823 1829 1009 1898 mittit,
1039 1829 1145 1885 sub
1175 1830 1346 1886 tutela
1377 1829 1597 1901 Pippini
1629 1833 1684 1883 et
1727 1828 1872 1882 Chu-

251 1922 458 1978 niberti
489 1920 756 1992 episcOpi.
796 1920 983 1987 (Rana.
1014 1925 1075 1976 Η.
1109 1920 1184 1991 θ.)
1237 1919 1541 1975 Ealdboldo
1570 1917 1868 1992 Anglorum

253 2030 390 2088 rege
417 2020 656 2080 mortuo,
689 2013 1114 2068 Earcombertus
1146 2010 1290 2066 ﬁlius
1318 2011 1438 2082 ejus
1464 2015 1592 2081 post
1621 2023 1748 2064 eum
1789 2025 1872 2064 re-

1895 1638 2234 1750 Bregnanle
2279 1632 2334 1685 in
2381 1631 2617 1686 Austria.
2656 1631 2846 1704 [Hujus
2877 1631 3133 1689 Clodovei
3171 1631 3352 1702 major
3387 1633 3586 1689 domus

1970 1725 2072 1750 r.-:.
2099 1725 2504 1750 mutuum..-
2539 1725 2605 1750 mx
2631 1727 2646 1750 τ

1970 1725 2076 1783 fuit
2095 1725 2506 1781 Erchanoaldus
2539 1725 2646 1797 '05.]

2101 1819 2228 1872 646.
2375 1816 2428 1872 3.
2545 1819 2629 1872 11.
2781 1819 2832 1872 1.
2945 1817 3030 1873 16.
3181 1818 3237 1876 6.
3383 1818 3438 1874 2.

2041 1909 2118 1977 (Ρ.
2161 1908 2244 1973 1).)
2306 1907 2592 1964 Hotharith
2636 1909 3116 1984 Langobardorum
3164 1925 3295 1985 rege
3341 1918 3582 1976 mortuo,

1972 1999 2288 2056 Rodoaldus
2319 1997 2466 2054 ﬁlius
2484 2000 2606 2071 ejus
2639 2008 2834 2073 regnat
2864 2000 3024 2056 annis
3042 2002 3094 2056 5.
3131 2001 3214 2071 (Α.
3249 2003 3379 2057 Leod
3404 2001 3418 2070 )
3442 2001 3584 2056 San-

249 2105 445 2177 gnavit
481 2104 648 2159 annis
686 2104 776 2159 24.
811 2103 908 2159 Hic
952 2103 1008 2158 in
1038 2103 1232 2177 Anglia
1289 2101 1500 2173 primus
1543 2101 1690 2156 idola
1737 2101 1874 2155 deo-
1971 2103 2093 2150 ctus
2137 2093 2430 2150 Remaclus
2471 2095 2757 2152 ordinatur
2793 2096 3222 2166 Trajectensium
3268 2097 3584 2169 episcOpus.

253 2213 374 2252 rum
417 2194 707 2261 destruxit,
763 2203 820 2250 et
875 2194 1041 2250 ﬁdem
1073 2193 1271 2249 Christi
1317 2193 1585 2260 dilatavit,
1641 2199 1696 2248 et
1727 2191 1872 2260 jeju-

1976 2185 2132 2257 [(Vita
2157 2185 2217 2241 S.
2277 2184 2474 2252 σει-ιν.)
2516 2185 2838 2242 Modoaldus
2879 2186 3043 2242 frater
3085 2189 3200 2244 ltta;
3231 2195 3286 2244 et
3347 2205 3589 2243 avuncu-

249 2285 410 2340 nium
457 2283 898 2358 quadragesimae
949 2283 1005 2338 in
1063 2283 1257 2358 Anglia
1303 2283 1554 2357 legaliter
1593 2281 1874 2338 observari
1973 2278 2060 2334 lus
2096 2285 2299 2334 sanctae
2351 2277 2652 2344 Gertrudis,
2708 2279 3240 2350 archiepiscopatum
3302 2279 3588 2336 Treviren-

249 2373 445 2429 edixit.

397 2465 524 2520 641.
634 2464 724 2520 29.
873 2465 928 2519 6.
1042 2463 1132 2520 10.
1246 2465 1334 2520 11.
1486 2466 1536 2518 1.
1647 2462 1740 2518 28.

327 2555 413 2623 (Η.
460 2557 562 2624 m.)
591 2554 873 2621 Saraceni,
905 2553 1090 2609 Persis
1143 2553 1341 2608 iterum
1381 2552 1530 2608 bello
1569 2552 1746 2619 victis,
1798 2551 1878 2607 fu-

253 2655 385 2720 gato
413 2662 545 2722 rege
574 2661 766 2703 eorum
799 2645 1067 2714 Ermisda,
1099 2651 1267 2702 totam
1297 2644 1580 2700 Persidem
1611 2643 1717 2700 sibi
1744 2643 1876 2700 sub-

251 2739 472 2811 jugant.

403 2829 528 2885 642.
641 2827 728 2884 30.
877 2829 932 2884 7.
1044 2827 1128 2882 11.
1245 2828 1332 2881 12.
1480 2825 1534 2882 2.
1642 2827 1734 2883 29.

332 2925 416 2990 (Π.
473 2923 576 2990 m.)
636 2919 914 2976 Heraclius
975 2919 1277 2992 imperator
1323 2919 1570 2974 moritur.
1613 2919 1878 2976 Constan-

262 3017 414 3072 tinus
442 3015 591 3071 ﬁlins
637 3015 756 3085 ejus
783 3015 1153 3078 substituitur,
1195 3020 1250 3069 et
1303 3023 1498 3086 quarto
1555 3031 1744 3070 mense
1773 3015 1877 3070 im-

1974 2387 2090 2426 sem
2113 2369 2365 2427 doctrina
2393 2377 2448 2426 et
2474 2371 2761 2428 sanctitate
2808 2388 2908 2426 sua
2943 2371 3194 2428 illustrat.
3255 2373 3420 2428 Soror
3449 2387 3590 2443 quo-

1975 2481 2083 2537 que
2110 2465 2230 2534 ejus
2273 2465 2474 2522 Severa
2521 2465 2799 2520 abbatissa
2853 2466 2909 2520 in
2938 2465 3132 2521 eadem
3163 2466 3300 2522 urbe
3339 2482 3370 2520 a
3407 2464 3592 2520 fratris

1975 2555 2262 2610 sanctitate
2293 2569 2404 2609 non
2435 2554 2738 2629 degenerat
2761 2553 2874 2626 ¹⁰⁶.]

2117 2647 2244 2702 647.
2389 2647 2444 2709 4,
2559 2647 2639 2705 12.
2785 2646 2841 2701 2.
2993 2645 3040 2701 1.
3189 2647 3243 2700 7.
3391 2645 3444 2700 3.

2049 2740 2134 2809 (Η.
2166 2741 2264 2808 m.)
2321 2741 2485 2795 Persa
2513 2739 2737 2811 quidam
2767 2738 3039 2794 simulans
3087 2753 3146 2793 se
3189 2735 3334 2793 velle
3361 2737 3593 2792 adorare

1982 2830 2218 2884 Haumar
2263 2827 2490 2883 amiram
2545 2826 2966 2893 Saracenorum,
3003 2825 3174 2882 inﬁxo
3231 2827 3290 2882 in
3343 2834 3592 2882 ventrem

1981 2918 2100 2986 ejus
2130 2916 2316 2992 gladio
2361 2915 2596 2988 peremit
2629 2930 2786 2980 eum;
2822 2915 2910 2972 cui
2963 2915 3193 2972 Hotmen
3239 2915 3591 2980 substitutus,

1981 3013 2141 3068 annis
2168 3011 2238 3066 10
2285 3011 2643 3082 principatur.
2678 3009 2761 3077 (G.
2794 3029 2841 3066 r.
2877 3010 2958 3082 F.)
2991 3010 3257 3082 Pippinus
3294 3009 3468 3080 major
3493 3009 3596 3065 do-

263 3061 413 3072 υ---ν
442 3061 590 3071 --ι-α-
638 3061 756 3085 ν.--
783 3061 1153 3078 "unum-..
1199 3061 1250 3069 π
1305 3061 1495 3086 η---η
1557 3061 1744 3070 um---
1982 3061 2140 3068 —-——--
2174 3061 2232 3066 η
2287 3061 2642 3082 τ---ητ-η--τ
2681 3061 2734 3077 .-
2795 3061 2805 3066 γ
2877 3061 2894 3066 -
2921 3061 2955 3082 -,
2993 3061 3254 3082 --πη-η
3499 3061 3556 3065 τ-

263 3105 401 3178 perii
434 3105 520 3160 sui
548 3121 581 3159 a
610 3119 844 3161 noverca
870 3122 968 3161 sua
1001 3105 1228 3160 Mai-tina
1257 3110 1314 3160 et
1364 3103 1531 3175 Pyrro
1567 3104 1878 3176 patriarcha
1901 3061 1951 3131 Ο
1981 3119 2104 3159 mus
2132 3101 2364 3158 moritur
2401 3101 2567 3172 (169).
2623 3099 2970 3155 Grimoaldus
3019 3099 3166 3156 ﬁlius
3217 3099 3338 3171 ejus
3366 3099 3422 3154 in
3471 3098 3596 3154 aula

259 3198 482 3256 veneno
511 3199 872 3272 extinguitur,
902 3199 1213 3266 etMartina
1255 3215 1378 3254 cum
1431 3199 1546 3255 ﬁlio
1583 3215 1684 3255 suo
1712 3200 1881 3254 Hera-

259 3293 424 3347 clona
478 3291 768 3363 imperium
811 3290 1023 3362 arripit.
1063 3291 1271 3361 (Faan.)
1324 3290 1592 3346 Sisebodo
1645 3290 1880 3363 Wisigo-

261 3383 485 3436 thorum
527 3397 678 3454 'rege
713 3386 961 3446 mortuo,
1020 3379 1253 3434 Suitilan
1307 3379 1634 3446 succedens,
1696 3385 1888 3452 regnat

262 3475 427 3530 annis
468 3474 525 3528 2.
565 3472 688 3542 (10.)
739 3471 1098 3546 Dagobertus,
1143 3469 1454 3526 Saxonibus
1492 3481 1685 3526 contra
1715 3470 1890 3525 Wini-

263 3567 372 3621 dos
401 3565 508 3619 sibi
537 3562 958 3626 auxiliantibus,
1007 3578 1252 3617 annuum
1285 3561 1711 3634 quingentarum
1760 3579 1886 3620 vac-

265 3673 455 3713 carum
483 3655 752 3710 tributum
781 3654 865 3710 eis
883 3653 1154 3728 indulget.

411 3748 538 3802 643.
688 3751 737 3802 1.
885 3745 940 3802 8.
1055 3745 1140 3800 12.
1254 3745 1342 3800 13.
1493 3745 1544 3801 3.
1695 3745 1746 3798 1.

342 3841 427 3910 (Η.
484 3842 586 3906 m.)
647 3837 993 3903 Heraclonas,
1027 3837 1243 3892 absciso
1273 3835 1380 3891 sibi
1435 3851 1594 3903 naso,
1625 3843 1679 3892 et
1747 3836 1887 3893 Mar-

268 3932 388 3986 tina
417 3937 593 3984 mater
621 3929 744 3998 ejus
792 3925 1006 3982 abscisa
1039 3927 1230 4000 lingua
1285 3925 1608 3992 exiliantur;
1664 3932 1719 3980 et
1745 3927 1882 3983 Con-

263 4027 442 4085 stans,
483 4017 669 4090 quiet
725 4015 1114 4072 Constantinus
1161 4015 1381 4082 dicitur,
1429 4013 1576 4070 ﬁlius
1615 4014 1888 4070 Constan-

263 4111 392 4176 tini,
427 4109 674 4185 regnavit
704 4109 866 4163 annis
911 4107 982 4162 26
1013 4107 1097 4162 ¹⁰³.
1156 4107 1343 4177 {Bt-2m,
1373 4112 1436 4162 Η.
1495 4109 1564 4174 e.)
1609 4107 1890 4164 Oswaldus

265 4221 362 4261 rex
402 4205 978 4276 Nordanymbroruma
1009 4202 1192 4257 Penda
1241 4202 1564 4259 Merciorum
1619 4218 1747 4278 rege
1791 4219 1890 4276 pe-

267 4303 520 4368 rimitur;
577 4301 735 4372 cujus
777 4301 924 4356 ﬁlius
976 4299 1117 4356 Oswi
1169 4306 1365 4375 regnat
1432 4305 1558 4370 post.
1611 4315 1736 4354 eum
1787 4316 1888 4354 an-

269 4393 358 4447 nis
397 4392 471 4446 28
541 4392 747 4462 (Fat-:0.)
791 4393 1134 4469 Dagobertus
1174 4391 1478 4446 Wascones
1507 4390 1734 4463 subigit.
1799 4391 1891 4446 Ju-

269 4484 449 4540 dacail
504 4501 597 4539 rex
643 4485 948 4542 Brittonum
1023 4485 1254 4560 gratiam
1309 4485 1429 4556 ejus
1484 4485 1591 4540 sibi
1648 4485 1888 4542 redimit.

270 4573 458 4648 [Virgo
497 4572 692 4628 Christi
758 4573 1050 4647 Reginulfa
1091 4574 1382 4630 sanctitate
1445 4575 1615 4630 claret
1673 4574 1728 4629 in
1771 4574 1896 4630 Gal-

273 4665 351 4719 lia
383 4663 496 4735 tu.)

407 4759 537 4814 641.
696 4759 718 4812 1
893 4761 946 4816 9.
1058 4763 1146 4817 15.
1261 4763 1348 4816 14.
1496 4764 1551 4817 4.
1697 4762 1752 4817 2.

347 4851 431 4916 (11.
463 4853 560 4920 m.)
612 4849 886 4907 Haudmar
938 4851 1140 4908 amiras
1167 4852 1433 4924 templum
1475 4853 1581 4907 sibi
1639 4853 1896 4910 Hierusa-

273 4939 383 4994 lem
432 4939 690 5008 tediﬁcat,
751 4946 806 4995 et
835 4939 965 5012 quia
996 4941 1151 4997 nullo
1203 4941 1370 4998 modo
1397 4947 1670 4998 structura
1698 4941 1892 4998 consi-

271 5037 424 5086 stere
467 5037 700 5102 poterat,
733 5031 1088 5106 suggestione
1139 5031 1452 5088 Iudaeorum
1483 5049 1701 5089 crucem
1731 5033 1899 5089 desu-

274 5139 377 5194 per
427 5132 671 5179 montem
703 5121 897 5179 Oliveti
951 5123 1070 5179 tolli
1125 5124 1383 5196 imperat,
1411 5133 1467 5181 et
1509 5125 1591 5182 sic
1625 5133 1898 5182 structura

1982 3192 2256 3268 Sigeberti
2288 3193 2434 3266 regis
2461 3196 2718 3262 potenter
2745 3189 3107 3262 principatur.

2118 3284 2244 3340 648.
2392 3283 2447 3337 5.
2597 3281 2648 3335 1.
2796 3279 2848 3335 5.
2994 3279 3052 3333 2.
3198 3279 3251 3333 8.
3400 3278 3452 3332 4.

2060 3379 2140 3448 (II.
2195 3380 2296 3448 νη.)
2327 3376 2584 3433 Saraceni
2623 3375 2854 3431 Africam
2887 3380 3177 3446 occupant.
3228 3373 3436 3443 (BBDA.)
3460 3371 3598 3426 San-

1988 3475 2110 3525 ctus
2175 3468 2375 3522 Fursus
2413 3467 2468 3521 in
2519 3465 2781 3522 Hibernia
2833 3463 3066 3529 claruit;
3122 3463 3216 3536 qui
3276 3461 3601 3536 peregrina-

1987 3559 2193 3615 tionem
2253 3573 2353 3630 pro
2410 3557 2624 3612 Christo
2681 3571 2992 3631 aggressus,
3035 3554 3105 3608 ad
3159 3553 3362 3608 Gallias
3419 3568 3598 3624 usque

1921 3722 1928 3730 .
1985 3646 2262 3719 pervenit,
2297 3647 2369 3718 [et
2394 3662 2424 3700 a
2451 3644 2763 3700 Cblodoveo
2784 3659 2916 3715 rege
2945 3641 3252 3698 honoriﬁce
3284 3646 3596 3710 susceptus,

1987 3737 2328 3794 Latiniacum
2345 3735 2660 3792 canobium
2691 3733 2940 3790 fundavit
2961 3731 3070 3804 '07.]
3097 3731 3266 3798 Quem
3290 3744 3402 3786 non
3424 3728 3598 3784 multo

1987 3836 2111 3902 post
2156 3829 2351 3884 fratres
2393 3826 2478 3880 sui
2535 3825 2809 3880 Foillanus
2848 3832 2904 3878 et
2939 3823 3167 3879 Ultanus
3204 3819 3320 3892 pari
3359 3817 3601 3893 peregri-

1989 3920 2158 3976 nandi
2187 3927 2314 3976 voto
2343 3915 2539 3980 secuti,
2579 3931 2680 3988 per
2705 3913 2904 3969 Gallias
2930 3912 3265 3969 claruerunt.
3293 3909 3364 3963 Ex
3397 3907 3598 3979 quibus

1987 4011 2266 4068 Foillanus
2317 4009 2464 4064 dono
2518 4005 2801 4062 Gertrudis
2828 4003 3062 4079 virginis
3091 4003 3358 4058 Fossense
3402 4013 3604 4054 mona-
3635 4029 3642 4039 -

1987 4099 2215 4156 stcrium
2247 4107 2438 4170 postea
2489 4096 2758 4160 fundavit,
2790 4094 2888 4149 ubi
2945 4094 3110 4149 etiam
3154 4090 3412 4162 martyrio
3440 4104 3603 4146 coro-

1989 4191 2431 4266 natusquiescit.
2479 4190 2566 4259 (G.
2595 4195 2766 4260 penu
2798 4187 3060 4244 Martinus
3111 4185 3373 4242 Romanis
3421 4181 3611 4239 arcete-

1989 4290 2089 4346 siae
2134 4288 2264 4342 71ιιε
2313 4286 2559 4358 presidet
2629 4283 2829 4353 (Famam)
2879 4279 3190 4356 Sigibertus
3235 4292 3327 4332 rex
3381 4272 3611 4329 Radulfo

1991 4382 2362 4456 Turingorum
2394 4377 2522 4432 duci
2553 4375 2704 4430 bello
2738 4369 3036 4428 concurrit.

2124 4454 2230 4529 619
2401 4468 2452 4524 6.
2600 4465 2635 4521 2
2803 4463 2858 4518 4.
3003 4457 3053 4514 3.
3206 4458 3262 4512 9.
3408 4454 3462 4508 δ.

2065 4565 2274 4640 Eligius
2312 4558 2586 4626 Noviomi,
2632 4555 2950 4619 Audoenus,
2981 4549 3074 4622 qui
3117 4555 3173 4604 et
3227 4544 3611 4640 Dado,_llo_to-

1995 4635 2394 4738 magi'clarent
2430 4649 2700 4726 episcopi,
2749 4654 2805 4703 et
2846 4644 3181 4738 Pbilibertus
3227 4635 3610 4738 et-Ricliarius.

1995 4725 2342 4812 Poritivénsis
2387 4747 2638 4804 abbates.
2695 4738 2980 4812 Ansigisus
3026 4734 3192 4792 etiam
3250 4730 3395 4786 ﬁlius
3436 4725 3610 4784 sancti

1995 4846 2202 4906 Arnulﬁ
2249 4843 2512 4911 clarebat,
2571 4837 2658 4896 cui
2705 4837 2887 4910 Begga
2939 4847 3096 4889 soror
3147 4825 3446 4884 Grimoaldi
3505 4839 3614 4879 nu-

1997 4947 2202 5013 pserat,

2138 5005 2264 5084 650.
2415 5023 2470 5078 7.
2614 5020 2670 5076 3.
2815 5016 2870 5073 δ.
3016 5014 3070 5068 4.
3185 5010 3273 5066 10.
3423 5005 3477 5060 1.

2068 5127 2143 5189 (ν.
2196 5115 2396 5185 Gertr.)
2449 5113 2550 5168 ltta
2605 5108 2794 5166 relicta
2841 5103 3062 5177 Pippini
3113 5097 3378 5156 instinctu
3437 5091 3614 5148 sancti

1630 5265 1851 5322 unus
1891 5233 2261 5320 LECTIONES.

349 5369 418 5405 ¹⁰³
444 5374 526 5425 ita
557 5371 606 5425 1.
641 5371 798 5440 (corr.
827 5386 886 5425 er
909 5369 1139 5441 XXVII.)
1193 5371 1252 5424 D.
1290 5370 1470 5425 XXYll
1501 5372 1560 5426 A.
1611 5371 1764 5426 XXV.
1801 5371 1894 5426 Β4.
1932 5369 2025 5427 C3.

2137 5366 2204 5402 tot
2231 5366 2356 5422 add,
2393 5359 2484 5427 ιβ,
2514 5378 2529 5427 ς
2578 5359 2693 5414 rea,
2763 5354 2830 5390 ιοο
2859 5353 2983 5407 add.
3015 5345 3109 5422 1β.
3139 5361 3152 5410 ;
3181 5345 3298 5400 rell.
3324 5347 3522 5415 prater
3549 5339 3608 5394 A.

275 5442 344 5476 ¹⁰⁶
367 5443 489 5496 add.
525 5441 578 5496 1.
605 5427 704 5496 αὶιι
730 5445 858 5497 Ans.
894 5449 993 5496 aut
1021 5427 1159 5514 1β,’;
1189 5443 1304 5498 rell.
1330 5449 1529 5512 prwter
1553 5443 1613 5499 A.
1699 5443 1765 5478 ¹⁶⁷
1791 5444 1916 5498 add.
1945 5449 2044 5498 aut
2072 5444 2203 5495 Ans.
2235 5443 2352 5493 aut.
2387 5427 2515 5508 1β.;
2551 5430 2668 5486 rell.
2699 5430 2894 5498 prwter
2923 5427 2981 5476 Α.

1840 5548 2051 5606 ΝΟΤᾸΕ.

351 5617 494 5688 (190(
515 5618 667 5674 Errat
704 5617 850 5692 Sig;
872 5617 1012 5674 obiit
1033 5619 1180 5675 circa
1209 5635 1258 5676 a.
1290 5618 1416 5676 640.
