3870 6060
155 237 256 290 125

149 479 250 518 sus
292 459 365 515 ad
410 463 598 513 votum
654 470 814 509 suum
869 459 1158 508 excecatus
1205 457 1310 508 est.
1366 453 1434 488 ¹¹²
1486 453 1579 520 (cf.
1621 451 1774 506 Bald.

155 555 198 620 1,
236 550 356 622 19.)

225 646 354 703 659.
396 643 462 699 R.
499 641 584 698 16.
637 640 694 695 S.
725 639 780 693 2.
827 638 886 693 F.
930 638 1018 694 14.
1063 637 1118 692 L.
1170 637 1221 692 8.
1260 637 1319 690 Α.
1380 635 1465 691 19.
1497 635 1704 690 WJE’).

227 740 308 803 (ϐ.
333 731 505 804 pom.)
534 729 766 784 Martino
783 743 924 799 papa
950 741 1048 798 pro
1069 725 1421 782 confessione
1446 722 1600 790 fidei,
1619 724 1777 793 jussu

155 823 509 884 Constantini
539 821 762 878 exiliato
791 820 979 893 ibique
1026 819 1309 885 defuncto,
1341 817 1620 892 Eugenius
1652 817 1780 872 72“

160 925 427 979 Romanae
457 915 728 975 ecclesiae
784 915 1044 987 presidet.
1108 913 1190 982 (Η.
1242 915 1344 984 m.)
1389 911 1782 969 Constantinus

153 1011 432 1068 Sclaviam
450 1007 562 1063 sibi
592 1005 800 1081 subigit
827 1005 913 1062 ηδ.

301 1105 432 1162 660.
545 1101 633 1157 17.
745 1099 798 1157 3.
913 1099 996 1155 15.
1145 1097 1198 1154 9.
1310 1096 1399 1153 20.
1549 1096 1636 1150 16.

232 1201 325 1268 (Η.
349 1198 452 1270 m.)
474 1195 755 1252 Muhavias
790 1195 1186 1250 Saracenorum
1229 1193 1431 1248 amiras
1482 1207 1607 1248 cum
1639 1191 1784 1250 Con-

157 1289 413 1346 stantino
445 1289 778 1359 imperatore
825 1285 1006 1340 firmat
1034 1292 1278 1356 pactum,
1305 1291 1364 1339 ut
1394 1282 1651 1339 Saraceni
1684 1282 1787 1336 Ro-

157 1383 342 1438 manis
363 1381 582 1436 solvant
611 1377 897 1443 tributum,
953 1375 1166 1432 scilicet
1215 1391 1314 1446 per
1365 1375 1614 1447 singulos
1663 1373 1788 1428 dies

163 1475 504 1530 nomismata
546 1470 700 1526 mille
752 1476 807 1524 et
851 1485 1071 1524 servum
1100 1475 1156 1524 et
1180 1483 1405 1540 equum.
1439 1465 1788 1522 Chlodoveus

163 1583 264 1622 rex
289 1579 498 1635 corpus
524 1561 699 1617 sancti
719 1561 964 1632 Dionysii
988 1559 1312 1615 Parisiensis
1349 1556 1787 1629 discooperiens,

167 1655 359 1710 minus
377 1651 658 1726 religiose,
684 1650 814 1706 licet
855 1649 1084 1720 cupide,
1128 1663 1192 1704 os
1233 1647 1446 1702 brachii
1473 1646 1596 1718 ejus
1629 1645 1791 1720 fregit

167 1753 224 1798 et
243 1741 735 1813 rapuit;moxque
789 1737 843 1792 in
893 1738 1189 1792 amentiam
1217 1741 1540 1806 perpetuam
1572 1733 1786 1788 incidit.

167 1833 254 1899 (P.
283 1832 368 1900 D.)
401 1829 620 1901 Aripert
665 1827 1156 1902 Langobardorum
1209 1841 1336 1896 rege
1366 1823 1650 1890 defuncto,
1684 1821 1792 1876 Go-

166 1919 442 1975 debertus
470 1925 528 1974 et
557 1916 830 1972 Bertarith
883 1915 983 1970 filii
1015 1915 1136 1984 ejus
1187 1929 1394 1968 annum
1453 1919 1624 1984 agunt
1677 1925 1792 1965 non

171 2020 281 2067 tam
307 2011 364 2065 in
395 2024 569 2083 regno
619 2007 1030 2080 componendo,
1061 2022 1225 2078 quam
1265 2005 1335 2061 de
1364 2019 1534 2078 regno
1561 2010 1791 2060 conten-

169 2105 381 2160 dendo.

315 2196 442 2253 661.
556 2195 645 2251 18.
755 2195 810 2249 4.
923 2194 1010 2250 16.
1151 2195 1200 2248 1.
1338 2191 1429 2245 21.
1557 2190 1642 2246 16.

242 2283 516 2356 (G.pont.)
537 2281 986 2339 Vitalianus73ua
1033 2281 1293 2337 Romanis
1323 2279 1584 2336 aecclesiae
1615 2277 1792 2351 presi-

170 2375 286 2430 det.
311 2373 368 2444 (Α
420 2373 593 2442 Leod.)
616 2371 764 2428 Obiit
790 2379 1014 2426 sanctus
1043 2369 1324 2424 Amandus
1343 2367 1788 2438 Elnonensis.(H.

173 2471 273 2535 τη.)
295 2464 689 2522 Constantinus
700 2465 1000 2535 imperator
1015 2461 1386 2517 Theodosium
1401 2459 1620 2516 fratrem
1635 2475 1795 2516 suum

173 2555 401 2612 occidit.
428 2554 605 2624 (P.D.)
634 2553 1007 2619 Grimoaldus,
1057 2551 1167 2606 dux
1195 2549 1573 2617 Taurinatum,
1621 2549 1799 2605 Gods-

177 2643 613 2711 bertum,ﬁlium
669 2642 885 2714 Aripert
927 2640 1072 2716 regis
1127 2637 1636 2712 Langobardorum,
1666 2638 1797 2694 dolo

176 2736 420 2807 perimit,
443 2741 500 2791 et
521 2735 644 2804 ejus
663 2750 894 2808 regnum
919 2732 1135 2804 arripit,
1191 2745 1553 2802 sororemque
1614 2729 1798 2785 Gode-

179 2829 322 2884 berti
353 2843 582 2885 uxorem
624 2826 797 2892 ducit,
827 2825 1185 2902 regnavitque
1224 2823 1386 2879 annis
1405 2822 1574 2895 9.[(A.
1605 2823 1796 2890 Laub.,

179 2923 364 2994 Fwn.)
392 2923 629 2980 Sanctus
682 2909 950 2978 Nivardus
1003 2919 1293 2976 Remensis
1322 2917 1793 2990 archiepiscOpus,

1652 229 1730 284 Cl-l
1741 227 2001 286 RONICA.

147 367 333 422 salute
364 377 467 416 sua
497 359 605 414 sibi
625 376 656 414 a
689 358 798 414 Deo
843 357 1145 412 immissam
1180 371 1302 412 esse
1333 357 1632 429 gaudebat,
1661 373 1778 410 rur-
1802 362 1852 428 Α

3383 210 3488 267 126

2020 353 2145 408 663.
2255 348 2348 403 20.
2474 348 2529 400 6.
2663 347 2720 414 1.
2859 343 2914 398 2.
3053 340 3144 398 23.
3254 339 3346 392 19.

1952 444 2076 516 (1b.)
2109 440 2498 499 Constantinus
2551 437 2847 509 imperator
2882 435 3109 491 Romam
3157 429 3310 487 venit
3346 448 3362 495 ;
3420 429 3490 485 de

1882 553 1992 610 qua
2011 535 2272 593 omnibus
2321 548 2501 606 paene,
2549 546 2674 604 quae
2719 528 2789 584 ad
2846 534 3098 584 ornatum
3124 523 3278 580 urbis
3312 529 3490 584 erant,

1881 628 2076 684 ablatis
2104 628 2174 684 ad
2203 625 2445 682 Siciliam
2472 623 2640 678 vadit.
2765 613 2776 625 “

2021 721 2148 776 664.
2288 718 2379 773 31.
2492 715 2542 770 7.
2672 713 2726 768 2.
2865 710 2920 764 3.
3057 709 3148 764 ει.

1951 814 2339 873 Constantinus
2371 813 2673 883 imperator
2713 805 3007 878 imperium
3055 803 3111 859 in
3168 801 3360 858 urbem
3395 799 3497 854 Ro-

1881 926 2024 965 mam
2049 906 2348 962 transferre
2365 903 2578 968 nititur,
2603 900 2701 956 sed
2725 917 2756 955 a
2787 889 3410 964 Constantinopolitanis
3439 895 3496 942 et

1883 1000 2171 1056 resistitur.
2217 997 2405 1068 (Bsua,
2465 1000 2510 1049 H
2577 1005 2645 1061 ε.)
2697 993 2755 1046 ln
2813 987 3008 1063 Anglia
3037 987 3183 1042 inter
3209 983 3412 1058 Anglos
3441 987 3499 1035 et

1885 1090 2098 1146 Scottos
2122 1101 2323 1158 magna
2353 1084 2424 1138 de
2463 1079 2850 1138 observatione
2888 1077 3108 1148 paschae
3137 1073 3196 1129 ﬁt
3225 1072 3502 1142 discepta-

1885 1182 1981 1247 tio,
2023 1178 2302 1234 mediante
2327 1175 2464 1231 Oswi
2498 1189 2626 1248 rege
2675 1171 2938 1245 glorioso,
2971 1167 3066 1240 qui
3097 1166 3262 1222 etiam
3308 1177 3500 1218 assen-

1885 1287 1980 1326 sus
1999 1276 2085 1325 est
2107 1266 2294 1342 Anglis
2319 1265 2524 1336 pascha
2571 1259 2983 1317 celebrantibus
3016 1270 3170 1311 more
3227 1253 3499 1307 Romano.

1889 1363 2052 1435 (Fnsn
2082 1361 2098 1432 )
2128 1357 2433 1416 Sisenando
2477 1353 2906 1429 Wisigotharum
2954 1364 3084 1423 rege
3127 1351 3366 1411 mortuo,
3414 1356 3502 1394 rc-

1887 1467 2020 1533 gnat
2049 1455 2322 1512 Chintilan
2361 1451 2523 1508 annis
2583 1449 2667 1505 16.
2725 1452 2804 1517 (ν.
2851 1445 3048 1511 Gertr.)
3113 1440 3260 1496 Obiit
3309 1443 3502 1493 sancta

1889 1545 2190 1604 Gerdrudis
2214 1541 2543 1600 Nivialensis
2560 1539 2728 1609 (170.)

3257 704 3355 760 20.

2032 1653 2160 1710 665.
2223 1651 2358 1716 .22.
2507 1647 2541 1702 8
2700 1643 2752 1701 3.
2889 1643 2943 1696 4.
3067 1638 3160 1692 25.
3306 1635 3358 1688 1.

1962 1750 2018 1820 (Α
2053 1747 2224 1819 Leod.)
2257 1745 2403 1801 Obiit
2452 1747 2676 1799 sanctus
2725 1737 2934 1811 Eligius
2985 1729 3366 1790 Noviomensis
3392 1726 3506 1796 epi-

1890 1859 2110 1916 scopus.
2173 1843 2360 1911 (Bsna,
2399 1845 2448 1894 Η
2527 1839 2594 1907 e.)
2668 1833 3000 1890 Earconbert
3064 1845 3160 1885 rex
3207 1824 3504 1916 Angldrum

1891 1912 2050 2002 obiit,
2078 1940 2134 1989 et
2174 1932 2323 1987 ﬁlius
2364 1931 2486 2000 ejus
2529 1928 2728 2001 Egbert
2784 1929 2978 1996 regnat
3019 1927 3142 1993 post
3167 1933 3293 1974 eum
3344 1912 3507 1969 annis

1891 2027 1926 2082 9
1958 2027 2046 2081 us.

2029 2133 2156 2188 666.
2267 2129 2354 2185 23.
2469 2127 2524 2180 9.
2668 2123 2722 2178 4.
2871 2121 2924 2176 5.
3077 2119 3126 2172 1.
3308 2110 3365 2166 2.

1963 2221 2046 2291 (G.
2102 2237 2152 2277 r.
2209 2217 2290 2290 F.)
2341 2214 2628 2272 Lotharius
2682 2227 2777 2267 rex
2846 2209 3180 2264 Francorum
3255 2199 3506 2255 moritur.

1893 2312 2265 2370 Theodericus
2292 2309 2460 2364 frater
2504 2305 2625 2379 ejus
2672 2304 2740 2359 ab
2797 2299 3036 2358 Ebroino
3076 2295 3286 2365 majore
3311 2293 3512 2347 domus

1897 2407 1954 2462 in
1977 2419 2208 2480 regnum
2247 2400 2596 2458 sublimatur.

2072 2501 2196 2556 667.
2309 2498 2399 2552 24.
2509 2497 2598 2552 10.
2713 2495 2767 2548 1.
2877 2492 2932 2548 6.
3078 2488 3133 2541 2.
3287 2483 3342 2538 3.

1971 2592 2046 2661 (Ib
2072 2594 2094 2658 )
2117 2587 2490 2644 Theodericus
2545 2601 2641 2640 rex
2670 2588 2899 2656 prepter
2925 2575 3253 2634 insolentias
3289 2567 3514 2661 Ebroini

1897 2658 2176 2738 aFrancis
2212 2679 2552 2752 repudiatur,
2597 2683 2650 2732 et
2694 2675 2864 2730 frater
2907 2671 3030 2740 ejus
3076 2665 3372 2729 llildricus,
3419 2658 3515 2734 qui

1901 2775 1956 2830 in
1981 2771 2196 2828 Austria
2221 2769 2508 2846 regnabat,
2531 2785 2564 2822 a
2589 2764 2802 2822 cunctis
2823 2763 2891 2818 ad
2925 2758 3268 2834 regnandum
3311 2768 3513 2809 evoca-

1902 2874 1988 2920 tur
2040 2863 2204 2918 Porro
2231 2845 2604 2914 Theodericus
2629 2861 2685 2910 et
2736 2851 3010 2908 Ebroinus
3059 2850 3434 2908 tonsorantur,
3463 2845 3520 2895 et

1897 2953 2274 3011 Theodericus
2318 2950 2558 3005 Parisius
2600 2948 2656 3002 in
2703 2943 2961 3002 coenobio
3005 2939 3180 2995 sancti
3239 2931 3508 3005 Dionysii,

177 3013 780 3122 ῗξμῆθὲῗῖῗοῗῗῗεῗῗ
793 3010 1800 3122 ‘3’3?___B'i'fffiffi’:ﬂ‘ffﬂueﬂ‘ffj
1823 3054 1872 3122 (ζ
1897 3047 2172 3103 Ebroinus
2195 3045 2254 3100 in
2287 3041 2526 3098 Luxovio
2579 3038 2914 3112 relegantur.
2961 3029 3185 3087 llildrici
3212 3027 3388 3096 major
3413 3023 3516 3078 do-

180 3109 287 3174 tyr,
317 3102 415 3174 qui
447 3101 552 3156 fuit
596 3099 770 3155 abbas
813 3099 1026 3172 primus
1067 3097 1576 3163 Autuillarensium,
1610 3102 1799 3152 sancta

181 3198 351 3253 etiam
397 3197 554 3252 Berta
586 3202 790 3267 martyr
817 3202 872 3252 et
915 3194 1220 3261 abbatissa,
1272 3193 1565 3250 sanctitate
1594 3191 1804 3249 clarent

186 3289 242 3343 in
279 3287 509 3345 Francia
539 3289 625 3341 ηδ.

324 3379 452 3436 662.
568 3380 659 3435 19.
783 3379 838 3433 5.
980 3377 1067 3433 17.
1204 3377 1254 3433 1.
1364 3374 1434 3430 22
1568 3373 1656 3429 18.

255 3471 335 3540 (Ρ.
369 3471 457 3538 D.)
484 3467 876 3524 Constantinus
903 3467 1200 3539 imperator
1229 3464 1442 3520 Italiam
1473 3463 1632 3535 petit,
1666 3461 1808 3516 mul-

183 3573 387 3635 tasque
441 3560 926 3635 Langobardorum
991 3557 1162 3614 urbes
1209 3557 1376 3628 capit,
1431 3557 1803 3611 Beneventum

185 3651 434 3718 obsidet,
485 3649 677 3722 ibique
707 3648 1054 3706 Grimoaldus
1079 3663 1171 3703 rex
1200 3645 1503 3702 exercitum
1536 3645 1658 3714 ejus
1679 3659 1805 3718 gra-

185 3742 540 3799 viteratterit
603 3742 762 3812 (G.r.
816 3742 896 3811 Ρ.)
932 3739 1277 3796 Cblodoveus
1336 3755 1429 3793 rex
1472 3737 1801 3793 Francorum

183 3832 348 3898 obiit,
395 3838 455 3887 et
497 3829 786 3886 Lotharius
849 3827 998 3884 filius
1051 3828 1172 3898 ejus
1221 3827 1473 3884 succedit
1501 3833 1556 3881 et
1586 3827 1804 3882 tennis

188 3928 403 3996 regnat.
437 3919 611 3988 Hujus
626 3918 802 3988 major
846 3918 1044 3974 domus
1086 3925 1212 3989 post
1233 3913 1671 3972 Erchanoaldum
1705 3915 1806 3971 fuit

185 4013 482 4069 Ebroinus.
540 4014 614 4082 (γ.
665 4013 866 4078 Balth.)
900 4009 1185 4065 Balthildis
1213 4008 1428 4084 regina,
1473 4019 1654 4064 mater
1693 4009 1801 4065 Lo-

189 4101 684 4166 thariiulorbeiam
699 4107 756 4156 et
800 4099 1018 4156 Chalam
1062 4097 1394 4154 monasteria
1429 4098 1536 4154 Deo
1559 4106 1806 4153 constru-

183 4197 278 4252 xit.
309 4196 394 4264 (Ρ.
419 4195 504 4266 D.)
557 4193 774 4250 Abhinc
823 4192 1151 4248 Francorum
1197 4191 1420 4266 regibus
1447 4207 1479 4244 a
1507 4190 1670 4245 solita
1694 4188 1805 4246 for-

188 4285 428 4342 titudine
463 4291 518 4339 et
542 4283 777 4338 scientia
820 4281 1312 4354 degenerantibus,
1370 4280 1528 4356 regni
1561 4279 1807 4352 potentia

190 4375 596 4448 diaponebatur
625 4390 725 4446 per
753 4373 994 4442 majores
1035 4372 1253 4440 domus,
1301 4373 1527 4445 regibus
1553 4372 1673 4427 solo
1706 4388 1810 4427 no-

192 4469 340 4524 mine
361 4466 763 4542 regnantibus:
796 4465 1003 4539 quibus
1034 4464 1204 4520 moris
1233 4473 1349 4519 erat
1375 4463 1673 4534 principari
1694 4463 1811 4535 qui-

191 4562 318 4617 dem
347 4559 658 4617 secundum
706 4573 904 4631 genus,
956 4563 1012 4612 et
1055 4555 1132 4610 nil
1162 4570 1329 4630 agere
1373 4555 1459 4609 vel
1489 4555 1808 4625 disponere,

193 4669 358 4724 quam
381 4649 838 4707 irrationabiliter
867 4648 1034 4705 edere
1063 4653 1118 4702 et
1167 4646 1384 4712 bibere,
1405 4645 1669 4718 domique
1695 4662 1814 4703 mo-

193 4741 320 4804 rari,
349 4749 406 4797 et
436 4739 700 4796 Kalendis
747 4736 868 4792 Maii
917 4736 1202 4808 presidere
1244 4751 1428 4792 coram
1488 4741 1599 4790 tota
1623 4743 1814 4808 gente,

1901 3159 2023 3198 mus
2065 3147 2184 3197 erat
2232 3135 2571 3194 Vulfoaldus.
2628 3133 2724 3189 llic
2769 3133 2825 3186 in
2877 3125 3138 3201 parochia
3183 3117 3520 3176 Virdunensi

1901 3249 2067 3304 supra
2098 3231 2298 3286 Mosam
2323 3224 2639 3284 cmuobium
2671 3219 2845 3278 sancti
2889 3213 3170 3273 Michaelis
3196 3203 3514 3280 archangeli

1901 3325 2176 3384 fundavit.

2049 3433 2173 3488 668.
2293 3430 2388 3485 εδ.
2511 3427 2600 3481 41.
2717 3426 2768 3478 l.
2913 3420 2971 3475 6.
3119 3417 3175 3472 3.
3322 3413 3378 3466 4.
3494 3480 3498 3484 ἱ

1977 3525 2184 3594 (θεολ.)
2241 3519 2566 3576 Theodorus
2625 3512 3076 3584 archiepiscOpus
3132 3515 3188 3562 et
3247 3504 3521 3560 Adrianus

1907 3617 2131 3674 abbasa
2158 3611 2430 3668 Vitaliano
2471 3623 2613 3680 papa
2647 3607 2702 3661 in
2730 3603 2980 3678 Angliam
3011 3599 3343 3677 diriguntur.

2044 3727 2169 3784 669.
2315 3721 2408 3780 26.
2553 3719 2638 3774 l2.
2785 3716 2841 3772 2.
2989 3713 3044 3769 8.
3155 3710 3212 3764 4.
3323 3705 3377 3762 5.

1976 3821 2061 3892 (H.
2090 3818 2193 3891 m.)
2233 3813 2624 3874 Constantinus
2653 3811 2972 3882 imperator,
3005 3804 3100 3878 qui
3131 3811 3187 3860 et
3231 3799 3520 3862 Constans,

1905 3912 2165 3969 omnibus
2189 3907 2304 3964 suis
2331 3921 2548 3969 exosus,
2581 3900 2868 3976 Syracusis
2901 3916 2933 3954 a
2969 3897 3090 3953 suis
3117 3895 3175 3950 in
3206 3893 3405 3948 balneo
3436 3895 3523 3944 est

1905 4005 2138 4063 occisus.
2169 4001 2362 4058 Mizius
2388 3999 2614 4072 quidam
2638 3997 2694 4052 in
2726 3994 2914 4051 Sicilia
2961 3987 3308 4064 tyrannidem
3337 3983 3520 4040 medi-

1908 4101 2072 4160 tatus,
2112 4107 2238 4148 mox
2270 4069 2625 4160 extinguitur.
2663 4081 2978 4140 Constantis
3017 4078 3166 4134 filius
3206 4069 3520 4132 Constanti-

1908 4200 2012 4240 nus
2040 4189 2163 4255 post
2193 4187 2404 4254 patrem
2434 4177 2668 4248 imperat
2705 4172 2868 4230 annis
2897 4171 2986 4226 17.

2051 4278 2176 4333 670.
2324 4275 2377 4328 1.
2517 4271 2605 4328 13.
2757 4268 2810 4324 3.
2958 4265 3012 4320 9.
3159 4261 3214 4318 5.
3325 4259 3378 4314 6.

1834 4326 1893 4395 D
1985 4326 2261 4438 (0335:.)
2303 4326 2619 4418 Adeodatus
2656 4357 2786 4412 74'18
2813 4356 3075 4410 Romana:
3104 4347 3368 4406 aecclesiae
3399 4361 3520 4417 pre-

1909 4462 2072 4517 sidet.
2101 4461 2285 4528 (Βευλ,
2316 4463 2381 4512 Π.
2415 4455 2492 4527 e.)
2522 4453 2666 4510 Oswi
2697 4445 3237 4520 Nordanymbrorum
3269 4455 3402 4515 rege
3429 4439 3530 4493 de-

1911 4553 2122 4620 functo,
2155 4549 2406 4627 ngridus
2434 4547 2583 4602 filius
2613 4545 2736 4613 ejus
2789 4546 2984 4614 regnat
3012 4533 3174 4591 annis
3206 4532 3410 4627 15.-(Ρ.
3447 4531 3531 4601 D.)

1915 4623 2261 4701 Grimoaldus
2281 4657 2376 4697 rex
2396 4635 2906 4714 Langobardorum,
2941 4645 3066 4686 cum
3100 4641 3248 4683 nono
3285 4623 3376 4680 die
3405 4629 3532 4714 post

1919 4732 2236 4790 ﬂeotomum
2269 4736 2495 4799 accepto
2517 4711 2655 4780 arcu
2719 4719 3032 4777 columbam
3055 4723 3346 4790 percutere
3378 4711 3535 4767 nisus

192 4832 503 4886 etsalutare
549 4836 606 4883 et
641 4827 888 4888 salutari.
920 4825 1192 4896 obsequia
1225 4832 1280 4880 et
1299 4823 1446 4882 dona
1491 4825 1746 4896 accipere
1761 4830 1816 4879 et
1916 4833 2083 4893 esset,
2117 4839 2258 4880 vena
2285 4819 2494 4876 brachii
2524 4817 2646 4888 ejus
2674 4815 2922 4885 disrupta
2950 4818 3054 4880 est,
3077 4817 3133 4866 et
3153 4821 3539 4880 superponen-

193 4919 527 4991 rependere,
559 4926 616 4974 et
638 4917 719 4973 sic
747 4931 934 4972 secum
983 4929 1161 4986 usque
1191 4914 1260 4970 ad
1285 4914 1454 4970 alium
1485 4913 1682 4970 Maium
1713 4915 1814 4970 ha-

191 5007 392 5065 bitere.

1914 4921 2063 4976 tibus
2090 4919 2142 4974 ei
2202 4915 2436 4972 medicis
2487 4918 2758 4968 venenata
2819 4906 3206 4973 medicamina,
3238 4901 3534 4959 defunctus

1914 5018 2016 5066 est.
2048 5010 2126 5065 At
2155 5004 2420 5062 Pertarith
2447 5001 2596 5058 filius
2623 4998 2875 5071 Ariperth
2899 4992 3345 5072 regis,divinitus
3373 5005 3405 5044 a
3433 5001 3533 5058 pe-

1555 5132 1776 5188 VABl/E
1799 5130 2181 5188 LECTIONES.

262 5241 329 5275 ιιι
350 5242 510 5324 prius
533 5238 780 5324 .b-re‘uiora
805 5240 884 5292 ita
909 5240 970 5292 in
997 5238 1506 5324 rasn’rglan'tpliavit
1529 5237 1771 5324 ίρξθὲςέθ.
1803 5254 1921 5324 στιν..
1949 5253 2050 5294 sec.
2079 5249 2354 5324 abacum.
2372 5247 2622 5324 annosa]

2627 5231 2794 5286 uenti.
2830 5227 2898 5262 “3
2923 5233 3094 5283 totum
3117 5220 3408 5277 annumin
3430 5232 3534 5272 ra-

191 5328 320 5367 sura
343 5290 581 5380 eam
603 5290 723 5377 sa;
749 5290 876 5364 .5...
905 5290 1248 5375 ..σςτιχχι
1276 5290 1445 5363 θῖνες
1464 5290 1775 5380 ﬁguras;
1805 5290 2296 5380 .‘.‘3...'.‘.'...;h.b...
2325 5306 2386 5360 A.
2515 5290 2620 5380 ίιαῖ
2643 5306 2703 5357 in
2753 5315 2954 5380 rasura
2995 5295 3262 5380 ...ηεαέοε
3295 5290 3452 5373 linea;
3482 5295 3535 5344 et

195 5361 1252 5488 iﬁfﬁﬁ—ﬁze’é‘l’zaﬁr’A.,qui
1273 5361 1430 5436 habet
1461 5361 1491 5434 :r
1508 5361 1855 5436 et‘Pe—rta‘rith
1882 5361 2102 5436 fratrem
2138 5361 2260 5448 ejus
2283 5373 2622 5449 peregrinari
2655 5371 2856 5444 coegit.
2888 5370 3154 5436 Itaigz'tur
3201 5361 3312 5430 Sig.
3359 5364 3539 5431 primo

195 5455 370 5510 edidit.
405 5450 475 5488 “5
505 5451 644 5507 Vlll.
666 5452 727 5505 A.
748 5450 840 5506 Cl.
859 5450 910 5507 3.
945 5451 1005 5506 D.

1759 5523 1800 5578 Ν
1806 5522 1966 5579 ΟΤᾹΞ.

265 5622 418 5696 (170)
453 5622 585 5679 Eam
610 5637 640 5677 a
665 5620 770 5679 659
797 5619 1006 5678 obiisse
1035 5620 1238 5694 probat
1268 5619 1458 5676 Hirsch
1500 5639 1556 5694 p.
1585 5621 1678 5678 66.
