3868 6064
133 268 232 322 129

1632 257 1980 313 CHBONICA.

3367 271 3470 328 130

130 391 632 454 consuetudinem;
686 399 890 445 etcum
939 405 1130 445 eorum
1167 388 1397 443 scientia
1425 394 1480 443 et
1500 388 1750 457 jussione
1779 389 1828 456 Α
1856 388 1922 442 ad
1953 387 2221 442 maximos
2261 387 2470 442 militiae
2496 388 2732 444 honores
2763 399 3103 460 provexerat.
3138 393 3345 451 Lohere
3373 412 3466 450 rex

134 481 337 534 debeat
372 479 651 535 ordinatio
682 479 993 550 provenire.

200 572 328 625 681.
413 570 454 625 R
529 571 616 624 12.
694 571 747 625 S.
807 571 895 625 24.
975 571 1032 624 F.
1085 571 1138 626 2.
1221 570 1278 626 L.
1321 572 1407 626 11.

691 662 774 716 W.
817 680 870 734 g.
947 663 1106 734 Bulg.
1153 665 1174 717 1

698 681 774 716 w.
817 681 870 734 g.
948 681 1106 737 nulg.
1153 681 1174 717 1

205 755 415 823 (ΒευΑ.)
469 755 627 808 Sexta
688 754 932 824 synodus
981 753 1307 808 universalis
1370 754 1756 810 Constantino-

137 845 251 915 poli
295 852 686 917 congregatur,
730 844 784 898 in
825 861 933 915 qua
981 845 1248 918 Georgius
1297 846 1760 917 Constantinopo-

137 939 344 994 litanus
387 939 682 1009 episcopus
730 940 798 992 ab
839 955 1026 994 errore
1071 940 1559 996 monothelitarum
1609 957 1762 996 revo-

137 1043 324 1099 catur;
367 1033 674 1088 Macharius
719 1048 849 1088 vero
895 1034 1270 1090 Antiochenus
1322 1044 1375 1091 et
1413 1037 1593 1091 cuncti
1627 1036 1762 1092 duas

139 1126 455 1181 voluntates
514 1134 567 1182 et
619 1127 975 1196 operationes
1022 1127 1078 1182 in
1110 1144 1220 1182 una
1275 1127 1473 1184 Christi
1523 1145 1762 1200 persona

1488 571 1547 626 A.
1625 572 1676 626 8.

137 1226 428 1290 negantes,
464 1217 1013 1272 anathematizantur.
1045 1218 1104 1270 In
1139 1219 1239 1273 hac
1278 1218 1490 1288 synodo
1538 1219 1788 1273 fuerunt.

139 1310 391 1380 episcopi
421 1309 529 1363 289
552 1309 723 1379 (171).

309 1398 434 1453 682.
520 1397 603 1454 13.
679 1398 770 1452 25.
882 1399 934 1452 3.
1014 1400 1100 1453 12.
1212 1400 1266 1455 9.
1377 1401 1431 1454 2.
1543 1401 1596 1454 2.

209 1486 381 1554 (Cant
437 1488 620 1548 Fred.)
712 1487 946 1542 Sanctus
997 1488 1368 1562 Leodegarius
1424 1489 1764 1561 Augustidu-

142 1575 332 1629 nensis
362 1575 662 1645 episcOpus
693 1576 762 1629 ab
797 1576 1036 1631 Ebroino
1068 1579 1303 1648 capitur,
1355 1586 1408 1632 et
1440 1595 1562 1632 cum
1598 1578 1766 1634 fratre

144 1681 244 1719 suo
292 1665 494 1720 Gerino
550 1667 790 1740 graviter
819 1666 1099 1742 afﬂigitur.
1157 1668 1389 1724 Geriuus
1441 1686 1548 1724 non
1593 1671 1766 1725 multo

149 1765 272 1825 post
315 1757 594 1825 lapidibus
637 1757 890 1812 obruitur
960 1761 1048 1828 (H.
1100 1775 1152 1813 m
1184 1761 1197 1829 l
1232 1759 1512 1814 Muhavias
1542 1761 1766 1815 Sarace-

149 1865 347 1903 norum
394 1850 594 1904 amiras
620 1851 879 1916 moritur;
923 1860 1046 1922 post
1076 1869 1239 1924 quem
1274 1853 1425 1907 Gizid
1456 1853 1602 1908 ﬁlius
1648 1855 1768 1922 ejus

150 1940 331 1994 tribus
360 1941 522 1996 annis
566 1942 924 2013 principatur.
959 1944 1044 2010 (G.
1074 1945 1247 2015 poni.)
1283 1946 1337 2000 lu
1386 1946 1540 2000 Italia
1596 1945 1769 2001 tribus

151 2031 359 2084 aestatis
411 2032 694 2087 mensibus
743 2033 1066 2107 gravissima
1120 2034 1408 2090 hominum
1466 2036 1769 2091 mortalitas

153 2119 296 2174 facta
315 2129 427 2176 est.

293 2212 585 2268 683.14.
699 2215 752 2268 1.
865 2215 916 2268 4.
1025 2215 1108 2269 13.
1222 2216 1312 2269 10.
1427 2217 1479 2269 3.
1593 2219 1626 2269 3

225 2303 441 2373 (ΒεοΑ)
474 2303 532 2356 In
571 2303 764 2377 Anglia
799 2303 969 2359 claret
1021 2304 1338 2360 Edildrudis
1381 2306 1592 2378 regina,
1651 2323 1772 2378 quae

153 2390 333 2444 tribus
364 2390 496 2445 viris
550 2399 740 2462 nupta,
772 2393 923 2466 virgo
964 2394 1286 2463 permansit.
1330 2394 1496 2463 Cujus
1543 2402 1771 2451 mortuae

154 2499 356 2553 corpus
397 2490 520 2552 post
554 2484 614 2538 11
667 2484 966 2554 sepulturae
997 2502 1136 2541 suae
1168 2501 1346 2542 annos
1392 2487 1770 2559 incorruptum

154 2576 441 2630 inventum
486 2585 591 2630 est.

307 2665 432 2720 681.
527 2665 612 2720 15.
722 2666 775 2719 2.
890 2667 942 2720 5.
1034 2668 1287 2723 14.11.
1401 2672 1454 2724 4.
1567 2671 1620 2724 4.

235 2757 318 2818 (G.
350 2759 528 2826 pont.)
562 2756 668 2813 Leo
693 2758 882 2827 junior
913 2759 1037 2816 76ιιε
1075 2761 1334 2816 Romana:
1361 2763 1630 2818 zecclesiie
1655 2780 1782 2834 pre-

157 2847 321 2901 sidet.
387 2848 676 2903 Ravennas
706 2851 954 2906 zecclesia
995 2868 1228 2908 censura
1268 2854 1635 2925 imperatoris,
1677 2856 1778 2910 sub

161 2938 514 2994 ordinatione
570 2940 718 2994 sedis
763 2943 1083 3012 apostolicae
1124 2945 1374 3000 restituta
1415 2953 1516 3008 est,
1568 2947 1778 3002 scilicet

1797 1711 1845 1778 Β

1856 479 2150 547 Anglorum
2182 478 2441 542 moritur;
2473 486 2528 533 et
2573 478 2826 553 ngridus
2872 498 2963 536 rex
3014 483 3466 555 Nordanymbro-

1855 586 1975 624 rum
2003 587 2032 623 a
2058 569 2222 624 Pictis
2245 571 2545 640 perimitur.
2584 571 2735 637 Picti,
2763 571 2935 627 Scotti
2959 582 3012 627 et
3035 575 3326 630 Britonues
3357 578 3464 631 An-

1855 666 1976 740 glos
2005 664 2170 719 nimis
2196 673 2472 736 premunt.
2499 671 2552 718 et
2581 665 2855 727 libertate,
2881 683 3041 737 quam
3073 668 3200 721 olim
3229 685 3326 738 per
3355 671 3468 722 An-

1856 754 1977 829 glos
2003 754 2375 824 perdiderant,
2417 760 2659 824 recepta,
2715 755 2938 809 multam
2993 756 3203 828 Anglize
3254 764 3465 826 partem

1859 848 2140 901 invadunt.
2179 847 2300 902 Post
2331 847 2540 901 Lohere
2580 848 2830 920 regnavit
2871 846 3066 902 Edrich
3125 849 3286 903 annis
3325 850 3466 907 duo-

1859 936 1980 991 bus.
2019 935 2238 1008 ngrido
2288 951 2417 991 vero
2446 935 2752 990 succedens
2803 935 2969 990 frater
2999 935 3119 1004 ejus
3167 936 3337 991 Alfrid
3389 956 3477 993 re-

1861 1029 2050 1102 gnavit
2091 1028 2250 1081 annis
2275 1027 2362 1082 20.
2400 1028 2492 1097 (V.
2535 1028 2666 1096 Kil)
2703 1028 2935 1081 Sanctus
2997 1026 3274 1083 Chilianus
3311 1028 3470 1084 Scot-

1865 1127 1951 1173 tus
1981 1117 2441 1188 \‘Virziburgensic
2457 1117 2750 1186 cpiscopus
2773 1118 2961 1171 claret.

2001 1205 2124 1261 686.
2229 1206 2312 1259 17.
2431 1206 2479 1258 1.
2592 1206 2809 1260 7.16.
2925 1207 2974 1258 1.
3085 1207 3138 1259 2.
3252 1208 3305 1260 6.

1935 1302 2019 1368 (G.
2048 1305 2228 1370 pont.)
2269 1300 2547 1354 Johannes
2589 1300 2846 1354 Romanae
2898 1300 3158 1354 zecclesiae
3190 1301 3318 1355 7808
3349 1317 3473 1372 pre-

1862 1391 2026 1445 sidet.
2059 1394 2170 1458 ((H.
2204 1393 2302 1457 m.)
2353 1388 2703 1443 Constantino
2735 1388 3062 1458 imperatore
3100 1397 3358 1457 emortuo,
3389 1391 3481 1446 Ju-

1868 1481 2140 1534 stinianus
2203 1478 2350 1533 ﬁlius
2400 1478 2518 1546 ejus
2557 1477 2791 1546 imperat
2842 1477 3002 1531 annis
3055 1478 3139 1530 10.
3197 1479 3482 1534 Saracenis

1871 1569 2212 1640 principatur
2242 1566 2521 1621 l-labdalan
2550 1581 2695 1620 anno
2719 1581 2851 1620 uuo.
2896 1565 3077 1639 Begga
3107 1566 3296 1621 relicta
3326 1569 3490 1622 Ausi-

1868 1662 1972 1736 gisi
2005 1678 2064 1715 se
2113 1668 2166 1715 et
2209 1676 2307 1714 sua
2360 1660 2468 1714 Deo
2515 1659 2815 1728 mancipat,
2853 1667 2908 1712 et
2941 1660 3335 1713 monasterium
3380 1661 3491 1714 An-

1871 1753 2157 1806 dennense
2191 1749 2399 1803 fundat.

2015 1841 2148 1897 687.
2264 1841 2312 1894 1.
2426 1840 2477 1892 1.
2587 1839 2640 1891 8.
2726 1837 2817 1890 17.
2929 1837 2983 1890 2.
3105 1836 3158 1890 3.
3271 1837 3324 1889 7.

1941 1936 2027 2001 (G.
2080 1937 2271 2003 pont.).
2309 1931 2494 1987 Conon
2542 1932 2801 1986 Romanae
2842 1929 3104 1985 secclesiaa
3146 1930 3274 1983 79113
3319 1929 3491 2000 presi-

1870 2027 1982 2082 det.
2025 2026 2110 2096 (H.
2153 2026 2250 2096 m.)
2286 2023 2661 2078 llabdimelich
2706 2022 2906 2076 amiras
2955 2021 3296 2092 principatur
3328 2021 3490 2076 Sara-

1871 2122 2027 2178 cenis
2075 2121 2236 2175 annis
2287 2119 2374 2173 22.
2412 2118 2566 2172 Inter
2593 2116 2964 2171 Iustinianum
3015 2123 3069 2170 et
3110 2115 3484 2170 Habdimelich

1874 2230 1978 2284 pax
2007 2212 2286 2279 convenit,
2317 2218 2376 2264 ut
2414 2211 2627 2264 solvant
2673 2207 2928 2261 Saraceni
2967 2206 3226 2260 Romanis
3257 2205 3491 2277 singulis

1874 2305 2073 2359 diebus
2099 2302 2250 2357 mille
2273 2301 2602 2356 nomismata
2634 2305 2688 2352 et
2713 2313 2928 2352 servum
2961 2303 3013 2350 et
3061 2312 3288 2366 equum.
3324 2297 3410 2362 (G.
3445 2313 3494 2350 ν.

1873 2401 2013 2471 F.1'.)
2053 2397 2339 2453 Vulfoaldo
2399 2397 2606 2462 majore
2660 2393 2858 2447 domus
2927 2396 3163 2454 mortuo,
3224 2389 3491 2460 Pippinus

1877 2487 2024 2543 ﬁlius
2046 2487 2284 2559 Ansigisi
2327 2484 2670 2557 principatur
2701 2482 2754 2536 in
2792 2480 3006 2534 Austria
3034 2495 3157 2533 cum
3199 2479 3340 2533 duce
3366 2478 3498 2532 Mar-

1876 2581 2013 2636 tino.
2049 2580 2258 2644 Quibus
2289 2592 2616 2650 congressus
2671 2573 2961 2637 Ebroinus,
2993 2571 3221 2626 victoria
3252 2571 3491 2642 potitur;

1877 2671 2137 2726 Martinus
2192 2669 2412 2744 fugiens
2465 2669 2532 2722 ab
2601 2666 2840 2720 Ebroino
2900 2662 3207 2734 perimitur.
3271 2661 3357 2731 (P.
3414 2660 3502 2730 D.)

1883 2769 2126 2823 Pertarid
2179 2764 2662 2838 Langobardorum
2749 2777 2878 2835 rege
2929 2767 3166 2824 mortuo,
3237 2756 3502 2828 Cunipert

1881 2860 2028 2916 ﬁlius
2055 2862 2175 2931 ejus
2204 2865 2394 2932 regnat
2424 2856 2581 2912 annis
2615 2855 2698 2910 12.
2731 2855 2922 2923 (ΒΕυΑ,
2954 2853 3022 2906 Η.
3053 2851 3123 2921 e.)
3153 2849 3350 2904 Edrich
3381 2850 3497 2902 An-

1879 2952 2091 3022 glorum
2128 2965 2256 3022 rege
2287 2954 2527 3012 mortuo,
2578 2943 2787 2998 externi
2827 2958 2985 3016 reges
3036 2956 3266 3012 regnum
3297 2939 3505 3013 Anglite

165 3037 223 3081 Πι
246 3028 342 3099 qui
370 3028 427 3082 in
459 3045 525 3082 ea
554 3030 763 3085 9190108
793 3030 958 3086 fuerit
983 3034 1304 3104 ePiSCOPUS,
1345 3036 1400 3090 in
1432 3037 1623 3090 urbem
1675 3037 1777 3090 ΒΟ·
1810 3069 1858 3137 C
1881 3045 2210 3115 disperdunt
2256 3054 2311 3098 et
2340 3041 2658 3097 discindunt
2698 3039 2858 3093 annis
2879 3038 2933 3091 4.
2967 3037 3201 3091 Sanctus
3231 3033 3506 3089 Cuthber-

167 3135 310 3173 mam
341 3119 531 3174 veniat
559 3119 900 3176 ordinandus
956 3123 1142 3194 (BEDA,
1176 3127 1244 3178 Η.
1305 3129 1371 3188 e.)
1405 3124 1660 3197 ngridus
1693 3142 1784 3181 rex

169 3212 452 3266 innoxiam
492 3211 761 3266 Hiberniae
818 3222 1040 3286 gentem
1093 3213 1334 3287 graviter
1393 3214 1784 3286 depopulatur.

171 3305 376 3372 (Fred.)
420 3304 659 3374 Tolgane
689 3321 721 3359 a
749 3304 1073 3377 Wisigothis
1114 3315 1338 3378 propter
1369 3309 1622 3376 pueritiae
1652 3310 1788 3366 levi-

173 3406 335 3455 tatem
391 3400 685 3470 reprobato
733 3410 787 3456 et
846 3402 902 3455 in
941 3401 1199 3456 clericum
1233 3408 1532 3459 tonsorato.
1579 3403 1792 3460 Chinta-

173 3492 369 3547 sindus
401 3499 596 3566 regnat
635 3501 757 3563 post
785 3509 908 3547 eum
941 3493 1102 3548 annis
1129 3493 1221 3547 20.

315 3583 442 3636 685.
548 3584 634 3638 16.
748 3584 798 3639 3.
911 3584 963 3640 6.
1053 3584 1136 3640 15.
1229 3587 1314 3640 12.
1433 3589 1480 3641 1.
1596 3588 1647 3643 5.

243 3677 327 3740 (G.
356 3675 536 3746 parit.)
565 3677 898 3731 Benedictus
927 3678 1054 3730 77υ³
1084 3678 1343 3733 Romanae
1383 3679 1646 3734 cecclesize
1675 3696 1795 3750 pre-

171 3765 337 3820 sidet.
373 3767 465 3835 (H.
511 3782 563 3819 m
591 3766 604 3837 )
637 3765 786 3820 Gizid
845 3775 1062 3822 mortuo
1109 3767 1387 3822 Marhuam
1449 3768 1796 3840 principatur

1891 3141 1979 3189 tus
2012 3134 2308 3208 Anglorum
2345 3132 2644 3202 episcOpus
2674 3127 2832 3182 obiit.

2061 3235 2184 3290 688.
2297 3235 2350 3287 2.
2471 3235 2519 3285 1.
2631 3233 2684 3288 9.
2806 3233 2851 3284 Ι.
2969 3231 3016 3283 1.
3129 3228 3181 3280 4.
3295 3226 3348 3279 8.

1959 3329 2051 3400 (G.
2099 3331 2274 3400 pont.)
2309 3329 2533 3401 Sergius
2569 3328 2698 3383 80“Si
2737 3327 2998 3381 Romame
3043 3321 3306 3378 {ecclesiae
3337 3316 3515 3390 presi-

1892 3423 2005 3479 det.
2039 3421 2133 3476 Hic
2163 3421 2216 3474 in
2243 3419 2478 3474 sacrario
2509 3418 2683 3473 sancti
2716 3418 2856 3472 Petri
2906 3415 3218 3487 portionem
3258 3425 3512 3482 magnam

1894 3512 2188 3568 dominicae
2220 3509 2400 3565 crucis
2441 3508 2673 3562 invenit.
2707 3504 3115 3576 Consequentia
3159 3501 3381 3555 missam
3421 3513 3516 3552 ce-

1895 3604 2149 3660 lebrandi
2182 3603 2293 3669 jam
2321 3601 2387 3655 ad
2422 3600 2692 3672 integram
2723 3597 3030 3668 composita
3069 3595 3137 3649 ab
3175 3592 3441 3663 apostolis
3463 3598 3516 3646 et

1895 3693 2212 3768 apostolicis
2240 3691 2392 3756 viris,
2423 3689 2686 3760 epistolas
2713 3687 2919 3760 quippe
2951 3695 3005 3741 et
3053 3683 3341 3758 evangelia
3373 3682 3518 3736 reci-

1895 3785 2045 3841 tabat
2074 3781 2325 3837 aecclesia
2345 3796 2408 3834 ex
2431 3780 2782 3850 antiquorum
2808 3776 3122 3840 traditione,
3151 3789 3276 3844 quae
3306 3771 3517 3844 digesta

171 3860 465 3916 Saracenis
520 3877 664 3916 anno
713 3862 763 3915 1.
828 3861 921 3932 (V.
985 3865 1195 3929 Lamb.)
1249 3863 1620 3919 Theodericus
1696 3881 1773 3919 re:

1945 3883 2021 3929 Int
2051 3873 2104 3926 in
2147 3871 2307 3934 libro,
2342 3871 2435 3940 qui
2476 3867 2787 3939 appellatur
2833 3880 3042 3929 comes,
3075 3877 3238 3934 quem
3272 3861 3339 3915 ad
3373 3859 3516 3914 Con-

170 3950 473 4005 Ebminum
507 3950 563 4003 ίη
606 3950 831 4023 gratiam
867 3952 1062 4022 recipit
1103 3953 1334 4024 eiusque
1364 3952 1599 4008 ὒοηείιῖο
1626 3969 1788 4024 εΥηο-
1893 3961 2192 4018 stantinum
2231 3958 2578 4013 Hieronimus
2627 3955 2914 4026 scripsisse
2945 3953 3177 4018 dicitur;
3211 3948 3518 4004 Alexander

173 4039 305 4094 dum
323 4038 711 4108 episcoporum
743 4039 908 4111 00%“,
943 4047 995 4094 οἱ
1030 4040 1082 4094 in
1119 4042 1218 4095 hac
1249 4041 1452 4096 ῐηυιῐοε
1484 4058 1696 4109 80mm,
1730 4059 1794 4098 ex
1897 4060 2080 4106 autem
2121 4055 2306 4103 sextus
2350 4062 2510 4117 papa,
2557 4046 2648 4116 qui
2683 4043 2919 4098 instituit
2946 4058 3142 4114 aquam
3177 4037 3440 4094 benedici
3469 4044 3524 4092 et

175 4127 460 4182 sententia
503 4127 744 4195 Ebroini,
785 4129 1109 4200 episc0patu
1153 4130 1347 4200 privat,
1377 4131 1593 4202 aliquos
1628 4132 1773 4186 etian

1945 4140 2142 4214 spergi,
2189 4139 2280 4211 qui
2315 4137 2554 4192 instituit
2583 4137 2764 4192 oleum
2797 4127 3222 4209 singulis'annis
3262 4129 3526 4185 benedici

177 4219 544 4274 inrevocabili
593 4220 760 4274 exilio
792 4221 1035 4275 damnat.
1068 4221 1178 4274 Sub
1215 4228 1321 4276 tam
1368 4223 1677 4293 procelloso
1706 4223 1798 4278 do-
1900 4235 1966 4288 ab
2011 4233 2294 4304 episcopo,
2329 4240 2383 4285 et
2412 4237 2569 4284 vetus
2603 4237 2827 4300 propter
2865 4227 3161 4282 novitatem
3192 4221 3525 4278 sacramenti

175 4311 425 4366 mesticae
474 4313 876 4382 persecutionis
907 4313 1140 4368 tumultu
1180 4321 1400 4369 sanctus
1444 4315 1609 4370 etiam
1645 4315 1797 4369 Lam-
1901 4323 2123 4378 incendi
2176 4322 2423 4388 (Buncm,
2449 4336 2504 4386 ν,
2533 4319 2611 4385 3.)
2647 4317 2742 4373 Hic
2785 4315 3017 4370 inseruit
3068 4312 3389 4368 memoriam
3423 4310 3520 4364 d0-

179 4399 368 4454 bertus
402 4416 434 4454 a
463 4399 801 4468 Trajectensi
831 4413 1048 4457 amotus
1104 4402 1427 4473 episcopatu
1459 4403 1516 4457 in
1547 4404 1773 4459 coenobil

1945 4414 2119 4469 ninicze
2149 4411 2420 4484 passionis
2451 4410 2516 4465 ad
2554 4408 3026 4464 consecrationem
3071 4401 3440 4465 eucharistiae,
3471 4407 3525 4454 et

180 4496 476 4552 Stabulaus
505 4499 842 4554 monachicae
874 4501 1076 4572 quietis
1101 4501 1310 4571 expetit
1340 4507 1581 4571 portum,
1615 4501 1802 4571 ibique
1904 4509 2044 4564 sicut
2079 4507 2146 4560 de
2173 4505 2340 4559 latere
2367 4502 2612 4560 cruciﬁxi
2645 4502 2773 4556 Jesu
2798 4499 3010 4554 efﬂuxit
3033 4495 3259 4568 sanguis
3288 4500 3341 4548 et
3363 4509 3527 4564 aqua,

183 4601 282 4655 per
325 4594 539 4658 septem
571 4604 748 4643 annos
777 4589 1044 4644 habitavit
1073 4605 1280 4644 secum.
1319 4589 1404 4660 (V.
1458 4589 1641 4657 Leod.)
1674 4589 1806 4643 San-
1906 4600 1980 4653 ita
2009 4613 2207 4669 aquam
2259 4595 2389 4650 vino
2418 4593 2637 4649 misceri
2685 4593 2739 4646 in
2773 4592 2891 4662 ipsa
2923 4586 3341 4645 consecratione
3374 4583 3532 4639 insti-

185 4689 305 4738 ctus
335 4682 673 4756 Leodgarius
708 4683 800 4738 diu
860 4687 934 4738 ab
977 4684 1216 4739 Ebroino
1259 4691 1640 4749 tormentatus,
1684 4690 1806 4755 post
1909 4688 2031 4753 tuit,
2067 4702 2173 4740 nec
2210 4684 2396 4740 vinum
2439 4684 2559 4738 sine
2585 4699 2748 4753 aqua,
2779 4696 2881 4736 nec
2913 4695 3112 4750 aquam
3141 4677 3259 4732 sine
3291 4676 3418 4731 vino
3450 4672 3534 4730 of-

187 4770 386 4824 l’amem
439 4779 491 4825 et
521 4771 761 4826 carceris
807 4772 1142 4844 squalorem,
1180 4780 1302 4843 post
1331 4773 1620 4829 oculorum
1650 4772 1804 4827 evul-

185 4861 422 4928 sionem,
447 4869 568 4932 post
595 4863 904 4935 plantarum
936 4864 1335 4933 concisionem,
1368 4874 1491 4936 post
1521 4865 1724 4937 linguae
1755 4871 1810 4918 et

187 4953 462 5010 labiorum
492 4957 853 5024 excisionem,
895 4959 1114 5014 tandem
1149 4959 1550 5015 consummavit
1602 4965 1811 5031 marty-

191 5047 330 5102 rium
358 5065 458 5119 per
485 5050 685 5120 capitis
730 5050 1122 5106 abscisionem.
1167 5053 1350 5123 (Baoa,
1390 5055 1460 5106 H.
1493 5068 1562 5112 ε.)
1595 5052 1813 5125 Ansigi-

192 5151 281 5190 sus
314 5145 475 5207 pater
527 5138 704 5210 Pipini
756 5157 786 5194 a
812 5141 1106 5196 Gunduino
1144 5141 1452 5211 perimitur,
1485 5157 1649 5212 quem
1693 5141 1811 5213 ipse

195 5226 486 5283 inventum
517 5237 573 5285 et
602 5231 865 5287 nutritum
899 5233 968 5288 de
997 5248 1154 5288 sacro
1195 5230 1342 5287 fonte
1373 5239 1711 5303 susceperat,
1757 5241 1812 5288 et

1911 4779 2040 4835 ferri
2080 4778 2286 4833 debere
2317 4778 2643 4831 decernens.
2697 4774 2908 4828 Primus
2935 4772 3117 4827 Xistus
3166 4770 3230 4805 ¹²¹
3259 4771 3351 4823 7ιιε
3389 4784 3531 4840 papa

1910 4884 2136 4940 ymnum
2188 4870 2444 4932 Sanctus,
2477 4867 2718 4928 sanctus,
2768 4866 2989 4917 sanctus
3017 4865 3294 4926 Dominus,
3335 4857 3530 4913 Teles-

1913 4959 2062 5016 forus
2092 4961 2183 5012 Sus
2214 4974 2355 5028 papa
2385 4953 2821 5029 quadragesimae
2846 4953 3120 5022 jejunium
3153 4957 3361 5022 septem
3397 4947 3534 5003 heb-

1913 5050 2245 5108 domadibus
2275 5054 2400 5102 ante
2439 5046 2644 5118 pascha
2673 5045 2926 5111 instituit,
2961 5061 3188 5116 ymnum
3219 5041 3528 5112 angelicum

1915 5147 2100 5202 Gloria
2136 5147 2198 5198 in
2242 5143 2466 5197 excelsis
2519 5143 2626 5195 Deo
2656 5139 2869 5194 addidit
2926 5141 3188 5194 Damasus
3213 5135 3338 5194 35tm
3392 5155 3534 5211 papa

1913 5233 2078 5289 Credo
2105 5234 2164 5286 in
2189 5246 2356 5285 unum
2385 5232 2550 5284 Deum
2579 5226 2943 5284 sollemnibus
2977 5225 3174 5281 diebus
3211 5224 3417 5280 cantari
3450 5223 3538 5278 in-

1550 5335 1771 5391 VARIA'I
1804 5336 2179 5392 LECTIONES.

197 5505 318 5560 rell.

263 5433 331 5508 1“
365 5435 462 5506 qui
493 5435 531 5488 i.
560 5436 741 5492 oleum
765 5468 831 5480 —
856 5437 1039 5493 Xistus
1063 5440 1118 5493 in
1143 5453 1340 5493 rasura
1366 5441 1533 5494 unius
1565 5439 1755 5507 aujam
1783 5441 1960 5508 primo
1990 5441 2289 5507 scripserat
2327 5437 2498 5506 linem,
2538 5441 2587 5492 et
2623 5439 2682 5490 in
2727 5435 2976 5502 margine
3014 5434 3133 5502 Sig.
3161 5448 3281 5490 cur.
3315 5436 3492 5491 tertiis
3525 5453 3540 5502 ;

1769 5579 1973 5636 NOTAE.

265 5651 426 5720 {171)
461 5649 568 5715 (11.,
601 5650 768 5704 ΒευΑ.
