3868 6064
350 265 444 320 131

344 392 590 448 stituitet
614 391 837 446 decreto
874 388 1132 444 secundae
1162 387 1490 444 universalis
1512 386 1730 456 synodi,
1765 401 1821 438 a.
1855 383 1960 437 150
1987 388 2034 453 Α

346 482 624 553 episcopis
654 479 1127 549 Constantinopoli
1148 478 1458 534 celebratae.
1483 475 1807 532 Caelestinus
1833 475 1959 529 Mus

349 590 490 645 papa
517 572 792 638 introitus,
815 572 1118 643 gradualia,
1150 569 1428 626 offertoria
1453 577 1506 624 et
1537 567 1960 624 communiones

347 683 410 720 ex
458 665 684 736 psalmis
741 663 1011 720 modulari
1053 663 1457 733 antiphonatim
1514 661 1770 716 instituit.
1809 659 1961 715 Gela-

345 758 458 812 sius
508 758 635 812 4708
700 773 843 827 papa
913 756 1171 811 collectas
1235 763 1287 808 et
1347 753 1677 824 prefationes
1733 767 1959 822 compo-

344 852 473 906 suit.
543 851 839 925 Gregorius
925 851 1050 904 6'1us
1131 865 1270 919 papa
1340 850 1727 917 K-yrieleyson,
1801 847 1960 900 Chri-

341 943 641 1010 steeleyson
667 948 720 995 et
748 941 977 994 Alleluia
1011 947 1161 993 extra
1193 937 1706 1010 quinquagesimam
1741 942 1796 992 et
1843 952 1962 990 ora-

340 1033 548 1087 tionem
577 1033 930 1096 dominicam,
965 1047 1064 1101 per
1093 1046 1256 1101 quam
1285 1030 1460 1083 solam
1486 1029 1720 1100 apostoli
1749 1044 1918 1083 conse
1942 1059 1952 1068 -

342 1122 588 1187 crabant,
640 1128 763 1191 post
788 1135 1055 1175 canonem
1095 1118 1530 1173 consecrationis
1576 1117 1808 1171 addidit.
1875 1117 1955 1184 (G.

334 1211 514 1280 pom.)
540 1211 618 1264 Ad
650 1211 764 1264 haec
794 1209 983 1265 omnia
1029 1208 1119 1262 hic
1146 1208 1370 1281 Sergius
1425 1208 1529 1261 hoc
1563 1206 1814 1261 ultimum
1861 1205 1962 1260 ad-

343 1301 501 1368 didit,
532 1309 590 1356 ut
630 1302 772 1356 inter
797 1299 1317 1356 communicandum
1371 1300 1560 1366 Agnus
1620 1300 1714 1352 Dei
1745 1315 1775 1351 a
1807 1297 1956 1353 clero

341 1395 609 1444 cantetur.
645 1389 934 1444 Constituit
966 1388 1154 1454 etiam,
1189 1394 1246 1440 ut
1297 1388 1350 1440 in
1394 1386 1819 1441 annuntiatione
1855 1387 1962 1441 Do—

344 1480 502 1546 mini,
531 1481 586 1534 iu
620 1481 909 1536 festivitate
942 1496 1068 1551 quae
1103 1479 1304 1533 dicitur
1331 1479 1591 1550 ypapanti
1622 1479 1860 1545 Domini,
1908 1479 1964 1531 in

344 1572 626 1628 nativitate
683 1579 736 1626 et
769 1572 1146 1642 assumptione
1177 1579 1380 1624 sanctae
1437 1568 1618 1622 Mariae
1647 1571 1847 1621 exeant
1877 1565 1962 1618 le—

343 1665 527 1720 taniae.
562 1665 653 1719 Hic
683 1680 886 1735 corpus
928 1663 1090 1734 primi
1125 1662 1320 1717 Leonis
1353 1677 1504 1732 papae
1537 1660 1724 1715 divina
1755 1658 1965 1712 revela-

345 1755 496 1810 tione
528 1755 881 1826 transposuit.
917 1755 1018 1824 (V.
1051 1755 1223 1822 Leod.)
1272 1752 1590 1808 lnnocentia
1617 1757 1671 1805 et
1702 1750 1963 1804 meritum

341 1848 519 1904 sancti
554 1848 874 1921 Leodegarii
911 1849 1097 1903 multis
1145 1847 1426 1901 miraculis
1457 1845 1827 1900 declarantur.
1861 1845 1952 1913 (H.

332 1941 430 2006 m.)
490 1939 792 2008 Imperator
833 1953 1022 2008 pacem
1064 1953 1187 1991 cum
1247 1935 1534 1990 Saracenis
1592 1942 1806 2006 pactam
1843 1933 1958 1987 sol-

337 2041 492 2092 vens,
523 2026 663 2081 mala
693 2026 773 2080 eis
805 2025 1008 2092 intulit,
1055 2034 1109 2079 et
1138 2026 1328 2096 pejora
1383 2024 1449 2079 ab
1481 2024 1563 2079 eis
1595 2025 1839 2095 pertulit.
1868 2024 1954 2093 (G.

333 2134 381 2173 r.
413 2118 494 2187 F.)
525 2118 821 2174 Ebroinum
853 2117 1114 2184 majorem
1160 2117 1360 2172 domus
1408 2117 1700 2182 Neustrize,
1728 2116 1961 2170 Francos

337 2210 643 2264 insolenter
670 2209 1097 2280 opprimentem,
1128 2202 1510 2263 ‘Ermenfridus
1538 2207 1777 2278 perimit,
1806 2215 1861 2262 et
1891 2207 1958 2261 ad

339 2301 592 2373 Pipinum
621 2301 892 2375 confugit.
935 2300 1195 2356 Waratho
1222 2316 1322 2371 pro
1357 2300 1600 2355 Ebroino
1653 2300 1828 2368 major
1855 2299 1960 2354 do-

343 2411 466 2449 mus
490 2395 746 2450 statuitur
773 2394 858 2448 ‘3’.

451 2485 575 2539 689.
657 2485 718 2539 R.
761 2485 812 2539 3.
890 2485 944 2537 S.
987 2485 1040 2537 2.
1121 2483 1177 2538 F.
1221 2483 1308 2538 10.
1391 2483 1445 2536 L.
1487 2484 1541 2537 2.
1621 2485 1679 2536 A.
1757 2481 1809 2536 2.

933 2576 1012 2629 W.
1055 2577 1107 2630 5.
1190 2577 1245 2629 Β.
1287 2577 1340 2631 9.

407 2670 491 2732 (Η.
519 2670 618 2736 m.)
645 2666 988 2721 Justinianus
1009 2683 1196 2737 pacem
1223 2683 1348 2721 cum
1380 2665 1707 2739 Bulgaribus
1736 2673 1951 2736 pactam

332 2755 514 2822 solvit,
547 2756 737 2827 eisque
776 2771 1113 2811 concurrens
1171 2756 1347 2826 primo
1387 2754 1536 2819 vicit,
1581 2763 1701 2824 post
1756 2755 1824 2808 ab
1874 2755 1953 2809 eis

332 2855 593 2921 exceptus
620 2850 704 2904 vix
739 2850 932 2904 evasit.
980 2849 1157 2920 (Cont.
1191 2851 1374 2916 Fred.)
1415 2849 1560 2903 Inter
1609 2849 1864 2919 Pipinum
1898 2855 1953 2903 et

332 2945 701 3001 Gissemarum
733 2944 905 3001 ﬁlium
938 2945 1285 3001 Warathonis
1333 2947 1480 3017 apud
1522 2946 1822 3001 Namucum
1853 2962 1951 3000 ca-

330 3045 503 3093 strum
559 3055 742 3112 pugna
796 3038 1172 3093 committitur.
1209 3038 1320 3093 Nec
1377 3039 1558 3094 multo
1592 3045 1714 3109 post
1759 3037 1947 3093 Gisse-
1979 3080 2029 3149 Ο

333 3145 485 3184 maro
516 3129 778 3184 divinitus
809 3129 1026 3199 punito,
1073 3129 1409 3184 Warathone
1457 3145 1679 3202 quoque
1711 3137 1950 3197 mortuo,

336 3218 613 3272 Bertarius
634 3233 808 3292 gener
830 3217 1180 3272 Warathonis
1200 3216 1258 3273 ﬁt
1282 3218 1458 3287 major
1484 3219 1684 3274 domus
1705 3219 1809 3274 sub
1824 3234 1953 3292 rege

339 3309 705 3366 Theoderico.

509 3401 634 3458 690.
747 3403 800 3456 4.
911 3402 1129 3458 3.11.
1244 3404 1297 3458 3.
1411 3406 1464 3460 3.
1577 3406 1796 3460 6.10.

403 3493 563 3564 (G.r.
596 3494 680 3562 F.)
738 3495 972 3550 Sanctus
1002 3495 1300 3551 Audoenus
1359 3497 1780 3570 Rotomagensis
1827 3498 1952 3568 epi—

330 3604 531 3660 scOpus
567 3589 706 3644 obiit
755 3589 840 3644 “3.
885 3591 1073 3660 (BEDA,
1111 3594 1175 3646 H.
1210 3592 1276 3661 θ.)
1318 3593 1646 3649 Theodorus
1675 3593 1950 3665 archiepi-

328 3693 531 3750 scopus
562 3679 859 3752 Anglorum
889 3680 1045 3735 obiit.
1080 3680 1234 3750 (Cont
1302 3683 1479 3752 Fred.)
1526 3683 1714 3738 Franci
1759 3683 1949 3738 Berta-

330 3770 413 3825 rio
441 3770 640 3836 aversi,
682 3770 938 3828 affectant
987 3787 1085 3841 per
1131 3772 1356 3827 obsides
1394 3773 1689 3829 amicitiam
1746 3774 1945 3844 Pipini,

330 3874 572 3930 eumque
599 3860 860 3934 instigant
890 3869 1079 3916 contra
1108 3862 1474 3932 principatum
1507 3863 1758 3918 Bertarii.

509 3955 633 4008 691.
744 3956 797 4008 5.
913 3955 1128 4010 4.12.
1220 3957 1269 4010 4.
1383 3959 1437 4011 4.
1548 3959 1766 4012 7.11.

399 4040 770 4096 Theodericus
801 4060 892 4098 rex
923 4060 1048 4098 cum
1079 4045 1342 4112 Bertario,
1375 4046 1570 4117 Pipino
1592 4063 1944 4122 congressus,

327 4127 602 4194 vincitur;
640 4131 912 4186 Bertarius
958 4149 989 4186 a
1043 4133 1157 4188 suis
1204 4134 1515 4205 perimitur.
1572 4137 1946 4192 Theodericus

327 4232 416 4270 rex
447 4233 478 4271 a
521 4217 718 4288 Pipino
747 4219 980 4288 capitur.
1018 4221 1244 4292 Pipinus
1271 4223 1574 4278 Neustriam
1608 4224 1712 4278 sibi
1745 4224 1940 4292 subju-

324 4314 415 4377 gat
445 4313 500 4362 et
536 4307 638 4361 sub
665 4307 1002 4365 Theoderico
1034 4311 1187 4366 solus
1227 4313 1322 4367 toti
1354 4327 1524 4384 regno
1579 4313 1943 4383 principando

327 4405 523 4454 statum
557 4415 738 4454 rerum
793 4400 1061 4456 meliorat.
1117 4403 1375 4459 Sanctum
1409 4421 1631 4477 quoque
1679 4405 1940 4479 Lamber-

330 4491 444 4539 tum
477 4485 533 4539 in
564 4487 898 4555 Trajectensi
949 4491 1228 4561 presulatu
1261 4452 1485 4547 relocat.
1523 4452 1716 4562 ZBEDA,
1769 4495 1840 4547 Η.
1873 4475 1939 4563 e.)
1965 4452 2017 4519 Β

1557 254 1900 310 SIGEBERTI
1941 253 2455 317 GEMBLACENSIS.

3577 265 3679 320 132

2231 385 2355 442 692.
2470 390 2522 442 6.
2635 389 2862 460 5.113;
2971 393 3020 445 ξ).
3138 392 3189 443 i.
3304 393 3521 447 8.12.

2135 479 2209 548 (P.
2243 481 2321 544 D.)
2357 479 2538 534 Alahis
2576 479 2684 534 dux
2715 481 2899 554 fugato
2932 481 3234 552 Chunipert
3272 499 3501 558 regnum
3539 484 3677 538 Lan-

2059 572 2430 647 gobardorum
2459 572 2680 642 arripit;
2707 572 2793 627 cui
2826 573 3120 644 Chunipert
3150 575 3298 630 bello
3320 593 3673 651 congressus,

2061 674 2187 712 eum
2211 659 2448 728 perimit,
2483 675 2822 734 regnumque
2853 662 3048 732 recipit
3102 664 3288 730 (Brem,
3333 667 3400 719 II.
3442 674 3507 726 ε.)
3545 665 3681 718 Wil-

2063 753 2339 809 librordus
2364 772 2485 810 cum
2518 756 2682 811 sociis
2707 757 2771 810 12
2799 757 3028 812 veniens
3049 758 3117 811 ab
3151 759 3361 833 Anglia,
3387 761 3680 814 sanctitate

2063 845 2233 900 claret
2260 846 2315 900 in
2346 847 2537 902 Gallia.
2573 848 2807 902 Sanctus
2827 849 3272 924 Wandrigisilus,
3311 852 3404 923 qui
3437 863 3490 907 et
3517 853 3683 907 Wan-

2063 939 2154 1004 do,
2193 939 2430 1012 Ansigisi
2473 940 2696 1008 majoris
2726 941 2927 996 domus
2958 957 3022 996 ex
3061 942 3336 999 Walchiso
3393 944 3556 999 fratre
3590 961 3686 998 ne-

2066 1048 2186 1103 pos,
2212 1034 2319 1112 hoc
2349 1039 2598 1103 tempore
2629 1033 2846 1101 claruit,
2879 1033 2973 1105 qui
3009 1035 3242 1090 cenobia
3286 1036 3573 1092 Fiscanum
3629 1042 3687 1092 et

2064 1127 2424 1183 Fontinellam
2459 1130 2568 1184 Deo
2599 1130 2904 1186 construxit
2925 1132 3013 1185 αι.

2238 1219 2360 1274 693.
2476 1221 2524 1275 7.
2640 1220 2856 1276 6.14.
2971 1223 3024 1276 6.
3137 1223 3189 1276 2.
3302 1222 3520 1277 9.13.

2135 1314 2310 1383 (Cant.
2365 1317 2543 1381 Frcd.)
2596 1316 2967 1372 Theodericus
3016 1334 3106 1372 rex
3138 1317 3466 1373 Francorum
3527 1319 3685 1374 obiit.

2067 1400 2410 1457 Chlodoveus
2439 1403 2584 1457 filius
2610 1405 2727 1472 ejus
2759 1415 2953 1478 regnat
2985 1412 3105 1476 post
3146 1423 3269 1460 cum
3320 1406 3482 1460 annis
3510 1408 3560 1461 4.
3596 1411 3685 1474 (Π.

2065 1489 2169 1559 m.)
2201 1489 2455 1544 Saraceni
2512 1491 2786 1547 Romanos
2832 1493 3155 1565 gravissimo
3210 1494 3355 1550 bello
3421 1502 3684 1550 atterunt.

2069 1581 2253 1647 (Rana,
2285 1587 2347 1635 Η.
2379 1581 2453 1652 e.)
2497 1582 2736 1637 Eualdus
2766 1585 2923 1638 albus
2970 1592 3024 1639 et
3058 1585 3293 1638 Evaldus
3339 1585 3498 1657 niger
3547 1602 3683 1656 pre-

2065 1669 2279 1736 sbiteri,
2312 1670 2600 1725 venientes
2645 1672 2712 1725 ab
2742 1673 2952 1746 Anglia,
3009 1674 3433 1745 martyrizantur
3475 1675 3529 1729 iu
3563 1675 3686 1730 Gal-

2067 1761 2159 1822 lia,
2189 1772 2240 1815 et
2267 1762 2424 1832 jussu
2455 1762 2634 1834 Pipini
2671 1763 3020 1834 sepeliuntur
3050 1765 3104 1819 in
3149 1766 3541 1837 Agrippinensi
3578 1766 3686 1822 Co-

2060 1851 2227 1905 Ionia.

2235 1940 2358 1995 694.
2471 1943 2524 1995 8.
2636 1945 2688 1996 7.
2806 1946 2855 1998 1.
2967 1947 3020 1998 7.
3119 1945 3503 2000 3.10.14.

2135 2032 2253 2101 (1b.)
2297 2033 2526 2102 Pipinus
2578 2034 2901 2089 Rabbodum
2955 2036 3150 2090 ducem
3195 2037 3496 2091 Fresonum
3538 2034 3685 2089 bello

2063 2120 2230 2186 vicit;
2266 2129 2320 2176 et
2353 2122 2769 2178 Willibrordum
2790 2126 2939 2196 genti
2972 2125 3048 2178 illi
3080 2125 3144 2178 ad
3180 2125 3575 2195 predicandum
3601 2124 3688 2177 di-

2066 2214 2209 2286 rigit.
2241 2213 2450 2284 Kyliani
2481 2214 2946 2290 Wirziburgensis
2977 2217 3222 2288 episc0pi
3253 2216 3561 2287 discipulus
3589 2218 3684 2268 Ar-

2064 2304 2191 2358 nual
2225 2305 2277 2358 in
2302 2305 2495 2370 Gallia,
2537 2305 2846 2360 Adamanus
2887 2306 3082 2371 abbas,
3115 2306 3420 2360 Adhelmus
3451 2312 3502 2359 et
3551 2303 3693 2359 Wil-

2062 2392 2164 2448 frid
2187 2393 2435 2466 episcopi
2469 2395 2678 2451 clarent
2714 2397 2768 2450 in
2793 2396 2986 2470 Anglia
3017 2396 3104 2449 ηδ.

2237 2488 2361 2541 693.
2475 2489 2526 2542 9.
2639 2489 2692 2544 8.
2803 2488 2856 2541 2.
2969 2489 3021 2541 8.
3100 2487 3152 2541 4.
3249 2487 3504 2541 11.15.

2133 2581 2218 2648 (G.
2253 2583 2425 2650 pont.)
2457 2581 2800 2636 Justinianus
2856 2581 3157 2650 imperator
3211 2586 3452 2635 sanctam
3524 2593 3692 2650 syno-

2060 2672 2187 2725 dum
2218 2671 2496 2725 infirmare
2528 2671 2742 2736 nititur,
2767 2677 2820 2724 et
2846 2670 3094 2743 Sergium
3127 2685 3322 2740 papam
3359 2669 3411 2722 in
3446 2669 3548 2722 hoc
3577 2667 3685 2721 sibi

2055 2761 2402 2815 resistentem
2433 2761 2684 2815 aacclesia
2710 2758 3004 2814 deturbare
3055 2757 3252 2812 frustra
3305 2757 3548 2812 molitur.
3599 2758 3680 2827 (II.

2053 2852 2159 2922 m.)
2193 2852 2432 2908 Defectio
2482 2852 2618 2907 solis
2671 2851 2810 2906 facta
2841 2859 2926 2906 est
2957 2853 3088 2906 hora
3141 2851 3253 2906 diei
3287 2851 3471 2916 tertia;
3507 2850 3582 2904 ita
3626 2858 3684 2903 ut

2053 2944 2304 3015 quaedam
2336 2945 2484 2999 clare
2512 2943 2685 2998 stellae
2716 2951 2979 3014 parerent
3006 2944 3091 2997 ηδ.

2223 3038 2346 3092 696.
2427 3037 2513 3091 10.
2628 3036 2680 3092 9.
2795 3036 2846 3092 3.
2960 3037 3012 3090 9.
3113 3035 3164 3090 5.
3243 3037 3331 3089 12.
3412 3037 3499 3090 16.

2127 3129 2220 3192 (ΙΙ.
2254 3126 2348 3195 m.)
2403 3125 2510 3181 Leo
2551 3125 2813 3196 patricius
2855 3125 3222 3180 Justinianum
3274 3141 3443 3196 regno
3477 3125 3678 3196 privat,

2054 3231 2292 3287 eumque
2323 3231 2451 3269 nase
2484 3222 2538 3270 et
2579 3216 2765 3289 lingua
2811 3223 3120 3270 truncatum
3155 3214 3210 3267 in
3247 3214 3414 3268 exilio
3448 3213 3677 3287 relegat.

2057 3307 2202 3361 Beda
2226 3306 2500 3377 presbiter
2531 3313 2586 3360 et
2635 3307 2940 3360 monachus
2967 3305 3180 3360 clarens
3228 3305 3284 3358 in
3330 3304 3540 3376 Anglia,
3583 3304 3678 3357 tri-

2051 3398 2322 3452 cesimum
2373 3397 2550 3452 aetatis
2590 3413 2794 3451 annum
2835 3397 2966 3470 agit,
3021 3403 3074 3451 et
3130 3396 3401 3466 reliquum
3461 3402 3682 3464 tempus

2049 3491 2174 3545 vitae
2194 3490 2452 3562 legendo,
2480 3490 2763 3546 tractando
2804 3498 2859 3545 et
2897 3489 3227 3561 exponendo
3263 3495 3509 3543 sanctam
3536 3488 3678 3542 scri-

2051 3589 2264 3652 pturam
2299 3582 2509 3638 utiliter
2533 3582 2724 3653 exigit.

2225 3684 2348 3739 697.
2462 3685 2512 3738 1.
2591 3683 2678 3739 10.
2793 3686 2843 3737 4.
2924 3684 3009 3737 10.
3087 3684 3140 3737 6.
3224 3681 3310 3737 13.
3394 3685 3480 3738 17.

2121 3777 2202 3845 (G.
2251 3793 2302 3830 ν.
2343 3779 2428 3843 F.)
2481 3776 2690 3831 Mortuo
2745 3776 3036 3842 Clodoveo,
3093 3776 3448 3830 Hildebertus
3497 3775 3675 3830 frater

2047 3869 2166 3936 ejus
2195 3875 2385 3938 regnat
2416 3875 2536 3938 post
2566 3885 2691 3922 eum
2724 3868 2883 3922 annis
2914 3867 2998 3923 16.
3049 3868 3235 3936 (BEDA,
3270 3872 3333 3922 Η.
3367 3871 3440 3933 e.)
3480 3867 3670 3921 Willi-

2048 3959 2280 4014 brordus
2312 3975 2341 4013 a
2371 3959 2561 4032 Sergio
2593 3976 2736 4030 papa
2764 3959 3018 4014 Clemens
3067 3959 3480 4033 agnominatus,
3518 3965 3573 4012 et
3601 3959 3672 4012 ad

2047 4053 2440 4126 predicandum
2473 4053 2622 4126 genti
2656 4053 2952 4108 Fresonum
2981 4053 3274 4124 episcopus
3292 4060 3669 4119 consecratus,

2047 4159 2110 4197 ex
2144 4143 2290 4198 dono
2320 4141 2499 4214 Pipini
2532 4141 2799 4212 principis
2853 4142 3041 4196 sedem
3071 4142 3443 4212 episcOpalem
3475 4141 3669 4196 statuit

2045 4233 2099 4286 in
2152 4233 2272 4287 loco
2319 4231 2653 4286 Vultaburch
2707 4231 2876 4298 dicto,
2931 4231 3023 4302 qui
3073 4247 3219 4286 nunc
3269 4229 3661 4298 Vultrajectum

2045 4337 2076 4373 a
2117 4319 2340 4374 nomine
2369 4319 2551 4393 gentis
2578 4318 2854 4373 Vultarum
2886 4327 2939 4373 et
2968 4319 3216 4386 Trajecto
3270 4319 3663 4389 compositum,

2045 4412 2200 4484 quasi
2255 4412 2531 4466 Vultarum
2591 4411 2879 4482 oppidum.
2937 4411 3054 4467 Non
3109 4411 3414 4480 Trajectum
3472 4411 3665 4486 lingua

2045 4506 2247 4561 Gallica
2304 4507 2570 4577 Oppidum
2629 4507 2846 4561 dicitur.
2895 4510 3048 4574 (Vita
3089 4509 3217 4572 Ki’l)
3272 4507 3428 4578 Apud
3465 4507 3668 4562 Wirzi-

326 4575 556 4632 Sanctus
585 4578 875 4636 Remaclus
915 4582 1019 4637 hoc
1051 4598 1196 4638 anno
1243 4584 1450 4640 obiissc
1499 4585 1719 4641 dicitur.
1756 4588 1942 4644 Wich-
2042 4596 2213 4650 burch
2245 4575 2480 4649 castrum
2515 4594 2894 4649 Ostrofraucia:
2943 4606 3167 4650 sanctus
3226 4575 3502 4650 Chilianus
3537 4611 3663 4651 cum

325 4667 443 4756 fred
473 4667 616 4725 ﬁlius
645 4671 860 4746 Egberti
892 4675 1058 4746 regis,
1111 4676 1380 4748 religione
1409 4683 1464 4732 et
1507 4678 1775 4734 industria
1805 4697 1939 4736 eon-
2041 4685 2325 4756 discipulis
2351 4684 2467 4738 suis
2524 4683 2856 4739 Colomanno
2893 4691 2951 4738 et
2979 4684 3287 4740 Tolmanno
3345 4685 3482 4739 clam
3515 4700 3663 4738 mar-

323 4754 572 4824 fortatus,
605 4766 826 4832 gentem
876 4763 1172 4836 Anglorum
1221 4765 1288 4819 ab
1320 4766 1685 4837 oppressione
1714 4775 1935 4826 extero-

322 4863 440 4902 rum
481 4847 698 4918 liberat,
731 4862 786 4908 et
813 4869 981 4925 super
1005 4871 1102 4912 eos
1132 4856 1201 4914 35
1230 4858 1390 4913 annis
1424 4867 1634 4932 regnat.

2039 4774 2298 4845 tyrizatur
2328 4788 2358 4827 a
2387 4772 2634 4838 Geilana,
2676 4788 2845 4827 uxore
2874 4773 3126 4828 Gozberti
3163 4774 3431 4845 principis
3461 4771 3660 4828 Wirzi-

2035 4866 2410 4939 burgentium,
2463 4880 2584 4936 qua?
2639 4865 2869 4920 timebat
2908 4867 3147 4938 separari
3198 4884 3228 4922 a
3264 4867 3380 4923 viro
3410 4883 3532 4935 suo,
3573 4883 3669 4922 ar-

1680 4987 1899 5043 VARl/E
1925 4990 2304 5047 LECTIONES.

361 5099 1014 5190 ’βξέηΡοειιΙιωο-ἴςναξαιεε
1042 5107 1327 5190 ιῄιραμῃα
1360 5114 1442 5164 est
1471 5112 1721 5190 dimidia,
1755 5116 2051 5190 incipiens:
2086 5117 2385 5190 Ansigisus.
2436 5161 2446 5172 .
2491 5160 2503 5172 .
2553 5158 2564 5172 .
2615 5161 2627 5172 .
2673 5159 2685 5173 .
2729 5122 2963 5176 Exhibet
2999 5139 3061 5176 ea
3106 5139 3246 5178 unus
3292 5125 3352 5178 A.
3384 5127 3491 5179 ita:
3547 5125 3662 5179 An-

327 5175 529 5297 sigisus
555 5182 715 5254 pater
747 5175 961 5257 Pippini
991 5193 1022 5230 a
1068 5177 1361 5234 Gunduino
1408 5175 1717 5252 perimitur.
1754 5175 1922 5249 Que‘m
1951 5187 2072 5257 ipse
2106 5175 2388 5243 inveuntum
2421 5194 2475 5244 et
2515 5191 2779 5244 nutritum
2811 5199 2864 5246 et
2887 5209 2915 5246 a
2948 5175 3661 5267 sacrofonte—susceptum,

327 5259 356 5297 a
427 5260 692 5297 maXimos
719 5247 927 5297 mlllllfe
953 5247 1190 5297 honores
1211 5261 1551 5297 nrovnxnrnt.
1591 5256 1691 5297 ςριί
1727 5263 1848 5297 ιηηρι
1873 5259 2045 5297 dolpfn
2077 5264 2235 5297 cunf-
2279 5261 2342 5297 ρρ
2387 5277 2418 5297 η
2472 5261 2577 5297 an»:
2681 5263 2745 5295 ηδ
2773 5263 2804 5297 e
2869 5266 2892 5297 A
2955 5264 2992 5297 ιι
3060 5281 3088 5297 η
3152 5281 3182 5297 η
3237 5268 3426 5297 AM“...
3466 5270 3486 5297 Α
3569 5271 3661 5297 ..λλ

326 5247 394 5337 ad
409 5247 1190 5337 Dmgx'i‘m‘os‘m-ilitli‘z'ehonores
1211 5247 1570 5337 provea'erat.‘
1590 5256 1708 5337 Sed;
1725 5247 1848 5337 post
1871 5247 2046 5337 deleta
2073 5264 2236 5337 sunt;
2279 5261 2354 5326 cf.
2386 5261 2612 5337 q._68£_i_._
2649 5263 2920 5337 _”3_S.__A.
2955 5247 3035 5318 Β.
3059 5247 3108 5320 θ.
3152 5247 3207 5321 ὁ.
3217 5247 3442 5322 idos—.132?
3455 5247 3665 5337 AZ'ii—lii'

326 5315 816 5401 gz6761eguntur;
851 5315 972 5401 αξξ.
995 5322 1053 5401 τῃ
1079 5321 1185 5401 ﬁne
1211 5315 1346 5375 unm'
1374 5323 1573 5401 habent
1604 5315 1742 5379 B3*..
1766 5328 1824 5382 Ι).
1859 5332 1920 5383 in
1948 5333 2192 5398 sequenti
2219 5315 2361 5384 anno
2394 5331 2498 5384 04*
2552 5315 2620 5366 ¹²⁴
2648 5333 2705 5386 In
2735 5315 3423 5393 eam};cbhs'mi'iiﬁii

327 5386 1396 5479 SjgzyciirLchﬁuna
1427 5395 1569 5449 linea
1599 5413 1774 5479 erasa,
1941 5386 2268 5479 adscripsit:
2327 5401 2470 5479 Gens
2505 5386 3665 5479 -Αοοξῃζοξίὶίῶτ,ρῑιόίίἶῖιῆἇῖίιλῶ⁷νὲᾕῖᾖλίέ

922 5461 1195 5552 ﬁngimus
1214 5466 1431 5552 Δξςᾳεα
1459 5481 1599 5552 mil-us
1740 5458 1956 5552 cmpi'bet
1986 5475 2100 5552 ita:
2119 5458 2316 5552 :Begga
2342 5474 2532 5552 relicta
2558 5458 2790 5552 Ansigisi
2809 5458 3097 5552 ‘ségg'i‘s‘aii
3125 5458 3564 5552 licet

329 5528 1502 5622 sup‘ra‘Mpslam-I‘ponasteriumAndenepse
1527 5538 1740 5622 tundat.
1768 5543 2095 5622 βίῃ-ἰθέως
2112 5528 2441 5622 είρῗεξονὶηιο
2457 5528 2788 5616 scripserat,
2805 5528 2897 5604 sed
2914 5528 2972 5602 in
2999 5528 3238 5606 588.6151}:

328 5601 542 5654 vressit.
578 5600 645 5634 ¹²⁶
678 5601 923 5658 Defectio
951 5632 1020 5643 —
1060 5613 1319 5674 parerent
1346 5607 1505 5661 addit
1544 5610 1684 5664 Ans.
1721 5616 1780 5665 ut
1809 5600 1960 5678 vid}
1992 5613 2112 5669 rell.
2142 5600 2338 5684 preter
2364 5619 2422 5670 A.
