3868 6064
214 261 322 315 133

1711 245 2039 302 CHRONICA

3435 259 3538 316 134

210 398 416 465 guente
444 404 567 441 cum
617 385 888 447 Chiliano,
941 383 1090 453 quod
1144 397 1264 436 eam
1291 396 1516 436 uxorem
1550 378 1828 450 quondam
1860 382 1911 450 Α
1936 377 2098 431 sidet.
2139 378 2230 445 (H.
2258 378 2354 444 m.)
2402 377 2746 434 Justinianus
2777 381 2846 435 de
2874 383 3041 439 exilio
3077 383 3310 458 fugiens,
3348 389 3415 442 ad
3449 389 3546 444 Ca-

214 483 397 536 fratris
426 481 571 549 ejus,
631 479 797 532 etiam
847 476 965 547 ipse
1020 489 1246 528 uxorem
1306 472 1558 527 haberet.
1594 472 1833 537 Quorum
1932 469 2125 537 janum
2152 485 2333 542 regem
2361 472 2593 525 Avarum
2626 488 2685 527 se
2711 476 2960 530 contulit.

212 590 363 628 mors
388 589 514 627 cum
546 570 848 625 diuomnes
895 568 1109 631 lateret,
1141 565 1367 620 Geilana
1401 571 1454 618 et
1485 562 1834 635 percussori-

215 662 319 717 bus
342 671 693 730 martyruma
738 657 1011 712 daemonio
1074 654 1330 726 arreptis,
1371 669 1559 708 eorum
1616 651 1838 707 confes-

214 753 376 806 sione
402 749 685 823 divulgata
711 756 811 802 est.

215 843 340 896 698.
385 842 447 895 Β.
488 841 542 894 2.
589 841 774 894 8.11.
820 838 874 892 F.
919 838 969 891 1.
1005 837 1278 890 L.11.A.
1321 836 1374 888 7.
1407 834 1492 889 W.
1524 833 1608 888 14.
1644 834 1701 887 Β.
1752 833 1836 887 18.

290 931 503 999 (Βευλ.)
567 929 801 981 Sanctus
848 926 1141 980 Ursmarus
1199 940 1296 996 per
1322 924 1689 978 interventum
1732 921 1841 975 Hil-

219 1021 353 1076 dulfi
387 1020 547 1076 ducis
581 1019 854 1074 Lobiense
904 1017 1219 1072 ccenobium
1283 1033 1314 1069 a
1347 1015 1539 1086 Pipino
1590 1013 1842 1086 principe

218 1111 285 1164 ad
316 1107 626 1183 regendum
651 1106 902 1176 suscipit.
935 1105 1194 1176 Synodus
1237 1103 1497 1175 Aquileiae
1523 1103 1664 1157 facta
1686 1100 1844 1172 quin-

221 1209 328 1254 tam
362 1197 734 1254 universalem
767 1195 1038 1266 synodum
1091 1211 1122 1248 a
1168 1193 1479 1248 Justiniano
1513 1192 1842 1262 imperatore

219 1301 274 1346 et
302 1292 504 1362 Vigilio
528 1306 670 1362 papa
693 1286 1168 1356 Constantinopoli
1203 1285 1533 1341 celebratam
1559 1284 1841 1354 suscipere

219 1381 463 1446 difﬁdit;
497 1397 662 1452 quam
689 1377 915 1450 Sergius
960 1394 1102 1448 papa
1150 1376 1445 1430 salubriter
1480 1375 1760 1450 redarguit
1789 1383 1844 1430 et

223 1475 291 1528 ad
319 1473 671 1528 concordiam
706 1471 936 1526 reducit.
987 1471 1143 1538 (Vita
1174 1471 1230 1525 S.
1287 1469 1624 1535 L.)Sanctus
1683 1469 1846 1522 Lam-

225 1562 416 1616 bertus
448 1562 701 1632 Pipinum
757 1559 1067 1630 principem
1125 1557 1414 1627 increpare
1472 1574 1660 1623 ausus,
1695 1557 1843 1628 quod

229 1655 467 1726 pelicem
495 1652 776 1724 Alpaidem
801 1667 916 1704 suae
948 1649 1207 1722 legitimae
1252 1649 1406 1704 uxori
1458 1649 1718 1703 Plictrudi
1752 1665 1846 1702 su-

227 1746 571 1820 perduxerit,
595 1762 625 1799 a
651 1745 876 1800 Dodone
909 1744 1074 1798 fratre
1131 1742 1310 1813 ipsius
1366 1742 1629 1813 Alpaidus
1658 1741 1844 1798 Leodii

226 1839 630 1910 martyrizatur,
664 1843 719 1892 et
775 1836 1007 1905 Trajecti
1061 1834 1380 1900 tumulatur,
1415 1833 1578 1906 eique
1625 1842 1850 1889 sanctus

227 1929 536 1983 Hucbertus
558 1926 854 1997 episcOpus
906 1923 1256 1996 subrogatur,
1301 1925 1390 1990 (H.
1451 1924 1543 1992 m.)
1598 1922 1849 1977 Absima-

226 2021 453 2091 rus,qui
485 2027 539 2074 et
573 2017 845 2082 Tiberius,
879 2017 1058 2071 Leone
1107 2016 1175 2069 ab
1215 2016 1451 2087 imperio
1484 2017 1642 2086 pulso
1686 2015 1849 2086 eique

230 2128 367 2166 naso
399 2111 614 2165 absciso
638 2121 690 2164 et
721 2110 776 2163 in
810 2109 1056 2164 custodia
1102 2115 1338 2174 retruso,
1367 2108 1599 2179 imperat
1629 2108 1789 2162 annis
1818 2109 1850 2160 7

228 2201 320 2267 (Α.
356 2199 539 2267 Leod.)
571 2199 772 2253 Sancta
809 2199 1009 2272 Begga,
1036 2206 1210 2252 mater
1237 2197 1441 2268 Pipini,
1471 2197 1538 2250 ad
1561 2197 1851 2251 Dominum

230 2289 430 2343 transit
462 2289 625 2356 I172).

375 2377 500 2431 699.
607 2377 821 2431 1.12.
925 2376 978 2428 2.
1088 2376 1174 2429 12.
1252 2377 1304 2431 8.
1419 2377 1506 2429 15.
1621 2375 1708 2430 19.

308 2466 483 2533 (Cant.
513 2465 694 2532 Fred.)
721 2465 897 2536 Drogo
937 2462 1088 2518 filius
1118 2463 1323 2534 Pipini,
1359 2465 1468 2518 dux
1512 2464 1856 2535 Campanen-

2079 559 2202 615 703.
2315 559 2368 614 5.
2484 561 2570 616 16.
2683 562 2736 616 6.
2849 565 2901 617 2.
3007 568 3101 622 -12.
3215 570 3269 624 2.
3382 571 3434 626 3.

2013 646 2192 715 (ΒευΑ,
2221 648 2291 701 H.
2325 651 2395 715 e)
2426 649 2659 704 Sanctus
2691 651 3019 708 Benedictus
3049 656 3222 711 abbas
3249 661 3547 731 Anglorum

1939 734 2072 790 obit.
2109 739 2199 804 (H.
2247 746 2344 806 τη.)
2395 739 2626 808 Cajanus
2670 745 2908 812 pecunia
2951 755 3237 819 corruptus
3267 768 3298 805 a
3366 753 3547 810 Leone

1945 825 2277 896 imperatore
2303 845 2426 884 cum
2455 831 2621 886 vellet
2667 834 3037 891 Justinianum
3102 840 3151 893 ei
3185 843 3555 912 prodere,.lu-

1941 915 2212 1008 stinianus
2253 919 2324 973 ab
2384 935 2450 975 eo
2493 920 2562 975 ab
2620 922 2966 981 Therbellem
3026 943 3210 1003 regem
3261 932 3549 1008 Bulgarum

1945 1005 2103 1082 fugit.

2087 1097 2209 1154 704.
2323 1100 2376 1153 6.
2488 1103 2576 1156 17.
2694 1105 2744 1160 7.
2857 1108 2908 1161 3.
3025 1110 3112 1164 13.
3224 1114 3276 1167 3.
3388 1117 3442 1170 4.

2017 1189 2099 1280 (G.
2124 1191 2298 1280 pom.)
2329 1191 2611 1249 Iohannes
2647 1196 2777 1251 82“!
2808 1197 3065 1256 Romana:
3123 1205 3388 1262 {ecclesiae
3433 1226 3561 1280 pre-

1944 1275 2110 1343 sidet,
2166 1279 2345 1372 (Brem,
2379 1281 2449 1334 H.
2483 1282 2553 1352 θ.)
2592 1283 2760 1338 Alfrid
2820 1287 3360 1361 Nordanymbrorum
3427 1275 3556 1372 rege

1945 1377 2183 1436 mortuo,
2208 1370 2376 1426 Osred
2407 1382 2598 1448 regnat
2628 1377 2788 1432 annis
2819 1379 2897 1432 11.

2090 1461 2210 1516 705.
2323 1466 2375 1518 7.
2489 1467 2576 1522 18.
2687 1469 2739 1521 8.
2852 1472 2903 1525 4.
3018 1474 3104 1527 14.
3215 1479 3268 1532 4.
3381 1484 3433 1536 5.

2019 1555 2245 1647 γη.)
2275 1556 2618 1613 Justinianus
2672 1562 2876 1618 auxilio
2923 1563 3229 1624 Therbellis
3272 1572 3557 1647 Bulgarum

1949 1645 2096 1717 regis
2128 1645 2417 1716 imperium
2456 1649 2687 1719 recipit;
2723 1651 2958 1708 Leonem
3007 1663 3060 1709 et
3081 1655 3368 1728 Tyberium
3388 1645 3563 1720 fusur-

1952 1742 2172 1804 palores
2201 1737 2416 1808 imperii
2461 1739 2516 1793 in
2549 1741 2732 1796 medio
2773 1744 2915 1813 cyrci
2939 1745 3158 1818 jugulat
3191 1767 3204 1814 ;
3240 1749 3562 1811 Callinicum

1952 1824 2314 1894 patriarcham
2346 1836 2678 1884 excaecatum
2707 1831 2892 1887 exiliat
2925 1851 2939 1899 ;
2969 1843 3023 1889 et
3056 1844 3258 1893 tantam
3281 1841 3333 1894 in
3362 1843 3558 1900 adver-

1951 1916 2123 1970 sarios
2152 1918 2420 1972 ultionem
2455 1930 2692 1988 exercet,
2751 1931 2809 1978 ut
2861 1927 3078 1997 quoties
3109 1945 3140 1983 a
3168 1946 3301 1988 naso
3331 1934 3434 1989 sibi
3462 1939 3564 1993 ab-

1951 2003 2118 2072 sciso,
2186 2005 2522 2099 deﬂuentem
2609 2013 2871 2066 reumatis
2936 2023 3147 2088 guttam
3225 2021 3557 2099 detergeret,

1953 2109 2112 2163 paene
2163 2093 2324 2149 toties
2366 2096 2604 2167 aliquem
2646 2114 2710 2152 ex
2767 2100 2874 2168 his,
2905 2103 3000 2172 qui
3026 2115 3216 2162 contra
3273 2093 3567 2170 eum'con-

1956 2187 2299 2282 spiraverant
2321 2191 2562 2265 jugulari
2595 2195 2924 2265 preciperet.
2985 2200 3278 2271 Imperavit
3317 2221 3450 2282 ergo
3480 2227 3571 2266 se-

1956 2280 2140 2336 cundo
2170 2283 2332 2337 annis
2352 2285 2406 2338 7.

2169 2374 2293 2428 706.
2373 2376 2422 2429 1.
2517 2378 2602 2432 19.
2705 2379 2759 2434 9.
2863 2382 2918 2435 5.
3014 2384 3100 2438 15.
3191 2388 3244 2444 5.
3320 2392 3372 2444 6.

2032 2462 2118 2530 (G.
2146 2469 2318 2532 pom.)
2352 2465 2643 2536 Sysinnius
2672 2468 2798 2523 8308
2841 2471 2903 2504 “7
2935 2478 2987 2526 et
3030 2473 3418 2535 Constantinus
3444 2483 3573 2537 84η·

234 2555 409 2620 sinm,
456 2554 709 2608 moritur.
761 2553 1108 2608 Grimoaldus
1135 2551 1300 2606 frater
1357 2553 1476 2620 ejus
1515 2569 1545 2606 a
1578 2562 1730 2624 patre
1770 2553 1860 2606 Pi-
1961 2552 2225 2610 Romanae
2266 2557 2534 2612 aecclesiae
2593 2561 2899 2630 president.
2959 2563 3135 2621 Sclavi
3187 2569 3395 2626 Italiam
3430 2574 3572 2630 infe-

235 2651 370 2722 pino
392 2651 447 2704 in
480 2651 606 2705 aula
635 2649 936 2704 Hildeberti
965 2647 1112 2720 regis
1143 2649 1317 2715 major
1355 2647 1554 2702 domus
1580 2647 1858 2714 statuitur,

235 2742 403 2813 eique
421 2740 532 2796 ﬁlia
563 2739 815 2796 Rabbodi
850 2740 1150 2795 Fresonum
1185 2739 1342 2793 ducis
1384 2739 1437 2792 in
1489 2753 1711 2794 uxorem
1757 2739 1858 2793 de-

233 2835 544 2904 spondetur
595 2835 675 2904 (P.
735 2835 816 2901 D.)
869 2833 1079 2889 Mortuo
1121 2832 1424 2902 Chunipert
1472 2833 1858 2907 Langobardo-

237 2943 355 2980 rum
376 2942 528 2999 rege,
559 2926 804 2996 Liutpert
855 2925 997 2979 filius
1029 2925 1150 2993 ejus
1195 2941 1334 2995 puer
1390 2924 1442 2978 in
1476 2941 1703 2997 regnum
1733 2941 1858 2979 suc-

235 3018 406 3083 cedit,
453 3017 838 3088 AnSprandum
923 3017 1132 3071 habens
1200 3024 1437 3071 tutorem
1499 3017 1584 3087 (V.
1645 3017 1859 3082 Lamb.)

237 3108 392 3163 Dodo
417 3107 738 3163 interfector
782 3107 954 3162 sancti
1007 3107 1282 3162 Lamberti
1324 3107 1565 3177 pessimo
1597 3108 1860 3180 languore

237 3197 533 3260 cruciatus,
587 3213 617 3250 ει
645 3197 926 3251 vermibus
980 3195 1346 3262 consumitur,
1380 3203 1434 3250 et
1464 3196 1535 3251 ob
1557 3195 1860 3251 intoleran-

239 3285 368 3339 tiam
391 3285 604 3340 faetoris
644 3286 701 3340 in
733 3286 930 3341 Mosam
967 3284 1197 3340 fluvium
1213 3285 1554 3359 demergitur
1587 3303 1602 3352 ;
1637 3301 1863 3340 omnes-

1961 2651 2130 2699 stant.

2177 2735 2299 2790 707.
2390 2736 2442 2792 2.
2537 2738 2626 2795 20.
2715 2741 2804 2795 10.
2881 2742 2932 2796 6.
3031 2746 3115 2799 16.
3193 2749 3246 2802 6.
3323 2751 3375 2804 7.

2032 2826 2215 2894 (ΒευΑ,
2246 2830 2314 2883 Η.
2363 2830 2431 2901 e.)
2465 2829 2712 2887 Choered
2765 2840 2818 2888 et
2862 2834 3015 2905 Opha
3064 2854 3224 2913 reges
3274 2843 3573 2917 Anglorum

1963 2917 2188 2974 Romam
2216 2921 2470 2989 veniunt,
2530 2923 2720 2996 ibique
2761 2926 2816 2979 in
2868 2931 3170 2986 monachos
3202 2936 3425 3001 attonsi,
3460 2939 3577 3012 regi

1963 3026 2156 3085 regum
2191 3012 2584 3070 militaverunt.

1885 3062 1934 3130 C

2216 3103 2338 3160 708.
2417 3107 2469 3159 3.
2545 3107 2636 3161 21.
2716 3110 2802 3163 11.
2880 3113 2933 3166 7.
3014 3113 3100 3169 17.
3181 3117 3231 3173 7.
3309 3120 3362 3173 8.

2033 3196 2124 3261 (H.
2178 3196 2269 3265 m.)
2309 3195 2652 3254 Justinianus
2686 3200 2984 3272 imperator
3035 3223 3223 3276 pacem
3286 3227 3408 3266 cum
3456 3215 3580 3269 Bul-

1961 3289 2188 3364 garibus
2228 3299 2441 3361 pactam
2475 3293 2662 3362 solvit,
2694 3295 2888 3368 eisque
2939 3315 3287 3374 congressus,
3334 3307 3420 3360 vix
3449 3325 3580 3364 eva-

239 3373 548 3471 que-hujus
574 3373 752 3471 cplpze
805 3374 1105 3445 complices
1157 3373 1299 3471 infra
1357 3375 1860 3471 annumdivinitus
1962 3384 2056 3440 sit.
2089 3385 2270 3453 (BEDA,
2331 3384 2393 3440 Η.
2443 3390 2516 3459 e.)
2561 3389 2834 3446 Adrianus
2889 3373 3070 3449 abbas,
3093 3398 3390 3471 Anglorum
3422 3403 3581 3458 obiit.

243 3467 570 3537 puniuntur.
597 3465 894 3522 Percussor
922 3484 1050 3523 vero
1079 3469 1256 3524 sancti
1284 3469 1538 3542 martyris
1570 3469 1718 3524 fratri
1760 3486 1861 3526 suo
1964 3471 2098 3526 Picti
2152 3482 2207 3528 et
2248 3474 2418 3530 Scotti
2477 3477 2807 3533 catholicum
2875 3484 3150 3551 paschalis
3175 3465 3580 3548 vobservantia)

243 3572 594 3630 congressus,
627 3558 765 3613 alter
781 3559 849 3612 ab
870 3559 1042 3615 altero
1072 3560 1378 3630 perimitur.

431 3647 551 3703 700.
646 3648 698 3702 2.
797 3649 882 3704 13.
983 3650 1035 3703 3.
1140 3650 1192 3703 1.
1280 3649 1332 3704 9.
1433 3650 1517 3705 16.
1594 3649 1684 3705 20.

323 3743 421 3814 (H.
453 3744 549 3813 m.)
595 3743 825 3798 Romani
893 3752 1256 3820 pervagantes
1285 3745 1521 3816 Syriam,
1585 3747 1869 3818 perimunt

1965 3565 2126 3621 ritum
2149 3567 2478 3637 suscipiunt.

2215 3661 2338 3714 709.
2417 3661 2470 3714 5.
2545 3662 2635 3716 22.
2712 3664 2799 3717 12.
2877 3665 2930 3721 8.
3007 3669 3093 3723 18.
3171 3671 3223 3724 8.
3301 3673 3353 3726 9.

2042 3751 2132 3821 (H.
2165 3753 2263 3819 m.)
2299 3752 2692 3824 Habdymelich
2723 3757 2922 3812 amiras
2976 3759 3373 3818 Saracenorum
3412 3765 3585 3821 mori-

245 3835 352 3890 200
406 3837 558 3892 milia
602 3838 1002 3894 Saracenorum
1058 3840 1134 3909 (P.
1193 3841 1273 3909 D.)
1336 3841 1706 3912 Reginbertus
1761 3841 1868 3896 dux
1972 3846 2080 3904 tur,
2114 3846 2235 3910 post
2287 3857 2451 3912 quem
2507 3839 2625 3896 Ulid
2675 3843 3280 3918 annis7principatur.
3322 3853 3488 3922 (App.
3522 3855 3579 3910 S.

248 3925 674 3982 Taurinensium
710 3929 1094 3999 Ansprandum
1153 3935 1388 3984 tutorem
1435 3931 1582 4003 regis
1605 3930 1868 4003 Liutperti

250 4018 401 4075 bello
429 4029 674 4092 superat,
718 4028 773 4075 et
825 4037 968 4078 anno
995 4038 1106 4078 uno
1140 4029 1333 4098 regnat
1410 4023 1714 4078 Therbellis
1741 4023 1870 4080 Bul-

251 4110 482 4184 garibus
510 4110 846 4165 dominatur.

401 4202 523 4257 701.
627 4203 678 4256 3.
797 4204 879 4258 14.
987 4207 1039 4259 4.
1135 4207 1184 4260 1.
1292 4206 1376 4262 10.
1492 4206 1578 4261 17.
1675 4207 1726 4260 1.

329 4295 409 4363 (Ρ.
442 4296 523 4362 D.)
570 4294 778 4350 Mortuo
834 4295 1192 4368 Raginberto,
1225 4297 1476 4367 Ariperth
1521 4295 1667 4351 filius
1729 4297 1870 4366 ejus,

1971 3929 2162 4000 Mich.)
2203 3927 2553 3984 Childeberto
2610 3933 2985 3988 monarchiam
3040 3937 3196 4010 regni
3250 3937 3580 3997 Francorum

1974 4027 2222 4084 tenente,
2279 4021 2646 4094 archangelus
2696 4023 2926 4081 Michael
2997 4043 3272 4099 apparens
3326 4033 3588 4090 Autberto

1974 4112 2352 4167 Abrincatensi
2383 4113 2669 4184 episcopo,
2713 4116 2932 4171 monuit
2985 4121 3156 4175 semel
3195 4129 3248 4176 et
3279 4123 3499 4192 iterum,
3530 4133 3592 4180 ut

1975 4202 2032 4255 in
2064 4202 2186 4257 loco
2227 4201 2410 4267 maris,
2467 4203 2563 4274 qui
2615 4214 2840 4275 propter
2879 4208 3236 4265 eminentiam
3264 4214 3348 4267 sui
3379 4215 3590 4271 Tumba

1973 4300 2221 4359 vocatur,
2251 4291 2506 4348 fundaret
2543 4294 2848 4351 aacclesiam
2900 4298 2954 4351 in
2995 4303 3321 4356 memoriam
3357 4306 3464 4371 sui,
3494 4322 3590 4362 vo-

252 4385 580 4456 Αηερηιηάο
613 4386 667 4438 in
715 4401 1015 4461 congressu
1073 4386 1235 4453 victo,
1294 4386 1633 4457 ιίυιρθι-ιυπι
1686 4365 1950 4461 regemD
1976 4384 2096 4439 lens
2126 4385 2291 4439 talem
2321 4385 2732 4441 venerationem
2748 4389 2955 4444 exiberi
2984 4390 3089 4444 sibi
3116 4393 3168 4445 in
3198 4395 3414 4468 pelago,
3444 4365 3589 4468 qua-

255 4476 404 4546 capit
432 4486 488 4530 et
517 4475 740 4546 perimit
773 4494 787 4542 ;
817 4477 1200 4548 Ansprandum
1252 4477 1305 4531 in
1332 4478 1638 4546 Bajoariam
1680 4477 1873 4550 fugere
1975 4474 2042 4528 lis
2066 4473 2321 4529 exibetur
2349 4474 2404 4528 in
2423 4482 2610 4530 monte
2643 4475 2894 4548 Gargano
2948 4478 3170 4532 Interim
3231 4490 3419 4536 taurus
3448 4497 3479 4536 a
3508 4483 3592 4537 la-

257 4566 874 4640 compellil,filiumque
907 4569 1027 4638 ejus
1069 4568 1345 4637 juniorem
1380 4569 1773 4640 Liutprandum
1803 4573 1872 4626 ad
1973 4572 2132 4621 trone
2164 4565 2348 4621 furtim
2402 4576 2612 4637 raptus,
2673 4567 2729 4620 in
2780 4568 2901 4623 loco
2949 4569 3042 4624 illo
3102 4572 3383 4645 religatur.
3429 4574 3586 4630 Unde
3655 4591 3660 4594 ·

260 4666 474 4728 patrem
507 4657 696 4732 fugere
726 4657 1013 4728 permittit,
1047 4668 1101 4712 et
1139 4659 1302 4713 annis
1326 4659 1358 4714 9
1393 4666 1603 4732 regnat.
1631 4660 1870 4731 Chynta-

258 4749 457 4803 sindus
505 4750 660 4805 senio
707 4749 991 4806 confectus
1048 4766 1277 4826 regnum
1315 4751 1742 4825 Wisigothorum
1787 4753 1872 4808 di-

259 4841 464 4906 mittit;
499 4849 800 4918 regnatque
829 4851 950 4914 post
987 4859 1112 4899 eum
1162 4844 1307 4899 filius
1352 4860 1471 4914 ejus
1518 4844 1731 4900 Flavius
1762 4846 1871 4902 Re-

258 4929 612 4985 cinsuindus.

442 5022 564 5077 702.
670 5025 723 5078 4.
825 5025 896 5078 15
994 5025 1047 5078 5.
1156 5025 1202 5079 1.
1309 5025 1393 5080 11.
1530 5027 1580 5081 1.
1674 5025 1730 5080 2.

1975 4659 2272 4730 episcOpus
2303 4659 2465 4713 tertio
2497 4658 2831 4724 admonitus,
2887 4667 2947 4714 ut
3008 4661 3062 4715 in
3114 4663 3208 4719 illo
3240 4665 3359 4721 loco
3389 4666 3586 4723 funda-

1972 4761 2219 4810 mentum
2246 4755 2476 4823 jaceret,
2509 4753 2604 4808 ubi
2629 4762 2844 4809 taurum
2893 4756 3183 4832 religatum
3213 4761 3504 4829 inveniret,
3538 4773 3593 4818 et

1976 4846 2118 4902 sicut
2147 4862 2273 4901 eum
2315 4853 2513 4900 terram
2564 4845 2801 4916 pedibus
2858 4850 3178 4918 protrivisse
3223 4853 3453 4921 videret,
3511 4855 3592 4910 sic

1978 4939 2242 4994 aecclesiae
2271 4937 2536 4992 ambitum
2595 4938 2842 5006 duceret,
2899 4941 3206 4998 aecclesiam
3263 4944 3319 4998 in
3380 4946 3590 5001 honore

1976 5031 2149 5086 sancti
2181 5030 2497 5104 archangeli
2528 5031 2836 5088 constituit.
2888 5033 2950 5089 Et
2983 5051 3048 5090 ex
3077 5035 3170 5092 illo
3211 5043 3478 5106 tempore,
3508 5037 3592 5090 si-

335 5115 418 5183 (G.
445 5119 626 5187 pont.)
654 5116 934 5173 Johannes
982 5117 1112 5172 Slus
1141 5117 1398 5173 Romanae
1421 5116 1685 5173 aecclesia:
1744 5133 1874 5189 pre-
1976 5128 2066 5175 cut
2087 5118 2144 5174 in
2175 5125 2361 5174 monte
2393 5118 2662 5193 Gargano,
2695 5119 2770 5174 ita
2819 5120 2985 5176 etiam
3040 5121 3094 5176 in
3139 5122 3233 5178 illo
3266 5123 3410 5191 loco,
3439 5125 3590 5195 quod

1615 5275 1834 5331 νΑκιιΕ
1865 5275 2235 5331 LECTIONES.

335 5406 400 5444 ¹²τ
427 5405 702 5465 LXXXIIII
736 5426 874 5468 corr.
915 5405 1148 5477 LXXXV,
1181 5414 1231 5464 et
1259 5412 1336 5464 sic
1365 5424 1529 5480 porro
1576 5408 1632 5462 D.

1830 5508 2041 5564 NOTAE.

334 5635 486 5706 (I72)
510 5637 567 5693 A.
599 5637 704 5691 689
721 5635 1028 5691 secundum
1054 5636 1192 5692 Ann.
1223 5635 1388 5692 Leod.
1421 5635 1527 5690 Sed
1552 5649 1672 5689 eam
1699 5634 1812 5703 jam
1843 5650 1892 5688 a.
1927 5633 2032 5688 69-1
2056 5631 2139 5689 vel
2168 5631 2274 5688 695
2311 5631 2513 5688 obiisse
2536 5630 2731 5705 probat
2757 5631 2945 5688 Hirsch
2991 5651 3042 5706 p.
3069 5635 3160 5688 64.
