3868 6064
261 226 367 283 135

258 452 368 521 geli
392 450 729 522 frequentari
767 451 913 522 cepit
943 452 1029 507 ηε.

257 542 380 597 710.
414 542 486 597 Β.
518 543 571 596 5.
614 542 670 596 S.
706 543 755 597 1.
799 543 874 597 F1.
920 545 968 598 1.
1010 544 1062 599 5.
1099 544 1154 599 L.
1187 545 1240 600 9.
1274 546 1334 599 Α.
1374 546 1457 601 19.
1480 546 1564 600 W.
1596 548 1744 601 9.-B.
1778 548 1866 602 10.

1463 230 1808 287 SIGEBERTI
1856 230 2379 290 GEMBLACENSIS.

259 358 423 415 modo
453 358 655 415 dicitur
680 348 738 414 In
770 359 1017 431 periculo
1068 361 1252 430 maris,
1283 364 1568 421 veneratio
1631 366 1869 421 archan-
1898 373 1945 438 Α

3480 241 3582 295 136

2185 368 2306 423 715.
2384 369 2436 421 1.
2514 368 2567 423 6.
2646 368 2734 424 18.
2812 368 2864 423 5.
2943 369 3031 425 24.
3112 369 3199 424 14.
3277 370 3362 424 15.

2040 464 2159 533 (1b.)
2184 463 2394 519 Mortuo
2451 462 2768 518 Hildeberto
2818 462 3154 518 Francorum
3206 480 3356 538 rege,
3386 464 3583 519 Clodo-

1970 571 2125 620 veus,
2180 555 2328 610 ﬁlius
2382 555 2521 624 ejus,
2583 563 2774 631 regnat
2817 556 2977 610 annis
3030 557 3083 610 4.
3141 557 3333 612 Franci
3392 564 3584 612 contra

331 636 539 704 (Βεωι.)
564 635 907 691 Justimanus
948 637 1247 708 imperator
1307 636 1469 692 ﬁdem
1508 639 1867 696 orthodoxam

2040 648 2379 706 leodoaldum
2413 650 2679 714 damnoso
2737 650 3015 722 utrimque
3057 651 3201 707 bello
3258 652 3584 723 confligunt,

259 726 561 795 amplexus,
597 722 1014 782 Constantinum
1056 743 1253 798 papam
1285 727 1353 781 ad
1384 743 1445 781 se
1476 727 1869 783 Constantino-

2046 756 2153 811 que
2178 740 2321 795 victo
2342 738 2737 812 Raginfredum
2787 740 3050 808 majorem
3111 740 3309 795 domus
3358 747 3412 794 et
3444 738 3591 793 Chil-

260 812 373 883 poli
392 812 604 881 invitat,
629 830 869 885 eumque
896 814 1211 869 venientem
1237 822 1298 869 ut
1343 814 1668 871 redeuntem
1699 815 1873 890 gloria
1974 828 2218 898 pericum
2250 844 2436 903 regem
2470 835 2733 885 statuunt,
2801 828 3031 884 Karolus
3079 830 3149 884 de
3188 829 3440 885 custodia
3479 844 3588 883 ηο..

258 904 564 973 apostolico
592 904 759 977 digna
780 906 1029 961 honorat.
1082 907 1185 977 (V.
1233 907 1434 978 Lamb.)
1467 911 1702 963 Sanctus
1732 907 1871 962 Huc-

1971 932 2147 972 verere
2184 917 2371 972 divino
2428 924 2562 972 nutu
2610 917 2863 988 eripitur,
2921 933 3159 989 moxque
3215 917 3588 988 principatum

260 992 449 1048 bertus
477 994 689 1049 caalitus
719 995 1076 1065 ammonitus,
1134 1012 1337 1067 corpus
1394 998 1570 1053 sancti
1599 998 1872 1054 Lamberti
1973 1022 2131 1062 suum
2154 1006 2223 1060 de
2254 1023 2420 1061 manu
2472 1005 2791 1081 Raginfredi
2843 1013 3173 1078 extorquere
3224 1005 3596 1076 nititur;pri—

259 1102 291 1141 a
327 1087 573 1155 Trajeeto
605 1087 865 1143 Leodium
917 1104 1041 1143 cum
1073 1106 1272 1165 magna
1328 1092 1724 1147 miraculorum
1755 1092 1875 1165 glo-
1978 1110 2180 1166 moque
2201 1094 2489 1150 Rabodum
2517 1095 2714 1150 ducem
2758 1094 3057 1149 Fresonum
3089 1094 3429 1169 Raginfredo
3450 1094 3597 1149 sola-

261 1174 342 1231 ria
361 1175 543 1238 refert,
577 1176 878 1248 sedemque
924 1177 1300 1248 episc0palem
1332 1178 1387 1232 in
1415 1180 1648 1234 eandem
1682 1180 1876 1235 urbem

262 1264 540 1320 transfert.
579 1265 659 1336 (P.
689 1265 772 1325 υ.)
804 1266 1167 1337 Ansprandus
1196 1284 1320 1323 cum
1350 1268 1615 1337 Bajoariis
1661 1269 1873 1323 Italiam

264 1360 484 1430 repetit,
508 1375 632 1415 cum
655 1360 908 1431 Ariperth
942 1361 1210 1436 confligit,
1239 1378 1419 1433 eoque
1451 1363 1696 1436 fugiente
1739 1371 1794 1418 et
1823 1364 1879 1417 in

264 1451 491 1507 fluvium
524 1453 800 1516 demerso,
856 1470 1086 1529 regnum
1119 1455 1603 1530 Langobardorum
1659 1456 1876 1527 recipit.

264 1543 586 1613 Ansprando
615 1551 739 1613 post
784 1550 893 1598 tres
925 1558 1148 1598 menses
1214 1553 1451 1611 mortuo,
1512 1544 1881 1617 Liutprandus

263 1634 410 1692 ﬁlius
430 1638 550 1707 ejus
564 1645 759 1713 regnat
776 1638 936 1693 annis
969 1638 1038 1693 32

475 1732 598 1786 712.
675 1732 708 1785 6
816 1732 870 1784 2.
950 1732 1035 1786 14.
1114 1732 1166 1784 1.
1241 1732 1332 1786 20.
1411 1732 1497 1786 10.
1576 1732 1663 1786 11.

337 1820 535 1875 Sancta
592 1820 726 1887 Oda,
780 1834 917 1875 uxor
980 1820 1181 1894 Boggis
1241 1820 1401 1875 ducis
1458 1820 1878 1892 Aquitanorum,

266 1915 555 1970 sanctitate
586 1914 756 1968 claret
815 1913 871 1966 in
921 1912 1114 1979 Gallia,
1148 1929 1271 1984 quae
1325 1914 1607 1967 aecclesias
1658 1913 1751 1967 Dei
1783 1929 1881 1968 sua

266 2010 463 2067 ditavit
485 2007 884 2074 munificentia,
914 2013 968 2062 et
996 2008 1238 2064 moriens
1271 2008 1325 2063 in
1358 2008 1682 2063 Leodiccnsi
1718 2008 1881 2079 quie-

263 2098 341 2155 vit
369 2097 650 2171 parochia.

476 2184 599 2241 612.
678 2185 729 2239 7.
806 2184 858 2241 5.
937 2184 1023 2239 15.
1107 2185 1161 2238 2.
1238 2185 1329 2239 21.
1409 2185 1496 2239 11.
1577 2186 1664 2240 12.

339 2276 427 2345 (ΙΙ.
458 2273 566 2345 m.)
597 2272 960 2345 Philippicus,
1006 2272 1100 2343 qui
1160 2280 1214 2327 et
1264 2273 1589 2342 Dardanius,
1617 2274 1886 2329 Iustinia-

267 2385 401 2425 num
429 2370 815 2440 imperatorem
840 2370 1075 2445 jugulat,
1101 2377 1157 2425 et
1189 2378 1312 2441 post
1351 2386 1476 2425 eum
1516 2371 1678 2425 annis
1705 2371 1739 2426 2
1770 2371 1881 2425 im-

268 2469 441 2532 perat.
469 2462 550 2532 (G.
589 2467 769 2532 pont.)
799 2462 1194 2517 Constantinus
1215 2479 1358 2534 papa
1389 2464 1740 2535 p0pulusque
1772 2464 1882 2519 Ro-

263 2568 463 2608 manus
491 2568 717 2620 nomen,
749 2553 959 2608 litteras
988 2563 1043 2609 et
1070 2552 1298 2625 ﬁguram
1328 2554 1625 2625 Philippici
1659 2554 1881 2611 heretici

270 2640 619 2711 imperatoris
639 2640 921 2711 suscipere
952 2643 1187 2711 respuit.

489 2733 611 2788 713.
688 2734 740 2786 1.
817 2733 870 2787 4.
948 2732 1037 2788 16.
1113 2733 1166 2788 3.
1244 2732 1332 2787 22.
1411 2733 1498 2789 12.
1578 2733 1666 2790 13.

339 2824 510 2895 (Matt.
576 2824 804 2896 [Faan.])
858 2823 1091 2879 Sanctus
1142 2824 1431 2880 Ursmarus
1489 2826 1788 2897 episcopus
1831 2835 1885 2881 et

267 2912 441 2968 abbas
466 2913 754 2969 Lobiensis
781 2913 1017 2969 caenobii
1066 2913 1226 2979 obiit,
1285 2915 1450 2986 eique
1504 2922 1725 2970 sanctus
1781 2913 1883 2969 Er-

269 3003 451 3059 minus
470 3004 525 3058 in
559 3005 830 3079 regimine
871 3005 1142 3061 succedit.
1175 3006 1522 3061 Grimoaldus
1578 3006 1753 3076 major
1782 3007 1886 3063 do-

270 3107 395 3147 mus
456 3092 645 3147 Leodii
701 3099 826 3147 ante
872 3093 1041 3148 altare
1088 3094 1260 3149 sancti
1322 3094 1595 3150 Lamberti
1651 3112 1887 3164 orans,a

272 3180 589 3255 Raingario,
614 3181 852 3236 satellite
886 3182 1138 3238 Rabbodi
1198 3183 1357 3239 ducis
1390 3184 1708 3253 Fresonum,
1739 3186 1888 3257 peri-

272 3275 458 3343 mitur,
482 3283 538 3331 et
588 3276 976 3332 Theodoaldus
1019 3276 1164 3332 ﬁlius
1212 3278 1480 3352 Drogonis
1504 3279 1647 3349 (173)
1678 3280 1748 3335 ab
1785 3296 1886 3337 avo

271 3383 373 3424 suo
402 3366 595 3438 Pipino
620 3368 795 3439 major
815 3369 1013 3425 domus
1039 3368 1313 3428 statuitur.

480 3474 604 3528 714.
680 3473 734 3529 2.
809 3476 863 3529 5.
941 3475 1030 3529 17.
1107 3476 1161 3529 4.
1237 3474 1327 3531 23.
1409 3476 1493 3531 13.
1571 3476 1660 3530 14.

341 3563 422 3632 (Η.
454 3562 552 3633 m.)
577 3563 869 3632 Artemius,
902 3563 995 3636 qui
1031 3571 1085 3619 et
1140 3564 1477 3629 Anastasius,
1518 3564 1885 3636 Philippicum

269 3654 491 3726 privans
520 3655 758 3727 imperio
789 3663 844 3711 et
872 3657 1069 3723 oculis,
1096 3657 1507 3728 imperatannis
1524 3657 1578 3712 2.
1610 3658 1885 3729 (G.pont.)

269 3743 566 3818 Gregorius
595 3745 854 3800 Romana:
885 3746 1147 3801 aecclesiaa
1212 3748 1339 3802 8408
1386 3746 1629 3817 presidet
1662 3748 1746 3802 “9.
1792 3747 1887 3802 Hic

272 3835 578 3903 constituit,
636 3843 697 3890 ut
755 3843 1003 3907 tempore
1060 3837 1499 3911 quadragesima:
1538 3840 1573 3892 5
1613 3838 1767 3894 Feria
1799 3840 1886 3908 je-

270 3926 490 3997 junium
520 3927 893 3982 etcelebritas
947 3928 1240 3983 missarum
1294 3930 1452 3984 fieret
1502 3929 1557 3984 in
1616 3931 1886 3998 aecclesia,

275 4018 426 4090 quod
455 4033 566 4074 non
587 4017 755 4073 ﬁebat
783 4026 966 4075 antea.
990 4019 1070 4089 (P.
1122 4020 1203 4085 D.)
1241 4020 1505 4076 Petronax
1552 4021 1687 4077 civis
1710 4022 1887 4077 Brixi-

276 4123 436 4175 anus,
493 4106 682 4163 divino
735 4108 998 4164 instinctu
1041 4118 1096 4164 et
1156 4109 1405 4185 Gregorii
1458 4126 1613 4181 papae
1662 4111 1885 4167 hortatu

276 4200 568 4267 animatus,
591 4199 909 4255 coenobium
948 4201 1121 4256 sancti
1167 4201 1450 4257 Benedicti
1474 4202 1621 4273 apud
1644 4208 1884 4257 castrum

277 4287 557 4344 Cassinum
603 4288 867 4345 nobiliter
918 4289 1236 4358 reaedificat,
1271 4300 1326 4346 et
1355 4291 1459 4346 sub
1492 4291 1762 4367 regimine
1784 4307 1884 4348 suo

275 4380 478 4437 multos
525 4381 595 4435 ad
636 4381 969 4455 regulariter
1019 4382 1371 4438 serviendum
1428 4383 1541 4439 Deo
1601 4390 1883 4457 aggregat,

276 4473 509 4543 expletis
528 4472 651 4545 plus
682 4473 785 4530 110
806 4474 986 4540 annis,
1006 4489 1072 4529 ex
1112 4491 1223 4547 quo
1251 4492 1282 4531 a
1312 4474 1689 4548 Langobardis
1719 4474 1888 4530 deso-

262 4563 442 4631 ,Iatum
464 4563 658 4620 fuerat.
693 4565 864 4637 (Cant.
920 4567 1102 4637 Fred.)
1155 4567 1382 4639 Pipinus
1435 4569 1697 4640 princeps
1730 4569 1885 4634 obiit,

276 4652 524 4709 etﬁlium
571 4671 731 4711 suum
778 4672 846 4712 ex
886 4657 1113 4729 Alpaide
1144 4659 1420 4727 Karolum,
1470 4659 1735 4715 Tudetem
1772 4661 1888 4716 sive

277 4745 583 4801 Martellum
607 4757 997 4821 cognomento,
1021 4751 1363 4823 principatus
1388 4750 1472 4806 sui
1497 4751 1759 4807 heredem
1793 4768 1883 4807 re-

278 4832 462 4905 liquit.
496 4832 786 4889 Plictrudis
813 4838 1005 4893 relicta
1059 4838 1238 4909 Pipini
1297 4839 1551 4895 Karolum
1574 4840 1886 4911 privignum

274 4941 438 4982 suum
469 4934 688 4996 captum
720 4927 776 4981 in
806 4929 1033 4985 Colonia
1060 4930 1200 4986 urbe
1255 4932 1522 4988 custodire
1561 4932 1841 5003 mancipat
1870 4948 1885 5000 ;

275 5022 331 5070 et
356 5030 480 5071 cum
508 5023 712 5087 nepote
741 5032 841 5072 suo
869 5017 1223 5074 Theodoaldo
1269 5019 1477 5089 majore
1503 5020 1700 5076 domus
1735 5020 1889 5091 prin-

277 5105 518 5178 cipatum
550 5107 707 5183 regni
728 5115 977 5179 usurpat.

1980 1187 2205 1243 tiantem
2241 1205 2552 1263 aggressus,
2593 1188 2824 1242 multum
2860 1188 3132 1242 exercitus
3172 1187 3433 1241 damnum
3458 1201 3595 1241 con-

1979 1279 2247 1351 sequitur.
2308 1280 2398 1350 (A.
2453 1282 2642 1347 Xant.)
2691 1278 2925 1334 Sanctus
2978 1270 3226 1352 Egidius
3282 1277 3519 1333 veniens
3567 1294 3598 1332 a

1981 1371 2193 1435 Grecia,
2220 1372 2512 1427 sanctitate
2544 1372 2783 1427 claretin
2814 1371 3113 1428 Provintia.

2193 1479 2316 1532 716.
2393 1479 2449 1533 2.
2543 1480 2596 1533 7.
2678 1481 2699 1533 1
2805 1480 2839 1533 6
2954 1479 3042 1534 25.
3127 1478 3212 1532 15.
3294 1478 3379 1534 16.

2053 1577 2137 1647 (II.
2171 1582 2271 1648 m.)
2326 1579 2667 1634 Theodosius
2708 1579 3057 1634 Anastasium
3110 1579 3178 1633 de
3236 1579 3472 1650 imperio
3500 1579 3599 1633 de-

1908 1676 2198 1744 Bponens
2266 1688 2506 1743 eumque
2595 1672 2978 1745 presbyterum
3032 1672 3319 1740 ordinans,
3365 1673 3598 1743 imperat

1980 1777 2126 1817 anno
2158 1778 2289 1818 uno.
2327 1763 2426 1828 Qui
2456 1780 2580 1819 cum
2613 1763 2802 1820 fuisset
2829 1764 2980 1819 iners
3022 1770 3077 1819 et
3107 1763 3279 1819 idiota
3329 1770 3383 1817 et
3414 1762 3599 1834 publi-

1982 1868 2168 1909 corum
2224 1855 2572 1929 negotiorum
2620 1862 2861 1923 exactor,
2907 1857 2959 1910 vi
3013 1856 3332 1925 compulsus
3382 1861 3465 1910 est
3519 1853 3587 1909 ab

1981 1945 2536 2019 exercituimperium
2568 1936 2856 2002 assumere
2906 1947 3030 2019 (1b.)
3084 1947 3204 2002 Ulid
3245 1946 3447 2001 amiras
3475 1961 3601 2001 mo-

1981 2035 2138 2103 ritur,
2168 2043 2290 2107 post
2319 2052 2485 2107 quem
2516 2036 2812 2107 Zuleymen
2843 2037 3005 2092 annis
3049 2038 3082 2091 3
3130 2037 3419 2092 Saracenis
3445 2036 3601 2107 prin-

1983 2129 2218 2199 cipatur.
2255 2128 2434 2196 (Beas,
2465 2132 2529 2182 Η.
2577 2130 2646 2199 e.)
2682 2128 2855 2183 Osred
2903 2129 3439 2200 Nordanymbrorum
3470 2144 3601 2201 rege

1986 2221 2297 2287 perempto,
2330 2215 2580 2270 Coenred
2604 2223 2798 2291 regnat
2820 2208 3055 2271 annist.
3089 2217 3320 2272 Ecbcrth
3366 2217 3601 2271 veniens

1984 2311 2054 2366 ab
2085 2310 2370 2377 Hibernia,
2394 2311 2686 2366 sanctitate
2717 2321 2772 2367 et
2826 2312 3076 2367 doctrina
3106 2313 3274 2367 claret
3304 2312 3360 2366 in
3380 2313 3596 2386 Anglia.

1985 2403 2214 2456 Sanctus
2243 2400 2547 2455 Germanus
2574 2418 2605 2456 a
2660 2402 2855 2471 Byzico
2907 2402 3232 2458 transfertur
3255 2403 3323 2459 ad
3386 2403 3603 2474 episco-

1987 2501 2171 2566 patum
2202 2492 2893 2565 Constantinopolitanum.

2201 2606 2302 2661 7|7
2401 2607 2426 2659 1
2538 2609 2561 2661 1
2683 2607 2737 2661 2.
2833 2609 2883 2663 7.
2964 2608 3051 2663 26.
3134 2609 3219 2664 16.
3302 2609 3387 2664 17.

2057 2708 2144 2777 (II.
2176 2708 2271 2777 m.)
2292 2706 2637 2762 Theodosius
2678 2708 2973 2779 imperium
3004 2709 3253 2780 deponit.
3284 2710 3411 2765 Post
3439 2725 3606 2782 quem

1986 2798 2095 2855 Leo
2116 2799 2186 2855 24
2205 2798 2365 2854 armis
2416 2798 2708 2870 imperavit
2759 2800 2842 2871 (G.
2896 2802 3074 2872 pont.)
3121 2801 3416 2877 Gregorius
3462 2818 3606 2873 papa

1987 2892 2343 2950 Bonefacium
2369 2911 2401 2950 a
2421 2894 2705 2950 Britannia
2746 2893 3063 2950 venientem
3112 2895 3439 2966 episcopum
3467 2910 3604 2951 con-

1986 2991 2185 3049 secrat,
2209 2990 2263 3038 et
2281 2999 2381 3054 per
2423 2999 2548 3038 eum
2606 2984 2659 3037 in
2692 2982 2981 3037 Germania
3019 2984 3249 3039 verbum
3280 2984 3374 3039 Dei
3416 2985 3606 3056 predi-

1917 3048 2095 3130 Ccat.
2124 3075 2250 3145 (1b.)
2281 3048 2472 3131 110mm
2530 3074 2819 3130 inundatio
2865 3091 3130 3147 aquarum
3176 3075 3346 3131 nimia
3409 3048 3604 3131 nimis-

1989 3180 2098 3236 que
2127 3165 2451 3221 calamitosa
2476 3164 2616 3221 facta
2639 3172 2740 3221 est.
2781 3165 2888 3221 Sed
2915 3165 3183 3241 Gregorio
3223 3182 3365 3238 papa
3394 3166 3602 3222 crebris

1988 3256 2209 3313 Ietaniis
2230 3258 2397 3313 Deum
2419 3257 2697 3329 placante,
2731 3265 2858 3329 post
2874 3258 2907 3311 8
2928 3258 3050 3313 dies
3072 3274 3326 3330 repressa
3353 3267 3454 3314 est.

2200 3365 2324 3419 718.
2401 3365 2452 3417 1.
2530 3364 2583 3418 2.
2664 3364 2717 3420 3.
2808 3363 2860 3418 8.
2964 3364 3053 3419 27.
3133 3366 3219 3419 17.
3299 3365 3386 3420 18.

2064 3452 2277 3524 (H.m.)
2328 3452 2624 3523 Zuleymen
2669 3452 2873 3507 amiras
2917 3469 3039 3507 cum
3102 3451 3327 3509 amireis
3379 3454 3494 3509 suis
3548 3462 3604 3509 et

1986 3545 2129 3601 stolo
2156 3543 2377 3599 navium
2405 3560 2560 3614 paene
2587 3544 2751 3599 trium
2800 3544 3011 3599 milium
3062 3544 3596 3615 Constantinopolim

1986 3633 2227 3689 triennio
2257 3632 2501 3688 obsidet.
2536 3632 2795 3707 Bulgares
2823 3634 3219 3689 Saracenorum
3251 3634 3474 3708 triginta
3502 3634 3603 3687 mi-

1987 3721 2061 3777 lia
2086 3722 2387 3793 perimunt.
2414 3722 2583 3791 (Cant.
2639 3722 2819 3791 Fred.)
2880 3722 3107 3777 Karolus
3154 3723 3208 3775 in
3238 3738 3379 3796 pago
3412 3722 3601 3777 Came-

1988 3830 2219 3869 rarense
2275 3814 2423 3885 apud
2473 3814 2788 3869 Vinciacum
2838 3814 3117 3869 dominico
3188 3824 3317 3869 ante
3375 3815 3599 3885 pascha,

1989 3910 2141 3981 quod
2171 3916 2287 3965 erat
2313 3910 2382 3964 13
2412 3909 2526 3965 Kal.
2555 3908 2775 3980 Aprilis,
2826 3908 3133 3980 Chilperico
3183 3916 3239 3965 et
3261 3909 3599 3982 Raginfredo

1990 4002 2366 4076 congreditur.
2422 4001 2791 4077 Baginfredus
2814 4002 2992 4057 victus
3027 4002 3084 4056 in
3116 4002 3299 4076 fugam
3326 4002 3597 4069 vertitur;

1990 4095 2217 4151 Karolus
2258 4111 2353 4152 eos
2402 4110 2579 4166 usque
2625 4093 2862 4149 Parisius
2912 4093 3286 4165 persequitur.
3345 4096 3498 4162 (Vita
3538 4095 3597 4150 S.

1993 4188 2176 4254 Wlfr.)
2212 4185 2511 4241 Rabbodus
2539 4184 2648 4239 dux
2696 4183 2991 4239 Fresonum
3052 4184 3429 4255 predicatione
3471 4184 3599 4239 Vul-

1986 4278 2165 4333 franni
2194 4278 2441 4349 episcOpi
2465 4277 2533 4332 ad
2565 4278 2670 4333 hoc
2695 4277 2984 4343 adductus,
3034 4284 3097 4331 ut
3125 4276 3393 4347 baptizari
3426 4275 3599 4332 debe-

1989 4378 2092 4438 ret,
2117 4386 2240 4427 cum
2263 4386 2437 4425 unum
2471 4369 2668 4440 pedem
2732 4370 2786 4424 in
2843 4370 3059 4424 lavacro
3089 4369 3423 4434 intinxisset,
3457 4369 3597 4424 alte-

1990 4479 2109 4517 rum
2151 4462 2348 4532 pedem
2405 4462 2691 4517 retrahens
2724 4461 3117 4535 interrogant:
3156 4462 3387 4516 Ubinam
3415 4461 3599 4531 plures

1989 4571 2207 4611 suorum
2232 4556 2503 4625 majorum
2541 4560 2731 4619 essent,
2772 4557 2830 4608 in
2860 4557 3073 4621 inferno
3103 4570 3173 4609 an
3192 4557 3253 4608 in
3275 4555 3551 4624 paradyso
3574 4557 3602 4608 ?

1990 4658 2044 4706 et
2073 4651 2324 4717 audiens,
2344 4651 2529 4722 plures
2557 4666 2679 4705 esse
2721 4650 2776 4703 in
2817 4649 3054 4713 inferno,
3089 4649 3378 4705 intinctam
3402 4649 3597 4721 pedem

1990 4743 2305 4809 extrahens,
2328 4742 2509 4796 Satius
2539 4746 2639 4807 est,
2680 4740 2877 4812 inquit,
2921 4745 2982 4795 ut
3009 4741 3213 4810 plures,
3272 4758 3435 4812 quam
3456 4758 3601 4812 pau-

1990 4836 2157 4888 ciores
2217 4849 2431 4903 sequar.
2469 4832 2527 4886 Et
2570 4832 2645 4885 ita
2695 4829 3010 4885 ludiﬁcatus
3065 4846 3097 4885 a
3144 4831 3417 4900 daemone,
3472 4847 3603 4902 pro-

1990 4925 2239 4980 mittente
2262 4924 2407 4995 quod
2441 4923 2490 4977 ei
2524 4923 2681 4977 tertia
2729 4922 2934 4977 abhinc
2992 4922 3081 4976 die
3145 4921 3602 4992 incomparabilia

1946 5020 1962 5030 ‘
1989 5016 2134 5071 bona
2152 5015 2325 5081 daret,
2376 5014 2493 5084 ipsa
2536 5012 2695 5067 tertia
2745 5012 2834 5067 die
2863 5011 3046 5067 subita
3089 5019 3145 5067 et
3191 5019 3397 5067 aeterna
3425 5019 3602 5067 morte

1988 5109 2171 5180 periit.

1626 5233 1845 5291 VARIIE
1894 5233 2250 5292 LECTIONES

352 5326 419 5409 ξπ
441 5327 791 5409 Childeberto
846 5330 1092 5409 cepit_iu
1137 5333 1809 5409 marg__add__.:1_ns_e_lmus,
1839 5335 2114 5409 -ῃξ-ίρῃιρ
2149 5333 2245 5409 Sig
2301 5334 2445 5409 caris
2489 5334 2662 5409 tertiis
2713 5333 2855 5387 :rell
2886 5330 2953 5367 ¹²⁹
2985 5334 3065 5386 ita
3106 5331 3200 5399 Sig
3233 5331 3341 5386 ΒΛ*
3398 5330 3486 5395 01,
3523 5331 3602 5397 3.,

278 5402 652 5473 octogesimus
681 5409 868 5458 sextus
883 5408 933 5458 et
961 5405 1038 5458 sic
1063 5417 1228 5473 porro
1270 5402 1330 5458 F1
1372 5424 1387 5470 ;
1424 5404 1661 5459 LXXXVI
1689 5422 1809 5461 corr
1839 5404 2101 5459 LXXXVII
2130 5408 2181 5458 et
2206 5406 2276 5473 ipe
2315 5404 2564 5475 deinceps
2594 5404 2655 5459 D.

1840 5502 2049 5561 ΝΟΤιἘ.

356 5597 502 5669 (173)
529 5597 685 5654 Falso
718 5618 733 5665 ;
761 5600 1080 5670 Grimoaldi,
1108 5610 1167 5657 ut
1198 5601 1405 5659 habent
1425 5603 1661 5659 Annales
1689 5605 1983 5661 Mettenses
2008 5613 2064 5660 et
2092 5605 2249 5662 Cont.
2282 5604 2441 5660 Fred.
