3870 6060
169 203 264 260 137

300 333 406 390 719
503 331 564 386 R.
607 331 660 386 2.
739 329 774 384 S
835 328 888 384 3.
969 328 1023 383 Γ.
1065 329 1118 382 4.
1207 327 1263 381 L.
1305 327 1357 380 9.
1435 325 1494 380 A.
1535 325 1624 381 28.

717 417 804 474 W.
848 417 932 473 18.
1015 416 1062 470 Β
1124 415 1210 470 19.

228 518 310 580 (Η.
356 512 452 582 m)
493 509 792 582 Zuleymen
845 507 1047 561 amiras
1113 505 1364 560 moritur.
1418 503 1548 559 Post
1607 518 1771 574 quem

170 605 397 660 Haumar
447 601 788 674 principatur
839 595 1125 652 Saracenis
1163 595 1325 651 annis
1355 595 1391 649 2
1465 594 1776 650 Constanti-

172 692 470 765 nopolitani
512 690 776 746 instantia
811 689 1006 744 orandi
1057 695 1112 743 et
1150 687 1460 744 constantia
1501 685 1775 757 preliandi

171 785 381 840 fortiter
417 782 682 837 resistunt
709 781 1015 835 Saracenis.
1063 778 1321 834 Saraceni
1349 775 1516 843 fame,
1550 774 1780 850 frigore,

173 877 338 942 bello,
360 873 680 947 pestilentia
711 872 830 927 sine
854 886 1086 926 numero
1121 881 1374 942 pereunt.
1410 869 1619 923 Mortuo
1651 882 1782 940 rege

178 969 498 1039 Dagoberto,
530 965 819 1021 Lotharius
853 971 1045 1039 regnat
1093 964 1254 1017 annis
1284 963 1337 1016 2.
1394 963 1582 1031 (liena,
1619 967 1676 1015 [1.
1712 964 1782 1028 ε.)

175 1057 295 1112 Post
332 1055 581 1112 Coenred
612 1061 805 1128 regnat
836 1051 1268 1122 Nordanymbris
1297 1050 1481 1106 Osrich
1515 1049 1780 1103 annis“.

173 1154 256 1222 (H.
316 1152 416 1216 τη.)
444 1147 830 1203 Constantinus
857 1144 1006 1199 filius
1035 1143 1232 1199 Leonis
1272 1141 1621 1214 imperatoris
1653 1143 1780 1195 dum

169 1241 480 1313 baptizatur
517 1256 548 1294 a
587 1239 899 1310 patriarcha
931 1238 1223 1301 Germano,
1255 1251 1456 1292 cacans
1501 1235 1557 1288 in
1591 1243 1784 1288 sancto

173 1331 446 1396 lavachro,
477 1345 738 1403 magnum
781 1329 872 1382 dat
915 1326 1229 1400 presagium
1263 1326 1408 1398 quod
1443 1323 1657 1380 futurus
1693 1339 1786 1377 es-

175 1431 252 1478 set
279 1421 546 1478 aecclesite
579 1420 672 1476 Dei
697 1419 754 1474 in
783 1417 1126 1474 scandalum.

383 1517 508 1572 720.
587 1515 639 1572 3.
717 1515 769 1570 1.
845 1515 899 1568 1.
978 1513 1065 1568 10.
1145 1511 1234 1566 29.
1315 1510 1404 1564 19.
1481 1509 1570 1564 20.

247 1607 364 1676 (1b.)
412 1603 670 1660 Saraceni
701 1603 769 1657 ab
799 1602 1092 1659 obsidione
1119 1599 1627 1670 Constantinopolis
1655 1615 1792 1655 con-

1641 184 2005 248 CHRONICA:

1794 325 1850 394 Α
1877 325 1953 394 (Ρ.
1977 324 2060 394 D.)
2079 322 2487 394 Liuthprandus
2507 338 2602 377 rex
2622 322 2934 379 Ravennam
2959 283 3208 382 obsidet:
3243 323 3483 379 Classem

1873 415 2273 471 Ravennatium
2310 415 2586 469 civitatem
2617 421 2830 485 captam
2853 415 3110 470 destruit.

3381 193 3488 250 138

2063 506 2188 562 723.
2299 505 2354 560 6.
2467 507 2520 562 2.
2633 507 2685 562 2.

2801 506 2890 564 13.
3003 506 3092 561 32.

1950 603 2116 668 (Cant.
2149 602 2334 667 Fred.)
2368 601 2596 657 Karolus
2627 601 2870 656 Saxones
2902 601 3166 657 debellat.
3217 601 3491 677 Rigober-

1881 702 1970 748 tus
1997 695 2294 766 episcopus
2323 693 2612 749 Remensis
2651 710 2682 748 a
2712 693 2908 749 Karola
2954 693 3043 760 13°,
3074 708 3174 749 suo
3213 694 3268 748 in
3311 695 3492 766 bapti-

1883 789 2056 838 smate
2083 781 2275 848 ﬁliolo,
2306 783 2374 836 ab
2415 783 2736 852 episcopatu
2766 782 3084 854 deponitur,
3123 797 3221 854 pro
3247 798 3314 838 eo
3343 783 3492 855 quod

1883 875 1960 930 illi
2017 871 2206 931 contra
2264 874 2656 946 Raginfredum
2715 875 2864 929 eunti
2915 874 3106 929 urbem
3167 875 3490 930 Remensem
3587 898 3590 899 ν

1886 982 1979 1036 pre
2035 967 2228 1019 timore
2299 963 2614 1034 Raginfredi
2665 964 2878 1033 aperire
2941 964 3138 1020 noluit.
3199 965 3496 1020 Eucherius

1885 1072 2107 1128 quoque
2157 1056 2568 1110 Aurelianensis
2613 1056 2909 1126 episcopus
2966 1071 3066 1126 pro
3113 1057 3281 1112 simili
3330 1073 3500 1113 causa

1887 1147 2210 1218 episc0patu
2251 1147 2512 1218 privatus,
2547 1155 2600 1202 et
2627 1148 2775 1218 apud
2823 1147 3168 1203 Sarchinium
3214 1149 3497 1204 Hasbanize

1887 1238 2066 1293 vicum
2127 1238 2400 1304 exiliatus,
2451 1238 2506 1292 in
2570 1237 2826 1293 coenobio
2897 1239 3072 1294 sancti
3119 1237 3394 1296 Trudonis
3443 1241 3496 1294 in

1889 1327 2174 1382 sanctitate
2199 1333 2610 1381 consummatus
2641 1333 2743 1380 est.

2079 1418 2204 1471 724.
2317 1417 2369 1472 7.
2481 1417 2534 1471 3.
2647 1416 2698 1469 3.
2818 1415 2904 1470 14.
3017 1415 3105 1471 33.
3217 1415 3306 1472 24.

1961 1515 2050 1582 (H.
2084 1517 2178 1569 γη.)
2205 1512 2414 1566 Judeus
2445 1511 2666 1582 quidam
2722 1509 3006 1566 maleﬁcus
3047 1511 3375 1582 promittens
3413 1509 3506 1565 Gi-

1895 1606 2003 1672 zid,
2031 1621 2156 1659 eum
2189 1603 2258 1660 40
2301 1605 2461 1658 annis
2483 1604 2938 1676 principaturum,
2965 1602 3161 1657 suadet
3187 1609 3248 1656 ut
3291 1603 3347 1656 in
3391 1607 3507 1657 toto

176 1698 278 1752 fusi
311 1697 608 1762 desistunt,
648 1694 782 1765 ipsis
824 1709 948 1748 cum
990 1692 1225 1748 navibus
1287 1690 1403 1746 suis
1433 1691 1629 1762 partim
1663 1706 1788 1744 ma-
1819 1690 1868 1714 ν
1893 1712 2064 1770 regno
2093 1710 2195 1752 suo
2240 1696 2332 1750 Dei
2385 1702 2811 1766 sanctorumque
2855 1695 3125 1768 imagines
3149 1693 3353 1765 deponi
3383 1694 3508 1753 edi-

177 1787 298 1843 rino
342 1787 470 1858 igne
523 1783 888 1854 consumptis,
956 1783 1153 1854 partim
1222 1781 1514 1844 demersis,
1595 1779 1792 1851 partim
1897 1794 2000 1841 cat.
2031 1785 2246 1856 Quispe
2278 1785 2668 1859 diwregnandi
2697 1785 2976 1846 seductus,
3006 1783 3247 1838 edictum
3281 1782 3505 1854 quidem

176 1881 355 1954 igneae
383 1877 670 1954 grandinis
696 1882 1023 1946 ίθῐηρθείείθ
1053 1875 1416 1946 consumptis,
1461 1879 1516 1928 θῑ
1555 1889 1618 1927 ex
1649 1878 1796 1926 lania
1897 1880 2177 1953 proponit,
2214 1880 2332 1945 ipse
2357 1887 2538 1934 tamen
2568 1895 2691 1933 mox
2717 1877 2874 1934 obiit.
2911 1879 3038 1934 Post
3081 1894 3244 1950 quem
3283 1877 3510 1932 Elvelith

176 1968 332 2038 capia
391 1967 612 2022 navium
659 1964 749 2018 vix
789 1963 1036 2036 quinque
1086 1962 1343 2027 residuis,
1395 1961 1642 2034 potentia
1703 1959 1798 2015 Dei

175 2059 389 2115 cunctis
419 2057 658 2114 innotuit
708 2055 952 2127 populis.
996 2055 1143 2108 Intra
1199 2054 1477 2108 civitatem
1507 2069 1638 2108 vero
1697 2051 1800 2108 300

177 2153 327 2208 milia
367 2152 656 2208 hominum
688 2147 1007 2221 pestilentia
1048 2147 1355 2220 perierunt.
1388 2135 1625 2202 ilaumar
1655 2145 1802 2200 chri-

177 2244 386 2300 stianos
417 2258 778 2314 persequens,
811 2241 1015 2297 multos
1055 2257 1243 2296 eorum
1297 2239 1494 2293 Christi
1534 2243 1804 2308 martyres

179 2337 308 2394 fecit
357 2338 532 2408 (Cant.
564 2335 704 2390 Fred
730 2335 748 2393 )
775 2333 1084 2405 Hilpericus
1125 2342 1179 2388 et
1220 2331 1594 2406 Raginfredus
1616 2331 1797 2386 Eudo-

178 2445 304 2484 nem
333 2427 530 2481 ducem
563 2425 867 2498 Aquitaniae
899 2425 1102 2479 auxilio
1124 2424 1232 2478 sibi
1277 2423 1585 2484 asciscunt;
1617 2423 1708 2493 qui
1745 2424 1798 2475 in

181 2530 484 2590 congressu
525 2531 558 2568 a
599 2512 794 2568 Karolo
849 2513 996 2573 victi.
1039 2513 1124 2568 vix
1173 2512 1305 2586 fuga
1335 2511 1597 2566 evadunt.
1649 2511 1799 2566 Eudo

180 2609 402 2664 rediens
458 2605 821 2676 Chilpericum
879 2620 1067 2660 secum
1122 2604 1367 2660 abducit.
1419 2602 1681 2658 Saraceni
1737 2619 1803 2658 ex

184 2699 403 2763 Africa,
445 2697 587 2752 duce
636 2696 941 2768 Abdyrama
977 2693 1105 2750 filio-
1153 2694 1418 2750 Muhavite
1465 2693 1692 2762 amirei,
1747 2693 1801 2747 in

186 2787 512 2858 Hispaniam
545 2785 926 2852 transfretant,
977 2800 1213 2856 eamque
1240 2783 1348 2838 sibi
1379 2783 1684 2839 vindicant.
1722 2783 1802 2837 ita

179 2894 414 2954 regnum
445 2877 888 2952 Wisigotharum
922 2881 976 2932 et
1001 2875 1308 2931 Suevorum
1349 2874 1690 2930 destructum
1719 2879 1804 2928 est

183 2981 238 3030 et
294 2973 580 3028 redactum
619 2969 723 3024 sub
773 2967 1087 3033 Saracenis,
1119 2967 1281 3022 annis
1322 2966 1448 3037 plus
1477 2966 1662 3021 minus
1699 2965 1804 3020 346

181 3063 441 3130 evolutis,
469 3077 536 3134 ex
581 3074 692 3131 quo
721 3074 754 3113 a
782 3057 986 3114 Scithia
1041 3055 1258 3127 expulsi
1301 3062 1430 3110 sunt
1477 3056 1546 3110 ab
1603 3054 1800 3119 llunis;

181 3171 250 3210 ex
279 3168 392 3225 quo
419 3163 554 3206 vero
580 3147 906 3204 cedentibus
935 3145 1219 3201 Wandalis
1259 3153 1314 3199 et
1343 3144 1576 3199 devictis
1611 3144 1806 3198 Suevis

183 3252 478 3317 eruperunt
522 3257 754 3316 regnare
810 3240 867 3294 in
907 3237 1206 3310 Hispaniis,
1245 3236 1406 3292 annis
1457 3236 1676 3292 circiter
1701 3235 1806 3291 256

181 3333 441 3390 evolutis.
495 3331 747 3405 Regnum
777 3343 908 3385 vero
950 3327 1126 3384 tertiae
1166 3326 1335 3396 partis
1398 3325 1804 3396 Hispaniarum,

183 3426 332 3500 quod
363 3425 571 3480 dicitur
590 3421 1012 3486 Gallitiensium,
1060 3419 1212 3491 quod
1252 3433 1355 3474 nec
1409 3424 1542 3472 tunc
1572 3417 1807 3492 Wisigo-

183 3519 318 3584 thae,
359 3531 465 3571 nec
505 3520 697 3586 postea
747 3512 1004 3568 Saraceni
1051 3516 1351 3582 potuerunt
1399 3509 1684 3584 subigere,
1715 3509 1808 3562 ad-

184 3610 299 3664 huc
323 3607 478 3678 viget
512 3606 816 3672 incolume,
857 3611 912 3660 et
967 3603 1061 3659 Dei
1103 3610 1432 3678 protegente
1468 3600 1578 3656 fide
1618 3605 1808 3654 manet

185 3698 651 3773 inexpugnabﬂe.

368 3791 496 3846 721.
645 3788 696 3842 4.
805 3787 860 3842 2.
972 3787 1028 3842 2.
1148 3789 1234 3842 11.
1347 3787 1434 3841 30.
1553 3787 1644 3841 21.

263 3885 350 3952 (11.
383 3883 482 3954 m.)
518 3883 755 3937 Haumar
803 3879 1004 3934 amiras
1048 3879 1308 3947 moritur;
1357 3884 1482 3950 post
1525 3893 1691 3950 quem
1729 3877 1818 3931 Gi-

190 3979 282 4043 zid
321 3977 616 4032 Saracenis
666 3975 1010 4048 principatur
1059 3975 1220 4030 annis
1275 3976 1327 4030 4.
1389 3973 1565 4045 (Cant.
1625 3973 1812 4044 Fred.)

191 4069 414 4126 Mortuo
445 4068 700 4124 Lothario
746 4083 894 4143 rege,
930 4067 1159 4124 Karolus
1186 4066 1550 4138 Chilpericum
1585 4064 1653 4119 ab
1706 4065 1816 4119 lu-

189 4165 341 4220 done
389 4180 493 4235 per
518 4164 730 4237 legatos
759 4161 982 4234 recipit,
1015 4177 1255 4235 eumque
1284 4161 1390 4216 sibi
1431 4176 1616 4234 regem
1663 4159 1812 4215 facit.

1828 3014 1877 3083 C

1901 1971 2242 2044 principatur
2290 1969 2578 2023 Saracenis
2607 1968 2765 2021 annis
2791 1967 2881 2022 20.
2929 1968 3022 2038 (Α.
3069 1969 3240 2036 Futd.)
3285 1966 3511 2022 Karolus

1903 2063 2182 2133 Bajoarios
2212 2062 2378 2117 armis
2409 2062 2683 2136 sub_',ugat.

2093 2155 2214 2210 725.
2329 2157 2382 2211 8.
2494 2157 2548 2211 4.
2661 2155 2714 2208 4.
2832 2155 2917 2208 15.
3030 2152 3118 2209 34.
3230 2153 3322 2210 25.

1977 2251 2052 2321 (II.
2100 2255 2197 2318 m.)
2253 2250 2361 2305 Leo
2401 2251 2700 2320 imperator
2737 2263 2768 2302 a
2819 2245 3058 2318 quodam
3101 2245 3265 2300 Beser
3321 2243 3509 2320 refuga

1902 2339 2030 2396 fidei
2065 2341 2351 2403 seductus,
2383 2346 2571 2394 contra
2599 2337 2870 2408 imagines
2893 2333 3085 2390 Christi
3117 2340 3172 2388 et
3199 2341 3511 2390 sanctorum

1901 2431 2021 2499 ejus
2050 2429 2260 2484 bellum
2289 2427 2503 2494 indicit,
2527 2442 2734 2498 easque
2755 2425 2967 2497 ubique
2991 2425 3196 2496 deponi
3218 2423 3513 2480 etincendi

1841 2588 1847 2594 ν
1903 2524 2105 2578 ωὰἱοίῑ.
2139 2523 2241 2577 Pro
2273 2537 2382 2594 quo
2413 2536 2600 2576 errore
2629 2535 2750 2575 eum
2803 2518 3100 2593 Gregorius
3127 2532 3268 2588 papa
3297 2515 3518 2586 scriptis

1903 2613 2132 2668 multum
2185 2611 2434 2683 quidem,
2486 2609 2583 2664 sed
2617 2609 2675 2663 in
2700 2624 2899 2664 vanum
2952 2607 3256 2680 redarguit.
3289 2605 3518 2660 Karolus

1903 2710 2093 2759 contra
2173 2699 2491 2756 Lanfridum
2545 2697 2966 2754 Alamannorum
3025 2697 3221 2752 ducem
3267 2695 3515 2762 dimicat,

1902 2805 2080 2861 eoque
2110 2789 2253 2844 victo
2285 2787 2659 2843 Alemanniam
2697 2785 2804 2842 sibi
2841 2785 3117 2859 subjugat.

2101 2877 2224 2932 726.
2335 2876 2390 2930 9.
2501 2874 2558 2933 5.
2665 2875 2719 2930 5.
2835 2873 2920 2929 16.
3034 2872 3124 2929 35.
3233 2871 3325 2930 26.

1977 2972 2128 3040 (Cant
2176 2969 2314 3024 Fred
2337 2971 2358 3036 )
2415 2967 2626 3022 Mortuo
2678 2964 3010 3036 Chilperico,
3053 2963 3284 3019 Karolus
3335 2960 3520 3018 Theo-

1905 3065 2152 3122 dericum
2205 3061 2314 3118 sibi
2345 3076 2533 3136 regem
2568 3058 2720 3127 facit,
2744 3057 2839 3129 qui
2879 3056 3038 3112 annis
3067 3055 3138 3113 15
3171 3061 3381 3131 regnat.
3417 3054 3524 3110 Ka-

1906 3157 2055 3214 rolus
2084 3158 2328 3212 Saxones
2353 3152 2614 3208 debellat.

2075 3249 2200 3305 727.
2315 3247 2402 3302 10.
2515 3245 2568 3298 6.
2686 3246 2735 3298 1.
2849 3243 2936 3297 17.
3051 3241 3141 3297 36.
3251 3241 3340 3296 27.

1979 3332 2574 3406 Constantinopolitani
2618 3337 2809 3388 contra
2849 3331 3085 3386 Leonem
3130 3330 3520 3400 imperatorem

1907 3447 2008 3504 pro
2047 3429 2398 3500 depositione
2439 3424 2734 3499 imaginum
2765 3423 2858 3478 Dei
2887 3423 3287 3478 tumultuantur
3313 3439 3328 3488 ;
3351 3419 3520 3492 aliqui

1907 3523 2073 3580 etiam
2099 3537 2198 3592 pro
2243 3521 2350 3574 hoc
2387 3516 2829 3586 martyrizantur.
2865 3516 3037 3581 (Cant.
3083 3513 3264 3582 Fred.)
3296 3511 3526 3567 Karolus

1907 3613 2118 3668 Suevos
2169 3617 2223 3664 et
2255 3604 2534 3676 Bajoarios
2583 3602 2844 3658 debellat.
2892 3602 3082 3671 (Bson,
3122 3606 3187 3656 Η.
3237 3603 3304 3665 e.)
3333 3599 3528 3654 Wich-

1918 3707 2062 3764 treth
2093 3721 2188 3759 rex
2210 3701 2504 3776 Anglorum
2537 3698 2675 3765 obit,
2694 3697 2980 3769 ﬁliumque
3006 3712 3166 3752 suum
3183 3693 3524 3750 Edilberlum

1919 3797 2181 3858 heredem
2235 3793 2390 3869 regni
2425 3791 2668 3863 reliquit.
2729 3789 3042 3845 Cormesius
3070 3786 3396 3863 Rulgaribus
3425 3786 3530 3842 do-

1919 3893 2172 3948 minatur.

2129 3977 2256 4032 728.
2367 3973 2455 4028 11.
2570 3973 2620 4028 7.
2734 3969 2788 4024 2.
2901 3969 2989 4024 18.
3101 3969 3154 4024 1.
3266 3969 3316 4024 1.

1987 4069 2156 4136 (Cant.
2215 4064 2389 4132 Fred.)
2418 4061 2646 4116 Karolus
2694 4059 2886 4132 Lygeri
2937 4058 3187 4124 transito,
3253 4055 3532 4112 Eudonem

1916 4157 2114 4212 ducem
2145 4151 2446 4225 Aquitania:
2481 4149 2631 4204 bello
2657 4147 2860 4203 victum
2893 4146 3064 4222 fugat,
3095 4152 3152 4201 et
3190 4143 3535 4216 Aquitaniam

267 4257 458 4324 (Dem)
476 4298 488 4310 .
505 4256 636 4312 Ossa
649 4255 704 4310 S.
727 4255 1015 4330 Augustini
1045 4253 1372 4326 lpponensis
1391 4251 1661 4324 episcopi,
1683 4251 1816 4308 olim
1855 4315 1904 4330 ἢ
1926 4246 2167 4323 graviter
2203 4243 2468 4298 devastat.

190 4352 467 4406 translata
509 4351 576 4406 ad
634 4351 966 4416 Sardiniam,
1019 4355 1227 4406 vastata
1256 4349 1422 4404 modo
1473 4366 1503 4403 a
1545 4315 1910 4402 SaracenisD

192 4439 944 4510 Sardinia,'Liuthprandus
997 4454 1094 4494 rex
1162 4435 1646 4512 Langobardorum
1703 4435 1830 4490 dato

194 4545 409 4606 magno
430 4529 616 4600 pretio
641 4527 904 4584 transfert
923 4529 1168 4600 Papiam.

403 4625 531 4680 722.
645 4625 700 4678 5.
812 4625 867 4678 1.
983 4627 1036 4680 1.
1151 4624 1233 4678 12.
1347 4623 1437 4678 31.
1548 4621 1638 4676 22.

279 4716 361 4786 (ϐ.
395 4717 577 4786 pant)
617 4715 726 4771 Leo
766 4716 1067 4786 imperator
1093 4730 1228 4786 sepe
1260 4722 1315 4769 et
1356 4713 1586 4770 multum
1613 4711 1829 4766 labora-

197 4803 304 4872 vit,
345 4811 411 4859 ut
455 4802 751 4877 Gregorius
806 4819 948 4874 papa
994 4802 1381 4874 perimeretur,
1444 4801 1542 4855 sed
1609 4797 1826 4864 frustra,

201 4892 361 4948 Italis
382 4899 442 4947 et
469 4891 849 4966 Langobardis
872 4905 971 4962 pro
1002 4889 1360 4946 defendendo
1391 4905 1534 4960 papa
1562 4888 1832 4942 instanter

202 4983 536 5056 imperatori
588 4982 991 5039 resistentibus.
1037 4983 1134 5051 (A.
1173 4983 1456 5048 Xantens.)
1497 4980 1557 5034 In
1597 4978 1832 5049 Campa-

2143 4331 2265 4390 729.
2378 4330 2466 4384 12.
2578 4327 2632 4384 8.
2744 4325 2798 4382 3.
2912 4325 3002 4380 19.
3111 4323 3165 4378 2.
3275 4322 3331 4377 2.

2003 4427 2083 4495 (H.
2116 4425 2214 4493 γη.)
2245 4420 2538 4494 Gregorius
2581 4432 2745 4489 papa,
2785 4414 2910 4486 quia
2946 4414 3184 4469 Leonem
3242 4412 3539 4482 imperato-

1932 4531 2048 4571 rem
2079 4510 2513 4587 incorrigibilem
2559 4507 2714 4572 vidit,
2747 4505 2974 4561 Romam
3007 4510 3062 4560 et
3077 4503 3290 4558 italiam
3321 4509 3376 4558 et
3405 4503 3543 4558 Hes-

1933 4605 2142 4678 periam
2175 4611 2342 4660 totam
2373 4601 2440 4656 ab
2473 4600 2593 4670 ejus
2607 4597 2732 4667 jure
2761 4594 2976 4650 descire
3006 4593 3156 4662 facit,
3175 4600 3231 4650 et
3257 4593 3546 4670 vectigalia

1931 4697 2214 4756 interdicit

2145 4785 2271 4842 730.
2385 4782 2473 4839 13.
2583 4779 2637 4833 9.
2749 4779 2803 4832 4.
2912 4776 3005 4833 20.
3117 4777 3172 4832 3.
3283 4775 3338 4834 3.

2003 4881 2170 4946 (Cant.
2228 4874 2408 4942 Fred.)
2478 4869 2629 4926 Eudo
2685 4867 2815 4934 dux,
2886 4867 3082 4925 Karolo
3164 4867 3394 4924 inferior
3451 4882 3554 4940 per

1932 4971 2138 5036 omnia,
2192 4969 2496 5024 Saracenos
2545 4969 2734 5020 contra
2764 4978 2892 5018 eum
2927 4963 3124 5019 invitat
3152 4961 3220 5017 ab
3273 4961 3552 5034 Hispania.

206 5053 304 5134 nia
341 5079 519 5135 Italiae
549 5077 887 5134 frumentum
917 5076 1266 5133 combustum
1303 5084 1359 5130 et
1389 5073 1658 5131 hordeum
1681 5080 1736 5128 et
1752 5073 1836 5128 le-
1935 5065 2016 5136 (II.
2059 5063 2164 5131 m.)
2211 5061 2444 5115 Sanctus
2483 5057 2786 5112 Germanus
2845 5055 3016 5112 Leoni
3069 5053 3389 5126 imperatori
3455 5066 3554 5124 pro

204 5169 444 5242 gumina
471 5167 632 5238 quasi
658 5165 841 5239 pluvia
875 5166 946 5220 de
977 5165 1114 5221 caelo
1144 5163 1482 5220 ceciderunt.
1517 5163 1608 5232 (A.
1654 5163 1834 5230 Matt.)

207 5259 448 5322 Karolus
487 5257 879 5333 Raginfredum
912 5272 1276 5330 persequens,
1337 5253 1647 5328 Andegavis
1683 5253 1835 5310 obsi-

207 5347 324 5413 det,
358 5362 604 5419 eamque
631 5353 846 5418 captam
889 5347 1034 5404 victo
1085 5342 1420 5420 Raginfredo
1458 5343 1528 5398 ad
1584 5342 1838 5400 habitan-

208 5437 344 5492 dum
373 5436 660 5501 concedit,
716 5443 770 5490 et
798 5435 966 5492 totius
994 5435 1149 5507 regni
1207 5431 1576 5504 principatum
1618 5431 1838 5504 recipit.

1937 5151 2221 5224 impietate
2252 5165 2350 5204 sua
2403 5161 2649 5213 aversus,
2691 5161 2722 5200 a
2750 5144 2886 5200 sede
2932 5144 3234 5216 episcopali
3290 5147 3374 5196 est
3409 5139 3558 5211 deje-

1937 5253 2076 5302 ctus.
2109 5243 2300 5312 (BsnA,
2324 5245 2388 5294 11.
2421 5241 2492 5311 ε.)
2525 5237 2672 5292 Obiit
2699 5243 2924 5292 sanctus
2958 5235 3225 5291 Echberth
3260 5231 3556 5307 Anglorum

1939 5334 2230 5408 presbiter.
2275 5334 2453 5406 (Cant.
2501 5329 2685 5397 Fred.)
2739 5326 2996 5384 Saraceni
3027 5341 3165 5381 cum-
3180 5321 3442 5381 omnibus
3479 5320 3562 5376 fa-

1938 5429 2111 5485 miliis
2161 5427 2278 5482 suis
2319 5423 2476 5498 quasi
2534 5423 2591 5478 in
2629 5421 2818 5478 Galliis
2861 5419 3185 5488 habitaturi,
3249 5417 3560 5474 Garunnam

1572 5537 1793 5596 VARUE
1823 5537 1983 5598 LEC’I
1992 5534 2202 5593 IONES.

284 5643 356 5679 ¹⁸⁰
383 5643 589 5700 Karolo
615 5643 734 5711 Sig.
765 5641 1095 5716 Rigobertus
1137 5671 1200 5682 —-
1231 5639 1408 5696 noluit
1433 5639 1496 5694 in
1513 5639 1619 5706 ﬁne
1649 5639 1786 5695 anni
1822 5637 1980 5692 habet
2013 5636 2112 5693 Bt.

531 5755 836 5818 PATROL.
893 5751 1088 5815 CLX.
