3870 6060
316 211 420 267 139

314 347 621 406 transeunt,
661 336 845 394 omnia
884 335 1191 400 devastant,
1230 328 1621 399 aecclesiasque
1662 326 1759 382 Dei
1813 341 1929 380 cre-
1947 327 1997 394 Α

314 442 484 489 mant.
520 430 727 497 Quibus
769 426 997 482 Karolus
1026 423 1122 479 Dei
1161 420 1364 479 auxilio
1408 420 1580 475 fretus
1617 418 1761 474 bello
1792 433 1926 473 con-

314 523 516 588 currit;
559 530 613 575 et
642 537 708 593 ex
735 519 816 574 eis
865 514 1038 573 375¹³¹
1070 511 1223 567 milia
1263 526 1386 566 cum
1425 524 1553 582 rege
1591 522 1691 563 suo
1739 506 1947 578 Abdy-'

313 632 461 670 rama
486 612 738 684 peremit,
766 617 823 665 et
852 607 999 663 1500
1027 620 1249 661 suorum
1278 603 1479 658 amisit.
1525 601 1674 656 Eudo
1705 615 1924 671 quoque

313 704 507 758 Karolo
560 700 969 768 reconciliatus,
1013 709 1191 757 castra
1230 693 1622 748 Saracenorum
1669 689 1918 759 diripuit,

311 806 367 854 et
402 797 664 869 reliquias
715 812 903 853 eorum
943 796 1220 852 contrivit.
1275 794 1463 865 (Banx,
1505 794 1567 844 Η.
1609 786 1677 858 e.)
1706 785 1917 840 Mortuo
1983 829 1991 839 .

312 886 499 942 Osricb
538 901 665 959 rege
735 885 1297 957 Nordanymbrorum,
1344 876 1644 935 Cednulfus
1694 874 1745 929 ei
1794 887 1923 928 suc-

312 976 482 1044 cedit,

408 1069 532 1123 731.
575 1068 637 1123 R.
682 1067 765 1121 14.
809 1066 864 1120 S.
910 1064 995 1120 10.
1039 1063 1095 1118 F.
1137 1063 1190 1117 5.
1234 1062 1291 1116 L.
1332 1061 1421 1115 2|.
1465 1060 1526 1113 Λ.
1569 1059 1620 1111 4.
1665 1057 1724 1112 Β.
1764 1056 1819 1110 4.

383 1163 476 1233 (Π.
507 1162 601 1231 m.)
642 1158 936 1233 Gregorius
974 1158 1104 1213 8508
1135 1157 1392 1211 Romanae
1442 1151 1707 1208 aecclesiae
1754 1148 1923 1220 presi-

311 1254 437 1319 det;
467 1252 560 1324 qui
609 1257 663 1305 et
689 1250 811 1321 ipse
859 1249 1098 1304 Leonem
1151 1246 1537 1317 imperatorem
1581 1240 1784 1296 erroris
1823 1255 1918 1293 re-

310 1342 550 1417 darguit,
581 1347 636 1396 et
655 1339 918 1411 populum
951 1337 1256 1393 Romanum
1307 1340 1362 1389 et
1389 1331 1680 1407 vectigalia
1710 1330 1919 1400 Hespe-

311 1436 406 1491 ria
431 1434 499 1488 ab
540 1449 607 1489 eo
638 1430 850 1488 avertit.
882 1432 970 1499 (A.
1007 1430 1147 1483 Xant
1173 1429 1187 1497 )
1219 1428 1276 1482 ln
1308 1425 1499 1498 Anglia
1528 1423 1673 1479 Beda
1704 1422 1923 1493 presbi-

310 1531 397 1580 ter
424 1532 478 1578 et
514 1521 821 1577 monachus
872 1519 1163 1574 sanctitate
1202 1523 1258 1571 et
1286 1513 1521 1570 scientia
1572 1513 1754 1567 clarus
1780 1509 1916 1565 obit.

1530 193 1872 255 SIGEBERTI
1913 192 2403 250 GEMBLACENSIS

3535 201 3645 256 140

2245 324 2372 379 737.
2446 323 2538 379 20.
2614 324 2702 381 16.
2778 324 2867 380 11.
2942 323 3033 379 27.
3323 326 3394 380 10

2098 417 2184 477 (Α.
2220 416 2406 481 Lead.)
2440 416 2674 473 Sanctus
2729 416 2984 472 Eminus
3034 417 3332 489 episcopus
3373 426 3429 474 et
3465 419 3644 475 abbas

2026 504 2314 561 Lobiensis
2366 506 2503 563 obit.
2563 509 2736 579 (Cant.
2784 507 2970 578 Fred.)
3023 508 3252 564 Karolus
3283 510 3644 576 Nemausum,

2024 594 2270 665 Agathen
2307 596 2552 668 aliasque
2583 596 2826 652 Gothicae
2855 597 3101 670 regionis
3138 599 3304 655 urbes
3339 616 3370 655 a
3409 599 3641 657 Sarace-

2024 682 2111 737 nis
2140 683 2358 739 invasas
2386 686 2533 756 capit
2560 692 2615 740 et
2643 686 2761 741 solo
2784 693 2944 740 tenus
2958 686 3207 744 destruit.

2242 782 2346 838 738
2442 781 2533 837 21.
2610 780 2698 838 17.
2778 783 2867 840 12.
2942 781 3034 838 28.
3327 785 3413 839 11.

2096 873 2455 943 (1b.)Arclato
2486 875 2622 931 urbe
2660 875 2952 933 Galliarum
2985 886 3143 948 capta
3171 894 3203 933 a
3243 878 3552 947 Saracenis,
3582 888 3640 934 et

2025 963 2283 1018 omnibus
2350 965 2769 1038 circunquaque
2827 967 3123 1023 demolitis.
3182 968 3410 1024 Karolus
3465 970 3640 1024 ascito

2024 1055 2127 1109 sibi
2154 1056 2222 1110 ad
2255 1056 2515 1112 auxilium
2564 1052 2941 1129 Liuthprando
2973 1075 3103 1133 rege
3149 1059 3636 1135 Langobardorum

2022 1144 2102 1199 eis
2131 1146 2386 1211 occurrit,
2420 1162 2629 1218 eosque
2686 1152 2897 1202 terrore
2945 1148 3186 1204 nominis
3224 1149 3309 1203 sui
3350 1150 3405 1203 in
3448 1149 3638 1224 fugam

2021 1235 2201 1289 vertit.
2232 1235 2321 1290 Sic
2351 1234 2657 1300 Saracenis,
2687 1236 2780 1308 qui
2830 1242 2997 1291 totam
3031 1253 3187 1309 paene
3212 1238 3413 1305 Asiam,
3462 1246 3637 1293 totam

2025 1326 2231 1381 Libiam
2261 1327 2601 1400 multamque
2632 1336 2839 1399 partem
2872 1331 3106 1403 Europae
3164 1332 3498 1400 invaserant,
3533 1335 3643 1388 Ka—

2022 1416 2171 1472 rolus
2200 1418 2293 1472 Dei
2341 1418 2571 1487 auxilio,
2599 1434 2697 1473 sua
2734 1419 3005 1475 industria
3036 1421 3480 1495 Francorumque
3522 1424 3643 1479 for-

2021 1508 2255 1563 titudine
2312 1524 2532 1564 omnem
2589 1527 2745 1581 spem
2795 1511 3095 1567 invadendi
3128 1510 3328 1568 Gallias
3385 1514 3638 1572 abstulit.

311 1618 482 1684 (Cant.
537 1614 717 1684 Fract.)
749 1610 975 1666 Karolus
1005 1608 1270 1683 Lugduno
1328 1605 1590 1712 aliisquen
1611 1601 1923 1712 civitatibus
1949 1599 2099 1712 B(1P.
2132 1600 2217 1667 D.)
2243 1600 2656 1712 :l‘ra‘samundus
2696 1603 2803 1658 dux
2834 1603 3040 1675 Spoleti
3069 1612 3260 1661 contra
3305 1606 3642 1678 Liuthpran-

311 1704 508 1775 captis.
579 1700 958 1774 Burgundiam
1037 1697 1142 1753 sibi
1198 1693 1475 1766 subjugat.
1554 1688 1920 1766 Baginfrcdus

311 1797 564 1854 moritur.

495 1885 620 1943 732.
733 1886 823 1940 15.
935 1882 1025 1939 11.
1137 1881 1191 1935 6.
1302 1879 1392 1933 22.
1509 1876 1543 1931 5
1672 1875 1724 1928 5.

379 1983 464 2049 (II.
506 1980 599 2050 m.)
630 1975 1019 2034 Constantinus
1072 1973 1220 2028 ﬁlius
1256 1968 1609 2042 imperatoris
1636 1967 1919 2038 llyrenen,

310 2074 476 2132 filiam
525 2073 707 2143 Cajani
761 2072 989 2125 Avarum
1039 2068 1206 2142 regis,
1269 2080 1496 2121 uxorem
1552 2062 1737 2117 ducit:
1797 2075 1919 2132 quae

308 2162 607 2235 baptizata,
634 2160 753 2216 viro
781 2174 882 2214 suo
911 2163 1276 2229 apostatante,
1299 2160 1502 2209 rectam
1525 2150 1691 2208 ﬁdem
1717 2151 1916 2207 tenuit.

309 2250 538 2308 Karolus
564 2251 623 2305 in
667 2247 955 2305 Wasconia
994 2261 1117 2301 cum
1153 2243 1377 2298 Eudone
1409 2249 1638 2316 pugnat,
1680 2255 1919 2312 eumque

307 2345 621 2416 principatu
651 2350 707 2397 et
741 2341 855 2397 vita
886 2339 1084 2411 privat.
1118 2335 1539 2407 Liuthprandus
1568 2351 1661 2389 rex
1694 2333 1762 2387 de
1796 2333 1923 2402 jure

309 2435 540 2492 Romani
598 2431 877 2504 pontificis
926 2432 1124 2485 multas
1177 2427 1344 2484 urbes
1391 2436 1447 2482 et
1499 2424 1724 2481 castella
1777 2423 1901 2479 tulit

311 2529 385 2597 (P.
419 2530 515 2593 D.;
560 2528 710 2584 Cant.
754 2526 949 2596 Bedes.)
990 2523 1291 2580 Ceduulfus
1339 2538 1431 2578 rex
1470 2519 1920 2592 Nordanymbro-

309 2632 429 2671 rum
456 2613 690 2686 capitur,
722 2621 777 2669 et
804 2614 860 2667 in
890 2612 1151 2668 clericum
1195 2611 1476 2677 tundetur,
1507 2617 1562 2665 et
1612 2617 1740 2681 post
1797 2608 1918 2664 haec

308 2706 362 2760 in
386 2721 616 2780 regnum
649 2702 965 2759 remittitur.

499 2793 620 2849 733.
736 2792 824 2849 16.
934 2791 1024 2845 12.
1137 2791 1192 2845 7.
1300 2787 1391 2846 23.
1503 2790 1555 2846 6.
1668 2787 1703 2841 6

373 2886 452 2957 (G.
483 2884 660 2957 pant.)
691 2884 989 2957 Gregorius
1029 2898 1170 2955 papa
1223 2882 1492 2955 synodum
1543 2882 1650 2937 905
1690 2881 1912 2953 episco-

2023 1689 2151 1743 dum
2183 1690 2475 1755 rebellans,
2510 1692 2578 1746 ad
2613 1692 2889 1749 Romanos
2921 1694 3186 1768 confugit.

2247 1781 2370 1837 739.
2447 1783 2537 1838 22.
2615 1786 2703 1841 18.
2781 1787 2872 1843 13.
2947 1787 3038 1843 29.
3328 1788 3417 1844 12.

2096 1872 2272 1939 (Cant,
2305 1876 2488 1941 Fred.)
2528 1875 2755 1932 Karolus
2797 1876 3179 1933 Mauruncium
3205 1879 3507 1935 Provinciae
3534 1881 3641 1936 du-

2023 1979 2166 2032 cem,
2197 1965 2290 2036 qui
2325 1966 2647 2024 invitaverat
2700 1969 3026 2038 Saracenos,
3082 1972 3342 2041 debellat,
3384 1981 3440 2030 et
3496 1975 3642 2031 Pro—

2023 2053 2259 2108 vinciam
2289 2055 2395 2110 sibi
2425 2056 2702 2132 subjugat.
2756 2060 2835 2118 (G.
2890 2063 3065 2130 pont.)
3098 2062 3507 2135 Liuthprandus
3544 2080 3648 2119 rex

2024 2156 2122 2212 pro
2151 2142 2364 2217 refugio
2384 2142 2745 2201 Trasamundi
2782 2147 3008 2204 Romam
3039 2150 3285 2224 graviter
3314 2160 3493 2207 vexat.

2247 2232 2369 2290 740.
2444 2234 2533 2290 23.
2615 2238 2699 2293 19.
2780 2239 2867 2293 14.
2944 2239 3031 2296 30.
3323 2242 3410 2299 13.

2095 2322 2263 2391 (Cant.
2289 2325 2467 2395 Fred.)
2502 2324 2728 2382 Karolus
2752 2328 2994 2385 Saxones
3022 2330 3126 2385 sibi
3151 2330 3469 2388 tributarios
3490 2331 3646 2400 facit,

2024 2416 2307 2488 (A.Mett.)
2335 2417 2502 2491 Signa
2532 2418 2587 2475 in
2604 2420 2720 2476 sole
2751 2420 2949 2478 etluna
2979 2430 3033 2478 et
3063 2424 3240 2480 stellis
3266 2433 3537 2497 apparent
3550 2426 3638 2481 ¹³³.

2278 2507 2405 2561 741.
2479 2508 2569 2564 24.
2645 2510 2716 2565 20
2814 2511 2902 2566 15.
2982 2512 3074 2570 31.
3292 2514 3380 2569 14.

2093 2596 2185 2669 (Η.
2217 2602 2316 2668 m.)
2347 2597 2475 2655 Post
2507 2600 2907 2658 Theodericum
2948 2618 3137 2679 regem
3171 2604 3503 2661 Francorum
3544 2621 3639 2662 re-

2015 2694 2147 2760 gnat
2191 2688 2461 2745 Hildricus
2490 2691 2651 2745 annis
2679 2690 2766 2747 10.
2803 2691 2986 2748 Leone
3024 2692 3360 2765 imperatore
3393 2700 3645 2765 mortuo,

2017 2777 2408 2837 Constantinus
2452 2780 2749 2855 ﬁlius-ejus
2800 2785 2963 2840 annis
3015 2786 3083 2841 37
3123 2787 3378 2857 imperat.
3437 2789 3648 2866 (Μαι.)

2014 2871 2210 2930 Pacato
2241 2882 2295 2930 et
2333 2874 2559 2931 dilatato
2609 2890 2782 2951 regno
2816 2876 3169 2944 Francorum,
3221 2876 3452 2932 Karolus
3481 2876 3649 2931 belli-

303 2991 497 3047 porum
547 2974 735 3030 Romae
789 2979 1090 3048 congregat
1139 2979 1195 3028 et
1236 2973 1648 3029 venerationem
1697 2982 1916 3030 sancta—
1940 3004 1988 3073 Ο
2015 2988 2179 3029 cosus
2224 2974 2481 3046 princeps
2509 2974 2645 3040 obit,
2680 2983 2735 3031 et
2761 2972 2905 3030 ﬁlios
2934 2991 3066 3031 suos
3113 2975 3545 3033 Karlomannum
3588 2991 3651 3039 et

304 3083 420 3121 rum
453 3064 754 3138 imaginum
786 3063 1097 3129 confirmat,
1129 3075 1429 3134 earumque
1482 3062 1779 3118 violatores
1808 3078 1913 3135 ge-
1940 3047 1988 3073 υ
2018 3062 2272 3134 Pipinum
2330 3064 2669 3135 principatus
2716 3064 2803 3119 sui
2860 3079 3213 3120 successores
3270 3064 3511 3137 reliquit.
3545 3066 3647 3137 (G.

304 3158 477 3215 nerali
530 3158 804 3213 sententia
861 3157 1309 3213 anathematizat.
1369 3156 1620 3224 Karolus,
1672 3156 1917 3213 Waifero

305 3257 360 3305 et
394 3249 639 3303 llunaldo
685 3247 810 3303 filiis
844 3247 1085 3303 Eudonis
1129 3247 1446 3303 dimicando
1487 3246 1645 3302 victis
1691 3247 1917 3319 Aquita-

309 3339 456 3392 niam
490 3337 596 3391 sibi
628 3336 904 3407 subjugat.

555 3431 677 3486 734.
752 3430 841 3488 17.
923 3429 1011 3486 13.
1124 3430 1174 3484 8.
1254 3429 1345 3485 24.
1458 3430 1511 3484 7.
1627 3428 1680 3483 7.

382 3522 476 3593 (Α.
510 3523 694 3593 Ρυιιι.)
749 3520 977 3578 Karolus
1018 3520 1243 3576 Gresian
1279 3536 1592 3593 aggressus,
1646 3519 1923 3590 l’oponem

311 3616 505 3673 ducem
544 3618 835 3674 Fresonem
892 3633 1015 3673 cum
1057 3615 1244 3672 multis
1302 3615 1542 3687 perimit,
1595 3623 1650 3670 et
1690 3614 1925 3670 Fresiam

309 3707 417 3763 sibi
438 3706 660 3779 subigit.

560 3796 686 3851 735.
763 3796 852 3849 18.
930 3795 1016 3849 14.
1128 3796 1182 3849 9.
1259 3794 1348 3847 25.
1461 3795 1514 3848 8.
1627 3794 1680 3848 8.

384 3886 472 3953 (Α.
505 3885 685 3952 Leod)
728 3882 874 3937 Obiit
903 3891 1125 3936 sanctus
1156 3881 1476 3935 llucbertus.
1521 3881 1707 3952 (Cant.
1743 3883 1923 3953 Fred.)

311 3972 537 4027 Karolus
567 3971 943 4027 Avennionem
985 3969 1167 4024 Galliae
1188 3969 1383 4025 urbem
1423 3986 1454 4023 a
1485 3969 1772 4024 Saracenis
1794 3970 1921 4025 dolo

310 4074 368 4120 et
392 4081 667 4120 consensu
698 4063 998 4120 Mauruncii
1036 4064 1336 4120 Provinciae
1376 4064 1535 4119 ducis
1574 4074 1790 4136 captam
1817 4065 1921 4121 ob-

309 4157 473 4224 sidet,
497 4173 674 4229 eaque
706 4156 923 4211 fortiter
939 4166 1181 4228 recepta,
1210 4157 1510 4212 Saracenos
1530 4173 1703 4228 usque
1724 4157 1794 4210 ad
1823 4157 1915 4211 in-

308 4248 683 4303 ternecionem
713 4248 882 4304 delet.
910 4248 1125 4303 Abhinc
1155 4264 1380 4321 regnum
1414 4248 1709 4323 Anglorum
1740 4265 1919 4304 anno-

309 4350 422 4396 tare
464 4342 828 4414 supersedeo,
863 4342 992 4414 quia
1032 4342 1303 4413 hysterias
1329 4341 1620 4411 majorum,
1662 4357 1800 4413 quas
1836 4357 1920 4396 se-

307 4447 464 4503 quar,
495 4447 606 4487 non
634 4431 812 4488 habeo
845 4432 930 4486 ³³³.

553 4524 678 4579 736.
756 4525 843 4580 19.
922 4524 1010 4578 15.
1088 4522 1173 4577 10.
1251 4523 1322 4578 26
1609 4523 1663 4579 9.

378 4611 498 4680 (1b.)
537 4611 935 4667 Saracenorum
991 4627 1121 4684 rege
1173 4610 1389 4666 Athima
1464 4610 1695 4666 obsesso
1771 4610 1916 4666 intra

308 4700 491 4757 Gallia:
548 4705 736 4758 urbem
791 4704 1102 4761 Narbonam
1167 4720 1198 4757 a
1253 4703 1471 4770 Karolo,
1526 4703 1784 4758 Saraceni
1850 4719 1915 4758 ex

308 4790 569 4861 Hispania
594 4808 715 4846 cum
748 4793 856 4848 alio
886 4810 1017 4867 rege
1046 4795 1211 4848 Amor
1239 4793 1291 4848 ei
1317 4802 1613 4849 occurrunt
1643 4793 1893 4849 subsidio

304 4884 403 4950 Qui
433 4885 713 4958 congressi
754 4885 971 4955 Karolo,
1020 4886 1296 4941 ambobus
1351 4887 1573 4957 regibus
1613 4888 1915 4958 peremptis

302 4980 356 5028 et
389 4972 608 5029 civitate
647 4980 867 5044 recepta
904 4973 973 5027 ab
1000 4989 1089 5041 eo,
1148 4974 1341 5030 ultimo
1373 4991 1532 5045 paene
1581 4976 1751 5032 attriti
1787 4986 1917 5032 sunt

302 5068 661 5135 exterminio;
685 5083 863 5140 eoque
895 5067 1173 5143 fugientes
1205 5068 1555 5140 insequente,
1588 5070 1793 5126 residui
1816 5071 1917 5126 de-

302 5159 468 5215 mersi
498 5168 629 5216 sunt
658 5159 713 5214 in
743 5158 1039 5231 profundo.

2015 3157 2189 3227 pont.)
2216 3157 2502 3212 Zacharias
2532 3157 2661 3211 86m
2690 3158 2755 3192 ‘3‘
2784 3156 3046 3212 Romanae
3071 3157 3339 3214 (ecclesiae
3369 3159 3620 3230 presidet

2024 3249 2119 3303 Hic
2147 3250 2278 3320 quia
2308 3266 2421 3304 rem
2466 3249 2743 3320 publicam
2775 3250 3149 3321 perturbatam
3188 3266 3220 3304 a
3265 3250 3650 3326 Langobardis

2024 3338 2254 3401 invenit,
2288 3336 2471 3392 statim
2507 3337 2886 3394 benivolentia
2915 3355 3013 3394 sua
3039 3338 3182 3394 bene
3202 3340 3389 3395 omnia
3412 3355 3647 3411 compo-

2026 3430 2156 3496 suit,
2189 3437 2391 3484 etcum
2425 3429 2801 3503 Langobardis
2832 3430 2888 3485 in
2917 3432 2988 3487 20
3016 3446 3193 3488 annos
3227 3447 3420 3503 pacem
3454 3430 3642 3487 ﬁrma-

2029 3522 2127 3577 vit.
2161 3522 2257 3577 Hic
2312 3521 2485 3578 libros
2532 3521 2880 3597 Dialogorum
2932 3522 3180 3598 Gregorii
3237 3523 3307 3577 de
3332 3522 3523 3579 Latino
3586 3523 3645 3578 in

2031 3611 2258 3667 Grecum
2291 3610 2454 3667 vertit
2529 3612 2616 3682 (Η.
2661 3615 2761 3681 m.)
2793 3611 3298 3684 Constantinopolis
3327 3618 3645 3668 terraemotu

2031 3717 2132 3772 per
2160 3701 2435 3775 integrum
2464 3716 2667 3756 annum
2697 3700 2862 3756 nimis
2891 3709 3170 3776 gravatur.

2286 3790 2409 3844 742.
2520 3790 2578 3845 1.
2650 3790 2741 3846 21.
2853 3791 2907 3846 1.
2984 3791 3073 3848 33.
3293 3791 3381 3846 15.

2097 3878 2282 3951 (MAR)
2330 3880 2564 3935 Sanctus
2616 3879 2943 3936 Bonefacius
3011 3881 3457 3952 archiepiscopus
3528 3880 3651 3938 Mo-

2022 3955 2228 4044 guntiae
2258 3972 2571 4028 coenobium
2595 3972 2867 4037 Fuldense
2889 3973 2944 4027 in
2967 3973 3241 4029 Bocconia
3261 3973 3398 4029 silva
3423 3972 3643 4030 fundat.

2024 4058 2096 4130 (P.
2141 4060 2227 4130 D.)
2268 4059 2673 4130 Liuthprandus
2728 4077 2818 4116 rex
2850 4060 3337 4134 Langobardorum
3382 4060 3641 4117 moritur.

2022 4151 2414 4218 llildebrando,
2438 4168 2602 4225 quem
2628 4152 2748 4223 ipse
2775 4169 2960 4225 regem
2990 4154 3398 4226 designaverat,
3430 4170 3461 4207 a
3496 4153 3645 4209 Lan-

2019 4242 2281 4317 gobardis
2306 4243 2622 4315 reprobato,
2644 4243 2844 4298 Rachis
2874 4252 3068 4320 regnat
3094 4252 3219 4316 post
3246 4260 3369 4299 eum
3399 4245 3562 4299 annis
3582 4248 3637 4301 7.

2020 4341 2213 4407 (Μριι.)
2245 4339 2476 4409 Pipinus
2524 4339 2787 4411 princeps
2840 4340 3090 4396 llunaldo
3150 4341 3279 4397 duci
3330 4339 3643 4412 Aquitaniae

2020 4429 2128 4485 sibi
2171 4429 2460 4485 rebellanti
2482 4430 2699 4497 obviat;
2749 4431 3146 4487 Karlomannus
3192 4447 3322 4487 vero
3376 4431 3644 4486 Aleman-

2021 4523 2167 4577 niam
2198 4523 2461 4577 devastat.
2499 4524 2585 4594 (Η.
2620 4524 2713 4592 νη.)
2746 4524 3118 4579 Arthabasdus
3149 4533 3340 4580 contra
3372 4523 3638 4579 Constan-

2019 4616 2188 4671 tinum
2224 4616 2512 4686 imperium
2546 4615 2754 4686 arripit.

2261 4706 2381 4760 713.
2494 4705 2547 4760 2.
2660 4704 2730 4760 22
2864 4705 2918 4763 2.
3033 4705 3085 4761 1.
3299 4700 3392 4763 '16.

2092 4799 2277 4869 (Matt)
2332 4797 2524 4870 Ogdilo
2555 4798 2661 4853 dux
2693 4797 2972 4868 Bajoariaa,
3008 4805 3166 4869 rapta
3208 4814 3396 4854 sorore
3425 4797 3634 4870 Pipini,

2019 4895 2209 4942 contra
2238 4903 2363 4942 eum
2396 4885 2661 4953 rebellat;
2695 4903 2859 4958 quem
2891 4887 3122 4958 Pipinus
3152 4904 3337 4963 pugna
3380 4888 3637 4958 quamvis

2016 4977 2279 5033 damnosa
2335 4986 2576 5047 superat.
2644 4976 3044 5032 Karlomannus
3108 4977 3399 5032 Saxoniam
3469 4977 3630 5048 petit,

2016 5079 2252 5127 castrum
2303 5067 2661 5124 lloscoburch
2692 5068 2859 5141 capit,
2921 5067 3324 5125 Theodericum
3356 5068 3631 5124 Saxonem

2018 5160 2169 5233 pacis
2197 5157 2451 5215 obsidem
2469 5157 2691 5230 accipit.

1648 5271 1870 5327 VARUE
1902 5269 2281 5327 LECTIONES.
3262 5332 3265 5337 ,

374 5368 437 5403 ²³¹
472 5368 807 5424 CCCLXXXV
828 5368 1011 5475 121.13.
1046 5368 1105 5424 D.
1189 5369 1263 5475 αἱ
1278 5369 1479 5475 ῌωσιΕ.
1514 5370 1805 5475 tigride}?
1832 5372 2171 5425 immutavt't:
2200 5370 2263 5475 At;
2288 5386 2331 5424 r.
2364 5369 2422 5424 A.
2457 5386 2508 5436 a,
2545 5383 2657 5475 ncon
2688 5385 2734 5475 Ξ.
2871 5369 2925 5427 b.
2958 5386 3031 5425 m.
3063 5385 3120 5442 q.
3168 5382 3367 5443 sequar
3419 5367 3625 5475 habep,

374 5454 574 5475 nnerun
604 5456 785 5475 nomnen
870 5456 939 5475 un
963 5455 1113 5475 anm
1143 5457 1237 5475 ann
1265 5457 1394 5475 “mn
1604 5456 1700 5475 mna
1791 5458 1859 5475 ou-
1885 5456 2078 5475 -νιηῃοιο
2107 5456 2226 5475 ηηαι
2265 5456 2349 5475 nm
2404 5457 2510 5475 unm
2597 5445 2682 5475 .‘nn
2719 5457 2777 5475 na-
2802 5444 2823 5475 ἐ
2891 5445 2949 5475 ε..
3001 5443 3253 5475 αηιηιηιήο
3297 5443 3562 5475 amineo-nn
3609 5458 3623 5471 ο

299 5454 574 5509 annosque
604 5456 788 5508 regum
815 5440 1117 5508 Anglorum
1143 5444 1439 5497 continuat.

305 5510 593 5581 Anselmus
650 5512 733 5566 vir
789 5512 1017 5566 illustris
1072 5512 1228 5581 cujus
1274 5527 1431 5567 soror
1494 5521 1629 5567 erat.
1681 5555 1691 5567 .
1742 5556 1750 5566 .
1799 5551 1812 5565 .
1857 5550 1868 5563 .
1914 5554 1927 5567 .

301 5579 365 5613 ‘3”
398 5580 611 5634 LXXXV
668 5585 724 5634 A.
774 5582 777 5585 ’

1602 5445 1726 5511 post
1751 5443 1859 5497 hac
1885 5456 2078 5497 manus
2107 5442 2374 5511 quaedam,
2404 5457 2513 5498 non
2555 5443 2841 5510 Sigeberti,
2891 5445 2951 5497 in
3001 5442 3261 5510 margine
3293 5443 3623 5511 scripserat:

1970 5514 2021 5565 7.
2065 5515 2167 5568 Sed
2212 5514 2306 5567 hac
2359 5515 2469 5568 loco
2526 5529 2683 5567 erasa
2719 5529 2861 5566 (Inita
2919 5512 3021 5568 752
3072 5513 3276 5582 adjecit
3333 5514 3447 5579 16.;
3499 5512 3622 5565 rell.
