3868 6064
224 243 326 296 141

367 373 492 426 744.
573 372 633 426 R.
676 370 726 427 3.
807 371 859 426 S.
891 371 982 426 23.
1059 371 1114 426 F.
1147 371 1197 426 3.
1280 370 1336 424 L.
1371 371 1424 426 2.
1502 371 1561 424 D.
1603 371 1688 425 17.

294 463 386 528 (Π.
419 461 514 530 m.)
547 459 753 516 Elvelid
791 460 991 514 amiras
1029 459 1303 525 moritur;
1345 459 1510 529 Gyzid
1548 459 1837 513 Saracenis

218 565 368 605 anno
391 565 502 604 uno
566 549 924 620 principatur.
996 547 1382 603 Constantinus
1435 549 1836 602 Arthabasdum

221 639 463 710 capit,et
495 637 546 692 ei
576 637 874 707 multisque
913 636 1213 692 amicorum
1284 637 1403 707 ejus
1444 638 1638 692 oculos
1677 637 1836 691 eruit.

221 730 319 800 (A.
352 729 633 799 Xantens.)
657 728 802 783 Cinis
832 729 901 784 de
928 728 1060 784 czelo
1091 728 1310 784 cecidit.

554 846 680 900 ⁵745.
792 848 845 900 4.
963 848 1010 901 1.
1123 847 1177 900 4.
1281 846 1334 902 3.
1448 846 1534 901 18.

307 941 392 1007 (Η.
419 940 519 1010 m.)
557 937 724 1010 Gyzid
770 947 1077 1010 perempto,
1134 939 1322 993 Hisces
1375 939 1720 1009 principatur
1750 938 1846 992 Sa-

227 1027 450 1084 racenis
470 1043 616 1083 anno
657 1042 790 1082 uno.
823 1028 1013 1097 (Mett.)
1068 1027 1296 1098 Pipinus
1333 1028 1749 1083 Theodoaldum
1782 1026 1847 1080 fi-

230 1117 368 1170 lium
411 1115 617 1170 Gofridi
647 1115 807 1170 ducis
834 1115 1094 1170 debellat.
1125 1116 1528 1172 Persecutione'
1562 1124 1685 1187 post
1711 1115 1849 1187 lapi-

231 1209 516 1264 dationem
543 1208 807 1278 Stephani
828 1208 1269 1279 prothomartiris
1298 1215 1468 1275 mota,
1500 1208 1849 1271 Maximinus,

231 1313 379 1352 unus
405 1297 476 1350 de
504 1297 572 1350 70
595 1296 791 1351 Christi
831 1296 1140 1367 discipulis,
1199 1297 1267 1351 ad
1331 1297 1530 1351 Gallias
1551 1297 1849 1361 transiens,

232 1386 460 1440 Mariam
528 1385 899 1458 Magdalenam
955 1402 1142 1441 secum
1197 1387 1444 1441 adduxit.
1504 1387 1633 1442 Eam
1688 1386 1851 1442 etiam

236 1476 383 1546 apud
406 1476 715 1546 Aquensem
762 1476 976 1543 urbem,
1033 1476 1121 1531 cui
1164 1475 1502 1547 presidebat,
1537 1476 1854 1531 defunctam

236 1563 512 1635 sepelivit.
537 1563 775 1634 Aquensi
816 1579 946 1619 vero
998 1564 1132 1620 urbe
1177 1581 1208 1619 a
1261 1565 1550 1620 Saracenis
1587 1564 1854 1632 desolata,

1721 237 2065 294 CHRONICA.

3443 241 3547 295 142

1863 374 1913 440 Α
1943 370 2079 424 rium
2101 371 2153 424 in
2178 370 2521 442 Aquitaniam
2554 369 2706 443 fugit.
2730 370 2810 440 (11.
2845 371 2940 438 m.)
2969 371 3026 424 ln
3060 369 3305 424 Calabria
3341 377 3392 424 et
3417 371 3576 456 Sici-~

1940 465 2012 519 lia
2065 465 2123 519 fit
2179 465 2490 535 pestilentia
2547 472 2603 519 et
2653 465 2954 519 mortalitas
3013 465 3294 519 hominum
3359 465 3545 520 nimia.

1942 559 2000 612 ln
2028 559 2281 613 vestibus
2328 558 2613 613 hominum
2657 568 2710 612 et
2745 558 2799 611 in
2862 558 2998 612 velis
3047 557 3420 614 aecclesiarum
3455 576 3552 630 ap-

1942 658 2135 722 parent
2172 650 2464 706 cruciculae
2505 650 2658 722 quasi
2685 649 2809 704 oleo
2839 649 3158 721 designatas.

2297 742 2424 797 749.
2529 742 2582 798 8.
2680 742 2734 797 3.
2819 742 2874 796 8.
2977 741 3029 796 7.
3105 742 3194 797 22.

2017 835 2092 902 (G.
2117 837 2294 906 pont.)
2323 835 2523 890 Raohis
2555 849 2647 888 rex
2696 833 3175 907 Langobardorum
3209 833 3337 888 dum
3398 842 3556 906 rupto

1947 923 2155 979 fmdere
2195 925 2420 978 Romam
2480 922 2788 995 inquietare
2829 923 3042 989 nititur,
3073 939 3102 976 a
3133 923 3388 978 Zacharia
3420 940 3559 995 papa

1947 1027 2057 1066 non
2091 1012 2268 1067 solum
2301 1029 2331 1066 a
2360 1011 2505 1067 malo
2547 1011 2880 1082 reprimitur,
2930 1011 3028 1066 sed
3079 1012 3242 1066 etiam
3299 1013 3417 1082 ejus
3449 1013 3562 1066 ins-

1948 1101 2147 1155 stinctu
2171 1118 2295 1156 cum
2318 1116 2490 1156 uxore
2540 1107 2593 1154 et
2624 1099 2753 1154 ﬁliis
2811 1099 3032 1154 Romam
3082 1101 3336 1166 veniens,
3370 1116 3565 1156 mona-

1949 1193 2086 1248 chus
2111 1191 2368 1247 efficitur.
2393 1190 2489 1246 Cui
2527 1190 2827 1246 Haistulfus
2879 1190 3044 1246 frater
3061 1191 3182 1258 ejus
3213 1192 3561 1257 substitutus,

1953 1294 2142 1362 regnat
2179 1287 2340 1342 annis
2366 1287 2424 1342 7.

2305 1377 2428 1432 750.
2537 1377 2590 1431 9.
2686 1377 2738 1429 4.
2832 1376 2885 1431 9.
2983 1377 3034 1429 1.
3108 1373 3198 1429 23.

2028 1466 2094 1532 (Α
2147 1467 2417 1533 Lam-iss.)
2476 1463 2750 1519 Hildricus
2775 1477 2868 1518 rex
2911 1462 3236 1518 Francorum
3277 1465 3331 1518 in
3374 1479 3568 1520 mona-

1956 1557 2116 1612 chum
2153 1564 2504 1623 tonsoratur;
2564 1557 2790 1627 Pipinus
2850 1571 2978 1610 vero
3019 1555 3275 1626 princeps
3327 1558 3566 1612 auctori-

239 1667 440 1723 corpus
473 1652 643 1722 ipsius
665 1651 847 1706 Maria:
877 1669 907 1706 a
938 1653 1178 1709 Gerardo
1199 1653 1399 1708 comite
1428 1654 1761 1728 Burgundize
1785 1653 1852 1708 ad
1883 1690 1926 1728 η
1957 1654 2065 1703 tate
2095 1647 2396 1718 apostolica
2421 1653 2475 1701 et
2508 1646 2839 1702 Francorum
2871 1644 3143 1700 electione
3182 1661 3213 1698 a
3251 1653 3441 1701 sancto
3474 1648 3571 1701 Bo-

241 1744 534 1798 cenobium
561 1742 890 1798 Viceliacum
929 1760 958 1798 a
997 1761 1054 1799 se
1110 1752 1484 1800 constructum
1537 1743 1857 1800 transfertur
1884 1737 1928 1757 "
1958 1739 2173 1795 nefacio
2206 1740 2499 1814 Meguntiae
2531 1737 2950 1809 archiepiscOpo
3001 1737 3056 1790 in
3099 1753 3283 1810 regem
3313 1739 3574 1810 unguitur

245 1835 330 1906 (Cf
379 1837 450 1890 A.
509 1836 714 1902 Xant.',,
775 1835 1094 1906 Quanquam
1155 1836 1326 1908 aliqui
1383 1837 1650 1902 scribant,
1707 1834 1856 1906 quod
1958 1835 2014 1884 et
2040 1834 2491 1893 consecratur,et
2516 1827 2767 1901 regnavit
2797 1827 2958 1880 annis
2981 1827 3045 1880 18
3080 1825 3221 1896 [post
3246 1842 3423 1880 annos
3454 1827 3568 1880 cir-

245 1926 349 1979 hec
381 1924 526 1996 aqud
552 1924 824 1994 Ephesum
859 1925 1128 1996 quiescat,
1171 1927 1380 1981 nullum
1422 1942 1592 1996 super
1627 1941 1686 1980 se
1719 1925 1859 1997 tegi-
1959 1919 2096 1974 citer
2121 1917 2405 1990 octoginta
2431 1923 2582 1982 octo,
2623 1924 2914 1987 postquam
2959 1916 3195 1983 majores
3227 1915 3424 1970 domus
3479 1933 3572 1971 ce-

242 2034 371 2072 men
399 2017 625 2072 habens.
659 2018 746 2086 (H.
777 2020 872 2088 m.)
928 2019 1117 2073 Petrus
1157 2021 1528 2074 Damascenus
1559 2020 1859 2090 episcopus

243 2110 507 2165 etPetrus
542 2109 886 2181 Majumenus
940 2111 996 2164 in
1056 2111 1213 2181 Syria
1271 2127 1301 2165 a
1335 2111 1624 2166 Saracenis
1654 2121 1863 2182 marty-

249 2202 510 2256 rizantur.

561 2310 684 2364 746.
797 2312 850 2365 5.
962 2309 1015 2366 2.
1128 2311 1182 2365 5.
1293 2313 1346 2367 4.
1459 2312 1546 2366 19.

318 2402 476 2469 (Vita
507 2400 562 2455 S.
596 2400 733 2466 κει.)
793 2399 1134 2472 Athalongus
1192 2399 1487 2470 presbiter,
1529 2415 1628 2471 per
1656 2399 1863 2454 illatam

250 2489 356 2544 sibi
386 2488 690 2543 caecitatem
750 2487 1061 2542 admonitus
1089 2503 1325 2559 querere
1373 2504 1606 2559 corpora
1636 2495 1862 2543 sancto-

255 2595 376 2633 rum
437 2575 674 2632 Chiliani
729 2577 1118 2648 sociorumque
1171 2577 1292 2646 ejus
1349 2577 1590 2632 inventis
1645 2587 1864 2632 sancto-

254 2687 371 2725 rum
441 2669 768 2740 corporibus
839 2669 1015 2724 visum
1084 2669 1312 2740 recepit.
1373 2671 1556 2741 anue
1615 2686 1673 2724 re
1726 2685 1863 2723 san-

257 2773 374 2820 ctus
400 2762 730 2819 Bonefacius
767 2763 1061 2837 Moguntia:
1091 2765 1388 2836 episcopus
1441 2766 1510 2819 ab
1561 2765 1867 2838 Athalougo

259 2857 323 2911 ad
348 2873 409 2911 se
438 2856 630 2923 relata,
661 2862 896 2910 castrum
920 2856 1274 2912 Wirbibureh
1325 2858 1394 2911 ad
1427 2859 1695 2913 honorem
1731 2857 1866 2911 Chi-

260 2946 390 3000 liani
423 2944 696 3014 martyris,
727 2944 817 3016 qui
850 2945 919 2999 ad
970 2945 1368 3016 predicandum
1424 2946 1498 3000 ibi
1530 2962 1560 3000 a
1601 2961 1743 3016 papa
1768 2947 1868 3000 Co-

262 3057 404 3096 none
438 3039 738 3110 episcopus
781 3039 1068 3095 ordinatus
1105 3039 1305 3109 fuerat,
1357 3041 1548 3112 ibique
1599 3040 1792 3097 mortis
1818 3049 1871 3094 et

263 3133 464 3205 quietis
495 3133 675 3186 locum
734 3148 764 3186 a
819 3133 928 3187 Deo
987 3139 1296 3203 acceperat,
1341 3133 1675 3204 episcOpalis
1722 3132 1872 3186 sedis

262 3222 554 3298 privilegio
582 3222 831 3295 insigniri
854 3223 1097 3278 decrevit
1122 3241 1136 3289 ;
1162 3223 1514 3295 primumque
1547 3223 1624 3278 ibi
1655 3223 1874 3293 episco-

259 3330 389 3384 pum
431 3318 679 3366 sanctum
715 3312 1084 3366 Burchardum
1131 3313 1424 3368 ordinavit.
1473 3313 1565 3382 (H.
1608 3317 1702 3377 m.)
1733 3312 1874 3366 Mar-

262 3419 364 3457 van
396 3401 744 3473 principatur
799 3401 1088 3456 Saracenis
1130 3402 1290 3456 annis
1345 3403 1397 3458 6.
1434 3403 1628 3472 (Μαι.)
1684 3401 1872 3456 Karlo-

264 3506 520 3552 mannus,
553 3489 718 3543 frater
755 3489 936 3560 Pipini
973 3489 1138 3563 regis,
1163 3490 1346 3545 Romae
1377 3507 1408 3544 a
1446 3489 1699 3545 Zacharia
1733 3504 1874 3559 papa

261 3585 313 3638 in
337 3586 670 3638 monachum
709 3589 980 3650 attonsus,
1014 3582 1192 3654 primo
1233 3583 1285 3637 in
1333 3582 1545 3653 Serapti
1602 3589 1788 3637 monte
1817 3579 1872 3634 in

261 3671 519 3728 caznobio
538 3670 685 3743 quod
716 3670 834 3740 ipse
893 3669 1159 3735 fundavit,
1213 3672 1416 3726 deinde
1459 3671 1606 3742 apud
1637 3677 1873 3727 castrum

1961 2012 2158 2075 perunt
2190 2006 2486 2076 principari
2519 2021 2688 2076 super
2708 2021 2868 2079 reges
2901 2005 3232 2060 Francorum
3267 2006 3356 2062 ¹³⁵.

2321 2097 2442 2151 751.
2537 2097 2628 2151 10.
2725 2096 2778 2152 5.
2865 2097 2916 2149 1.
2991 2096 3046 2149 2.
3125 2097 3216 2149 24.

2033 2183 2155 2255 (Ιὸ.)
2187 2185 2412 2255 Pipinus
2443 2200 2536 2238 rex
2559 2191 2748 2239 contra
2806 2183 3049 2238 Saxones
3106 2190 3330 2256 pugnat.
3368 2183 3571 2254 Gripho

1964 2276 2132 2332 frater
2157 2277 2336 2348 Pipini
2370 2277 2679 2348 perimitur.
2727 2275 2932 2348 [Frater
2970 2275 3220 2345 ejusdem
3254 2275 3432 2347 Pipini
3484 2293 3574 2330 re-

1965 2370 2051 2445 gis
2082 2370 2382 2442 Remigius,
2415 2369 2781 2424 Rodomensis
2813 2367 3284 2439 archiepiscopus,
3310 2368 3364 2422 in
3406 2369 3576 2423 Gallia

1965 2461 2155 2514 claret.
2215 2459 2439 2528 Pipinus
2493 2473 2584 2512 rex
2629 2457 2924 2512 Galliarum
2982 2457 3262 2511 zecclesias
3323 2457 3578 2512 cantibus

1967 2550 2225 2606 Romanae
2252 2548 2590 2604 auctoritatis
2611 2565 2713 2604 suo
2729 2548 2915 2603 studio
2935 2547 3245 2603 melioravit
3275 2549 3361 2602 ‘3“.

2323 2637 2443 2692 752.
2548 2638 2631 2692 11.
2721 2637 2773 2692 6.
2851 2638 2906 2691 2.
2985 2637 3039 2691 3.
3132 2637 3222 2690 25.

2038 2729 2127 2799 (G.
2151 2730 2323 2799 pont.)
2354 2728 2663 2798 Stephanus
2682 2729 2809 2784 87us
2843 2728 3100 2782 Romanae
3154 2728 3418 2784 aecclesiaz
3451 2745 3580 2800 pre-

1967 2816 2127 2871 sidet.
2162 2818 2369 2886 (Il.m)
2416 2815 2632 2869 Marvan
2690 2815 2859 2869 amira
2916 2823 3223 2886 perempto,
3267 2817 3580 2871 Muhamath

1970 2907 2312 2977 principatur
2348 2906 2635 2962 Saracenis
2667 2907 2826 2960 annis
2885 2907 2937 2961 5.
2976 2905 3240 2962 llaistulfo
3269 2907 3581 2979 Langobar-

1901 2990 1950 3058 C
1980 2998 2172 3053 dorum
2199 3012 2329 3070 rege
2355 3003 2544 3051 contra
2584 2996 2858 3050 Romanos
2913 2996 3049 3051 adeo
3079 2996 3496 3062 exardescente,
3527 3004 3585 3050 ut

1971 3089 2238 3144 tributum
2278 3088 2522 3159 exigeret
2551 3087 2619 3141 ab
2648 3087 3082 3159 uniuscujusque
3108 3089 3309 3159 capite,
3351 3089 3586 3159 Stepha-

1973 3195 2078 3233 nus
2105 3193 2245 3248 papa
2269 3176 2336 3230 ad
2361 3175 2731 3246 expetendum
2755 3175 2937 3246 Pipini
2967 3177 3114 3248 regis
3145 3177 3407 3232 auxilium
3440 3177 3584 3252 cogi-

1973 3281 2060 3328 tur
2081 3272 2136 3326 in
2167 3269 2678 3326 Franciam‘venire.
2728 3269 2823 3324 Cui
2853 3270 2907 3324 in
2940 3272 3212 3327 veniendo
3248 3272 3302 3326 in
3336 3289 3444 3327 una
3477 3289 3582 3328 no-

1973 3366 2142 3421 ctium
2163 3363 2418 3434 apparuit
2473 3379 2731 3435 magnum
2785 3363 3002 3434 signum
3073 3363 3127 3416 in
3182 3364 3339 3431 caelo,
3391 3365 3586 3438 globus

1972 3454 2184 3510 scilicet
2205 3454 2400 3526 igneus
2429 3468 2460 3506 a
2508 3459 2662 3522 parte
2716 3451 2964 3518 australi,
3023 3451 3312 3506 declinans
3336 3469 3366 3506 a
3398 3453 3584 3507 Gallia}

1975 3542 2181 3597 finibus
2205 3543 2260 3596 in
2293 3547 2473 3612 partes
2527 3540 3028 3613 Langobardorum.
3093 3541 3383 3611 (Lauriss.)
3423 3541 3585 3595 Mitti-

1976 3639 2063 3687 tur
2092 3631 2254 3686 etiam
2313 3628 2708 3684 Karlomannus
2761 3628 3066 3683 monachus
3129 3629 3196 3682 ab
3221 3628 3486 3684 Haistulfo
3516 3629 3585 3684 ad

1979 3723 2200 3778 fratrem
2232 3737 2391 3777 suum
2421 3720 2478 3775 Pi
2488 3720 2677 3791 pinum
2697 3736 2904 3794 regem,
2926 3721 2993 3774 ad
3012 3720 3441 3791 perturbandam
3457 3737 3590 3792 apo-

268 3764 578 3828 Cassinum,
620 3761 1005 3819 laudabilivita
1028 3763 1264 3819 armtuit.
1982 3761 2015 3778 "
2031 3761 2200 3822 "'iw"
2233 3761 2442 3820 ⁹“““.”.³
2464 3761 2677 3791 "mm"
2697 3761 2904 3794 “5w”
2926 3761 2993 3774 ““
3007 3761 3099 3819 ΓὛ
3117 3761 3190 3775 ’“’
3207 3761 3441 3775 “’““““⁵“”
3457 3761 3587 3792 “¹’””

576 3870 678 3882 Μ,
816 3871 840 3882 η
986 3873 1000 3882 _
1147 3872 1174 3882 Α
1310 3872 1340 3882 __
1476 3871 1542 3882 Μ
1981 3813 2228 3868 stohcam
2257 3817 2601 3882 petitionem.
2633 3809 2704 3878 (A
2744 3810 2912 3880 Meti.)
2963 3810 3192 3881 Pipinus
3220 3827 3250 3864 a
3309 3810 3591 3882 Stephano

523 3976 532 3986 ἱ
811 3871 885 4003 δὲ
926 3974 936 3984 .
1142 3872 1195 3927 6-
1241 3973 1266 4003 ρ
1474 3871 1564 3926 20'
1805 3986 1817 4003 θ
1985 3919 2129 3975 papa
2159 3870 2282 3956 cum
2301 3899 2430 3954 ﬁliis
2457 3899 2572 3954 auis
2602 3870 2969 3955 K‘arloman'no
3017 3870 3072 3954 et
3100 3899 3294 3956 Karolo
3316 3901 3372 3954 in
3405 3870 3590 3976 regem

341 3976 538 4044 (Mett.)
570 3973 798 4044 Pipinus
851 3974 1185 4046 Griphonem
1241 3973 1461 4029 fratrem
1501 3991 1662 4030 suum
1695 3986 1848 4031 contr

2029 3973 2232 4068 ngitur,
2261 3998 2316 4046 et
2346 4007 2444 4062 per
2475 4004 2570 4045 eos
2599 3991 2886 4064 generatio
2915 4006 3106 4046 eorum
3137 3991 3193 4046 in
3236 3973 3595 4048 hereditatem

273 4081 335 4119 se
368 4063 733 4118 rebellantem
765 4065 1134 4135 persequitur.
1179 4066 1266 4134 (Il.
1297 4065 1396 4134 m.)
1444 4063 1700 4118 Saraceni
1742 4065 1848 4121 inte

2029 4087 2188 4161 :galis
2236 4084 2608 4141 successionis
2663 4085 2716 4138 in
2764 4095 3092 4156 perpetuum
3146 4085 3515 4154 benedicitur,
3546 4093 3600 4142 et

274 4156 422 4210 sum
455 4155 599 4211 bello
629 4155 982 4210 c°llidumur°
1989 4155 2170 4238 omnis
2196 4177 2511 4251 alienigena
2540 4177 2608 4231 ab
2648 4155 2776 4245 ejus
2802 4177 3087 4234 invasione
3131 4178 3434 4249 apostolico
3456 4195 3597 4234 ana-

563 4261 682 4314 748
835 4260 888 4315 ’7ο
999 4259 1057 4316 9ο
1182 4261 1231 4316 7-
1346 4261 1402 4317 6ο
1511 4263 1602 4316 91-
1921 4339 1944 4341 ῃ
1991 4274 2232 4328 themate
2265 4269 2613 4324 interdicitur
2650 4269 2818 4341 (174).
2886 4271 3177 4324 Anselmus
3230 4271 3314 4324 vir
3357 4271 3599 4337 illustris,

351 4368 445 4432 (Α.
489 4366 768 4436 Laur-iss.)
827 4365 1056 4436 Pipinus
1106 4365 1440 4436 Griphonam
1483 4365 1535 4420 in
1574 4367 1809 4422 Saxonia
1840 4339 2148 4430 etDcujus
2187 4375 2344 4415 soror
2364 4367 2481 4413 erat
2501 4374 2638 4413 uxor
2661 4339 2906 4412 llaistulﬁ
2933 4358 3079 4430 regis
3119 4357 3377 4412 transfert
3403 4375 3604 4430 corpus

281 4455 402 4522 ejus
447 4453 750 4524 complices
790 4453 1152 4515 Tassilonem,
1208 4453 1545 4509 Lantfridum
1571 4462 1623 4510 et
1641 4456 1896 4530 Suidiger
1995 4454 2168 4510 sancti
2195 4455 2436 4510 Silvestri
2466 4473 2620 4527 papa:
2661 4457 2726 4511 ad
2747 4456 3066 4512 cmnobium
3107 4457 3472 4513 Nonantulam
3500 4473 3603 4514 ase

283 4545 428 4600 bello
460 4546 634 4600 victos
664 4545 811 4616 capit
851 4563 864 4609 ;
901 4553 953 4600 et
996 4545 1337 4600 Tassilonem
1381 4547 1605 4617 quidem
1633 4548 1894 4616 Bajoariaa
1996 4542 2282 4598 fundatum
2317 4544 2402 4598 ¹³⁷.

285 4633 482 4688 ducem
514 4632 643 4688 facit
674 4651 688 4690 :
721 4632 986 4704 Griphoni
1018 4649 1147 4688 vero
1181 4634 1236 4688 in
1277 4634 1532 4689 Neustria
1562 4636 1630 4688 12
1661 4637 1894 4692 comita-
2351 4639 2476 4694 753.
2563 4639 2646 4694 12.
2753 4639 2802 4693 1.
2881 4638 2934 4695 3.
3011 4640 3065 4693 4.
3158 4640 3250 4697 26.

285 4732 376 4779 tus
404 4723 680 4780 concedit.
715 4723 869 4788 Quod
902 4723 981 4778 illi
1039 4739 1151 4779 non
1181 4722 1405 4793 sufficit,
1437 4726 1534 4780 sed
1590 4727 1657 4780 ad
1684 4727 1894 4783 Waifa-
2069 4732 2222 4798 (Cont
2295 4731 2478 4799 Fred)
2537 4730 2762 4801 l'ipiuus
2815 4745 2910 4784 rex
2974 4731 3181 4786 Italiam
3238 4733 3608 4809 aggreditur;

1627 4854 1845 4910 VARUE
1886 4856 2260 4914 LECTIONES.

358 4953 426 4989 ¹³⁵
467 4955 624 5010 addit
664 4969 856 5008 manus
897 4954 1162 5022 Sigcberti
1223 4955 1503 5010 simillima
1533 4971 1548 5019 ;
1580 4957 1697 5010 rell.
1736 4962 1938 5026 praeter
1969 4959 2029 5012 A.
2064 4958 2216 5012 13“in
2245 4972 2445 5011 rasura
2487 4956 2720 5010 duarum
2752 4956 3017 5010 linearum
3047 4956 3150 5019 18.;
3179 4955 3298 5009 rell.
3329 4954 3608 5026 praetergA.

289 5026 352 5060 '37
387 5029 667 5098 inmatura
727 5026 958 5079 duarum
984 5027 1253 5098 linearum
1284 5027 1403 5092 16.;
1458 5027 1578 5081 rell.
1643 5024 1842 5096 préter
1905 5029 1966 5081 Α.
1998 5032 2095 5098 qui
2122 5029 2280 5082 habet
2339 5045 2351 5081 :
2407 5027 2638 5096 Pipinus
2673 5044 2767 5081 rex
2808 5034 2948 5082 totas
2987 5026 3282 5098 Galliarum
3327 5024 3610 5098 aecclesias

287 5097 543 5170 cantibus
577 5097 836 5170 Romanae
870 5097 1229 5170 auctoritatis
1257 5112 1357 5152 suo
1414 5098 1597 5170 studio
1625 5099 1950 5154 melioravit.
1986 5096 2078 5154 Vir
2137 5099 2338 5154 nobilis
2367 5099 2655 5153 Anselmus
2710 5113 2912 5170 corpus
2933 5097 3126 5170 sancti,
3164 5096 3408 5151 Silvestri
3458 5111 3615 5166 papae

287 5167 547 5222 transfert
575 5185 605 5222 a
624 5167 793 5223 Roma
818 5167 886 5222 ad
912 5167 1277 5223 Nonantulam
1295 5168 1613 5225 coenobium
1637 5185 1742 5225 ase
1781 5170 2087 5227 fundatum.
2121 5172 2250 5227 Harc
2271 5173 2450 5240 igitur
2473 5171 2779 5239 Siqcbertus
2799 5167 2980 5240 primo
3002 5169 3266 5224 etiderat.

1858 5300 2071 5357 NOTAE.

363 5407 510 5478 (174)
544 5407 665 5462 Haec
692 5423 795 5462 nec
805 5407 1507 5484 §n_n.Met_tenses_h_abeut,
1539 5427 1644 5467 nec
1674 5409 1905 5484 Regina.
2010 5412 2070 5464 in
2122 5411 2481 5484 imperatoria
2497 5408 2834 5484 _di_gm:tate._
2869 5405 3065 5484 Eadem
3110 5403 3217 5484 sed.
3269 5401 3454 5484 verbis
3495 5403 3620 5484 aliis

287 5475 499 5535 Auctor
517 5485 779 5551 tractatus
805 5477 1234 5551 Deinﬁvestitura.
1256 5475 1636 5549 (Waltramum
1671 5475 1908 5551 voEant),
2011 5475 2279 5551 concepta
2307 5479 2441 5535 dicit
2497 5475 2793 5551 Fol’cuinus
2824 5476 2879 5530 in
2926 5475 3259 5532 chartulario
3291 5475 3346 5530 S.
3393 5475 3601 5531 Bertini

287 5552 382 5622 qui
419 5552 568 5604 hunc
600 5549 783 5622 locum
815 5550 1092 5621 excripsit,
1128 5566 1193 5606 ea
1215 5551 1288 5605 ita
1316 5552 1542 5607 exhibet
1583 5569 1597 5617 ;
1634 5554 1803 5608 Unmit
1841 5549 1911 5592 -'-
2011 5568 2068 5622 ι).
2099 5549 2290 5607 56’ed.
2324 5550 2587 5606 Guerard.

287 5621 530 5688 fratrem
560 5621 679 5688 ejus
711 5623 1036 5690 conﬁrmans
1063 5624 1284 5692 stirpem
1335 5623 1560 5678 illorum
1589 5625 1646 5678 in
1683 5625 1832 5690 regia
1862 5627 1910 5675 et
