3870 6060
234 246 335 302 143

1402 238 1747 293 SIGEBERTI
1788 236 2309 292 GEMBLACENSIS.

3455 230 3558 284 1M

235 371 507 426 exercitus
562 366 802 422 ltaistulﬁ
857 382 888 420 a
946 364 1165 421 Francis
1229 364 1485 419 vincitur.
1546 362 1842 417 Haistulius
1864 369 1916 435 Α
1950 371 2036 417 tur
2064 381 2075 415 :
2108 354 2305 417 Aiircw
2327 361 2636 416 Petronium
2668 350 3033 413 dilectissime
3058 357 3187 426 ﬁlice
3220 356 3298 427 (P.
3324 354 3362 408 Ι)
3408 358 3558 422 gesta

232 478 425 535 pacem
449 461 626 515 facere
664 475 788 513 cum
839 457 1101 512 Romanis
1152 457 1219 510 ad
1274 463 1461 511 nutum
1512 456 1839 510 Francorum

236 553 601 624 compellitur.
662 551 901 618 (Transl.
934 551 1022 604 -S.
1078 551 1164 617 Β.)
1204 547 1599 602 Karlomannus
1649 563 1844 600 mona-

234 649 371 703 chus
402 661 523 700 ossa
549 644 720 699 sancti
753 643 1036 698 Benedicti
1085 641 1296 696 abbatis
1335 641 1402 694 ab
1449 639 1697 694 {ecclesia
1722 639 1844 693 Flo-

234 734 491 798 riacensi,
522 733 617 792 ubi
659 732 789 786 olim
820 732 1081 785 translata
1134 728 1366 793 fuerant,
1400 728 1595 782 tollere
1628 727 1841 793 nititur,

235 835 373 903 utea
404 826 471 881 ad
494 832 729 881 castrum
774 823 1056 877 Cassinum
1097 820 1342 874 referret.
1375 818 1651 874 Miraculis
1681 834 1711 872 a
1734 819 1844 871 Deo

236 917 476 973 ostensis
506 923 559 971 et
583 914 804 970 Francis
833 912 1248 987 obsistentibus,
1281 910 1348 963 ab
1397 910 1614 980 incepto
1646 908 1843 979 prohi-

239 1007 413 1059 betur.
448 1010 527 1067 (ΙΙ.
549 1020 601 1057 m
632 1009 645 1071 )
681 1002 789 1056 lloc
831 1008 1077 1071 tempore
1127 1006 1452 1053 terremotus
1478 998 1736 1052 terribilis
1766 996 1848 1049 fa-

238 1104 503 1166 ctus,quo
531 1094 697 1149 urbes
753 1093 875 1146 alia:
920 1100 1100 1146 autem
1133 1108 1165 1145 a
1193 1091 1471 1146 montanis
1508 1092 1575 1144 ad
1598 1090 1851 1158 subjecta

237 1187 513 1241 subversae
544 1194 689 1250 sunt,
737 1183 857 1237 alia:
895 1190 1078 1237 autem
1112 1200 1142 1237 a
1189 1182 1466 1239 montanis
1504 1183 1571 1235 ad
1604 1182 1851 1249 subjecta

241 1277 569 1348 campestria
592 1292 713 1331 cum
739 1275 910 1329 muris
935 1281 990 1329 et
1020 1273 1459 1329 habitationibus
1486 1273 1600 1328 suis
1627 1273 1852 1346 integrae

242 1377 295 1425 et
315 1369 478 1422 salvas
510 1368 632 1438 plus
669 1383 832 1438 quam
865 1367 1008 1420 ultra
1038 1381 1136 1419 sex
1163 1365 1399 1419 miliaria
1427 1361 1854 1435 transmigrave-

242 1467 388 1513 runt.
418 1459 478 1510 1n
512 1455 905 1525 Mesopotamia
936 1453 1103 1508 etiam
1132 1461 1274 1507 terra
1307 1453 1561 1523 disrupta
1589 1466 1762 1521 usque
1785 1450 1853 1503 ad

243 1552 352 1605 duo
383 1550 639 1615 miliaria,
663 1549 770 1603 alia
829 1556 972 1602 terra
1015 1546 1198 1601 minus
1253 1546 1377 1601 alba
1424 1553 1477 1600 et
1525 1560 1756 1599 arenosa
1784 1543 1853 1597 de

244 1641 521 1712 profundo
578 1641 699 1709 ejus
725 1638 977 1693 ascendit
1010 1655 1024 1703 ;
1068 1645 1124 1692 et
1176 1653 1239 1691 ex
1263 1654 1328 1691 ea
1355 1635 1555 1691 animal
1585 1635 1850 1688 mulinum

244 1733 496 1791 ascendit
558 1731 1072 1793 incontaminatum,
1143 1730 1380 1783 humana
1425 1743 1557 1783 voce
1624 1727 1855 1797 loquens

247 1824 612 1897 pronuntians
643 1822 1018 1877 incursionem
1071 1821 1251 1893 gentis
1307 1821 1375 1874 ab
1404 1821 1629 1874 heremo
1660 1818 1856 1871 adver-

248 1928 342 1968 sus
373 1911 598 1966 Arabes.
748 1922 751 1923 '

315 2002 435 2055 754,
520 1999 577 2054 ιι.
662 2000 746 2053 13.
826 1998 975 2053 5.2.
1055 1980 1107 2051 ἑ.
1187 1997 1342 2051 LL.
1419 1997 1474 2049 δ.
1557 1995 1613 2047 B.
1689 1993 1781 2046 27.

320 2094 505 2162 (Μαι.)
548 2092 943 2147 Karlomannus
999 2091 1306 2145 monachus
1353 2089 1564 2144 Vienne
1604 2088 1853 2143 moritur.

247 2185 433 2253 mlta.)
484 2184 714 2238 Sanctus
761 2182 1088 2238 Bonefaeius
1146 2181 1438 2254 Moguntiae
1491 2177 1859 2248 archiepisco-

247 2294 351 2347 pus
375 2292 495 2331 cum
526 2275 694 2331 sociis
714 2276 828 2329 suis
868 2276 920 2328 in
976 2273 1157 2328 Fresia
1185 2273 1253 2326 ab
1288 2272 1525 2326 inimicis
1553 2269 1682 2324 ﬁdei
1714 2284 1858 2322 mar-

247 2368 547 2438 tyrizatur:
590 2368 723 2421 etin
767 2366 939 2420 Fulda
976 2364 1251 2431 coenobio,
1294 2363 1442 2434 quod
1484 2362 1601 2432 ipse
1661 2361 1715 2413 in
1746 2359 1856 2414 Το-

250 2463 429 2536 ringia
462 2461 730 2523 fundavit,
764 2458 1068 2514 honorifice
1114 2458 1436 2513 tumulatur.

608 2550 727 2605 755.
838 2551 921 2606 14.
1022 2551 1075 2603 3.
1154 2551 1207 2603 ὕ.
1285 2550 1335 2606 6.
1415 2547 1504 2602 28.

322 2650 402 2714 (II.
436 2647 533 2712 γη.)
591 2643 976 2698 Constantinus
1032 2644 1333 2713 imperator
1389 2639 1860 2710 ConstantinOpoli

1944 471 2027 525 ep.
2075 456 2246 521 Mett.)
2286 452 2597 521 Walpertus
2617 449 2791 504 abbas
2820 449 2874 502 in
2910 448 3082 511 Italia,
3133 446 3559 520 Chrodegangus

1942 545 2289 600 Mettensium
2351 542 2667 613 episcopus,
2730 539 2911 610 Pipini
2961 538 3110 612 regis
3159 553 3225 592 ex
3274 534 3559 590 Landrada

1943 650 2131 690 sorore
2164 647 2356 703 nepos,
2383 633 2592 686 clarent
2649 631 2704 684 in
2758 628 2931 683 Gallia
2964 628 3096 699 ;qui
3153 625 3397 681 Gorziam
3443 639 3559 680 ca:-

1944 722 2172 778 nobium
2202 720 2451 774 fundavit
2477 720 2533 773 in
2558 718 2810 773 Mettensi
2845 716 3126 788 parochia.
3170 715 3376 787 (Laur.)
3407 713 3560 768 Wai—

1946 812 2112 874 ferus,
2165 809 2308 863 filius
2363 809 2622 875 Eudonis,
2656 808 2762 862 dux
2825 805 3151 877 Aquitaniae,
3194 820 3282 858 res
3321 802 3563 857 Franco-

1948 923 2065 960 rum
2103 906 2304 972 injuste
2327 902 2593 967 vcxando,
2630 902 2764 957 iram
2797 903 3017 973 Pippini
3045 899 3306 980 nincurrit
3335 916 3349 964 ς
3382 913 3561 970 eoque

1950 996 2294 1068 Aquitaniam
2329 1011 2570 1064 agressa,
2600 993 2781 1047 fuadus
2806 990 2943 1047 ﬁctze
2986 991 3137 1063 pacis
3168 991 3285 1046 init.

2269 1083 2393 1138 759.
2498 1084 2584 1137 18.
2683 1082 2736 1136 2.
2840 1082 2891 1135 9.
2997 1081 3048 1135 3.
3149 1079 3237 1135 32.

2024 1181 2171 1251 (Matt
2197 1180 2212 1249 )
2247 1177 2510 1232 Habdalla
2542 1186 2931 1247 persequente,
2961 1173 3565 1244 mcclesiaDeipertur-

1954 1274 2132 1328 batur.
2168 1270 2407 1325 Waifero
2436 1287 2467 1323 a
2497 1269 2648 1339 pacis
2704 1268 2915 1323 foedere
2974 1282 3165 1323 averso
3214 1266 3444 1336 Pipinus
3469 1280 3565 1318 rex

1954 1362 2309 1417 Arvernicum
2356 1376 2555 1432 pagum
2610 1359 3001 1430 depopulando
3052 1357 3273 1428 premit,
3315 1363 3371 1411 et
3395 1355 3568 1410 multa

1955 1454 2177 1509 castella
2206 1454 2497 1524 ipsamque
2515 1450 2708 1505 urbem
2725 1449 2980 1503 Arvernis
3004 1449 3244 1519 capit,et
3275 1446 3563 1501 Bladinum

1955 1544 2106 1598 urbis
2136 1543 2394 1597 comitem
2421 1556 2545 1596 cum
2576 1538 2765 1593 multis
2795 1536 3039 1594 abducit.
3062 1538 3294 1592 Sanctus
3323 1535 3569 1609 Gengul-

1955 1635 2043 1689 fus
2070 1635 2238 1689 claret
2264 1634 2317 1687 in
2353 1629 2691 1703 Burgundia,
2757 1629 2853 1701 qui
2898 1629 3063 1684 etiam
3095 1627 3339 1699 martyrii
3371 1626 3568 1682 claruit

1956 1726 2152 1798 gloria.

2271 1816 2394 1872 760.
2498 1816 2583 1871 19.
2682 1814 2734 1869 3.
2839 1814 2922 1869 10.
3001 1813 3036 1865 4
3151 1810 3240 1868 33.

2026 1910 2216 1981 (Μαι.)
2248 1908 2476 1978 Pipinus
2495 1907 2761 1962 Biturieas
2798 1905 2992 1960 urbem
3047 1904 3214 1975 capit,
3270 1910 3323 1957 et
3353 1907 3572 1973 captam

1957 1999 2156 2053 munit.
2191 2002 2271 2067 (II.
2302 2000 2400 2064 m.)
2430 1995 2655 2050 Telezas
2683 1994 3008 2069 Bulgaribus
3038 1994 3374 2048 dominatur.

2283 2091 2405 2146 761.
2511 2090 2602 2144 20.
2707 2091 2760 2143 4.
2858 2088 2946 2143 11.
3044 2088 3098 2142 5.
3199 2087 3253 2144 1.

2030 2180 2202 2250 Caput
2221 2179 2491 2234 Johannis
2514 2177 2765 2247 baptista:
2787 2177 2840 2230 in
2862 2174 3283 2231 Emesacivitate
3310 2172 3578 2229 transfer-

1961 2283 2066 2329 tur.
2106 2273 2429 2344 Cbilpingus
2459 2270 2819 2325 Arvernensis
2860 2276 2916 2324 et
2945 2270 3267 2343 Ammingus
3290 2268 3582 2323 Pietaven-

1963 2365 2038 2420 sis
2068 2364 2297 2419 comites
2326 2363 2603 2434 congressi
2663 2360 2932 2415 militibus
2988 2359 3193 2430 Pipini,
3234 2359 3582 2430 perimuntur

1962 2469 2087 2509 cum
2119 2451 2308 2506 multis
2348 2452 2433 2506 ‘38.

2164 2540 2285 2595 762.
2424 2539 2513 2594 21.
2654 2538 2710 2594 5.
2855 2537 2944 2594 12.
3082 2539 3135 2594 6.
3282 2537 3339 2592 2.

2035 2629 2120 2700 (Η.
2155 2630 2249 2695 m.)
2275 2629 2311 2682 Λ
2345 2627 2702 2682 Constantino
2764 2627 3088 2698 imperatore
3119 2625 3276 2681 multi
3326 2625 3581 2697 martyri-

250 2733 509 2789 sinodum
539 2731 1046 2801 33¢)cpisc0porum
1080 2737 1379 2803 congregat
1409 2747 1423 2793 ;
1458 2730 1511 2782 in
1546 2744 1654 2799 qua
1682 2727 1863 2781 edicto
1965 2724 2175 2771 zantur.
2201 2715 2472 2770 Theletzis
2530 2714 2887 2770 Constantino
2935 2714 3254 2785 imperatori
3318 2728 3585 2789 congres-

251 2824 598 2896 promulgato
622 2823 691 2878 dc
742 2822 1075 2895 imaginibus
1117 2821 1223 2875 Dei
1283 2828 1336 2875 et
1389 2819 1831 2885 sanctorumteju

2033 2823 2078 2871 s,
2104 2822 2227 2861 cum
2259 2807 2429 2860 multo
2462 2805 2757 2880 Bulgarum
2811 2806 3013 2861 damno
3043 2813 3099 2860 et
3129 2804 3430 2876 Opprobrio
3454 2804 3586 2858 vin-

250 2916 623 2987 deponendis,
672 2914 977 2970 ecclesiam
1033 2913 1153 2969 Der
1190 2913 1355 2969 nimis
1401 2911 1758 2976 scandalizat,
1812 2917 1867 2964 et
1966 2899 2130 2965 citur.
2160 2905 2213 2953 et
2244 2898 2316 2953 ob
2349 2899 2455 2952 hoc
2485 2913 2516 2951 a
2548 2897 2875 2973 Balearibus
2901 2896 3253 2969 reprobat“.
3285 2913 3406 2951 cum
3438 2896 3587 2966 prin-

251 2982 444 3065 contra
502 2982 837 3063 orthodoxos
902 3005 1225 3078 tyrannizat.
1296 3006 1491 3073 (Mett.)
1564 3002 1831 3058 Haistulfu

2028 2991 2183 3060 pibus
2212 2989 2392 3065 gentis
2423 2989 2490 3043 ab
2534 2989 2616 3044 eis
2674 2989 2981 3059 perimitur.
3031 2989 3119 3058 (Α.
3152 2990 3429 3058 Lauriss,)
3454 2982 3587 3042 Tas-

2028 3081 2067 3102 .-
2105 3079 2208 3102 .ι----
2244 3096 2266 3102 -
2304 3094 2431 3102 _-_-
2488 3079 2679 3102 md“
2752 3078 2972 3102 ...μ-2..--
3034 3079 3300 3102 -----.ε..--
3348 3078 3584 3102 ρημεκ.--

252 3117 349 3154 rex
379 3107 542 3170 rupto
571 3099 725 3169 pacis
754 3097 964 3153 foedere
996 3098 1221 3153 Romam
1257 3096 1492 3151 obsidet.
1523 3094 1751 3164 Pipinus
1776 3108 1867 3147 rex
1890 3078 1939 3102 υ
1968 3079 2072 3134 Silo
2102 3079 2211 3133 dux
2242 3096 2272 3133 ει
2304 3094 2435 3151 rege
2488 3079 2683 3149 Pipino
2748 3078 2976 3133 omnino
3032 3079 3318 3141 avertitur.
3348 3078 3588 3132 Sabinus

224 3191 464 3246 'Italiam
496 3197 770 3261 repetens,
811 3206 934 3244 eum
991 3189 1158 3260 Papie
1220 3188 1489 3243 inclusum
1538 3186 1776 3250 obsidet,
1818 3192 1871 3239 et
1972 3171 2297 3245 Bulgaribus
2327 3170 2684 3241 dominatur-1
2737 3172 2821 3241 (Πι
2846 3171 2939 3239 τηι)
2972 3170 3182 3226 Τυτθίδ
3212 3171 3417 3242 caSPiiS
3455 3186 3591 3241 Ροτ-

258 3280 488 3334 invitum
516 3280 583 3332 ad
616 3279 794 3334 fcedus
853 3278 1003 3349 pacis
1058 3277 1420 3347 repetendum
1452 3275 1754 3347 compellit,
1817 3281 1872 3328 et
1970 3262 2041 3315 ῑίε
2093 3268 2469 3332 erumpentes:
2521 3261 2831 3317 Armeniam
2889 3262 3170 3317 infestam-
3232 3264 3290 3316 Ιη
3348 3278 3584 3333 quorum

260 3374 450 3423 sancto
473 3368 632 3422 Petro
664 3382 914 3438 qusequae
969 3366 1053 3419 sui
1100 3365 1240 3433 juris
1274 3371 1448 3429 erant,
1480 3363 1695 3419 restitui
1724 3362 1869 3418 fecit.
1974 3356 2149 3426 patria
2180 3372 2301 3409 cum
2342 3356 2570 3427 antiquo
2604 3363 2852 3427 tempore
2885 3356 3199 3427 pestilentia
3215 3364 3331 3412 orla
3373 3356 3588 3422 fuisset.

264 3457 711 3513 Fulradusabbas
745 3457 812 3510 de
843 3457 1014 3511 sancti
1048 3455 1271 3511 Dionisii
1330 3454 1655 3509 Parisiensis
1676 3470 1875 3525 corpus
1974 3466 2142 3504 suasu
2167 3451 2595 3507 christianorum
2633 3452 2686 3504 in
2744 3452 2965 3506 modum
3021 3451 3198 3506 crucis
3234 3467 3292 3506 se
3333 3450 3593 3507 totonde-

262 3548 434 3602 sancti
457 3546 571 3600 Viti
600 3544 851 3616 martyris
872 3562 902 3598 a
934 3545 1105 3599 Roma
1137 3543 1376 3598 Parisius
1400 3543 1692 3598 transtulit.
1977 3556 2125 3609 runt,
2160 3553 2213 3600 et
2241 3545 2370 3616 quia
2402 3562 2500 3615 per
2527 3547 2629 3600 hoc
2658 3546 2876 3619 signum
2933 3546 3080 3600 salus
3133 3546 3324 3616 patriae
3376 3544 3593 3599 reddita

615 3638 739 3694 756.
796 3638 921 3692 -1ὓ.
1015 3638 1069 3690 4.
1165 3636 1218 3690 6.
1295 3637 1348 3691 7.
1424 3636 1514 3689 29.
1978 3638 2179 3704 fuerat,
2209 3640 2355 3693 hunc
2386 3639 2547 3693 ritum
2589 3639 2855 3694 tondendi
2905 3645 3205 3694 tenuerunt
3254 3638 3360 3709 ‘39.]
3401 3640 3594 3707 tMett.)

335 3726 621 3796 (Lauriss.)
650 3726 861 3780 Tassilo
893 3726 1004 3779 dux
1061 3726 1333 3780 avunculo
1373 3742 1473 3780 suo
1529 3726 1724 3797 Pipino
1757 3727 1872 3798 regi
1978 3727 2251 3783 Waiferus
2279 3727 2537 3782 difﬁdens
2568 3727 2683 3781 suis
2741 3726 2929 3793 rebus,
2960 3743 3145 3782 muros
3171 3727 3388 3783 urbium
3419 3729 3593 3799 Aqui-

263 3818 667 3872 reconciliatur.
713 3815 1008 3870 llaistulfus
1046 3832 1143 3871 rex
1163 3816 1642 3889 Langobardorum
1664 3818 1875 3886 judicio
1976 3825 2140 3879 taniae
2169 3824 2434 3878 subvertit
2490 3823 2607 3878 solo
2654 3833 2859 3885 tenus;
2893 3840 3034 3895 quos
3084 3832 3403 3880 restaurans
3434 3825 3589 3896 Pipi-

264 3904 357 3957 Dei
390 3904 618 3958 moritur
649 3904 775 3969 ;cui
819 3904 1131 3957 Desiderius
1162 3904 1571 3968 subbstituitur,
1606 3912 1659 3959 et
1687 3914 1879 3979 regnat
1980 3936 2104 3977 nus,
2139 3918 2205 3973 ad
2228 3935 2451 3973 suorum
2484 3918 2736 3981 tutelam.
2766 3917 2892 3973 ﬁdis
2912 3919 3192 3974 commisit
3221 3920 3592 3991 principibus.

264 3991 425 4046 annis
446 3991 534 4044 19.
2194 4007 2316 4062 773.
2448 4007 2538 4062 22.
2675 4006 2727 4061 6.
2879 4006 2967 4062 13.
3119 4007 3169 4061 7.
3321 4008 3373 4061 1.

624 4082 748 4139 757.
828 4083 916 4138 16.
1012 4084 1066 4135 5-
1171 4084 1220 4139 7-
1300 4084 1351 4138 1-
1428 4082 1514 4140 30-
2051 4099 2127 4166 (II.
2156 4097 2248 4166 m.)
2282 4097 2414 4152 Gelu
2445 4112 2769 4167 magnuma
2823 4096 3081 4151 Kalendis
3138 4097 3387 4153 Octobris
3414 4115 3594 4171 usque

339 4175 612 4246 (σφωε.)
653 4176 855 4230 Paulus
916 4176 1044 4232 88us
1075 4177 1333 4233 Romana:
1382 4178 1645 4234 tecclesiaa
1691 4182 1873 4251 presi-
1978 4185 2046 4240 ad
2075 4184 2429 4240 Februarium
2461 4186 2547 4239 ¹⁴⁰.
2584 4187 2754 4253 (Cant.
2801 4186 2988 4254 Gred.)
3020 4185 3249 4256 Pipinus
3278 4203 3370 4242 rex
3391 4187 3593 4242 Lemo-

265 4267 358 4323 det
409 4269 698 4339 (Lauriss.)
743 4268 1030 4323 llabdallas
1074 4268 1416 4340 principatur
1467 4271 1750 4326 Saracenis
1779 4289 1878 4327 an-
1977 4277 2210 4332 vicinam
2269 4279 2553 4352 regionem
2605 4278 2761 4333 ccede
2823 4284 2878 4332 et
2909 4278 3168 4335 incendio
3201 4280 3593 4350 depopulatur.

265 4357 350 4411 nis
378 4358 467 4412 21.
526 4356 753 4428 Pipinus
808 4356 1018 4411 fortiter
1070 4356 1345 4412 Saxonum
1407 4360 1743 4416 munitiones
1798 4355 2190 4437 ir—D(H.m.)
2229 4367 2468 4422 Sabinus
2493 4367 2691 4438 Bulgar
2747 4382 2871 4420 cum
2925 4366 3186 4422 Romanis
3248 4368 3431 4423 fmdus
3490 4369 3596 4424 init

265 4453 491 4525 rumpit.
542 4460 597 4509 et
644 4458 768 4524 post
812 4453 1038 4507 multam
1090 4459 1326 4524 stragem
1372 4471 1469 4510 eos
1518 4456 1619 4511 sub
1669 4456 1873 4514 tributo
1975 4474 2073 4529 pro
2102 4473 2271 4529 quoa
2313 4459 2430 4514 suis
2476 4460 2800 4530 repudiatus
2855 4461 2924 4515 ad
2980 4461 3370 4530 imperatorem
3424 4459 3591 4535 fugit,

264 4545 483 4615 redigit.
1975 4563 2223 4617 paganus
2252 4548 2578 4622 Bulgaribus
2631 4549 2969 4605 dominatur.
3014 4553 3136 4620 (1b.)
3185 4551 3364 4605 Stella:
3403 4550 3592 4605 subito

583 4635 704 4689 758.
813 4638 897 4692 17.
1002 4637 1049 4690 1.
1155 4637 1208 4690 8.
1310 4637 1364 4691 ‘2.
1470 4638 1561 4695 31.
1979 4638 2109 4692 visre
2135 4637 2204 4692 de
2230 4637 2363 4692 casio
2413 4638 2704 4705 cecidisse,
2754 4640 2832 4694 ita
2881 4654 3075 4695 omnes
3107 4646 3514 4709 exterruerunt,
3538 4645 3600 4693 ut

334 4722 542 4793 Corpus
570 4730 773 4778 sanctae
813 4724 1146 4791 Petronillae,
1198 4724 1344 4779 Petri
1400 4726 1638 4797 apostoli
1668 4725 1815 4797 filiae,
1849 4748 1878 4785 a
1980 4725 2421 4796 putarentfinem
2456 4727 2645 4781 mundi
2669 4727 2982 4785 imminere.

262 4784 600 4880 Paulo-papa
633 4813 1008 4882 transponitur
1047 4784 1142 4879 ;in
1195 4815 1353 4880 cujus
1403 4784 1711 4875 marmomo
1751 4784 1876 4873 sar;
1981 4784 1995 4796 I
2230 4817 2333 4871 764
2464 4816 2552 4871 23.
2670 4817 2721 4871 7.
2835 4818 2922 4871 14.
2972 4784 2980 4785 7
3072 4818 3126 4873 8.
3288 4819 3338 4873 1.

255 4903 456 4990 cotago
488 4902 665 4972 ipsius
696 4903 927 4972 apostoli
963 4902 1112 4958 Petri
1143 4921 1310 4960 manu
1346 4907 1624 4976 sculptum
1657 4907 1879 4982 legeba-
2049 4908 2300 4979 (Lauriss
2355 4924 2370 4973 ;
2399 4907 2559 4963 Gesta
2610 4924 2730 4977 epp.
2784 4908 2956 4978 Mett.)
3020 4907 3447 4983 Chrodegangus
3471 4909 3597 4981 epi-

1610 5042 1829 5100 VARl/E
1857 5043 2236 5102 LECTIONES.

330 5146 1219 5240 13?.5“:_§i922€."‘18.§fffl’iﬁrafi
1246 5154 1542 5240 ετξηφηξξ.
1556 5152 1588 5240 ,1
1606 5154 1651 5240 ἒέ
1689 5154 1972 5208 simillima
1998 5156 2190 5240 ῖηρηιιί
2231 5153 2307 5236 ’δς
2336 5153 2901 5240 εα.ξιειθυτέν.βοιῑξίιθξ
2932 5156 3043 5240 dua
3073 5156 3598 5240 διιίῑρίοειιι-εξξιηι

260 5217 457 5302 multis.
476 5234 618 5302 quae
642 5216 768 5302 766,
802 5217 1114 5286 adsm'psit,
1154 5224 1211 5302 et
1242 5236 1442 5276 annum
1476 5221 1675 5302 761.ρή
1703 5240 1932 5302 missura
1962 5230 2011 5302 et
2042 5229 2098 5302 ξπ
2123 5228 2368 5302 margine
2399 5228 2478 5279 ita
2505 5216 2794 5295 ampliavit
2819 5246 2839 5302 :_
2855 5228 3034 5302 Caput
3057 5257 3129 5302 ἡ
3158 5216 3369 5297 ditavit,
3401 5230 3602 5299 quibus

263 5292 345 5373 1η.
387 5290 601 5373 addidit
631 5306 644 5343 :
662 5288 947 5373 λάθω-νει(
972 5298 1289 5373 —nvoca't‘ur
1302 5309 1333 5373 ,ξ
1372 5308 1510 5373 quas
1536 5296 1954 5373 {pterpolatz'one
1970 5297 2125 5364 infra
2152 5288 2363 5373 edit-uri
2387 5312 2575 5351 sumus
2590 5288 2724 5351 'cum
2761 5288 2985 5367 reliquis
3014 5288 3600 5357 additament'is‘Gem-

264 5359 621 5443 blaeenstlzus.
653 5360 1008 5443 codicibus
1025 5359 1141 5414 B3“.
1184 5360 1276 5443 1’1.
1379 5359 1432 5419 3.
1465 5359 1697 5443 habent,"
1757 5382 1878 5443 qum
1933 5359 2343 5443 iitterpolatores
2381 5371 2730 5443 scripserunt,
2780 5359 2980 5443 reliqui
3003 5388 3183 5428 omnes
3208 5389 3271 5427 ea
3291 5389 3413 5443 qua
3433 5373 3597 5441 Sige-

264 5430 561 5510 bertus._f”
599 5431 730 5510 add.
767 5432 873 5497 17.;
905 5432 1036 5510 rell.
1057 5436 1256 5510 praeter
1292 5433 1352 5510 Α.
1422 5436 1495 5510 cf.
1537 5451 1590 5490 α.
1626 5430 1964 5510 sequentem.
2009 5430 2091 5472 “0-
2108 5442 2235 5506 post
2278 5439 2389 5492 Ιιωο
2418 5430 2579 5494 erasa
2608 5430 2751 5493 linea
2780 5430 2912 5510 plu?
2944 5457 3105 5510 quam
3147 5430 3406 5499 dimidia.
3436 5430 3595 5500 Turci

262 5516 293 5553 a
311 5499 535 5587 iqaspiis
565 5500 736 5571 portis
753 5499 1110 5587 erumpentes
1130 5499 1456 5587 Armeniam
1474 5499 1748 5587 invastant
1774 5508 1906 5564 add.
1930 5508 2005 5563 A.
2059 5499 2180 5563 Haec
2211 5513 2390 5578 igitur
2452 5510 2568 5580 Sig.
2605 5499 2803 5581 prime
2817 5499 3100 5585 habuerat,
3153 5516 3248 5570 sed
3275 5518 3335 5570 in
3359 5499 3601 5572 secunda

262 5554 495 5626 editz'oiic
524 5554 666 5627 anno
680 5554 1747 5647 pracedéuti'udscrtpsttﬂambiit-ti?“'
1775 5554 1906 5564 mm
1930 5554 2005 5563 ’Μ
2059 5554 2178 5563 ’Μ’
2213 5554 2369 5578 ’”’””
2452 5554 2568 5580 ww
2605 5554 2662 5581 τ’
2686 5554 2789 5566 ’””’
2817 5554 3003 5566 "“""'
3022 5554 3100 5585 ’ν’
3153 5554 3247 5570 """
3359 5554 3581 5595 "WW2

1470 4638 1529 4695 31
1548 4676 1561 4691 .
