3870 6060
307 263 426 320 145
1800 255 1835 310 C

2118 291 2146 312 ι.
3546 253 3646 308 146

323 405 502 462 copus
520 403 756 460 corpora
800 392 1100 458 martyrum
1129 383 1413 460 Gargonii,
1462 383 1698 440 Naboris
1739 391 1796 439 et
1823 382 1924 437 Na-
1947 385 2000 454 Α
2027 381 2178 438 tione
2211 387 2413 452 papatu
2455 381 2670 448 invaso,
2697 379 2962 436 aecclesiae
2987 380 3083 435 Dei
3113 395 3313 452 magno
3347 378 3455 434 fuit
3483 395 3650 434 scan-

293 481 433 537 zarii
465 481 641 536 Roma
665 477 734 534 ad
775 477 975 532 Gallias
1004 476 1303 544 transtulit,
1338 483 1393 530 et
1420 475 1755 552 Gorgonium
1797 477 1926 548 qui-
2027 474 2171 529 dalo.
2247 473 2465 544 [Contra
2509 473 2659 528 hunc
2726 471 3020 544 Philippus
3067 488 3097 527 a
3153 470 3483 543 quibusdam
3535 471 3648 526 Ro-

295 574 430 628 dem
461 573 518 628 in
547 571 761 644 Gorzia,
789 569 1061 625 Naborem
1095 585 1227 624 vero
1252 569 1306 623 in
1340 567 1612 640 llyliriaco
1645 568 1924 635 coenobio,
2027 585 2312 625 manorum
2346 586 2487 640 papa
2517 568 2895 638 constituitur,
2957 575 3010 624 ct
3053 583 3164 624 non
3192 567 3365 624 multo
3397 574 3520 639 post
3549 567 3647 622 de-

298 660 593 715 Nazarium
648 667 831 714 autem
888 657 1138 730 reposuit
1197 658 1254 712 in
1309 657 1562 714 coenobio
1619 659 1922 722 Lorisham,
2027 659 2253 730 ponitur
2282 657 2392 730 ¹⁴¹.]

299 753 454 826 quod
486 753 763 824 tlanthuyr
788 767 976 808 comes
1023 751 1258 808 illustris
1286 769 1317 808 a
1347 769 1406 808 se
1436 752 1747 821 fundatum,
1782 753 1922 808 Met-
2239 750 2364 806 768.
2475 749 2566 804 27.
2698 748 2786 804 tt.
2915 749 3004 804 18.
3137 749 3223 804 12.
3373 749 3426 805 5.

299 845 723 902 ιθῐιείιεοειθεὶω
763 845 933 917 priori
975 860 1121 901 anno
1139 846 1462 902 tradiderat.
2094 841 2268 913 (Cant.
2297 840 2481 909 Fred.)
2523 839 2706 914 Longa
2736 839 3018 894 contentio
3076 839 3222 894 inter
3270 840 3522 911 Pipinum
3589 849 3644 896 et

377 935 503 992 765.
570 936 632 990 Η.
705 935 779 988 24
865 934 920 990 S.
1009 935 1063 990 8.
1133 935 1190 990 F.
1266 936 1350 990 15.
1411 936 1468 990 L.
1526 935 1580 992 9.
1657 937 1718 991 Β.
1793 937 1848 991 2.
2023 930 2564 998 Waiterumﬁnitur,
2599 931 2728 1002 quia
2769 930 3045 986 Waiferus
3103 947 3134 985 a
3184 931 3301 986 suis
3370 933 3636 988 malorum

370 1027 550 1096 (Cant.
587 1025 760 1094 Fred)
821 1025 1047 1096 Pipinus
1099 1041 1191 1080 rex
1248 1025 1555 1099 Agerinum,
1608 1025 1922 1099 Petrogori-
2025 1024 2279 1094 pertmsis
2311 1024 2366 1078 in
2399 1025 2630 1098 gratiam
2667 1023 2838 1094 Pipini
2872 1023 3197 1094 perimitur;
3231 1031 3285 1078 et
3317 1039 3426 1078 non
3471 1023 3642 1078 multo

299 1130 397 1170 cas
417 1120 473 1168 et
503 1113 875 1188 Engolismam
904 1113 1068 1168 urbes
1097 1112 1408 1184 Aquitaniae
1463 1114 1731 1179 devastat,
1779 1113 1923 1168 mul-
2025 1113 2394 1184 postPipinus
2413 1113 2664 1168 moritur.
2725 1113 2972 1178 Karolus,
3029 1111 3178 1166 filius
3209 1113 3349 1181 ejus,
3381 1128 3480 1184 pro
3511 1111 3644 1166 feli-

307 1212 535 1276 tamque
565 1203 873 1275 Aquitaniae
931 1210 1144 1274 partem
1201 1203 1306 1258 sibi
1364 1203 1645 1277 subjugat.
1679 1203 1926 1258 Chrode-
2025 1209 2204 1264 citatis
2226 1209 2610 1283 magnitudine
2657 1209 3045 1280 agnominatus
3077 1207 3328 1283 Magnus,
3389 1223 3645 1277 compar-

299 1309 520 1367 gangus
545 1291 890 1347 Mettensium
947 1291 1396 1364 archiepiscOpus
1457 1292 1596 1348 obit.
1655 1293 1824 1364 Temp

2119 1318 2126 1350 ι
2157 1315 2279 1354 cum
2302 1297 2470 1352 fratre
2501 1313 2604 1352 suo
2664 1298 3024 1352 Karlomanno
3080 1312 3274 1370 regno,
3307 1303 3500 1368 regnat
3523 1303 3647 1366 post

310 1387 662 1443 Constantini
702 1387 1055 1457 imperatoris
1087 1394 1143 1442 et
1201 1386 1428 1458 Hyrenw
1467 1387 1654 1443 uxoris
1685 1389 1826 1460 ejus,
1869 1389 1926 1442 in
2028 1403 2152 1442 eum
2207 1387 2370 1442 annis
2415 1388 2502 1441 47.
2539 1386 2615 1456 (G.
2669 1387 2848 1456 pont.)
2891 1385 3247 1441 Constantino
3287 1385 3645 1456 pscudopapa

306 1479 467 1550 Syria
522 1478 744 1533 civitate
799 1477 1042 1545 Beritbo,
1102 1494 1226 1550 quae
1285 1478 1536 1548 subjacet
1600 1481 1928 1548 Antiochiaa,
2032 1493 2132 1547 per
2162 1475 2339 1530 zelum
2371 1474 2617 1529 fidelium
2651 1475 2718 1528 ab
2749 1473 2997 1528 aecclesia
3022 1473 3310 1530 deturbate
3357 1475 3644 1546 oculisque

307 1567 482 1622 Judaei
514 1567 812 1642 imaginem
851 1567 980 1622 Jesu
1037 1567 1326 1623 salvatoris
1383 1569 1557 1625 nostri
1584 1569 1934 1625 invenientes
2035 1568 2596 1639 privato,Stephanus
2621 1568 2748 1622 89m
2779 1568 3038 1622 Romanae
3086 1567 3348 1622 aecclesim
3378 1567 3643 1637 presidet.

311 1659 368 1714 in
391 1659 558 1715 domo
616 1659 902 1728 cujusdam
955 1659 1156 1728 Judaei,
1213 1660 1287 1714 ibi
1331 1661 1574 1717 relictam
1625 1679 1656 1717 a
1686 1662 1926 1733 quodam
1949 1689 2004 1758 Β
2035 1658 2130 1712 Hic
2160 1664 2267 1712 tam
2301 1674 2332 1712 a
2361 1657 2534 1712 Gallia
2572 1673 2736 1728 quam
2767 1657 2836 1711 ab
2869 1656 3020 1712 [talia
3045 1656 3435 1758 episcoporum
3489 1656 3647 1711 sino-

313 1750 634 1817 cbristiano,
666 1750 762 1822 qui
815 1750 894 1804 ibi
944 1758 1242 1816 manserat,
1285 1766 1405 1805 eam
1447 1751 1716 1820 injuriose
1755 1747 2002 1826 depo-"
2032 1749 2161 1803 dum
2191 1749 2378 1804 Roma:
2405 1757 2725 1822 congregat,
2776 1749 2830 1802 in
2887 1765 2994 1820 qua
3051 1749 3240 1803 omnia
3297 1764 3326 1802 a
3380 1747 3646 1824 Constan—

313 1847 570 1906 suerunt,
604 1845 658 1893 et
710 1839 897 1893 omnia
950 1839 1270 1910 opprobria,
1317 1857 1440 1911 quae
1491 1839 1671 1896 Judaei
1720 1840 1930 1896 Christo
2031 1837 2149 1892 tino
2176 1837 2430 1892 ordinata
2455 1836 2745 1891 exordinat
2777 1843 2960 1906 preter
3005 1836 3344 1906 baptismum
3377 1845 3430 1890 et
3469 1835 3646 1890 chris-

315 1931 446 1986 Jesu
475 1931 805 1996 intulerunt,
829 1930 1056 2006 imagini
1089 1932 1207 2000 ejus
1251 1931 1586 1996 inferebant,
1638 1933 1934 1988 illudentes
2033 1945 2164 1995 ma;
2197 1929 2533 1982 decernente
2573 1927 2794 1994 sinodo,
2840 1935 2900 1982 ut
2939 1927 3185 1998 episc0pi
3233 1927 3299 1982 ab
3331 1926 3424 1981 illo
3456 1941 3652 1981 conse-

315 2021 387 2086 ei,
419 2021 474 2074 in
509 2020 706 2076 faciem
737 2030 1268 2092 conspuentes,eam
1307 2025 1703 2094 percutientes,
1745 2024 1932 2079 crimi-
2035 2024 2168 2081 crati
2203 2025 2270 2078 ad
2301 2023 2552 2098 gradum,
2599 2039 2762 2094 quem
2795 2031 2920 2078 ante
2979 2025 3121 2078 hanc
3171 2021 3650 2078 consecrationem

317 2125 454 2164 nose
476 2109 866 2175 convitiantes,
903 2126 1100 2165 manus
1129 2117 1184 2166 ct
1235 2111 1407 2181 pedes
1432 2113 1552 2182 ejus
1591 2113 1760 2168 clavis
1801 2129 1934 2169 con-
2037 2115 2336 2180 habebant,
2360 2113 2624 2180 redirent,
2654 2118 2712 2166 et
2738 2111 2783 2165 si
2813 2111 2968 2185 digni
2999 2111 3399 2180 iudicarentur,
3439 2112 3642 2166 iterum

315 2197 579 2272 ﬁgentes,
610 2205 828 2254 acetum
868 2206 922 2254 et
951 2198 1024 2254 fel
1055 2200 1105 2254 ei
1159 2200 1936 2276 porrigentes;tandemlan-
2035 2206 2197 2260 electi
2253 2205 2452 2259 iterum
2522 2208 3011 2268 consecrarentur;
3074 2201 3362 2271 presbiteri
3423 2216 3552 2256 vero
3585 2216 3649 2254 ac

316 2301 416 2342 cea
447 2287 622 2341 latere
649 2287 772 2355 ejus
809 2294 1024 2358 aperto,
1052 2287 1222 2344 exivit
1251 2290 1320 2345 de
1347 2306 1412 2346 eo
1438 2291 1664 2366 sanguis
1691 2298 1744 2346 et
1771 2307 1931 2363 aqua.
2038 2297 2258 2352 diaconi
2301 2295 2370 2350 ab
2432 2295 2525 2350 illo
2590 2294 2896 2350 consecrati
2972 2293 3226 2348 similiter
3277 2293 3345 2347 ad
3403 2293 3645 2364 priorem

313 2379 472 2446 Quod
506 2380 584 2434 illi
615 2381 900 2452 supposita
928 2383 1172 2454 ampulla
1218 2385 1612 2454 suscipientes,
1671 2385 1740 2439 ad
1765 2401 1936 2455 expe-
2036 2386 2266 2462 gradum
2298 2384 2578 2451 redirent;
2625 2391 2684 2439 et
2727 2383 2831 2454 ipsi
2881 2384 2928 2438 si
2979 2382 3132 2457 digni
3181 2391 3389 2449 essent,
3453 2383 3652 2436 iterum

315 2471 639 2534 rimentnm,
671 2479 860 2528 utrum
893 2472 1100 2529 fuerint
1138 2490 1266 2529 vera
1291 2475 1574 2544 miracula,
1595 2493 1718 2548 qua:
1745 2477 1936 2532 Jesum
2037 2475 2262 2546 quidem
2349 2479 2804 2530 consecrarentur
2828 2515 2842 2535 ,
2904 2472 3002 2528 sed
3031 2472 3099 2526 ad
3139 2471 3387 2526 altiorem
3421 2470 3652 2543 gradum

312 2560 514 2616 fecisse
543 2559 863 2629 audierunt,
913 2577 1110 2617 omnes
1167 2562 1491 2619 intirmosin
1522 2581 1801 2642 synagoga
1841 2583 1942 2621 sua
2043 2569 2131 2621 vel
2156 2566 2409 2623 ordinem
2461 2581 2758 2636 numquam
2821 2562 3378 2629 ascenderant-;laici
3433 2576 3561 2617 vero
3586 2563 3658 2616 ab

313 2653 582 2708 collectos
601 2653 711 2708 hoc
763 2655 1030 2729 sanguine
1077 2642 1448 2730 aspergebant
1482 2676 1496 2723 ;
1529 2665 1582 2713 et
1613 2675 1644 2714 a
1671 2677 1942 2732 quoeum-
2043 2659 2138 2714 illo
2171 2659 2223 2713 in
2256 2657 2520 2712 diaconos
2544 2657 2626 2711 vel
2659 2655 2996 2726 presbiteros
3027 2655 3262 2710 ordinati
3292 2654 3525 2709 omnino
3557 2653 3654 2707 de-

320 2762 430 2818 que
451 2747 723 2820 languore
755 2748 1166 2817 detinebantur,
1191 2766 1388 2806 omnes
1431 2753 1788 2811 sanabantur.
1832 2755 1942 2810 Un-
2042 2747 2425 2822 gradarentur,
2467 2752 2522 2800 et
2575 2745 2632 2800 in
2685 2744 2944 2820 religioso
2999 2743 3188 2798 habitu
3213 2749 3652 2814 perseverarent.

320 2835 392 2890 de
420 2836 598 2891 Judaei
621 2837 840 2892 tandem
869 2841 1203 2910 compuncti,
1229 2842 1298 2895 ad
1330 2843 1672 2899 Adeodatum
1705 2843 1944 2902 civitatis
2041 2841 2466 2896 Venerationem
2513 2839 2674 2894 etiam
2731 2844 3042 2893 sanctarum
3105 2837 3404 2909 imaginum
3456 2835 3656 2890 contir-

321 2927 650 2998 episcopum
681 2944 875 2984 omnes
919 2941 1300 2999 cucurrerunt,
1353 2935 1516 3006 eique
1577 2953 1634 2992 re
1666 2947 1940 3006 enarrata,
2045 2946 2174 3005 mat,
2218 2949 2520 3010 earumque
2566 2936 2944 3008 profanatores
3002 2933 3452 2988 anathematizat.
3515 2931 3656 2986 Con-

323 3016 626 3091 imaginem
659 3033 781 3072 cum
813 3019 1084 3092 sanguine
1117 3020 1170 3074 ei
1191 3021 1484 3078 dederunt.
1529 3025 1736 3089 Quibus
1761 3026 1942 3098 bapti-
1972 3061 2021 3130 Ο
2045 3029 2223 3084 stituit
2251 3028 2436 3094 etiam,
2479 3033 2538 3082 ut
2586 3027 2643 3081 in
2695 3026 2844 3082 omni
2877 3025 2970 3080 die
3016 3023 3297 3080 dominico
3337 3023 3407 3077 ad
3431 3021 3654 3076 missam

321 3111 482 3176 zatis,
510 3110 804 3182 episcopus
861 3113 1188 3186 sanguinem
1247 3130 1347 3184 per
1376 3117 1647 3187 ampullas
1705 3119 1938 3174 divisum
1975 3110 2021 3130 ν
2047 3121 2235 3177 Gloria
2271 3122 2331 3174 in
2369 3121 2591 3174 excelsis
2618 3121 2720 3173 Deo
2737 3125 2981 3173 canatur.

320 3204 488 3276 longe
525 3205 748 3277 lateque
803 3206 1073 3280 dirigens,
1109 3209 1434 3279 predicabat
1485 3214 1762 3285 magnalia
1795 3214 1848 3268 υς

1925 3233 1940 3282 ;
2261 3209 2383 3264 769.
2507 3208 2594 3262 as.
2744 3207 2854 3278 12.,
2953 3208 3002 3260 ι.
3151 3205 3238 3258 13.
3387 3204 3439 3258 6.

321 3295 632 3351 obtestatus
662 3313 876 3364 omnes,
907 3307 966 3353 ut
1003 3299 1238 3373 singulis
1263 3302 1424 3356 annis
1449 3303 1500 3357 5.
1535 3303 1663 3358 Idus
1693 3305 1941 3361 Novem-
2119 3300 2288 3369 (Mett.
2325 3296 2555 3368 (Laur.])
2586 3295 2836 3350 llunaldo
2879 3294 3242 3350 rebellionem
3267 3293 3324 3347 in
3366 3292 3657 3364 Aquitania

327 3387 441 3442 bris
465 3389 780 3444 celebretur
830 3391 1014 3462 passio
1071 3393 1365 3450 dominicae
1409 3394 1669 3470 imaginis
1711 3397 1812 3469 (Lf.
1867 3401 1940 3454 Α.
2049 3390 2374 3456 meditante,
2435 3387 2664 3442 Karolus
2722 3387 3067 3458 Aquitaniam
3148 3385 3303 3456 petit,
3345 3395 3660 3454 'omnesquc

322 3481 538 3552 Iunt).
2047 3481 2352 3552 Aquitanos
2379 3485 2432 3533 et
2461 3478 2760 3532 Wascones
2799 3477 2855 3530 in
2909 3475 3252 3530 deditionem
3293 3474 3512 3544 accipit.
3550 3474 3660 3527 ltu-

540 3569 664 3625 766.
798 3573 886 3626 25.
1034 3574 1088 3628 9.
1231 3575 1316 3629 16.
1455 3575 1546 3632 10.
1675 3577 1728 3634 3.
2049 3573 2296 3634 naldum,
2333 3571 2427 3642 qui
2484 3569 2552 3624 ad
2595 3568 2803 3638 Lupum
2861 3566 3189 3620 Wasconum
3211 3565 3406 3618 ducem
3425 3563 3658 3636 fugerat,

401 3667 476 3722 «11.
507 3679 559 3718 m
589 3664 605 3733 )
649 3663 1039 3720 Constantinus
1069 3665 1369 3737 imperator
1397 3673 1452 3722 et
1480 3667 1774 3725 llabdallas
1805 3673 1929 3727 ami-

2135 3660 2285 3729 Lupo
2340 3657 2444 3712 sibi
2485 3673 2610 3712 cum
2674 3670 2843 3710 uxore
2903 3656 3189 3708 remissum
3248 3650 3476 3706 abducit
3534 3667 3549 3716 ;
3606 3657 3661 3704 et

322 3752 550 3822 raspari
579 3751 805 3806 vesania
836 3753 890 3806 in
947 3755 1649 3828 orthodoxosdeseviunt,
1709 3760 1944 3816 multos-
2049 3751 2128 3807 sic
2192 3749 2578 3822 Aquitanicum
2646 3746 2852 3801 bellum
2951 3743 3089 3798 ﬁnit.
3178 3741 3501 3798 Desiderius
3567 3755 3660 3795 rex

323 3856 432 3912 que
463 3856 656 3896 eorum
689 3857 788 3912 pro
820 3841 1031 3898 Christo
1088 3844 1388 3914 perimunt.
1433 3847 1820 3904 Constantinus
1853 3849 1943 3904 in-
2049 3841 2530 3917 Langobardorum
2587 3838 2689 3893 sub
2739 3843 2970 3908 eptentu
3035 3835 3230 3890 orandi
3290 3835 3520 3916 Romam
3573 3833 3660 3888 in-

325 3951 498 4006 super
521 3935 870 4010 azgreferens
907 3938 1138 4012 gloriam
1173 3948 1485 3996 sanctorum
1540 3943 1822 4000 miracuiis
1852 3960 1945 4001 co-
2046 3949 2295 4008 gressuS.
2383 3932 2598 4004 aliquos
2675 3929 2944 3986 nObilillm
3031 3929 3403 3984 Romanorum
3471 3933 3662 3999 Captos

327 4025 692 4094 ruscantium,
721 4026 887 4081 etiam
917 4028 1132 4100 lipsana
1160 4044 1351 4085 eorum
1419 4031 1628 4105 ubique
1679 4033 1840 4104 jubet
1871 4033 1946 4090 ef-
2049 4025 2344 4082 εκεθοᾶνίῐε

326 4115 444 4170 fodi
473 4116 746 4184 etjactari
779 4117 834 4172 in
887 4119 1242 4190 profundum.
1297 4121 1357 4176 In
1419 4124 1712 4194 prazsentia
1763 4124 1941 4196 Pipini
2263 4117 2388 4172 770-
2499 4115 2590 4170 29.
2705 4115 2792 4168 M-
2941 4112 2996 4169 9.
3147 4112 3233 4166 14η
3390 4111 3444 4165 7-

329 4206 478 4280 regis
519 4206 666 4262 inter
703 4208 905 4264 Grecos
945 4219 1000 4266 et
1047 4211 1331 4268 Romanos
1371 4213 1687 4270 celebratur
1715 4216 1857 4272 sinet

2131 4209 2318 4279 LH.m.)
2381 4206 2772 4262 Constantinus
2826 4205 3126 4276 imperator
3191 4202 3418 4258 omnino
3472 4218 3504 4256 a
3548 4201 3659 4256 Deo

326 4294 400 4350 de
430 4303 622 4350 sancta
639 4296 901 4352 Trinitate
928 4305 984 4353 et
1014 4307 1329 4354 sanctorum
1379 4301 1730 4376 imaginibus.
1766 4303 1938 4373 (Cont.
1978 4316 2288 4376 I(aversus,
2335 4299 2506 4354 virum
2561 4305 2808 4352 sanctum
2844 4296 3182 4366 Stephanum
3226 4309 3324 4364 per
3359 4291 3428 4347 60
3487 4306 3662 4345 annos

333 4344 397 4350 _-
431 4344 622 4350 -.η---.-
649 4344 901 4352 -.---.-..-..
931 4344 983 4353 ν-
1015 4344 1329 4354 -..ην-νηυ..
1379 4344 1510 4356 ...ηπ
1533 4344 1730 4357 nul-luu-
1766 4344 1938 4373 γυνη..
2048 4344 2288 4367 υ-πν-υ-ν,
2345 4344 2506 4354 ν--ι---ι
2561 4344 2808 4352 νν---ν---ν-
2845 4344 3182 4366 -·“ι”··“““””“⁷
3226 4344 3312 4364 r“
3370 4344 3382 4347 '
3409 4344 3418 4346 '
3611 4344 3618 4345 ί

325 4383 515 4451 Preti.)
545 4384 770 4455 Pipinus
814 4402 908 4440 rex
946 4387 1344 4443 ltemistanium
1399 4344 1620 4446 {regem
1675 4391 1940 4460 Eudonis,
1975 4344 2032 4413 υ
2047 4390 2341 4457 inclusum,
2405 4387 2568 4442 etiam
2634 4383 2935 4460 gentilibus
3019 4381 3409 4444 reverendum,
3474 4395 3660 4433 amara

329 4478 584 4541 patruum
616 4473 828 4528 scilicet
859 4475 1082 4531 Waiferi
1115 4477 1209 4548 qui
1263 4477 1565 4534 aWaifero
1624 4480 1694 4535 ad
1750 4497 1810 4536 se
1833 4489 1946 4538 eta
2047 4493 2220 4539 morte
2276 4480 2665 4554 martyrizavit.
2718 4478 2919 4531 Omnes
2980 4475 3088 4529 sibi
3139 4472 3428 4542 subjectos
3473 4473 3658 4542 jurare

328 4580 389 4619 se
447 4566 518 4620 ad
572 4566 870 4622 Waiferum
914 4569 1302 4646 transfugerat,
1351 4581 1570 4644 captum
1625 4591 1656 4628 a
1722 4577 1837 4631 suis
1888 4576 1943 4632 in
2047 4579 2228 4654 coegit
2259 4595 2428 4650 super
2455 4583 2656 4631 sanctae
2688 4572 2867 4628 crucis
2895 4571 3128 4646 lignum,
3172 4584 3240 4624 ne
3285 4569 3527 4642 aliquam
3563 4569 3657 4623 Dei

331 4657 481 4713 bello
519 4660 811 4730 suspendit
837 4661 893 4714 in
925 4663 1172 4732 patibulo
1227 4665 1346 4736 (Ib)
1400 4666 1511 4721 Rex
1544 4667 1942 4724 Saracenorum
2045 4678 2473 4738 sanctorumque
2503 4660 2942 4736 ejusimaginem
2977 4665 3392 4714 venerarentur.
3438 4659 3540 4714 Eos
3563 4659 3656 4730 qui

329 4745 704 4816 Amyrmonon
733 4747 802 4802 ab
840 4748 1111 4820 Hyspania
1141 4751 1326 4807 πιίεδίε
1354 4752 1567 4826 legatis,
1618 4761 1673 4810 ει
1703 4757 1946 4812 muneri-
2048 4762 2143 4817 Dei
2184 4757 2503 4835 genitricem
2537 4752 2887 4818 invocabant,
2921 4767 3019 4806 eos
3039 4751 3132 4824 qui
3155 4749 3373 4825 vigilias
3406 4749 3660 4824 Deoage-

335 4835 438 4890 bus
466 4837 611 4893 datis
631 4844 686 4892 et
722 4841 984 4911 acceptis,
1029 4840 1243 4898 affectat
1299 4846 1530 4916 gratiam
1567 4854 1623 4902 et
1649 4847 1945 4905 amicitiam
2049 4851 2203 4916 bant,
2233 4863 2331 4904 eos
2360 4844 2454 4917 qui
2503 4839 2768 4897 aacclesiis
2827 4839 3030 4894 assueti
3088 4838 3344 4912 religiose
3401 4836 3660 4894 vivebant

337 4928 517 5000 Pipini
537 4929 706 5004 regis.

2127 4942 2313 5014 squia
2364 4935 2692 5010 juramentis
2740 4941 2795 4988 et
2850 4932 3219 4988 immunditiis
3283 4927 3655 4993 abstinebant,

554 5021 678 5077 767.
814 5023 904 5077 26.
1046 5025 1134 5080 10.
1249 5029 1332 5083 17.
1480 5030 1566 5086 tt.
1679 5032 1750 5086 4.·
1879 5035 1888 5044 ⁸
2051 5032 2261 5104 eosqui
2317 5027 2581 5100 reliquias
2637 5030 2950 5080 sanctorum
3007 5039 3180 5096 penes
3237 5037 3297 5076 se
3356 5017 3655 5084 habebant,

407 5113 958 5185 (Lauriss.)Pipinus
1007 5115 1204 5174 ultimo
1235 5109 1564 5176 exterminio
1602 5122 1949 5196 Aquitaniam
2052 5125 2154 5179 hos
2199 5128 2254 5176 et
2305 5116 2625 5190 hujusmodi
2679 5116 2970 5181 damnans,
3015 5109 3358 5185 patrimoniis
3409 5105 3660 5196 privabat

336 5208 544 5274 atterit,
591 5207 894 5264 Sanctonas
943 5211 1110 5282 capit,
1162 5212 1354 5284 ibique
1411 5193 1952 5289 Waiferi'matrem,
2055 5217 2109 5264 et
2147 5207 2408 5264 omnibus
2471 5204 2650 5261 modis
2714 5201 2994 5258 αιὐοίειδειι
3051 5198 3196 5269 ςίιυί
3261 5193 3662 5252 reverentior”

338 5319 557 5360 sorores
585 5309 642 5359 et
670 5313 866 5374 neptes
891 5313 1079 5378 captas
1121 5323 1310 5364 secum
1353 5310 1598 5366 adducit.
1661 5313 1742 5383 (G.
1777 5315 1949 5384 pom.)
2051 5311 2227 5371 erant,
2243 5317 2435 5360 eorum
2462 5300 2650 5356 barbis
2680 5315 2806 5355 cera
2852 5305 2907 5353 et
2946 5297 3068 5368 pice
3120 5291 3294 5360 illitis,
3339 5306 3436 5348 eos
3461 5290 3658 5346 ambu-

339 5391 526 5447 Romae
583 5391 752 5448 Paulo
801 5409 943 5464 papa
987 5405 1224 5465 mortuo,
1273 5399 1667 5458 Constantinus
1725 5403 1951 5474 quidam
2053 5401 2255 5468 rebat;
2313 5399 2616 5456 monachos
2672 5404 2732 5451 ut
2793 5409 3013 5456 uxores,
3064 5387 3362 5444 monachae
3415 5394 3474 5441 ut
3519 5386 3666 5440 viros

336 5487 525 5544 subito
555 5487 846 5544 ordinatus
872 5492 1136 5550 sacerdos
1166 5510 1232 5550 ex
1271 5493 1437 5564 laico,
1469 5499 1755 5570 tyrannica
1776 5499 1954 5554 smbi-
2054 5498 2322 5552 ducerent
2370 5493 2622 5568 cogebat.
2683 5491 2838 5556 Quod
2871 5486 3026 5543 multi
3059 5484 3316 5552 vitantes,
3341 5479 3665 5552 martyrium

637 5664 666 5672 ..
729 5663 743 5672 _
759 5662 780 5672 -
921 5666 954 5672 __
1253 5671 1256 5672 ν
1695 5599 1912 5658 VARI/3
1951 5598 2219 5658 LECTION
2226 5599 2318 5654 ES.

415 5662 477 5695 HI
507 5660 687 5719 addit.
722 5662 825 5731 16.;
856 5666 972 5720 rell.
993 5672 1192 5736 prater
1223 5671 1296 5724 A.
