3870 6060
238 289 352 346 119
1259 308 1265 316 ι
1740 281 1819 337 CH

2015 279 2090 334 ΞΛ.

331 412 459 470 779.
612 411 678 466 Β.
753 409 808 464 3.
919 409 976 464 S.
1022 409 1079 464 3.
1227 409 1283 464 F.
1327 411 1414 466 11.
1564 409 1622 464 Β.
1698 409 1750 464 1.
1877 402 2179 478 ACarolus
2235 417 2330 456 rex
2379 399 2606 454 Romam
2659 395 2830 462 venit,
2879 401 2936 448 et
2996 396 3190 447 contra
3229 385 3572 478 illeregisu‘m

296 507 472 573 (Matt.
513 502 650 576 [L.])
682 503 792 558 Leo
819 501 1125 574 imperator
1167 499 1366 555 Siriam
1407 499 1670 557 incursat.
1737 500 1847 556 Ka-
1881 474 1920 478 ⁷-
1955 489 2258 548 Beneventi
2284 489 2481 542 ducem
2499 485 2668 542 vadit.
2702 481 3000 576 Heregisus
3025 477 3348 576 muneribus
3385 483 3441 576 et
3469 474 3572 576 ob-

223 567 381 656 rol'us
409 567 859 654 retain—Saxonis
895 567 1190 652 Westfalos
1217 594 1327 650 sibi
1353 595 1629 672 subjugat.
1681 595 1850 651 llilte-
1951 583 2168 640 sidibus
2219 581 2385 647 datiS,
2429 577 2660 672 gratiam
2701 575 2824 672 ejus
2867 572 3108 672 redimit.
3154 569 3367 672 bellum
3410 567 3570 672 inter

227 687 442 742 randus
467 685 580 742 dux
617 683 826 756 Spoleti
868 684 1063 740 Karolo
1115 683 1232 758 regi
1259 700 1320 739 se
1361 661 1568 751 subdit,
1617 685 1848 759 ejusque
1951 678 2186 733 Francos
2232 682 2288 729 et
2315 673 2516 728 Avares
2553 669 2730 726 oritur
2758 667 2940 737 (Mam)
2965 663 3201 738 Sanguis
3229 662 3298 718 de
3325 661 3462 716 caelo
3509 667 3566 714 et

223 779 462 851 gratiam
489 777 679 834 multis
701 776 1025 834 muneribus
1053 776 1295 833 redimit.
1949 776 2095 824 terra
2133 764 2411 838 proﬂuxit.

450 869 558 925 780
771 868 826 922 4.
1044 867 1081 921 4
1282 867 1370 922 12.
1589 867 1626 922 2

2180 860 2303 918 788.
2484 857 2540 912 7.
2730 854 2778 909 1.
2959 847 3050 904 20.
3236 845 3320 902 10.

297 964 426 1036 (ιὸ.)
469 961 697 1020 Karolus
743 977 836 1018 rex
891 960 1106 1016 Albiam
1145 961 1372 1017 ﬂuvium
1425 961 1844 1037 transgreditur,
2015 957 2180 1028 (Matt.
2225 953 2352 1027 [L.])
2402 949 2614 1008 Tassilo
2644 948 2754 1004 dux
2786 944 3052 1018 Bajoariaa
3082 949 3274 1000 contra
3303 941 3558 1037 Karolum

221 1059 420 1132 ibique
461 1059 522 1114 in
551 1058 674 1128 ejus
716 1056 948 1129 gratiam
981 1055 1431 1128 Bardogavenses
1466 1063 1522 1112 et
1559 1035 1844 1113 Nortliutae
1947 1067 2133 1124 regem
2161 1065 2288 1104 reus
2325 1043 2632 1116 majestatis
2663 1041 3038 1112 adjudicatur:
3090 1037 3241 1132 unde
3287 1053 3318 1091 a
3369 1035 3566 1132 Karolo

220 1126 598 1220 baptizantur.
629 1126 838 1202 Tassilo
878 1145 987 1200 dux
1028 1126 1291 1217 Bajoaria:
1348 1153 1542 1200 contra
1586 1145 1842 1201 Karolum
1945 1149 2216 1206 attonsus,
2266 1155 2391 1195 cum
2431 1137 2544 1192 {ilio
2593 1135 2714 1204 ejus
2775 1132 3068 1188 Theodone
3122 1129 3178 1184 in
3231 1126 3567 1184 monasterio

221 1257 414 1314 regem
455 1239 709 1304 rebellat,
762 1239 984 1294 hortatu
1025 1237 1210 1294 uxoris
1239 1253 1374 1301 suae,
1407 1252 1532 1310 quae
1569 1235 1682 1292 filia
1729 1244 1845 1292 erat
1945 1234 2243 1308 relegatur.
2279 1231 2334 1286 in
2361 1229 2520 1284 Italia
2553 1227 2697 1282 inter
2717 1226 2922 1281 Grecos
2950 1231 3005 1279 et
3033 1223 3311 1278 Romanos
3342 1236 3563 1296 pugna-

217 1331 497 1388 Desiderii
538 1330 708 1403 regis,
740 1335 796 1385 et
825 1329 1048 1385 exilium
1099 1328 1272 1400 patris
1301 1329 1388 1384 sui
1444 1345 1546 1401 per
1587 1328 1842 1384 maritum
1945 1332 2050 1380 tur.
2085 1323 2344 1379 Secundo
2373 1321 2431 1375 in
2463 1318 2620 1374 Italia
2657 1317 2802 1372 inter
2855 1315 3089 1371 Francos
3143 1321 3198 1369 et
3229 1315 3430 1370 Avares
3458 1329 3566 1383 pu-

215 1439 383 1478 suum
421 1420 704 1478 vindicare
732 1420 1055 1492 temptabat.
1102 1420 1274 1490 [Obiit
1319 1429 1542 1476 sanctus
1571 1421 1844 1476 Sturmius
1944 1422 2160 1490 gnatur.
2211 1411 2392 1466 Tertio
2433 1409 2580 1464 inter
2609 1409 2809 1462 Avares
2853 1411 2908 1460 et
2936 1403 3216 1476 Bajoarios
3268 1409 3560 1492 pugnatur.

219 1513 438 1586 primus
464 1511 641 1568 abbas
663 1487 1066 1566 Fuldensis‘”.
1098 1487 1191 1580 (cf.
1227 1511 1412 1584 Man.)]
1947 1487 2150 1571 Quarto
2207 1504 2350 1558 inter
2394 1503 2596 1556 Avares
2642 1505 2701 1554 et
2751 1497 2986 1552 Francos
3041 1501 3339 1570 pugnatur.
3399 1501 3453 1549 et
3504 1487 3561 1548 in

407 1601 532 1657 781.
751 1601 805 1654 3.
1025 1599 1078 1656 5.
1299 1601 1386 1655 13.
1641 1601 1694 1656 3.
1946 1598 2204 1654 omnibus
2251 1593 2478 1651 Karolus
2545 1592 2664 1648 suis
2720 1588 3038 1662 provenisse
3116 1586 3405 1642 victoriam
3454 1586 3559 1641 lae-

612 411 678 466 R.
753 409 808 464 3.
919 409 976 464 S.
1022 409 1079 464 3.
1227 409 1414 466 F.11.

298 1693 387 1762 (Η.
433 1693 530 1762 m.)
576 1690 686 1746 Leo
731 1689 1033 1762 imperator
1071 1705 1194 1746 cum
1253 1690 1523 1746 insaniret
1546 1691 1846 1762 cupiditate
1874 1735 1918 1762 η
1947 1694 2112 1742 tatur.
2159 1690 2251 1750 (Η.
2300 1686 2395 1749 γη.)
2440 1681 2710 1738 lnstantia
2754 1678 2998 1734 Tharasii
3039 1675 3364 1748 patriarcha
3423 1674 3564 1731 Con-

222 1789 373 1846 circa
420 1787 696 1860 pretiosos
737 1785 974 1858 lapides,
1006 1787 1280 1842 adamavit
1323 1803 1536 1862 magna:
1577 1787 1819 1843 aecclesia

2015 1773 2422 1847 mtinopolitani
2483 1779 2539 1828 et
2611 1768 2834 1824 Adriani
2894 1783 3051 1839 papae
3125 1765 3370 1820 secundo
3417 1764 3564 1835 apud

3469 260 3676 316 150.

223 1895 515 1947 coronam,
539 1887 594 1935 et
607 1878 886 1950 accipiens
913 1879 1152 1949 portavit
1177 1895 1297 1934 eam
1321 1897 1335 1945 ;
1369 1886 1422 1934 et
1442 1879 1696 1934 exierunt
1725 1895 1848 1934 car-

223 1971 458 2028 bunculi
489 1971 548 2026 in
601 1969 785 2042 capite
812 1971 954 2042 ejus,
987 1979 1042 2026 et
1096 1978 1288 2042 captus
1318 1987 1350 2025 a
1401 1970 1560 2026 febre
1597 1977 1848 2028 mortuus

224 2068 334 2115 est.
365 2059 500 2114 Post
527 2074 692 2130 quem
717 2072 857 2114 uxor
884 2059 1004 2128 ejus
1034 2059 1245 2131 Hyrene
1266 2075 1390 2116 cum
1425 2059 1536 2114 lilio
1574 2074 1674 2116 suo
1707 2059 1848 2116 Con-

221 2151 470 2206 stantino
500 2151 737 2222 imperat
763 2149 925 2204 annis
953 2149 1041 2204 10.
1090 2152 1254 2218 (Matt.
1305 2150 1434 2222 [L.])
1463 2149 1619 2222 Mady
1647 2150 1848 2206 amiras

223 2245 432 2301 multos
504 2245 794 2317 utriusque
844 2259 1008 2300 sexus
1063 2261 1163 2316 pro
1230 2244 1446 2301 Christo
1512 2246 1841 2317 martyrizat.

227 2334 460 2390 Karolus
489 2351 584 2389 rex
621 2333 888 2390 orationis
933 2349 1098 2390 causa
1147 2333 1297 2388 vadit
1349 2334 1599 2402 Romam,
1654 2333 1845 2406 ibique

225 2427 326 2482 ﬁlii
359 2429 485 2498 ejus
514 2435 796 2501 unguntur
826 2427 882 2482 in
923 2443 1111 2503 reges:
1151 2427 1381 2498 Pipinus
1416 2443 1583 2498 super
1612 2426 1842 2495 Italiam,

223 2515 552 2572 Ludowicus
593 2531 765 2586 super
813 2515 1184 2588 Aquitaniam.
1263 2517 1383 2588 (1b.)
1461 2515 1669 2571 'l‘assilo
1735 2515 1844 2572 dux

221 2607 488 2676 Bajoariaa
533 2607 604 2662 ab
651 2607 892 2663 Adriano
955 2623 1099 2679 papa
1167 2607 1364 2665 Karolo
1420 2607 1538 2683 regi
1590 2606 1845 2664 reconcie

221 2697 409 2752 liatur.

474 2786 600 2842 782.
785 2787 838 2840 1.
1022 2785 1076 2842 6.
1260 2785 1350 2841 14.
1533 2785 1586 2840 4.

295 2881 391 2942 (Η.
424 2881 522 2949 m.)
551 2877 1028 2950 Constantinopoli
1060 2877 1286 2951 quidam
1315 2879 1588 2950 lapideam
1621 2895 1840 2934 auream

225 2969 442 3027 invenit
473 2977 527 3024 et
550 2969 608 3024 in
647 2985 712 3024 ea
738 2969 914 3024 virum
939 2969 1219 3038 jacentem
1247 2985 1370 3026 cum
1404 2971 1506 3025 hac
1535 2970 1840 3050 scriptura:

225 3061 477 3116 Christus
506 3063 759 3114 nascetur
797 3074 866 3114 ea:
893 3060 1104 3126 virgine
1127 3060 1330 3126 Maria,
1361 3063 1411 3114 et
1439 3061 1591 3114 credo
1617 3062 1677 3114 in
1703 3076 1842 3127 eum,
1877 3105 1920 3127 η

224 3149 337 3205 Sub
358 3149 710 3206 Constantino
757 3151 808 3202 et
835 3150 1054 3216 Myrene
1079 3149 1518 3218 imperatoribus,
1549 3163 1580 3202 ο
1611 3149 1710 3214 sol,
1747 3150 1846 3202 ite-
1874 3147 1921 3174 υ

225 3257 458 3296 mmme
493 3241 722 3296 videbis.
763 3243 931 3310 (Matt.
987 3241 1114 3313 [L.])
1163 3242 1406 3298 Saxones
1453 3243 1742 3308 rebellant,
1793 3249 1847 3298 et

222 3351 258 3390 a
287 3335 488 3391 Karolo
525 3334 671 3390 bello
725 3335 874 3402 victi,
921 3335 1218 3392 seditiosos
1273 3353 1449 3410 usque
1500 3338 1568 3394 ad
1623 3339 1762 3394 4500
1793 3338 1846 3394 ei

220 3427 470 3496 tradunt,
500 3438 558 3483 et
587 3427 813 3484 obsides
828 3428 879 3483 ei
911 3427 1184 3484 tribuunt.

473 3519 602 3574 783.
785 3520 838 3575 2.
1025 3521 1076 3577 7.
1265 3523 1352 3578 15.
1539 3522 1591 3579 5.

294 3607 417 3677 (1b.)
465 3607 713 3663 Saxones
764 3607 1054 3675 rebellant,
1101 3615 1156 3664 ct
1205 3627 1237 3664 a
1276 3609 1472 3666 Karolo
1530 3627 1662 3686 rege
1691 3610 1843 3680 victi,

220 3711 379 3767 pene
414 3712 590 3768 usque
613 3697 684 3752 ad
707 3697 1145 3754 internecionem
1175 3699 1448 3756 delentur.

473 3785 600 3840 784.
783 3787 844 3841 3.
1027 3786 1080 3843 8.
1267 3788 1350 3842 16.
1539 3787 1592 3843 6.

290 3877 420 3946 (Ιὸ.)
450 3876 699 3932 Saxones
729 3884 782 3933 et
833 3879 1101 3934 Fresones
1143 3879 1420 3934 rebellant
1453 3887 1506 3934 et
1549 3879 1845 3936 vincuntur

222 3966 476 4024 Westfati
508 3984 540 4022 a
569 3968 763 4024 Karolo
792 3969 970 4025 Karoli
1004 3971 1152 4042 regis
1180 3969 1294 4026 ﬁlio
1325 3970 1696 4027 debellantur.

474 4061 599 4118 785.
781 4063 836 4116 4.
1021 4063 1076 4118 9.
1259 4063 1348 4118 17.
1531 4066 1584 4118 7.

295 4154 392 4220 (Η.
425 4155 488 4208 M
514 4154 530 4222 )
576 4153 742 4225 Mady
778 4153 980 4208 amiras
1005 4153 1234 4210 moritur
1272 4161 1396 4226 post
1434 4171 1600 4227 quem
1629 4153 1842 4226 Moyses

219 4241 514 4296 Saracenis
565 4241 728 4296 annis
793 4242 1012 4297 duobus
1063 4243 1423 4314 principatur.
1477 4247 1646 4300 (Mett.
1716 4245 1841 4316 [L.])

221 4331 457 4386 Karolus
487 4331 777 4386 Saxoniam
807 4331 1196 4403 depopulatur.
1221 4332 1634 4388 Wintichindus
1662 4342 1717 4388 et
1743 4333 1838 4387 Al-

1948 1867 2169 1922 Niceam
2199 1863 2530 1920 universalis
2565 1860 2812 1933 synodus
2855 1857 2960 1916 350
3002 1856 3387 1929 episcoporum
3429 1869 3566 1911 con-

1945 1963 2236 2030 gregatur;
2270 1953 2327 2006 in
2349 1968 2457 2024 qua
2485 1949 2624 2004 ﬁdes
2645 1948 2916 2004 catholica
2934 1947 2987 2001 in
3013 1943 3292 2017 presentia
3323 1943 3566 2015 Hyrenes

1947 2053 2002 2102 et
2033 2045 2131 2100 ﬁlii
2190 2044 2310 2112 ejus
2360 2039 2723 2102 Constantini,
2777 2045 3104 2093 cunctorum
3150 2034 3562 2105 subscriptione

1947 2138 2252 2204 roboratur,
2284 2142 2340 2190 et
2384 2133 2600 2190 heresis
2639 2128 3014 2186 execrantium
3067 2125 3342 2200 imagines
3377 2125 3472 2180 Dei
3504 2125 3560 2179 in

1946 2241 2276 2305 perpetuum
2330 2228 2654 2300 abdicatura
2703 2221 3016 2292 Conjuratio
3063 2220 3244 2276 valida
3285 2217 3424 2274 facta
3478 2225 3564 2274 est

1944 2327 2014 2382 ab
2046 2324 2340 2381 Austrasiis
2383 2327 2576 2379 contra
2605 2317 2854 2374 Karolum
2885 2331 3096 2390 regem,
3145 2319 3368 2368 anctore
3419 2312 3558 2366 Har-

1945 2418 2154 2474 derico.
2199 2417 2312 2482 Qua
2338 2415 2574 2476 detecta,
2604 2409 2761 2466 multi
2792 2417 2886 2464 aut
2925 2404 3186 2462 membris
3216 2411 3557 2466 truncantur,

1943 2517 2038 2567 aut
2067 2509 2378 2566 exiliantur.

2183 2600 2308 2655 789.
2491 2597 2546 2654 8.
2726 2592 2780 2650 2.
2963 2590 3051 2647 21.
3239 2589 3327 2644 11.

2013 2696 2185 2768 (Matt.
2244 2691 2444 2766 [Rac.])
2502 2689 2733 2746 Karolus
2779 2685 3021 2744 Coloniae
3077 2700 3250 2756 super
3307 2682 3560 2738 Rhenum

1943 2787 2084 2854 (175)
2122 2791 2324 2857 pontes
2365 2781 2506 2838 duos
2555 2777 2824 2836 construit
2879 2783 2935 2832 et
2964 2773 3160 2839 munit,
3203 2781 3259 2828 et
3295 2771 3561 2828 Sclaviam

1944 2879 2246 2952 ingressus,
2275 2890 2396 2930 eam
2427 2871 2536 2928 sibi
2565 2870 2793 2943 subigit.
2827 2871 2918 2934 (Η.
2949 2883 3002 2922 m
3032 2865 3046 2937 )
3072 2863 3384 2938 Adelgisus,
3417 2862 3562 2918 ﬁlius

1944 2971 2214 3030 Desiderii
2259 2968 2426 3045 regis,
2457 2967 2549 3039 qui
2581 2966 2724 3020 vieto
2763 2973 2920 3036 patre
2957 2976 3059 3016 suo
3089 2961 3156 3016 ad
3197 2961 3398 3014 Grecos
3425 2974 3563 3014 con-

1947 3065 2182 3139 fugerat,
2203 3062 2478 3118 animatus
2503 3057 2706 3114 auxilio
2725 3056 3020 3111 Grecorum
3045 3054 3115 3108 ad
3147 3051 3360 3107 ltaliam
3381 3049 3559 3117 venit,

1945 3165 2041 3215 aut
2087 3156 2158 3212 ad
2189 3152 2550 3226 repetendum
2575 3164 2830 3221 regnum.
2883 3153 2976 3202 aut
3006 3145 3072 3200 ad
3106 3143 3452 3198 inferendam
3483 3143 3564 3196 ul-

1947 3248 2190 3312 tionem;
2225 3243 2318 3316 qui
2350 3242 2486 3296 inito
2531 3237 2681 3294 bello
2707 3253 2833 3294 cum
2883 3234 3127 3302 Francis;
3151 3240 3338 3289 tentus
3385 3231 3452 3287 ab
3478 3230 3562 3286 eis

1946 3355 2130 3394 amara
2157 3341 2336 3391 morte
2363 3340 2686 3404 peremptus
2713 3337 2818 3385 est.

2177 3425 2301 3480 790.
2483 3421 2538 3477 9.
2722 3419 2774 3474 3.
2958 3415 3049 3470 22.
3237 3414 3323 3468 12.

2018 3512 2217 3579 lEmn.)
2264 3509 2493 3564 Karolus
2535 3523 2627 3562 rex
2684 3503 2959 3562 honestati
2999 3502 3402 3558 ecclesiastica:
3440 3517 3562 3558 om-

1945 3601 2080 3656 nino
2108 3601 2376 3662 intentus,
2407 3594 2628 3671 legendi
2651 3602 2707 3648 et
2738 3591 3008 3664 psallendi
3052 3590 3401 3662 disciplinam
3433 3591 3560 3646 dili-

1945 3699 2144 3770 genter
2171 3689 2412 3746 correxit
2444 3688 2560 3754 (Jon
2591 3729 2606 3750 ,
2664 3687 2730 3750 V,
2763 3685 2919 3752 Greg.
2953 3685 3054 3749 Μ,
3085 3699 3146 3746 ιι,
3181 3681 3286 3746 10).
3321 3680 3560 3752 Perpen-

1945 3787 2086 3841 dens
2127 3783 2296 3848 enim,
2337 3781 2534 3836 iterum
2567 3777 2750 3834 Gallos
2791 3793 2823 3831 a
2851 3774 3114 3831 Romanis
3170 3772 3226 3827 in
3283 3773 3558 3828 cantando

1944 3881 2283 3951 discrepare,
2353 3875 2650 3930 Mettenses
2703 3885 2838 3926 vero
2889 3869 3008 3924 sola
3075 3875 3282 3922 natura:
3335 3865 3558 3921 levitate

1943 3970 2225 4042 paululum
2259 3967 2390 4041 quid
2413 3965 2721 4028 dissonare,
2758 3977 2858 4032 per
2901 3966 3156 4014 cantores
3183 3971 3394 4012 rursum
3451 3955 3555 4010 sibi

1943 4059 2011 4114 ab
2036 4058 2271 4114 Adriano
2295 4073 2440 4128 papa
2465 4071 2496 4108 a
2525 4053 2698 4108 Roma
2720 4050 2961 4104 directos
2989 4046 3386 4102 dissonantium
3415 4061 3553 4100 can-

1943 4158 2029 4205 tus
2070 4147 2322 4204 correxit.
2358 4145 2556 4216 (Εικιι.)
2585 4142 2735 4197 Circa
2765 4155 3046 4211 pauperes
3075 4136 3240 4192 etiam
3265 4135 3554 4199 sollicitus,

1943 4259 2054 4298 non
2080 4242 2254 4296 solum
2303 4239 2359 4294 in
2397 4253 2566 4310 regno
2597 4250 2718 4299 suo,
2770 4248 2960 4287 verum
2989 4231 3152 4285 etiam
3186 4236 3335 4284 trans
3385 4227 3558 4282 maria

1943 4333 1998 4386 in
2027 4332 2276 4404 Aigj'pto,
2303 4329 2364 4405 in
2404 4328 2578 4398 Syria,
2631 4325 2688 4379 in
2715 4323 2912 4385 Africa,
2948 4321 3212 4392 precipue
3256 4320 3312 4373 in
3373 4319 3558 4374 Hiero-

221 4422 355 4478 bion
395 4423 570 4477 duces
607 4422 882 4478 Saxonum
932 4423 1128 4479 Karolo
1182 4424 1520 4480 reconciliati
1560 4403 2172 4497 baptizari-Dsolimis,
2212 4403 2542 4476 liberalitate
2583 4415 3012 4472 elemosinarum
3063 4411 3376 4467 ehristianis
3419 4429 3556 4482 pau-

223 4519 330 4579 tur,
359 4518 614 4567 etmotus
641 4510 914 4566 Saxonum
950 4513 1342 4583 reprimuntur.

475 4602 597 4657 786.
779 4601 832 4658 5.
1015 4605 1067 4660 1.
1253 4607 1342 4662 18.
1525 4607 1582 4660 8.

293 4695 415 4764 (ιὸ.)
468 4695 696 4750 Karolus
770 4711 863 4750 rex
922 4695 1178 4752 Adulfum
1237 4699 1618 4770 synesealcum
1676 4716 1835 4756 suum

222 4791 416 4839 contra
457 4777 731 4838 Brittones
777 4776 1062 4852 “‘mittit,
1105 4792 1159 4840 et
1193 4801 1292 4857 per
1321 4803 1444 4841 eum
1491 4787 1664 4842 multa
1701 4789 1842 4848 Brit-

223 4881 413 4928 tonum
446 4879 623 4928 castra
675 4882 730 4928 et
774 4873 1056 4946 principes
1085 4890 1274 4931 eorum
1322 4877 1486 4948 capit.
1539 4877 1676 4947 (Man
1705 4881 1720 4948 )
1753 4879 1843 4934 Si-

221 4978 390 5036 gnum
424 4962 607 5017 crucis
632 4960 689 5015 in
720 4962 967 5018 vestibus
986 4963 1271 5020 hominum
1295 4966 1619 5037 apparebat.

480 5051 604 5108 787.
784 5053 820 5106 6
1021 5054 1076 5108 2.
1263 5055 1348 5112 19.
1531 5058 1566 5111 9

294 5146 466 5212 (Matt.
517 5143 578 5216 [Ι.
604 5144 642 5216 ])
675 5143 894 5216 Moyses
945 5145 1144 5201 amiras
1182 5147 1451 5215 moritur;
1509 5157 1633 5220 post
1672 5167 1838 5222 quem

226 5241 406 5295 Aaron
449 5237 620 5294 frater
665 5239 788 5310 ejus
816 5240 1106 5296 Saracenis
1156 5243 1316 5297 annis
1362 5243 1431 5297 23
1475 5243 1836 5316 principatur.

1586 5354 1805 5424 vanus
1835 5353 2209 5410 LECTlONES.

297 5446 366 5528 “if
403 5446 738 5502 addit.16.:
797 5449 918 5506 rell.
960 5454 1162 5521 praeter
1204 5452 1265 5506 A.
1319 5450 1442 5522 (qui
1485 5469 1566 5509 ea.
1618 5453 1742 5510 8‘29.
1793 5457 1966 5528 habet)
2017 5455 2144 5510 (32*.
2226 5453 2291 5488 1“
2321 5453 2560 5508 bittones
2614 5453 2728 5520 Sig.

224 5521 308 5573 ter
338 5519 397 5572 .i.

1940 4517 2166 4590 peribus
2195 4513 2588 4578 solatiabatur;
2627 4507 3114 4566 transmarinorum
3143 4521 3330 4579 regum
3367 4503 3555 4559 amici-

1939 4613 2042 4668 tias
2089 4611 2161 4667 ob
2203 4611 2306 4664 hoc
2344 4607 2578 4662 maxime
2629 4611 2914 4676 expetens,
2962 4608 3020 4656 ut
3075 4599 3394 4656 christianis
3448 4601 3551 4656 sub

1939 4705 2021 4760 eis
2063 4701 2396 4778 degentibus
2440 4707 2586 4753 esset
2633 4695 2915 4752 revelatio.
2967 4693 3080 4760 (1b.:
3125 4691 3425 4748 Alehuinus
3483 4693 3553 4748 de

1945 4794 2222 4850 Britannia
2249 4790 2539 4850 oriundus,
2563 4788 2822 4862 magister
2851 4785 3148 4840 deliciosus
3181 4785 3326 4860 regis
3350 4785 3553 4853 Karoli,

1943 4883 2178 4940 scicntia
2215 4883 2520 4937 litterarum
2573 4877 2841 4950 prepollct
2867 4877 2921 4930 in
2951 4876 3144 4942 Gallia,
3178 4876 3335 4945 cujus
3375 4877 3556 4946 preci-

1945 4991 2052 5046 pue
2085 4970 2404 5047 magisterio
2433 4970 2550 5040 ipse
2594 4985 2688 5023 rex
2717 4983 2911 5024 omnes
2942 4966 3204 5021 liberales
3233 4973 3379 5020 artes
3409 4966 3555 5020 didi-

1943 5066 2034 5121 cit.
2072 5065 2166 5119 llic
2201 5065 2374 5117 multa
2409 5061 2652 5131 scripsit,
2685 5061 2827 5114 inter
2855 5075 2978 5131 qua:
3010 5058 3256 5113 eminent
3305 5057 3428 5111 libri
3484 5059 3553 5114 de

1941 5162 2128 5212 sancta
2151 5153 2413 5208 Trinitate
2443 5152 2632 5223 scripti
2665 5151 2731 5206 ad
2761 5150 2940 5222 ipsum
2983 5165 3164 5224 regem
3239 5147 3356 5217 [Hic
3386 5147 3551 5204 etiam

1937 5247 2090 5316 jussu
2123 5245 2299 5316 ipsius
2328 5241 2474 5316 regis
2503 5241 2744 5296 divinam
2775 5239 3063 5294 historiam
3100 5234 3338 5292 correxit
3370 5237 3476 5310 ¹⁶.⁵.]

2823 5449 2888 5484 εδδ
2918 5447 3196 5514 add.16.;
3265 5449 3365 5503 rell
3408 5425 3557 5520 pm-

1787 5597 1999 5653 ΝΟῊΕ.

297 5687 442 5756 (175)
459 5687 616 5743 Albis
642 5686 772 5754 fuit;
801 5689 923 5745 vide
955 5691 1299 5766 Reginonem
1325 5699 1381 5748 et
1411 5694 1549 5750 Ann.
1587 5695 1774 5760 Mem;
1805 5695 1876 5752 cf.
1913 5697 2056 5752 lllon.
2100 5695 2192 5752 SS.
2220 5695 2290 5762 ll,
2321 5693 2449 5759 223,
2474 5699 2622 5750 nota.
