  <div class='ocr_page' id='page_1' title='image "/cluster/home/n/w/nwhite01/storage/ocr_20150623/160/hvd.32044054760186/081.png"; bbox 0 0 3870 6060; ppageno 0'>
   <div class='ocr_carea' id='block_1_1' title="bbox 253 179 1781 245">
    <p class='ocr_par' dir='ltr' id='par_1_1' title="bbox 253 185 1781 245">
     <span class='ocr_line' id='line_1_1' title="bbox 253 185 1781 245; baseline -0.002 -2"><span class='ocrx_word' id='word_1_1' title='bbox 253 189 350 245; x_wconf 85' lang='grc'><strong>151</strong></span> <span class='ocrx_word' id='word_1_2' title='bbox 1454 185 1781 242; x_wconf 82' lang='lat' dir='ltr'><strong>SIGEBEBT</strong></span> 
     </span>
    </p>
   </div>
   <div class='ocr_carea' id='block_1_2' title="bbox 2078 179 3606 245">
    <p class='ocr_par' dir='ltr' id='par_1_2' title="bbox 2078 179 3606 238">
     <span class='ocr_line' id='line_1_2' title="bbox 2078 179 3606 238; baseline -0.003 0"><span class='ocrx_word' id='word_1_3' title='bbox 2078 183 2356 238; x_wconf 68' lang='lat' dir='ltr'><strong>ACENSIS.</strong></span> <span class='ocrx_word' id='word_1_4' title='bbox 3484 179 3606 235; x_wconf 79' lang='lat'><strong>152</strong></span> 
     </span>
    </p>
   </div>
   <div class='ocr_carea' id='block_1_3' title="bbox 329 303 1857 383">
    <p class='ocr_par' dir='ltr' id='par_1_3' title="bbox 329 312 1477 370">
     <span class='ocr_line' id='line_1_3' title="bbox 329 312 1477 370; baseline -0.003 0"><span class='ocrx_word' id='word_1_5' title='bbox 329 315 448 370; x_wconf 86' lang='lat'><strong>791.</strong></span> <span class='ocrx_word' id='word_1_6' title='bbox 527 315 570 369; x_wconf 74' lang='grc' dir='ltr'><strong><em>Β</em></strong></span> <span class='ocrx_word' id='word_1_7' title='bbox 634 313 719 369; x_wconf 86' lang='lat'><strong>10.</strong></span> <span class='ocrx_word' id='word_1_8' title='bbox 796 312 942 367; x_wconf 69' lang='lat'><strong>8.4.</strong></span> <span class='ocrx_word' id='word_1_9' title='bbox 1021 312 1209 368; x_wconf 75' lang='lat' dir='ltr'><strong>F.23.</strong></span> <span class='ocrx_word' id='word_1_10' title='bbox 1288 312 1348 366; x_wconf 87' lang='grc' dir='ltr'>Β.</span> <span class='ocrx_word' id='word_1_11' title='bbox 1390 312 1477 366; x_wconf 85' lang='grc'><strong>13.</strong></span> 
     </span>
    </p>
   </div>
   <div class='ocr_carea' id='block_1_4' title="bbox 2066 303 3594 383">
    <p class='ocr_par' dir='ltr' id='par_1_4' title="bbox 2066 303 3594 380">
     <span class='ocr_line' id='line_1_4' title="bbox 2066 303 3594 380; baseline -0.005 -16"><span class='ocrx_word' id='word_1_12' title='bbox 2066 325 2226 380; x_wconf 81' lang='lat' dir='ltr'><strong>nceps</strong></span> <span class='ocrx_word' id='word_1_13' title='bbox 2255 311 2485 363; x_wconf 82' lang='lat' dir='ltr'><strong>Avarum</strong></span> <span class='ocrx_word' id='word_1_14' title='bbox 2530 323 2591 361; x_wconf 91' lang='lat' dir='ltr'><strong>se</strong></span> <span class='ocrx_word' id='word_1_15' title='bbox 2642 314 2696 362; x_wconf 91' lang='lat' dir='ltr'><strong>et</strong></span> <span class='ocrx_word' id='word_1_16' title='bbox 2726 306 2955 376; x_wconf 88' lang='lat' dir='ltr'><strong>patriam</strong></span> <span class='ocrx_word' id='word_1_17' title='bbox 3012 320 3167 360; x_wconf 79' lang='lat' dir='ltr'><strong>suam</strong></span> <span class='ocrx_word' id='word_1_18' title='bbox 3228 303 3423 360; x_wconf 81' lang='lat' dir='ltr'><strong>Karolo</strong></span> <span class='ocrx_word' id='word_1_19' title='bbox 3462 304 3594 376; x_wconf 74' lang='lat' dir='ltr'><strong>regi</strong></span> 
     </span>
    </p>
   </div>
   <div class='ocr_carea' id='block_1_5' title="bbox 329 402 3054 480">
    <p class='ocr_par' dir='ltr' id='par_1_5' title="bbox 329 402 3054 480">
     <span class='ocr_line' id='line_1_5' title="bbox 329 402 3054 480; baseline -0.003 -16"><span class='ocrx_word' id='word_1_20' title='bbox 329 409 423 480; x_wconf 84' lang='grc' dir='ltr'><strong>(Η.</strong></span> <span class='ocrx_word' id='word_1_21' title='bbox 455 408 546 471; x_wconf 87' lang='lat' dir='ltr'><strong>m.)</strong></span> <span class='ocrx_word' id='word_1_22' title='bbox 583 406 972 461; x_wconf 90' lang='lat' dir='ltr'><strong>Constantinus</strong></span> <span class='ocrx_word' id='word_1_23' title='bbox 993 412 1224 462; x_wconf 89' lang='lat' dir='ltr'><strong>matrem</strong></span> <span class='ocrx_word' id='word_1_24' title='bbox 1276 422 1436 461; x_wconf 88' lang='lat' dir='ltr'><strong>suam</strong></span> <span class='ocrx_word' id='word_1_25' title='bbox 1469 406 1724 477; x_wconf 81' lang='lat' dir='ltr'><strong>Hyrenen</strong></span> <span class='ocrx_word' id='word_1_26' title='bbox 1762 406 1864 459; x_wconf 91' lang='lat' dir='ltr'><strong>im-</strong></span> <span class='ocrx_word' id='word_1_27' title='bbox 1972 404 2144 468; x_wconf 82' lang='lat' dir='ltr'><strong>dedit,</strong></span> <span class='ocrx_word' id='word_1_28' title='bbox 2178 403 2480 477; x_wconf 86' lang='lat' dir='ltr'><strong>etgratiam</strong></span> <span class='ocrx_word' id='word_1_29' title='bbox 2512 402 2772 472; x_wconf 73' lang='lat' dir='ltr'><strong>baptismi</strong></span> <span class='ocrx_word' id='word_1_30' title='bbox 2802 402 3054 473; x_wconf 76' lang='lat' dir='ltr'><strong>percipit.</strong></span> 
     </span>
    </p>
   </div>
   <div class='ocr_carea' id='block_1_6' title="bbox 259 493 3196 570">
    <p class='ocr_par' dir='ltr' id='par_1_6' title="bbox 259 493 3196 570">
     <span class='ocr_line' id='line_1_6' title="bbox 259 493 3196 570; baseline -0.001 -17"><span class='ocrx_word' id='word_1_31' title='bbox 259 499 414 570; x_wconf 90' lang='lat' dir='ltr'><strong>perio</strong></span> <span class='ocrx_word' id='word_1_32' title='bbox 441 498 634 568; x_wconf 79' lang='lat' dir='ltr'><strong>privat,</strong></span> <span class='ocrx_word' id='word_1_33' title='bbox 666 497 930 568; x_wconf 90' lang='lat' dir='ltr'><strong>solusque</strong></span> <span class='ocrx_word' id='word_1_34' title='bbox 961 497 1122 555; x_wconf 90' lang='lat' dir='ltr'><strong>annis</strong></span> <span class='ocrx_word' id='word_1_35' title='bbox 1150 498 1183 551; x_wconf 89' lang='lat'>6</span> <span class='ocrx_word' id='word_1_36' title='bbox 1236 498 1488 567; x_wconf 88' lang='lat' dir='ltr'><strong>imperat.</strong></span> <span class='ocrx_word' id='word_1_37' title='bbox 1543 500 1693 563; x_wconf 85' lang='lat' dir='ltr'><strong>(Mett</strong></span> <span class='ocrx_word' id='word_1_38' title='bbox 1748 497 1872 568; x_wconf 83' lang='lat' dir='ltr'><strong>[L.])</strong></span> <span class='ocrx_word' id='word_1_39' title='bbox 2045 496 2169 551; x_wconf 86' lang='lat'><strong>798.</strong></span> <span class='ocrx_word' id='word_1_40' title='bbox 2355 497 2404 551; x_wconf 92' lang='lat'><strong>7.</strong></span> <span class='ocrx_word' id='word_1_41' title='bbox 2592 496 2680 548; x_wconf 94' lang='lat'><strong>11.</strong></span> <span class='ocrx_word' id='word_1_42' title='bbox 2866 493 2954 549; x_wconf 87' lang='lat'><strong>30.</strong></span> <span class='ocrx_word' id='word_1_43' title='bbox 3102 493 3196 549; x_wconf 84' lang='grc'>20.</span> 
     </span>
    </p>
   </div>
   <div class='ocr_carea' id='block_1_7' title="bbox 260 585 3613 659">
    <p class='ocr_par' dir='ltr' id='par_1_7' title="bbox 260 585 3613 659">
     <span class='ocr_line' id='line_1_7' title="bbox 260 585 3613 659; baseline -0.001 -18"><span class='ocrx_word' id='word_1_44' title='bbox 260 586 486 641; x_wconf 84' lang='lat' dir='ltr'><strong>Karolus</strong></span> <span class='ocrx_word' id='word_1_45' title='bbox 512 601 606 640; x_wconf 86' lang='lat' dir='ltr'><strong>rex</strong></span> <span class='ocrx_word' id='word_1_46' title='bbox 657 602 888 659; x_wconf 80' lang='lat' dir='ltr'><strong>regnum</strong></span> <span class='ocrx_word' id='word_1_47' title='bbox 936 586 1168 641; x_wconf 85' lang='lat' dir='ltr'><strong>Avarum</strong></span> <span class='ocrx_word' id='word_1_48' title='bbox 1226 594 1367 641; x_wconf 88' lang='lat' dir='ltr'><strong>terra</strong></span> <span class='ocrx_word' id='word_1_49' title='bbox 1410 586 1659 659; x_wconf 89' lang='lat' dir='ltr'><strong>marique</strong></span> <span class='ocrx_word' id='word_1_50' title='bbox 1700 586 1875 656; x_wconf 88' lang='lat' dir='ltr'><strong>impe—</strong></span> <span class='ocrx_word' id='word_1_51' title='bbox 2052 589 2142 659; x_wconf 87' lang='grc' dir='ltr'><strong>(Η.</strong></span> <span class='ocrx_word' id='word_1_52' title='bbox 2184 595 2276 651; x_wconf 86' lang='lat' dir='ltr'><strong>m.)</strong></span> <span class='ocrx_word' id='word_1_53' title='bbox 2316 588 2528 658; x_wconf 86' lang='lat' dir='ltr'><strong>Hyrene</strong></span> <span class='ocrx_word' id='word_1_54' title='bbox 2564 586 2881 658; x_wconf 84' lang='lat' dir='ltr'><strong>imperatrix</strong></span> <span class='ocrx_word' id='word_1_55' title='bbox 2914 602 3082 654; x_wconf 91' lang='lat' dir='ltr'><strong>super</strong></span> <span class='ocrx_word' id='word_1_56' title='bbox 3132 592 3325 656; x_wconf 90' lang='lat' dir='ltr'><strong>erepto</strong></span> <span class='ocrx_word' id='word_1_57' title='bbox 3354 585 3457 639; x_wconf 81' lang='lat' dir='ltr'><strong>sibi</strong></span> <span class='ocrx_word' id='word_1_58' title='bbox 3489 586 3613 638; x_wconf 89' lang='lat' dir='ltr'><strong>im-</strong></span> 
     </span>
    </p>
   </div>
   <div class='ocr_carea' id='block_1_8' title="bbox 263 672 3611 748">
    <p class='ocr_par' dir='ltr' id='par_1_8' title="bbox 263 672 3611 748">
     <span class='ocr_line' id='line_1_8' title="bbox 263 672 3611 748; baseline -0.001 -18"><span class='ocrx_word' id='word_1_59' title='bbox 263 677 344 739; x_wconf 93' lang='lat' dir='ltr'><strong>tit,</strong></span> <span class='ocrx_word' id='word_1_60' title='bbox 370 674 563 746; x_wconf 90' lang='lat' dir='ltr'><strong>eisque</strong></span> <span class='ocrx_word' id='word_1_61' title='bbox 594 675 650 728; x_wconf 95' lang='lat' dir='ltr'><strong>in</strong></span> <span class='ocrx_word' id='word_1_62' title='bbox 680 674 798 729; x_wconf 89' lang='lat' dir='ltr'><strong>sola</strong></span> <span class='ocrx_word' id='word_1_63' title='bbox 830 673 958 745; x_wconf 80' lang='lat' dir='ltr'><strong>fuga</strong></span> <span class='ocrx_word' id='word_1_64' title='bbox 984 689 1137 745; x_wconf 86' lang='lat' dir='ltr'><strong>spem</strong></span> <span class='ocrx_word' id='word_1_65' title='bbox 1172 674 1441 728; x_wconf 73' lang='lat' dir='ltr'><strong>evadendi</strong></span> <span class='ocrx_word' id='word_1_66' title='bbox 1478 673 1720 744; x_wconf 89' lang='lat' dir='ltr'><strong>reliquit.</strong></span> <span class='ocrx_word' id='word_1_67' title='bbox 1986 678 2140 748; x_wconf 91' lang='lat' dir='ltr'><strong>perio</strong></span> <span class='ocrx_word' id='word_1_68' title='bbox 2170 676 2429 733; x_wconf 75' lang='lat' dir='ltr'><strong>feemineo</strong></span> <span class='ocrx_word' id='word_1_69' title='bbox 2484 677 2674 731; x_wconf 89' lang='lat' dir='ltr'><strong>dolore</strong></span> <span class='ocrx_word' id='word_1_70' title='bbox 2706 675 2899 741; x_wconf 84' lang='lat' dir='ltr'><strong>abusa,</strong></span> <span class='ocrx_word' id='word_1_71' title='bbox 2951 673 3363 729; x_wconf 90' lang='lat' dir='ltr'><strong>Constantinum</strong></span> <span class='ocrx_word' id='word_1_72' title='bbox 3422 672 3611 726; x_wconf 77' lang='lat' dir='ltr'><strong>tilium</strong></span> 
     </span>
    </p>
   </div>
   <div class='ocr_carea' id='block_1_9' title="bbox 330 764 1858 841">
    <p class='ocr_par' dir='ltr' id='par_1_9' title="bbox 330 764 1495 821">
     <span class='ocr_line' id='line_1_9' title="bbox 330 764 1495 821; baseline -0.002 0"><span class='ocrx_word' id='word_1_73' title='bbox 330 766 456 821; x_wconf 78' lang='lat'><strong>792.</strong></span> <span class='ocrx_word' id='word_1_74' title='bbox 644 765 669 818; x_wconf 89' lang='lat'><strong>1</strong></span> <span class='ocrx_word' id='word_1_75' title='bbox 692 807 702 818; x_wconf 95' lang='lat'><strong>.</strong></span> <span class='ocrx_word' id='word_1_76' title='bbox 883 764 938 819; x_wconf 84' lang='lat'><strong>5.</strong></span> <span class='ocrx_word' id='word_1_77' title='bbox 1119 764 1212 818; x_wconf 68' lang='lat'><strong>2-1.</strong></span> <span class='ocrx_word' id='word_1_78' title='bbox 1409 766 1495 819; x_wconf 69' lang='lat'><strong>14.</strong></span> 
     </span>
    </p>
   </div>
   <div class='ocr_carea' id='block_1_10' title="bbox 2088 764 3616 841">
    <p class='ocr_par' dir='ltr' id='par_1_10' title="bbox 2096 765 3616 841">
     <span class='ocr_line' id='line_1_10' title="bbox 2096 765 3616 841; baseline -0.005 -16"><span class='ocrx_word' id='word_1_79' title='bbox 2096 787 2144 824; x_wconf 76' lang='lat' dir='ltr'><strong>in</strong></span> <span class='ocrx_word' id='word_1_80' title='bbox 2178 771 2353 825; x_wconf 91' lang='lat' dir='ltr'><strong>oculis</strong></span> <span class='ocrx_word' id='word_1_81' title='bbox 2383 779 2438 824; x_wconf 90' lang='lat' dir='ltr'><strong>et</strong></span> <span class='ocrx_word' id='word_1_82' title='bbox 2469 769 2704 841; x_wconf 88' lang='lat' dir='ltr'><strong>imperio</strong></span> <span class='ocrx_word' id='word_1_83' title='bbox 2754 769 2949 838; x_wconf 79' lang='lat' dir='ltr'><strong>privat,</strong></span> <span class='ocrx_word' id='word_1_84' title='bbox 2984 776 3038 822; x_wconf 91' lang='lat' dir='ltr'><strong>et</strong></span> <span class='ocrx_word' id='word_1_85' title='bbox 3071 767 3188 822; x_wconf 88' lang='lat' dir='ltr'><strong>sola</strong></span> <span class='ocrx_word' id='word_1_86' title='bbox 3221 767 3380 821; x_wconf 86' lang='lat' dir='ltr'><strong>annis</strong></span> <span class='ocrx_word' id='word_1_87' title='bbox 3414 766 3447 819; x_wconf 91' lang='lat'>3</span> <span class='ocrx_word' id='word_1_88' title='bbox 3494 765 3616 819; x_wconf 84' lang='lat' dir='ltr'><strong>im-</strong></span> 
     </span>
    </p>
   </div>
   <div class='ocr_carea' id='block_1_11' title="bbox 332 856 3619 934">
    <p class='ocr_par' dir='ltr' id='par_1_11' title="bbox 332 856 3619 934">
     <span class='ocr_line' id='line_1_11' title="bbox 332 856 3619 934; baseline -0 -21"><span class='ocrx_word' id='word_1_89' title='bbox 332 861 425 929; x_wconf 88' lang='grc' dir='ltr'><strong>(Η.</strong></span> <span class='ocrx_word' id='word_1_90' title='bbox 454 860 549 926; x_wconf 90' lang='lat' dir='ltr'><strong>m.)</strong></span> <span class='ocrx_word' id='word_1_91' title='bbox 581 858 974 915; x_wconf 89' lang='lat' dir='ltr'><strong>Constantinus</strong></span> <span class='ocrx_word' id='word_1_92' title='bbox 1019 860 1324 929; x_wconf 87' lang='lat' dir='ltr'><strong>imperator</strong></span> <span class='ocrx_word' id='word_1_93' title='bbox 1351 873 1685 930; x_wconf 76' lang='lat' dir='ltr'><strong>congressus</strong></span> <span class='ocrx_word' id='word_1_94' title='bbox 1728 856 1888 912; x_wconf 86' lang='lat' dir='ltr'><strong>Char-</strong></span> <span class='ocrx_word' id='word_1_95' title='bbox 1992 874 2161 934; x_wconf 85' lang='lat' dir='ltr'><strong>perat.</strong></span> <span class='ocrx_word' id='word_1_96' title='bbox 2222 865 2434 919; x_wconf 88' lang='lat' dir='ltr'><strong>Thatun</strong></span> <span class='ocrx_word' id='word_1_97' title='bbox 2495 865 2779 934; x_wconf 84' lang='lat' dir='ltr'><strong>ilyspanus</strong></span> <span class='ocrx_word' id='word_1_98' title='bbox 2838 863 3154 916; x_wconf 67' lang='lat' dir='ltr'><strong>Barcinona:</strong></span> <span class='ocrx_word' id='word_1_99' title='bbox 3219 858 3496 931; x_wconf 81' lang='lat' dir='ltr'><strong>profectus</strong></span> <span class='ocrx_word' id='word_1_100' title='bbox 3549 874 3619 912; x_wconf 90' lang='lat' dir='ltr'><strong>se</strong></span> 
     </span>
    </p>
   </div>
   <div class='ocr_carea' id='block_1_12' title="bbox 263 946 3622 1026">
    <p class='ocr_par' dir='ltr' id='par_1_12' title="bbox 263 946 3622 1026">
     <span class='ocr_line' id='line_1_12' title="bbox 263 946 3622 1026; baseline -0.005 -22"><span class='ocrx_word' id='word_1_101' title='bbox 263 950 428 1006; x_wconf 89' lang='lat' dir='ltr'><strong>damo</strong></span> <span class='ocrx_word' id='word_1_102' title='bbox 462 948 705 1022; x_wconf 84' lang='lat' dir='ltr'><strong>Bulgari,</strong></span> <span class='ocrx_word' id='word_1_103' title='bbox 759 948 993 1019; x_wconf 87' lang='lat' dir='ltr'><strong>turpiter</strong></span> <span class='ocrx_word' id='word_1_104' title='bbox 1025 948 1201 1002; x_wconf 87' lang='lat' dir='ltr'><strong>victus</strong></span> <span class='ocrx_word' id='word_1_105' title='bbox 1246 948 1678 1010; x_wconf 87' lang='lat' dir='ltr'><strong>dehonestatur;</strong></span> <span class='ocrx_word' id='word_1_106' title='bbox 1722 946 1889 1000; x_wconf 81' lang='lat' dir='ltr'><strong>Char—</strong></span> <span class='ocrx_word' id='word_1_107' title='bbox 1992 954 2184 1009; x_wconf 72' lang='lat' dir='ltr'><strong>Karoio</strong></span> <span class='ocrx_word' id='word_1_108' title='bbox 2219 954 2334 1026; x_wconf 65' lang='lat' dir='ltr'><strong>regi</strong></span> <span class='ocrx_word' id='word_1_109' title='bbox 2384 954 2556 1019; x_wconf 51' lang='lat' dir='ltr'><strong>dedit,</strong></span> <span class='ocrx_word' id='word_1_110' title='bbox 2589 960 2643 1007; x_wconf 75' lang='grc' dir='ltr'><strong>οι</strong></span> <span class='ocrx_word' id='word_1_111' title='bbox 2683 952 3062 1015; x_wconf 60' lang='grc' dir='ltr'><strong>Βετοίηοηδηι,</strong></span> <span class='ocrx_word' id='word_1_112' title='bbox 3094 966 3217 1021; x_wconf 59' lang='lat' dir='ltr'><strong>qua,</strong></span> <span class='ocrx_word' id='word_1_113' title='bbox 3270 948 3338 1003; x_wconf 70' lang='lat' dir='ltr'><strong>ab</strong></span> <span class='ocrx_word' id='word_1_114' title='bbox 3380 948 3474 1003; x_wconf 80' lang='lat' dir='ltr'><strong>iuo</strong></span> <span class='ocrx_word' id='word_1_115' title='bbox 3504 949 3622 1002; x_wconf 75' lang='lat' dir='ltr'><strong>de-</strong></span> 
     </span>
    </p>
   </div>
   <div class='ocr_carea' id='block_1_13' title="bbox 266 1038 3620 1115">
    <p class='ocr_par' dir='ltr' id='par_1_13' title="bbox 266 1038 3620 1115">
     <span class='ocr_line' id='line_1_13' title="bbox 266 1038 3620 1115; baseline 0.001 -19"><span class='ocrx_word' id='word_1_116' title='bbox 266 1043 461 1096; x_wconf 83' lang='lat' dir='ltr'><strong>damus</strong></span> <span class='ocrx_word' id='word_1_117' title='bbox 482 1040 697 1095; x_wconf 85' lang='lat' dir='ltr'><strong>sublato</strong></span> <span class='ocrx_word' id='word_1_118' title='bbox 730 1039 881 1114; x_wconf 81' lang='lat' dir='ltr'><strong>regio</strong></span> <span class='ocrx_word' id='word_1_119' title='bbox 912 1040 1351 1110; x_wconf 88' lang='lat' dir='ltr'><strong>omniapparatu</strong></span> <span class='ocrx_word' id='word_1_120' title='bbox 1383 1038 1603 1093; x_wconf 90' lang='lat' dir='ltr'><strong>ditatur.</strong></span> <span class='ocrx_word' id='word_1_121' title='bbox 1639 1038 1888 1108; x_wconf 87' lang='lat' dir='ltr'><strong>Pipinus,</strong></span> <span class='ocrx_word' id='word_1_122' title='bbox 1992 1047 2244 1111; x_wconf 61' lang='grc' dir='ltr'><strong>ξαίνει-ιιι,</strong></span> <span class='ocrx_word' id='word_1_123' title='bbox 2298 1047 2500 1100; x_wconf 85' lang='lat' dir='ltr'><strong>reddit.</strong></span> <span class='ocrx_word' id='word_1_124' title='bbox 2534 1046 2704 1113; x_wconf 68' lang='lat' dir='ltr'><strong>(Matt.</strong></span> <span class='ocrx_word' id='word_1_125' title='bbox 2759 1043 2884 1115; x_wconf 84' lang='lat' dir='ltr'><strong>[L.])</strong></span> <span class='ocrx_word' id='word_1_126' title='bbox 2938 1043 3164 1098; x_wconf 84' lang='lat' dir='ltr'><strong>Karolus</strong></span> <span class='ocrx_word' id='word_1_127' title='bbox 3209 1058 3301 1096; x_wconf 85' lang='lat' dir='ltr'><strong>rex</strong></span> <span class='ocrx_word' id='word_1_128' title='bbox 3360 1040 3620 1095; x_wconf 79' lang='lat' dir='ltr'><strong>Saxones</strong></span> 
     </span>
    </p>
   </div>
   <div class='ocr_carea' id='block_1_14' title="bbox 265 1126 3618 1208">
    <p class='ocr_par' dir='ltr' id='par_1_14' title="bbox 265 1126 3618 1208">
     <span class='ocr_line' id='line_1_14' title="bbox 265 1126 3618 1208; baseline -0 -24"><span class='ocrx_word' id='word_1_129' title='bbox 265 1129 446 1185; x_wconf 82' lang='lat' dir='ltr'><strong>Karoli</strong></span> <span class='ocrx_word' id='word_1_130' title='bbox 471 1129 621 1202; x_wconf 80' lang='lat' dir='ltr'><strong>regis</strong></span> <span class='ocrx_word' id='word_1_131' title='bbox 655 1144 721 1182; x_wconf 85' lang='lat' dir='ltr'><strong>ex</strong></span> <span class='ocrx_word' id='word_1_132' title='bbox 755 1128 1071 1182; x_wconf 87' lang='lat' dir='ltr'><strong>concubina</strong></span> <span class='ocrx_word' id='word_1_133' title='bbox 1104 1126 1277 1192; x_wconf 79' lang='lat' dir='ltr'><strong>filius,</strong></span> <span class='ocrx_word' id='word_1_134' title='bbox 1325 1128 1493 1201; x_wconf 84' lang='lat' dir='ltr'><strong>gibbo</strong></span> <span class='ocrx_word' id='word_1_135' title='bbox 1542 1126 1825 1191; x_wconf 75' lang='lat' dir='ltr'><strong>deformis,</strong></span> <span class='ocrx_word' id='word_1_136' title='bbox 1862 1144 1890 1179; x_wconf 88' lang='lat' dir='ltr'><strong>a</strong></span> <span class='ocrx_word' id='word_1_137' title='bbox 1992 1135 2141 1208; x_wconf 68' lang='lat' dir='ltr'><strong>gravi</strong></span> <span class='ocrx_word' id='word_1_138' title='bbox 2181 1135 2369 1204; x_wconf 64' lang='grc' dir='ltr'><strong>ρι-ωιίο</strong></span> <span class='ocrx_word' id='word_1_139' title='bbox 2399 1135 2586 1189; x_wconf 67' lang='lat' dir='ltr'><strong>vincit,</strong></span> <span class='ocrx_word' id='word_1_140' title='bbox 2621 1134 2908 1203; x_wconf 73' lang='lat' dir='ltr'><strong>Adelphon</strong></span> <span class='ocrx_word' id='word_1_141' title='bbox 2940 1148 3030 1186; x_wconf 85' lang='lat' dir='ltr'><strong>rex</strong></span> <span class='ocrx_word' id='word_1_142' title='bbox 3059 1131 3308 1186; x_wconf 65' lang='lat' dir='ltr'><strong>Galithim</strong></span> <span class='ocrx_word' id='word_1_143' title='bbox 3354 1130 3471 1202; x_wconf 80' lang='lat' dir='ltr'><strong>regi</strong></span> <span class='ocrx_word' id='word_1_144' title='bbox 3500 1129 3618 1183; x_wconf 85' lang='lat' dir='ltr'><strong>Ka-</strong></span> 
     </span>
    </p>
   </div>
   <div class='ocr_carea' id='block_1_15' title="bbox 276 1214 3623 1296">
    <p class='ocr_par' dir='ltr' id='par_1_15' title="bbox 276 1214 3623 1296">
     <span class='ocr_line' id='line_1_15' title="bbox 276 1214 3623 1296; baseline -0.004 -7"><span class='ocrx_word' id='word_1_145' title='bbox 276 1216 605 1289; x_wconf 64' lang='lat' dir='ltr'><strong>QUibUSdam</strong></span> <span class='ocrx_word' id='word_1_146' title='bbox 701 1216 1029 1271; x_wconf 63' lang='lat' dir='ltr'><strong>Francorum</strong></span> <span class='ocrx_word' id='word_1_147' title='bbox 1114 1216 1450 1286; x_wconf 64' lang='lat' dir='ltr'><strong>Pl&#39;imm&#39;ibus</strong></span> <span class='ocrx_word' id='word_1_148' title='bbox 1527 1214 1892 1285; x_wconf 69' lang='grc' dir='ltr'><strong>ΡΓοῐηῙδδίοιιθ</strong></span> <span class='ocrx_word' id='word_1_149' title='bbox 1995 1227 2109 1281; x_wconf 91' lang='lat' dir='ltr'><strong>rolo</strong></span> <span class='ocrx_word' id='word_1_150' title='bbox 2132 1229 2302 1284; x_wconf 89' lang='lat' dir='ltr'><strong>multa</strong></span> <span class='ocrx_word' id='word_1_151' title='bbox 2334 1243 2569 1281; x_wconf 86' lang='lat' dir='ltr'><strong>munera</strong></span> <span class='ocrx_word' id='word_1_152' title='bbox 2606 1226 2791 1282; x_wconf 85' lang='lat' dir='ltr'><strong>mittit.</strong></span> <span class='ocrx_word' id='word_1_153' title='bbox 2823 1225 2919 1296; x_wconf 89' lang='grc' dir='ltr'>(Η.</span> <span class='ocrx_word' id='word_1_154' title='bbox 2951 1226 3047 1295; x_wconf 79' lang='grc' dir='ltr'><strong>Μ.)</strong></span> <span class='ocrx_word' id='word_1_155' title='bbox 3088 1224 3176 1280; x_wconf 89' lang='lat' dir='ltr'><strong>Sol</strong></span> <span class='ocrx_word' id='word_1_156' title='bbox 3209 1223 3623 1279; x_wconf 86' lang='lat' dir='ltr'><strong>obtenebratus</strong></span> 
     </span>
    </p>
   </div>
   <div class='ocr_carea' id='block_1_16' title="bbox 270 1307 2472 1385">
    <p class='ocr_par' dir='ltr' id='par_1_16' title="bbox 270 1307 2472 1385">
     <span class='ocr_line' id='line_1_16' title="bbox 270 1307 2472 1385; baseline -0.001 -21"><span class='ocrx_word' id='word_1_157' title='bbox 270 1309 427 1383; x_wconf 83' lang='lat' dir='ltr'><strong>regni</strong></span> <span class='ocrx_word' id='word_1_158' title='bbox 460 1308 695 1375; x_wconf 86' lang='lat' dir='ltr'><strong>illectus,</strong></span> <span class='ocrx_word' id='word_1_159' title='bbox 736 1317 928 1364; x_wconf 89' lang='lat' dir='ltr'><strong>contra</strong></span> <span class='ocrx_word' id='word_1_160' title='bbox 968 1316 1180 1379; x_wconf 89' lang='lat' dir='ltr'><strong>patrem</strong></span> <span class='ocrx_word' id='word_1_161' title='bbox 1215 1307 1541 1376; x_wconf 74' lang='lat' dir='ltr'><strong>coniuravit.</strong></span> <span class='ocrx_word' id='word_1_162' title='bbox 1578 1307 1729 1360; x_wconf 86' lang='lat' dir='ltr'><strong>Unde</strong></span> <span class='ocrx_word' id='word_1_163' title='bbox 1764 1322 1899 1361; x_wconf 88' lang='lat' dir='ltr'><strong>con—</strong></span> <span class='ocrx_word' id='word_1_164' title='bbox 1997 1324 2079 1370; x_wconf 68' lang='lat' dir='ltr'><strong>est</strong></span> <span class='ocrx_word' id='word_1_165' title='bbox 2114 1332 2211 1385; x_wconf 65' lang='lat' dir='ltr'><strong>per</strong></span> <span class='ocrx_word' id='word_1_166' title='bbox 2236 1315 2357 1370; x_wconf 68' lang='lat' dir='ltr'><strong>dies</strong></span> <span class='ocrx_word' id='word_1_167' title='bbox 2392 1314 2472 1368; x_wconf 81' lang='grc'><strong>17,</strong></span> 
     </span>
    </p>
   </div>
   <div class='ocr_carea' id='block_1_17' title="bbox 267 1399 1795 1464">
    <p class='ocr_par' dir='ltr' id='par_1_17' title="bbox 267 1399 1795 1463">
     <span class='ocr_line' id='line_1_17' title="bbox 267 1399 1795 1463; baseline -0.003 -8"><span class='ocrx_word' id='word_1_168' title='bbox 267 1401 446 1456; x_wconf 87' lang='lat' dir='ltr'><strong>victus</strong></span> <span class='ocrx_word' id='word_1_169' title='bbox 478 1406 810 1463; x_wconf 90' lang='lat' dir='ltr'><strong>tonsoratur,</strong></span> <span class='ocrx_word' id='word_1_170' title='bbox 867 1407 921 1455; x_wconf 88' lang='lat' dir='ltr'><strong>et</strong></span> <span class='ocrx_word' id='word_1_171' title='bbox 973 1401 1030 1453; x_wconf 91' lang='lat' dir='ltr'><strong>in</strong></span> <span class='ocrx_word' id='word_1_172' title='bbox 1080 1399 1296 1454; x_wconf 86' lang='lat' dir='ltr'><strong>Prumia</strong></span> <span class='ocrx_word' id='word_1_173' title='bbox 1343 1399 1604 1454; x_wconf 76' lang='lat' dir='ltr'><strong>eoenobio</strong></span> <span class='ocrx_word' id='word_1_174' title='bbox 1639 1406 1795 1453; x_wconf 74' lang='lat' dir='ltr'><strong>retru:</strong></span> 
     </span>
    </p>
   </div>
   <div class='ocr_carea' id='block_1_18' title="bbox 1714 1399 3242 1464">
    <p class='ocr_par' dir='ltr' id='par_1_18' title="bbox 1714 1403 3242 1464">
     <span class='ocr_line' id='line_1_18' title="bbox 1714 1403 3242 1464; baseline 0.002 -12"><span class='ocrx_word' id='word_1_175' title='bbox 1714 1414 1882 1453; x_wconf 70' lang='lat' dir='ltr'><strong>,rusus</strong></span> <span class='ocrx_word' id='word_1_176' title='bbox 2054 1407 2179 1464; x_wconf 86' lang='lat'><strong>799.</strong></span> <span class='ocrx_word' id='word_1_177' title='bbox 2371 1409 2418 1461; x_wconf 91' lang='lat'><strong>1.</strong></span> <span class='ocrx_word' id='word_1_178' title='bbox 2609 1406 2697 1459; x_wconf 81' lang='grc'><strong>12.</strong></span> <span class='ocrx_word' id='word_1_179' title='bbox 2882 1404 2971 1458; x_wconf 90' lang='lat'><strong>31.</strong></span> <span class='ocrx_word' id='word_1_180' title='bbox 3042 1403 3049 1410; x_wconf 87' lang='grc'><strong>’</strong></span> <span class='ocrx_word' id='word_1_181' title='bbox 3153 1403 3242 1456; x_wconf 76' lang='grc'>21.</span> 
     </span>
    </p>
   </div>
   <div class='ocr_carea' id='block_1_19' title="bbox 266 1486 3614 1565">
    <p class='ocr_par' dir='ltr' id='par_1_19' title="bbox 266 1486 3614 1565">
     <span class='ocr_line' id='line_1_19' title="bbox 266 1486 3614 1565; baseline -0.004 -20"><span class='ocrx_word' id='word_1_182' title='bbox 266 1506 443 1562; x_wconf 89' lang='lat' dir='ltr'><strong>usque</strong></span> <span class='ocrx_word' id='word_1_183' title='bbox 472 1490 540 1544; x_wconf 90' lang='lat' dir='ltr'><strong>ad</strong></span> <span class='ocrx_word' id='word_1_184' title='bbox 571 1488 738 1544; x_wconf 82' lang='lat' dir='ltr'><strong>tinem</strong></span> <span class='ocrx_word' id='word_1_185' title='bbox 779 1488 905 1545; x_wconf 65' lang='lat' dir='ltr'><strong>vita:</strong></span> <span class='ocrx_word' id='word_1_186' title='bbox 940 1489 1050 1545; x_wconf 87' lang='lat' dir='ltr'><strong>Deo</strong></span> <span class='ocrx_word' id='word_1_187' title='bbox 1093 1487 1368 1543; x_wconf 80' lang='lat' dir='ltr'><strong>militavit.</strong></span> <span class='ocrx_word' id='word_1_188' title='bbox 1414 1486 1723 1556; x_wconf 88' lang='lat' dir='ltr'><strong>Complices</strong></span> <span class='ocrx_word' id='word_1_189' title='bbox 1751 1503 1881 1542; x_wconf 89' lang='lat' dir='ltr'><strong>vero</strong></span> <span class='ocrx_word' id='word_1_190' title='bbox 2058 1502 2149 1565; x_wconf 80' lang='grc' dir='ltr'><em>(Η,</em></span> <span class='ocrx_word' id='word_1_191' title='bbox 2190 1497 2282 1562; x_wconf 62' lang='lat' dir='ltr'><strong>7n.)</strong></span> <span class='ocrx_word' id='word_1_192' title='bbox 2341 1495 2733 1550; x_wconf 64' lang='lat' dir='ltr'><strong>Constantinus</strong></span> <span class='ocrx_word' id='word_1_193' title='bbox 2770 1493 3072 1563; x_wconf 59' lang='lat' dir='ltr'><strong>imperator</strong></span> <span class='ocrx_word' id='word_1_194' title='bbox 3099 1491 3349 1545; x_wconf 61' lang='lat' dir='ltr'><strong>mormur,</strong></span> <span class='ocrx_word' id='word_1_195' title='bbox 3384 1492 3442 1545; x_wconf 79' lang='lat' dir='ltr'><strong>1n</strong></span> <span class='ocrx_word' id='word_1_196' title='bbox 3487 1492 3614 1545; x_wconf 74' lang='lat' dir='ltr'><strong>ms.</strong></span> 
     </span>
    </p>
   </div>
   <div class='ocr_carea' id='block_1_20' title="bbox 269 1579 3614 1655">
    <p class='ocr_par' dir='ltr' id='par_1_20' title="bbox 269 1579 3614 1655">
     <span class='ocr_line' id='line_1_20' title="bbox 269 1579 3614 1655; baseline -0.003 -13"><span class='ocrx_word' id='word_1_197' title='bbox 269 1584 667 1651; x_wconf 79' lang='lat' dir='ltr'><strong>coniurationis</strong></span> <span class='ocrx_word' id='word_1_198' title='bbox 696 1584 789 1639; x_wconf 88' lang='lat' dir='ltr'><strong>alii</strong></span> <span class='ocrx_word' id='word_1_199' title='bbox 822 1584 1133 1646; x_wconf 76' lang='lat' dir='ltr'><strong>cxiliantur,</strong></span> <span class='ocrx_word' id='word_1_200' title='bbox 1178 1582 1335 1654; x_wconf 87' lang='lat' dir='ltr'><strong>pauci</strong></span> <span class='ocrx_word' id='word_1_201' title='bbox 1371 1582 1731 1653; x_wconf 89' lang='lat' dir='ltr'><strong>perimuntur.</strong></span> <span class='ocrx_word' id='word_1_202' title='bbox 1986 1585 2148 1655; x_wconf 89' lang='lat' dir='ltr'><strong>pania</strong></span> <span class='ocrx_word' id='word_1_203' title='bbox 2177 1583 2483 1638; x_wconf 87' lang='lat' dir='ltr'><strong>Barcinona</strong></span> <span class='ocrx_word' id='word_1_204' title='bbox 2528 1580 2817 1636; x_wconf 87' lang='lat' dir='ltr'><strong>Saracenis</strong></span> <span class='ocrx_word' id='word_1_205' title='bbox 2848 1579 3087 1644; x_wconf 87' lang='lat' dir='ltr'><strong>reddita,</strong></span> <span class='ocrx_word' id='word_1_206' title='bbox 3120 1595 3150 1632; x_wconf 92' lang='lat' dir='ltr'><strong>a</strong></span> <span class='ocrx_word' id='word_1_207' title='bbox 3193 1579 3372 1635; x_wconf 85' lang='lat' dir='ltr'><strong>Karoli</strong></span> <span class='ocrx_word' id='word_1_208' title='bbox 3403 1580 3614 1633; x_wconf 90' lang='lat' dir='ltr'><strong>militi-</strong></span> 
     </span>
    </p>
   </div>
   <div class='ocr_carea' id='block_1_21' title="bbox 339 1667 3618 1743">
    <p class='ocr_par' dir='ltr' id='par_1_21' title="bbox 339 1667 3618 1743">
     <span class='ocr_line' id='line_1_21' title="bbox 339 1667 3618 1743; baseline -0.003 -7"><span class='ocrx_word' id='word_1_209' title='bbox 339 1677 463 1733; x_wconf 82' lang='lat'><strong>793.</strong></span> <span class='ocrx_word' id='word_1_210' title='bbox 646 1678 701 1732; x_wconf 80' lang='grc'><strong>2.</strong></span> <span class='ocrx_word' id='word_1_211' title='bbox 883 1676 936 1732; x_wconf 86' lang='lat'><strong>6.</strong></span> <span class='ocrx_word' id='word_1_212' title='bbox 1120 1676 1211 1729; x_wconf 71' lang='lat'><strong>25.</strong></span> <span class='ocrx_word' id='word_1_213' title='bbox 1362 1675 1448 1728; x_wconf 77' lang='grc'><strong>15.</strong></span> <span class='ocrx_word' id='word_1_214' title='bbox 1907 1667 1956 1733; x_wconf 84' lang='grc' dir='ltr'><strong>Β</strong></span> <span class='ocrx_word' id='word_1_215' title='bbox 1983 1678 2086 1733; x_wconf 90' lang='lat' dir='ltr'><strong>bus</strong></span> <span class='ocrx_word' id='word_1_216' title='bbox 2107 1686 2189 1733; x_wconf 87' lang='lat' dir='ltr'><strong>est</strong></span> <span class='ocrx_word' id='word_1_217' title='bbox 2209 1678 2453 1733; x_wconf 80' lang='lat' dir='ltr'><strong>obsessa.</strong></span> <span class='ocrx_word' id='word_1_218' title='bbox 2484 1674 2719 1728; x_wconf 87' lang='lat' dir='ltr'><strong>Leonem</strong></span> <span class='ocrx_word' id='word_1_219' title='bbox 2749 1687 2947 1743; x_wconf 82' lang='lat' dir='ltr'><strong>papam</strong></span> <span class='ocrx_word' id='word_1_220' title='bbox 2977 1670 3356 1725; x_wconf 85' lang='lat' dir='ltr'><strong>celebritatem</strong></span> <span class='ocrx_word' id='word_1_221' title='bbox 3388 1670 3618 1726; x_wconf 69' lang='lat' dir='ltr'><strong>letanize</strong></span> 
     </span>
    </p>
   </div>
   <div class='ocr_carea' id='block_1_22' title="bbox 343 1761 3619 1840">
    <p class='ocr_par' dir='ltr' id='par_1_22' title="bbox 343 1761 3619 1840">
     <span class='ocr_line' id='line_1_22' title="bbox 343 1761 3619 1840; baseline -0.002 -18"><span class='ocrx_word' id='word_1_222' title='bbox 343 1769 510 1835; x_wconf 82' lang='lat' dir='ltr'><strong>(Mett.</strong></span> <span class='ocrx_word' id='word_1_223' title='bbox 565 1765 691 1836; x_wconf 90' lang='lat' dir='ltr'><strong>[L.])</strong></span> <span class='ocrx_word' id='word_1_224' title='bbox 724 1764 1000 1819; x_wconf 82' lang='lat' dir='ltr'><strong>Feliciana</strong></span> <span class='ocrx_word' id='word_1_225' title='bbox 1046 1764 1258 1818; x_wconf 85' lang='lat' dir='ltr'><strong>heresis</strong></span> <span class='ocrx_word' id='word_1_226' title='bbox 1300 1762 1702 1816; x_wconf 87' lang='lat' dir='ltr'><strong>condemnatur</strong></span> <span class='ocrx_word' id='word_1_227' title='bbox 1730 1768 1785 1816; x_wconf 92' lang='lat' dir='ltr'><strong>et</strong></span> <span class='ocrx_word' id='word_1_228' title='bbox 1828 1761 1883 1814; x_wconf 91' lang='lat' dir='ltr'><strong>in</strong></span> <span class='ocrx_word' id='word_1_229' title='bbox 1986 1770 2209 1839; x_wconf 73' lang='lat' dir='ltr'><strong>majoris</strong></span> <span class='ocrx_word' id='word_1_230' title='bbox 2265 1773 2518 1840; x_wconf 73' lang='lat' dir='ltr'><strong>agentem</strong></span> <span class='ocrx_word' id='word_1_231' title='bbox 2564 1764 2792 1820; x_wconf 81' lang='lat' dir='ltr'><strong>Romani</strong></span> <span class='ocrx_word' id='word_1_232' title='bbox 2847 1763 3107 1834; x_wconf 76' lang='lat' dir='ltr'><strong>capiunt,</strong></span> <span class='ocrx_word' id='word_1_233' title='bbox 3144 1772 3199 1816; x_wconf 83' lang='lat' dir='ltr'><strong>et</strong></span> <span class='ocrx_word' id='word_1_234' title='bbox 3254 1762 3499 1833; x_wconf 81' lang='lat' dir='ltr'><strong>linguam</strong></span> <span class='ocrx_word' id='word_1_235' title='bbox 3560 1766 3619 1818; x_wconf 89' lang='lat' dir='ltr'><strong>ei</strong></span> 
     </span>
    </p>
   </div>
   <div class='ocr_carea' id='block_1_23' title="bbox 270 1849 1798 1932">
    <p class='ocr_par' dir='ltr' id='par_1_23' title="bbox 270 1850 1798 1926">
     <span class='ocr_line' id='line_1_23' title="bbox 270 1850 1798 1926; baseline -0.004 -17"><span class='ocrx_word' id='word_1_236' title='bbox 270 1854 550 1926; x_wconf 87' lang='lat' dir='ltr'><strong>presentia</strong></span> <span class='ocrx_word' id='word_1_237' title='bbox 580 1853 801 1907; x_wconf 87' lang='lat' dir='ltr'><strong>Adriani</strong></span> <span class='ocrx_word' id='word_1_238' title='bbox 837 1867 993 1922; x_wconf 69' lang='lat' dir='ltr'><strong>papze</strong></span> <span class='ocrx_word' id='word_1_239' title='bbox 1033 1852 1102 1905; x_wconf 91' lang='lat' dir='ltr'><strong>ab</strong></span> <span class='ocrx_word' id='word_1_240' title='bbox 1146 1853 1265 1922; x_wconf 91' lang='lat' dir='ltr'><strong>ipso</strong></span> <span class='ocrx_word' id='word_1_241' title='bbox 1325 1850 1502 1904; x_wconf 86' lang='lat' dir='ltr'><strong>Felice</strong></span> <span class='ocrx_word' id='word_1_242' title='bbox 1534 1856 1755 1905; x_wconf 87' lang='lat' dir='ltr'><strong>auctore</strong></span> <span class='ocrx_word' id='word_1_243' title='bbox 1785 1866 1798 1903; x_wconf 77' lang='grc' dir='ltr'><strong>ε</strong></span> 
     </span>
    </p>
   </div>
   <div class='ocr_carea' id='block_1_24' title="bbox 2089 1849 3617 1932">
    <p class='ocr_par' dir='ltr' id='par_1_24' title="bbox 2094 1854 3617 1932">
     <span class='ocr_line' id='line_1_24' title="bbox 2094 1854 3617 1932; baseline -0.005 -17"><span class='ocrx_word' id='word_1_244' title='bbox 2094 1863 2287 1932; x_wconf 86' lang='lat' dir='ltr'><strong>losque</strong></span> <span class='ocrx_word' id='word_1_245' title='bbox 2318 1859 2580 1915; x_wconf 88' lang='lat' dir='ltr'><strong>evellunt.</strong></span> <span class='ocrx_word' id='word_1_246' title='bbox 2638 1857 2731 1913; x_wconf 89' lang='lat' dir='ltr'><strong>Cui</strong></span> <span class='ocrx_word' id='word_1_247' title='bbox 2774 1872 2904 1911; x_wconf 89' lang='lat' dir='ltr'><strong>voce</strong></span> <span class='ocrx_word' id='word_1_248' title='bbox 2947 1866 3002 1911; x_wconf 91' lang='lat' dir='ltr'><strong>et</strong></span> <span class='ocrx_word' id='word_1_249' title='bbox 3050 1855 3170 1909; x_wconf 91' lang='lat' dir='ltr'><strong>visu</strong></span> <span class='ocrx_word' id='word_1_250' title='bbox 3220 1854 3437 1909; x_wconf 89' lang='lat' dir='ltr'><strong>reddito</strong></span> <span class='ocrx_word' id='word_1_251' title='bbox 3477 1854 3617 1908; x_wconf 90' lang='lat' dir='ltr'><strong>divi-</strong></span> 
     </span>
    </p>
   </div>
   <div class='ocr_carea' id='block_1_25' title="bbox 271 1941 3615 2021">
    <p class='ocr_par' dir='ltr' id='par_1_25' title="bbox 271 1941 3615 2021">
     <span class='ocr_line' id='line_1_25' title="bbox 271 1941 3615 2021; baseline -0.002 -20"><span class='ocrx_word' id='word_1_252' title='bbox 271 1947 500 2002; x_wconf 89' lang='lat' dir='ltr'><strong>dieatur.</strong></span> <span class='ocrx_word' id='word_1_253' title='bbox 535 1945 660 2000; x_wconf 66' lang='lat' dir='ltr'><strong>Haec</strong></span> <span class='ocrx_word' id='word_1_254' title='bbox 706 1944 918 1998; x_wconf 86' lang='lat' dir='ltr'><strong>heresis</strong></span> <span class='ocrx_word' id='word_1_255' title='bbox 946 1943 1247 2005; x_wconf 88' lang='lat' dir='ltr'><strong>asserebat,</strong></span> <span class='ocrx_word' id='word_1_256' title='bbox 1285 1941 1461 1997; x_wconf 83' lang='lat' dir='ltr'><strong>tilium</strong></span> <span class='ocrx_word' id='word_1_257' title='bbox 1484 1941 1579 1996; x_wconf 89' lang='lat' dir='ltr'><strong>Dei</strong></span> <span class='ocrx_word' id='word_1_258' title='bbox 1616 1941 1669 1995; x_wconf 89' lang='lat' dir='ltr'><strong>in</strong></span> <span class='ocrx_word' id='word_1_259' title='bbox 1701 1941 1888 1995; x_wconf 84' lang='lat' dir='ltr'><strong>divina</strong></span> <span class='ocrx_word' id='word_1_260' title='bbox 1988 1954 2156 2018; x_wconf 56' lang='lat' dir='ltr'><strong>nitus,</strong></span> <span class='ocrx_word' id='word_1_261' title='bbox 2186 1953 2383 2008; x_wconf 56' lang='lat' dir='ltr'><strong>iterum</strong></span> <span class='ocrx_word' id='word_1_262' title='bbox 2417 1951 2466 2005; x_wconf 80' lang='lat' dir='ltr'><strong>ei</strong></span> <span class='ocrx_word' id='word_1_263' title='bbox 2500 1951 2689 2005; x_wconf 78' lang='lat' dir='ltr'><strong>oculos</strong></span> <span class='ocrx_word' id='word_1_264' title='bbox 2719 1957 2773 2004; x_wconf 73' lang='lat' dir='ltr'><strong>et</strong></span> <span class='ocrx_word' id='word_1_265' title='bbox 2801 1949 3044 2021; x_wconf 71' lang='lat' dir='ltr'><strong>linguam</strong></span> <span class='ocrx_word' id='word_1_266' title='bbox 3092 1954 3293 2001; x_wconf 81' lang='lat' dir='ltr'><strong>eruunt</strong></span> <span class='ocrx_word' id='word_1_267' title='bbox 3323 1947 3615 2000; x_wconf 72' lang='lat' dir='ltr'><strong>radicitus.</strong></span> 
     </span>
    </p>
   </div>
   <div class='ocr_carea' id='block_1_26' title="bbox 184 2034 3619 2109">
    <p class='ocr_par' dir='ltr' id='par_1_26' title="bbox 184 2034 3619 2109">
     <span class='ocr_line' id='line_1_26' title="bbox 184 2034 3619 2109; baseline -0.002 -16"><span class='ocrx_word' id='word_1_268' title='bbox 184 2104 191 2109; x_wconf 90' lang='lat'><strong><em>_</em></strong></span> <span class='ocrx_word' id='word_1_269' title='bbox 272 2045 466 2093; x_wconf 89' lang='lat' dir='ltr'><strong>natura</strong></span> <span class='ocrx_word' id='word_1_270' title='bbox 495 2053 683 2092; x_wconf 90' lang='lat' dir='ltr'><strong>verum</strong></span> <span class='ocrx_word' id='word_1_271' title='bbox 718 2038 889 2090; x_wconf 87' lang='lat' dir='ltr'><strong>Deum</strong></span> <span class='ocrx_word' id='word_1_272' title='bbox 943 2051 1084 2090; x_wconf 88' lang='lat' dir='ltr'><strong>esse.</strong></span> <span class='ocrx_word' id='word_1_273' title='bbox 1129 2034 1183 2088; x_wconf 94' lang='lat' dir='ltr'><strong>in</strong></span> <span class='ocrx_word' id='word_1_274' title='bbox 1233 2035 1474 2088; x_wconf 89' lang='lat' dir='ltr'><strong>humana</strong></span> <span class='ocrx_word' id='word_1_275' title='bbox 1525 2048 1655 2088; x_wconf 91' lang='lat' dir='ltr'><strong>vero</strong></span> <span class='ocrx_word' id='word_1_276' title='bbox 1695 2040 1889 2088; x_wconf 86' lang='lat' dir='ltr'><strong>natura</strong></span> <span class='ocrx_word' id='word_1_277' title='bbox 1989 2042 2087 2107; x_wconf 77' lang='lat' dir='ltr'><strong>Qui</strong></span> <span class='ocrx_word' id='word_1_278' title='bbox 2132 2042 2202 2096; x_wconf 80' lang='lat' dir='ltr'><strong>de</strong></span> <span class='ocrx_word' id='word_1_279' title='bbox 2241 2056 2407 2096; x_wconf 75' lang='lat' dir='ltr'><strong>manu</strong></span> <span class='ocrx_word' id='word_1_280' title='bbox 2458 2055 2647 2094; x_wconf 71' lang='lat' dir='ltr'><strong>eorum</strong></span> <span class='ocrx_word' id='word_1_281' title='bbox 2728 2045 2942 2101; x_wconf 85' lang='lat' dir='ltr'><strong>erutus,</strong></span> <span class='ocrx_word' id='word_1_282' title='bbox 3024 2036 3093 2091; x_wconf 86' lang='lat' dir='ltr'><strong>ad</strong></span> <span class='ocrx_word' id='word_1_283' title='bbox 3159 2034 3411 2090; x_wconf 84' lang='lat' dir='ltr'><strong>Karolum</strong></span> <span class='ocrx_word' id='word_1_284' title='bbox 3468 2034 3619 2106; x_wconf 79' lang='lat' dir='ltr'><strong>fugit</strong></span> 
     </span>
    </p>
   </div>
   <div class='ocr_carea' id='block_1_27' title="bbox 273 2123 1801 2217">
    <p class='ocr_par' dir='ltr' id='par_1_27' title="bbox 273 2123 1801 2197">
     <span class='ocr_line' id='line_1_27' title="bbox 273 2123 1801 2197; baseline -0.004 -16"><span class='ocrx_word' id='word_1_285' title='bbox 273 2126 701 2197; x_wconf 90' lang='lat' dir='ltr'><strong>nuncupativum</strong></span> <span class='ocrx_word' id='word_1_286' title='bbox 729 2142 743 2189; x_wconf 89' lang='lat'><strong>;</strong></span> <span class='ocrx_word' id='word_1_287' title='bbox 771 2124 903 2179; x_wconf 88' lang='lat' dir='ltr'><strong>item</strong></span> <span class='ocrx_word' id='word_1_288' title='bbox 935 2124 989 2178; x_wconf 91' lang='lat' dir='ltr'><strong>in</strong></span> <span class='ocrx_word' id='word_1_289' title='bbox 1035 2123 1223 2178; x_wconf 85' lang='lat' dir='ltr'><strong>divina</strong></span> <span class='ocrx_word' id='word_1_290' title='bbox 1252 2129 1446 2177; x_wconf 84' lang='lat' dir='ltr'><strong>natura</strong></span> <span class='ocrx_word' id='word_1_291' title='bbox 1485 2138 1611 2175; x_wconf 92' lang='lat' dir='ltr'><strong>eum</strong></span> <span class='ocrx_word' id='word_1_292' title='bbox 1645 2137 1767 2176; x_wconf 88' lang='lat' dir='ltr'><strong>esse</strong></span> <span class='ocrx_word' id='word_1_293' title='bbox 1794 2138 1801 2151; x_wconf 63' lang='grc' dir='ltr'><strong>τ</strong></span> 
     </span>
    </p>
   </div>
   <div class='ocr_carea' id='block_1_28' title="bbox 2093 2123 3621 2217">
    <p class='ocr_par' dir='ltr' id='par_1_28' title="bbox 2093 2126 3621 2203">
     <span class='ocr_line' id='line_1_28' title="bbox 2093 2126 3621 2203; baseline -0.005 -14"><span class='ocrx_word' id='word_1_294' title='bbox 2093 2134 2334 2199; x_wconf 76' lang='lat' dir='ltr'><strong>intotius,</strong></span> <span class='ocrx_word' id='word_1_295' title='bbox 2377 2134 2543 2203; x_wconf 74' lang='lat' dir='ltr'><strong>(Meti.</strong></span> <span class='ocrx_word' id='word_1_296' title='bbox 2580 2131 2635 2202; x_wconf 87' lang='lat' dir='ltr'><strong>[L</strong></span> <span class='ocrx_word' id='word_1_297' title='bbox 2664 2130 2701 2202; x_wconf 85' lang='lat'><strong>])</strong></span> <span class='ocrx_word' id='word_1_298' title='bbox 2751 2129 3036 2184; x_wconf 81' lang='lat' dir='ltr'><strong>Hcinricus</strong></span> <span class='ocrx_word' id='word_1_299' title='bbox 3075 2128 3186 2182; x_wconf 86' lang='lat' dir='ltr'><strong>dux</strong></span> <span class='ocrx_word' id='word_1_300' title='bbox 3233 2126 3621 2197; x_wconf 82' lang='lat' dir='ltr'><strong>Forojuliano—</strong></span> 
     </span>
    </p>
   </div>
   <div class='ocr_carea' id='block_1_29' title="bbox 271 2215 2655 2296">
    <p class='ocr_par' dir='ltr' id='par_1_29' title="bbox 271 2215 2655 2296">
     <span class='ocr_line' id='line_1_29' title="bbox 271 2215 2655 2296; baseline -0.004 -19"><span class='ocrx_word' id='word_1_301' title='bbox 271 2238 391 2278; x_wconf 89' lang='lat' dir='ltr'><strong>rum</strong></span> <span class='ocrx_word' id='word_1_302' title='bbox 424 2220 594 2275; x_wconf 82' lang='lat' dir='ltr'><strong>tilium</strong></span> <span class='ocrx_word' id='word_1_303' title='bbox 648 2219 773 2287; x_wconf 90' lang='lat' dir='ltr'><strong>Dei;</strong></span> <span class='ocrx_word' id='word_1_304' title='bbox 806 2219 863 2273; x_wconf 92' lang='lat' dir='ltr'><strong>in</strong></span> <span class='ocrx_word' id='word_1_305' title='bbox 894 2219 1133 2273; x_wconf 89' lang='lat' dir='ltr'><strong>humana</strong></span> <span class='ocrx_word' id='word_1_306' title='bbox 1164 2215 1293 2272; x_wconf 80' lang='lat' dir='ltr'><strong>vero</strong></span> <span class='ocrx_word' id='word_1_307' title='bbox 1326 2215 1665 2286; x_wconf 79' lang='lat' dir='ltr'><strong>adeptivum,</strong></span> <span class='ocrx_word' id='word_1_308' title='bbox 1700 2230 1890 2281; x_wconf 91' lang='lat' dir='ltr'><strong>unam,</strong></span> <span class='ocrx_word' id='word_1_309' title='bbox 1995 2242 2113 2280; x_wconf 67' lang='lat' dir='ltr'><strong>rum</strong></span> <span class='ocrx_word' id='word_1_310' title='bbox 2144 2242 2174 2280; x_wconf 69' lang='grc' dir='ltr'><strong>ει</strong></span> <span class='ocrx_word' id='word_1_311' title='bbox 2203 2225 2318 2280; x_wconf 76' lang='lat' dir='ltr'><strong>suis</strong></span> <span class='ocrx_word' id='word_1_312' title='bbox 2348 2223 2655 2296; x_wconf 65' lang='lat' dir='ltr'><strong>perimitur,</strong></span> 
     </span>
    </p>
   </div>
   <div class='ocr_carea' id='block_1_30' title="bbox 270 2308 3245 2386">
    <p class='ocr_par' dir='ltr' id='par_1_30' title="bbox 270 2308 3245 2386">
     <span class='ocr_line' id='line_1_30' title="bbox 270 2308 3245 2386; baseline -0.004 -17"><span class='ocrx_word' id='word_1_313' title='bbox 270 2329 561 2386; x_wconf 83' lang='lat' dir='ltr'><strong>personam</strong></span> <span class='ocrx_word' id='word_1_314' title='bbox 586 2311 682 2368; x_wconf 89' lang='lat' dir='ltr'><strong>Dei</strong></span> <span class='ocrx_word' id='word_1_315' title='bbox 715 2317 769 2367; x_wconf 89' lang='lat' dir='ltr'><strong>et</strong></span> <span class='ocrx_word' id='word_1_316' title='bbox 799 2310 1042 2365; x_wconf 89' lang='lat' dir='ltr'><strong>hominis</strong></span> <span class='ocrx_word' id='word_1_317' title='bbox 1072 2309 1328 2363; x_wconf 82' lang='lat' dir='ltr'><strong>dividens</strong></span> <span class='ocrx_word' id='word_1_318' title='bbox 1356 2309 1409 2363; x_wconf 91' lang='lat' dir='ltr'><strong>in</strong></span> <span class='ocrx_word' id='word_1_319' title='bbox 1438 2308 1576 2362; x_wconf 90' lang='lat' dir='ltr'><strong>duas</strong></span> <span class='ocrx_word' id='word_1_320' title='bbox 1603 2322 1889 2379; x_wconf 81' lang='lat' dir='ltr'><strong>personas,</strong></span> <span class='ocrx_word' id='word_1_321' title='bbox 2064 2314 2187 2369; x_wconf 73' lang='lat'><strong>800,</strong></span> <span class='ocrx_word' id='word_1_322' title='bbox 2371 2314 2424 2367; x_wconf 68' lang='grc'><em>2,</em></span> <span class='ocrx_word' id='word_1_323' title='bbox 2618 2311 2702 2367; x_wconf 79' lang='grc'><strong>13,</strong></span> <span class='ocrx_word' id='word_1_324' title='bbox 2885 2310 2974 2364; x_wconf 77' lang='lat'><strong>32.</strong></span> <span class='ocrx_word' id='word_1_325' title='bbox 3156 2308 3245 2362; x_wconf 76' lang='grc'>22,</span> 
     </span>
    </p>
   </div>
   <div class='ocr_carea' id='block_1_31' title="bbox 269 2394 3616 2472">
    <p class='ocr_par' dir='ltr' id='par_1_31' title="bbox 269 2394 3616 2472">
     <span class='ocr_line' id='line_1_31' title="bbox 269 2394 3616 2472; baseline -0.002 -13"><span class='ocrx_word' id='word_1_326' title='bbox 269 2404 482 2459; x_wconf 88' lang='lat' dir='ltr'><strong>scilicet</strong></span> <span class='ocrx_word' id='word_1_327' title='bbox 518 2403 632 2458; x_wconf 88' lang='lat' dir='ltr'><strong>veri</strong></span> <span class='ocrx_word' id='word_1_328' title='bbox 665 2401 765 2455; x_wconf 86' lang='lat' dir='ltr'><strong>filii</strong></span> <span class='ocrx_word' id='word_1_329' title='bbox 805 2410 859 2455; x_wconf 90' lang='lat' dir='ltr'><strong>et</strong></span> <span class='ocrx_word' id='word_1_330' title='bbox 903 2400 1169 2471; x_wconf 84' lang='lat' dir='ltr'><strong>adOptivi.</strong></span> <span class='ocrx_word' id='word_1_331' title='bbox 1205 2400 1447 2455; x_wconf 86' lang='lat' dir='ltr'><strong>Saxones</strong></span> <span class='ocrx_word' id='word_1_332' title='bbox 1492 2398 1549 2452; x_wconf 91' lang='lat' dir='ltr'><strong>in</strong></span> <span class='ocrx_word' id='word_1_333' title='bbox 1603 2395 1710 2452; x_wconf 86' lang='lat' dir='ltr'><strong>tide</strong></span> <span class='ocrx_word' id='word_1_334' title='bbox 1740 2404 1794 2453; x_wconf 88' lang='lat' dir='ltr'><strong>et</strong></span> <span class='ocrx_word' id='word_1_335' title='bbox 1824 2394 1891 2450; x_wconf 82' lang='lat' dir='ltr'><strong>fi-</strong></span> <span class='ocrx_word' id='word_1_336' title='bbox 2066 2402 2239 2470; x_wconf 82' lang='lat' dir='ltr'><strong>(Meit.</strong></span> <span class='ocrx_word' id='word_1_337' title='bbox 2296 2401 2403 2472; x_wconf 84' lang='lat' dir='ltr'><strong>L.])</strong></span> <span class='ocrx_word' id='word_1_338' title='bbox 2448 2402 2505 2455; x_wconf 89' lang='lat' dir='ltr'><strong>In</strong></span> <span class='ocrx_word' id='word_1_339' title='bbox 2534 2414 2725 2454; x_wconf 90' lang='lat' dir='ltr'><strong>mense</strong></span> <span class='ocrx_word' id='word_1_340' title='bbox 2778 2398 2922 2454; x_wconf 82' lang='lat' dir='ltr'><strong>Julio</strong></span> <span class='ocrx_word' id='word_1_341' title='bbox 2980 2405 3169 2452; x_wconf 90' lang='lat' dir='ltr'><strong>contra</strong></span> <span class='ocrx_word' id='word_1_342' title='bbox 3230 2406 3480 2451; x_wconf 83' lang='lat' dir='ltr'><strong>naturam</strong></span> <span class='ocrx_word' id='word_1_343' title='bbox 3519 2412 3616 2451; x_wconf 89' lang='lat' dir='ltr'><strong>as-</strong></span> 
     </span>
    </p>
   </div>
   <div class='ocr_carea' id='block_1_32' title="bbox 272 2491 3625 2568">
    <p class='ocr_par' dir='ltr' id='par_1_32' title="bbox 272 2491 3625 2568">
     <span class='ocr_line' id='line_1_32' title="bbox 272 2491 3625 2568; baseline -0.001 -18"><span class='ocrx_word' id='word_1_344' title='bbox 272 2495 518 2551; x_wconf 88' lang='lat' dir='ltr'><strong>delitatis</strong></span> <span class='ocrx_word' id='word_1_345' title='bbox 539 2493 685 2568; x_wconf 86' lang='lat' dir='ltr'><strong>regis</strong></span> <span class='ocrx_word' id='word_1_346' title='bbox 715 2491 989 2547; x_wconf 87' lang='lat' dir='ltr'><strong>vacillant.</strong></span> <span class='ocrx_word' id='word_1_347' title='bbox 1554 2512 1561 2520; x_wconf 87' lang='grc'><strong>·</strong></span> <span class='ocrx_word' id='word_1_348' title='bbox 1996 2510 2128 2563; x_wconf 89' lang='lat' dir='ltr'><strong>pera</strong></span> <span class='ocrx_word' id='word_1_349' title='bbox 2157 2503 2211 2550; x_wconf 89' lang='lat' dir='ltr'><strong>et</strong></span> <span class='ocrx_word' id='word_1_350' title='bbox 2236 2495 2365 2568; x_wconf 91' lang='lat' dir='ltr'><strong>gelu</strong></span> <span class='ocrx_word' id='word_1_351' title='bbox 2384 2500 2649 2550; x_wconf 90' lang='lat' dir='ltr'><strong>concreta</strong></span> <span class='ocrx_word' id='word_1_352' title='bbox 2680 2493 2766 2547; x_wconf 90' lang='lat' dir='ltr'><strong>bis</strong></span> <span class='ocrx_word' id='word_1_353' title='bbox 2804 2491 2907 2547; x_wconf 84' lang='lat' dir='ltr'><strong>fuit</strong></span> <span class='ocrx_word' id='word_1_354' title='bbox 2929 2493 3146 2561; x_wconf 87' lang='lat' dir='ltr'><strong>pruina,</strong></span> <span class='ocrx_word' id='word_1_355' title='bbox 3195 2491 3292 2546; x_wconf 83' lang='lat' dir='ltr'><strong>sed</strong></span> <span class='ocrx_word' id='word_1_356' title='bbox 3330 2491 3467 2546; x_wconf 86' lang='lat' dir='ltr'><strong>nihil</strong></span> <span class='ocrx_word' id='word_1_357' title='bbox 3500 2491 3625 2545; x_wconf 88' lang='lat' dir='ltr'><strong>fru-</strong></span> 
     </span>
    </p>
   </div>
   <div class='ocr_carea' id='block_1_33' title="bbox 345 2579 3620 2651">
    <p class='ocr_par' dir='ltr' id='par_1_33' title="bbox 345 2579 3620 2651">
     <span class='ocr_line' id='line_1_33' title="bbox 345 2579 3620 2651; baseline -0.002 -12"><span class='ocrx_word' id='word_1_358' title='bbox 345 2583 467 2640; x_wconf 71' lang='grc'><strong>794.</strong></span> <span class='ocrx_word' id='word_1_359' title='bbox 654 2580 707 2637; x_wconf 88' lang='lat'><strong>3.</strong></span> <span class='ocrx_word' id='word_1_360' title='bbox 891 2581 943 2633; x_wconf 89' lang='lat'><strong>7.</strong></span> <span class='ocrx_word' id='word_1_361' title='bbox 1129 2579 1219 2633; x_wconf 89' lang='grc'><strong>26.</strong></span> <span class='ocrx_word' id='word_1_362' title='bbox 1370 2579 1455 2632; x_wconf 88' lang='lat'><strong>16.</strong></span> <span class='ocrx_word' id='word_1_363' title='bbox 2000 2582 2178 2635; x_wconf 88' lang='lat' dir='ltr'><strong>ctibus</strong></span> <span class='ocrx_word' id='word_1_364' title='bbox 2216 2581 2422 2636; x_wconf 90' lang='lat' dir='ltr'><strong>nocuit.</strong></span> <span class='ocrx_word' id='word_1_365' title='bbox 2466 2582 2693 2636; x_wconf 85' lang='lat' dir='ltr'><strong>Karolus</strong></span> <span class='ocrx_word' id='word_1_366' title='bbox 2725 2598 2818 2635; x_wconf 84' lang='lat' dir='ltr'><strong>rex</strong></span> <span class='ocrx_word' id='word_1_367' title='bbox 2850 2581 3089 2637; x_wconf 82' lang='lat' dir='ltr'><strong>Leonem</strong></span> <span class='ocrx_word' id='word_1_368' title='bbox 3132 2597 3331 2651; x_wconf 86' lang='lat' dir='ltr'><strong>papam</strong></span> <span class='ocrx_word' id='word_1_369' title='bbox 3388 2580 3443 2639; x_wconf 86' lang='lat' dir='ltr'><strong>in</strong></span> <span class='ocrx_word' id='word_1_370' title='bbox 3487 2581 3620 2635; x_wconf 85' lang='lat' dir='ltr'><strong>sede</strong></span> 
     </span>
    </p>
   </div>
   <div class='ocr_carea' id='block_1_34' title="bbox 348 2666 3614 2744">
    <p class='ocr_par' dir='ltr' id='par_1_34' title="bbox 348 2666 3614 2744">
     <span class='ocr_line' id='line_1_34' title="bbox 348 2666 3614 2744; baseline -0.003 -15"><span class='ocrx_word' id='word_1_371' title='bbox 348 2679 444 2742; x_wconf 86' lang='grc' dir='ltr'>(Η.</span> <span class='ocrx_word' id='word_1_372' title='bbox 477 2673 577 2741; x_wconf 88' lang='lat' dir='ltr'><strong>m.)</strong></span> <span class='ocrx_word' id='word_1_373' title='bbox 609 2670 999 2727; x_wconf 89' lang='lat' dir='ltr'><strong>Constantinus</strong></span> <span class='ocrx_word' id='word_1_374' title='bbox 1031 2669 1333 2740; x_wconf 88' lang='lat' dir='ltr'><strong>imperator</strong></span> <span class='ocrx_word' id='word_1_375' title='bbox 1358 2667 1562 2723; x_wconf 90' lang='lat' dir='ltr'><strong>multos</strong></span> <span class='ocrx_word' id='word_1_376' title='bbox 1584 2666 1898 2738; x_wconf 76' lang='lat' dir='ltr'><strong>principum</strong></span> <span class='ocrx_word' id='word_1_377' title='bbox 2002 2673 2244 2728; x_wconf 80' lang='lat' dir='ltr'><strong>Romana</strong></span> <span class='ocrx_word' id='word_1_378' title='bbox 2296 2673 2533 2739; x_wconf 68' lang='lat' dir='ltr'><strong>relocat;</strong></span> <span class='ocrx_word' id='word_1_379' title='bbox 2592 2674 2709 2744; x_wconf 82' lang='lat' dir='ltr'><strong>ipse</strong></span> <span class='ocrx_word' id='word_1_380' title='bbox 2769 2689 2989 2744; x_wconf 85' lang='lat' dir='ltr'><strong>quoque</strong></span> <span class='ocrx_word' id='word_1_381' title='bbox 3049 2673 3273 2728; x_wconf 79' lang='lat' dir='ltr'><strong>Romam</strong></span> <span class='ocrx_word' id='word_1_382' title='bbox 3338 2680 3614 2743; x_wconf 75' lang='lat' dir='ltr'><strong>properat,</strong></span> 
     </span>
    </p>
   </div>
   <div class='ocr_carea' id='block_1_35' title="bbox 273 2759 1801 2839">
    <p class='ocr_par' dir='ltr' id='par_1_35' title="bbox 273 2759 1801 2837">
     <span class='ocr_line' id='line_1_35' title="bbox 273 2759 1801 2837; baseline -0.007 -14"><span class='ocrx_word' id='word_1_383' title='bbox 273 2768 379 2823; x_wconf 87' lang='lat' dir='ltr'><strong>sibi</strong></span> <span class='ocrx_word' id='word_1_384' title='bbox 420 2773 711 2837; x_wconf 87' lang='lat' dir='ltr'><strong>suspectos</strong></span> <span class='ocrx_word' id='word_1_385' title='bbox 746 2762 921 2818; x_wconf 87' lang='lat' dir='ltr'><strong>oculis</strong></span> <span class='ocrx_word' id='word_1_386' title='bbox 960 2761 1153 2833; x_wconf 88' lang='lat' dir='ltr'><strong>privat.</strong></span> <span class='ocrx_word' id='word_1_387' title='bbox 1190 2761 1361 2827; x_wconf 76' lang='lat' dir='ltr'><strong>(Emn.</strong></span> <span class='ocrx_word' id='word_1_388' title='bbox 1391 2777 1405 2823; x_wconf 84' lang='lat'><strong>;</strong></span> <span class='ocrx_word' id='word_1_389' title='bbox 1461 2790 1531 2799; x_wconf 88' lang='lat'><strong>—-</strong></span> <span class='ocrx_word' id='word_1_390' title='bbox 1559 2759 1801 2813; x_wconf 59' lang='lat' dir='ltr'><strong>Manis.“</strong></span> 
     </span>
    </p>
   </div>
   <div class='ocr_carea' id='block_1_36' title="bbox 2087 2759 3615 2839">
    <p class='ocr_par' dir='ltr' id='par_1_36' title="bbox 2087 2765 3615 2839">
     <span class='ocr_line' id='line_1_36' title="bbox 2087 2765 3615 2839; baseline -0.001 -19"><span class='ocrx_word' id='word_1_391' title='bbox 2087 2782 2196 2820; x_wconf 82' lang='lat' dir='ltr'><strong>isas</strong></span> <span class='ocrx_word' id='word_1_392' title='bbox 2227 2766 2522 2831; x_wconf 89' lang='lat' dir='ltr'><strong>examinat,</strong></span> <span class='ocrx_word' id='word_1_393' title='bbox 2556 2782 2682 2821; x_wconf 89' lang='lat' dir='ltr'><strong>reos</strong></span> <span class='ocrx_word' id='word_1_394' title='bbox 2723 2765 2972 2839; x_wconf 84' lang='lat' dir='ltr'><strong>legaliter</strong></span> <span class='ocrx_word' id='word_1_395' title='bbox 3000 2766 3244 2830; x_wconf 88' lang='lat' dir='ltr'><strong>damnat,</strong></span> <span class='ocrx_word' id='word_1_396' title='bbox 3277 2765 3478 2835; x_wconf 82' lang='lat' dir='ltr'><strong>sicque</strong></span> <span class='ocrx_word' id='word_1_397' title='bbox 3498 2780 3615 2819; x_wconf 93' lang='lat' dir='ltr'><strong>om-</strong></span> 
     </span>
    </p>
   </div>
   <div class='ocr_carea' id='block_1_37' title="bbox 276 2848 3655 2925">
    <p class='ocr_par' dir='ltr' id='par_1_37' title="bbox 276 2848 3655 2925">
     <span class='ocr_line' id='line_1_37' title="bbox 276 2848 3655 2925; baseline -0.001 -12"><span class='ocrx_word' id='word_1_398' title='bbox 276 2858 506 2914; x_wconf 88' lang='lat' dir='ltr'><strong>Karolus</strong></span> <span class='ocrx_word' id='word_1_399' title='bbox 553 2871 667 2920; x_wconf 83' lang='lat' dir='ltr'><strong>rex,</strong></span> <span class='ocrx_word' id='word_1_400' title='bbox 715 2868 825 2908; x_wconf 92' lang='lat' dir='ltr'><strong>non</strong></span> <span class='ocrx_word' id='word_1_401' title='bbox 881 2852 1059 2908; x_wconf 85' lang='lat' dir='ltr'><strong>solum</strong></span> <span class='ocrx_word' id='word_1_402' title='bbox 1100 2852 1278 2923; x_wconf 90' lang='lat' dir='ltr'><strong>patria</strong></span> <span class='ocrx_word' id='word_1_403' title='bbox 1324 2852 1528 2925; x_wconf 81' lang='lat' dir='ltr'><strong>lingua,</strong></span> <span class='ocrx_word' id='word_1_404' title='bbox 1581 2850 1681 2903; x_wconf 91' lang='lat' dir='ltr'><strong>sed</strong></span> <span class='ocrx_word' id='word_1_405' title='bbox 1734 2848 1899 2903; x_wconf 90' lang='lat' dir='ltr'><strong>etiam</strong></span> <span class='ocrx_word' id='word_1_406' title='bbox 2002 2870 2102 2908; x_wconf 90' lang='lat' dir='ltr'><strong>nes</strong></span> <span class='ocrx_word' id='word_1_407' title='bbox 2161 2855 2527 2910; x_wconf 82' lang='lat' dir='ltr'><strong>Romanorum</strong></span> <span class='ocrx_word' id='word_1_408' title='bbox 2566 2863 2745 2910; x_wconf 92' lang='lat' dir='ltr'><strong>motus</strong></span> <span class='ocrx_word' id='word_1_409' title='bbox 2793 2855 2949 2910; x_wconf 86' lang='lat' dir='ltr'><strong>sedat</strong></span> <span class='ocrx_word' id='word_1_410' title='bbox 3022 2855 3139 2920; x_wconf 81' lang='lat' dir='ltr'><strong>ilb)</strong></span> <span class='ocrx_word' id='word_1_411' title='bbox 3184 2854 3329 2909; x_wconf 85' lang='lat' dir='ltr'><strong>Gens</strong></span> <span class='ocrx_word' id='word_1_412' title='bbox 3386 2854 3655 2909; x_wconf 71' lang='lat' dir='ltr'><strong>Avarum~</strong></span> 
     </span>
    </p>
   </div>
   <div class='ocr_carea' id='block_1_38' title="bbox 272 2939 3621 3021">
    <p class='ocr_par' dir='ltr' id='par_1_38' title="bbox 272 2939 3621 3021">
     <span class='ocr_line' id='line_1_38' title="bbox 272 2939 3621 3021; baseline -0.001 -19"><span class='ocrx_word' id='word_1_413' title='bbox 272 2948 580 3021; x_wconf 78' lang='lat' dir='ltr'><strong>peregrinis</strong></span> <span class='ocrx_word' id='word_1_414' title='bbox 618 2945 823 3019; x_wconf 86' lang='lat' dir='ltr'><strong>linguis</strong></span> <span class='ocrx_word' id='word_1_415' title='bbox 852 2944 1120 3010; x_wconf 89' lang='lat' dir='ltr'><strong>eruditus,</strong></span> <span class='ocrx_word' id='word_1_416' title='bbox 1155 2944 1386 2998; x_wconf 88' lang='lat' dir='ltr'><strong>barbara</strong></span> <span class='ocrx_word' id='word_1_417' title='bbox 1414 2949 1467 2997; x_wconf 90' lang='lat' dir='ltr'><strong>et</strong></span> <span class='ocrx_word' id='word_1_418' title='bbox 1495 2939 1882 3012; x_wconf 86' lang='lat' dir='ltr'><strong>antiquissima</strong></span> <span class='ocrx_word' id='word_1_419' title='bbox 1926 2986 1973 3021; x_wconf 66' lang='grc' dir='ltr'><strong><em>ρ</em></strong></span> <span class='ocrx_word' id='word_1_420' title='bbox 2003 2959 2032 2997; x_wconf 85' lang='lat' dir='ltr'><strong>a</strong></span> <span class='ocrx_word' id='word_1_421' title='bbox 2062 2942 2171 2997; x_wconf 87' lang='lat' dir='ltr'><strong>ﬁde</strong></span> <span class='ocrx_word' id='word_1_422' title='bbox 2201 2943 2403 2999; x_wconf 82' lang='lat' dir='ltr'><strong>deﬁcit.</strong></span> <span class='ocrx_word' id='word_1_423' title='bbox 2448 2945 2703 2999; x_wconf 90' lang='lat' dir='ltr'><strong>Baleares</strong></span> <span class='ocrx_word' id='word_1_424' title='bbox 2734 2944 2926 2999; x_wconf 67' lang='lat' dir='ltr'><strong>insulae</strong></span> <span class='ocrx_word' id='word_1_425' title='bbox 2959 2944 3161 2999; x_wconf 86' lang='lat' dir='ltr'><strong>auxilio</strong></span> <span class='ocrx_word' id='word_1_426' title='bbox 3216 2944 3547 2999; x_wconf 79' lang='lat' dir='ltr'><strong>Francorum</strong></span> <span class='ocrx_word' id='word_1_427' title='bbox 3589 2961 3621 2998; x_wconf 89' lang='lat' dir='ltr'><strong>a</strong></span> 
     </span>
    </p>
   </div>
   <div class='ocr_carea' id='block_1_39' title="bbox 274 2986 3618 3107">
    <p class='ocr_par' dir='ltr' id='par_1_39' title="bbox 274 2986 3618 3107">
     <span class='ocr_line' id='line_1_39' title="bbox 274 2986 3618 3021; baseline -0.001 -19"><span class='ocrx_word' id='word_1_428' title='bbox 274 2986 580 3021; x_wconf 61' lang='lat' dir='ltr'><strong>,..,...g.......</strong></span> <span class='ocrx_word' id='word_1_429' title='bbox 618 2986 823 3019; x_wconf 61' lang='grc' dir='ltr'>ωηεν...</span> <span class='ocrx_word' id='word_1_430' title='bbox 854 2986 1120 3010; x_wconf 57' lang='grc' dir='ltr'><strong>μωμημυ,</strong></span> <span class='ocrx_word' id='word_1_431' title='bbox 1416 2986 1467 2997; x_wconf 71' lang='grc' dir='ltr'>ν.</span> <span class='ocrx_word' id='word_1_432' title='bbox 1495 2986 1882 3012; x_wconf 54' lang='grc' dir='ltr'><strong>..,.....ιμ--------</strong></span> <span class='ocrx_word' id='word_1_433' title='bbox 2003 2986 2032 2997; x_wconf 86' lang='grc'><strong>..</strong></span> <span class='ocrx_word' id='word_1_434' title='bbox 2064 2986 2171 2997; x_wconf 63' lang='grc' dir='ltr'>...ω</span> <span class='ocrx_word' id='word_1_435' title='bbox 2202 2986 2403 2999; x_wconf 58' lang='grc' dir='ltr'>μην...</span> <span class='ocrx_word' id='word_1_436' title='bbox 2448 2986 2703 2999; x_wconf 72' lang='lat'><strong>-............</strong></span> <span class='ocrx_word' id='word_1_437' title='bbox 2959 2986 3160 2999; x_wconf 72' lang='lat'><strong>..........,</strong></span> <span class='ocrx_word' id='word_1_438' title='bbox 3216 2986 3233 2996; x_wconf 90' lang='lat'><strong>.</strong></span> <span class='ocrx_word' id='word_1_439' title='bbox 3258 2986 3547 2999; x_wconf 69' lang='lat'><strong>...............</strong></span> <span class='ocrx_word' id='word_1_440' title='bbox 3589 2986 3618 2998; x_wconf 89' lang='grc'><strong>..</strong></span> 
     </span>
     <span class='ocr_line' id='line_1_40' title="bbox 274 2986 3618 3107; baseline -0.001 -15"><span class='ocrx_word' id='word_1_441' title='bbox 274 3036 536 3099; x_wconf 87' lang='lat' dir='ltr'><strong>carmina,</strong></span> <span class='ocrx_word' id='word_1_442' title='bbox 568 3034 772 3106; x_wconf 86' lang='lat' dir='ltr'><strong>quibus</strong></span> <span class='ocrx_word' id='word_1_443' title='bbox 822 3039 1068 3088; x_wconf 87' lang='lat' dir='ltr'><strong>veterum</strong></span> <span class='ocrx_word' id='word_1_444' title='bbox 1110 3049 1299 3107; x_wconf 84' lang='lat' dir='ltr'><strong>regum</strong></span> <span class='ocrx_word' id='word_1_445' title='bbox 1351 3030 1496 3085; x_wconf 87' lang='lat' dir='ltr'><strong>bella</strong></span> <span class='ocrx_word' id='word_1_446' title='bbox 1524 3036 1579 3085; x_wconf 88' lang='lat' dir='ltr'><strong>et</strong></span> <span class='ocrx_word' id='word_1_447' title='bbox 1624 3036 1775 3083; x_wconf 86' lang='lat' dir='ltr'><strong>actus</strong></span> <span class='ocrx_word' id='word_1_448' title='bbox 1796 3042 1882 3082; x_wconf 82' lang='lat' dir='ltr'><strong>ca-</strong></span> <span class='ocrx_word' id='word_1_449' title='bbox 1926 2986 1975 3055; x_wconf 64' lang='grc' dir='ltr'>Ο</span> <span class='ocrx_word' id='word_1_450' title='bbox 2002 3033 2294 3089; x_wconf 89' lang='lat' dir='ltr'><strong>Saracenis</strong></span> <span class='ocrx_word' id='word_1_451' title='bbox 2325 3034 2702 3089; x_wconf 85' lang='lat' dir='ltr'><strong>defensantur.</strong></span> <span class='ocrx_word' id='word_1_452' title='bbox 2739 3034 2841 3088; x_wconf 88' lang='lat' dir='ltr'><strong>Per</strong></span> <span class='ocrx_word' id='word_1_453' title='bbox 2882 3034 3173 3089; x_wconf 81' lang='lat' dir='ltr'><strong>Widonem</strong></span> <span class='ocrx_word' id='word_1_454' title='bbox 3205 3034 3382 3088; x_wconf 83' lang='lat' dir='ltr'><strong>Karoli</strong></span> <span class='ocrx_word' id='word_1_455' title='bbox 3421 3034 3618 3089; x_wconf 89' lang='lat' dir='ltr'><strong>ducem</strong></span> 
     </span>
    </p>
   </div>
   <div class='ocr_carea' id='block_1_40' title="bbox 276 3118 3617 3201">
    <p class='ocr_par' dir='ltr' id='par_1_40' title="bbox 276 3118 3617 3201">
     <span class='ocr_line' id='line_1_41' title="bbox 276 3118 3617 3201; baseline -0.003 -18"><span class='ocrx_word' id='word_1_456' title='bbox 276 3129 571 3194; x_wconf 84' lang='lat' dir='ltr'><strong>nebantur,</strong></span> <span class='ocrx_word' id='word_1_457' title='bbox 609 3124 829 3195; x_wconf 89' lang='lat' dir='ltr'><strong>scripsit</strong></span> <span class='ocrx_word' id='word_1_458' title='bbox 855 3132 910 3178; x_wconf 90' lang='lat' dir='ltr'><strong>et</strong></span> <span class='ocrx_word' id='word_1_459' title='bbox 941 3124 1223 3179; x_wconf 65' lang='lat' dir='ltr'><strong>memoriae</strong></span> <span class='ocrx_word' id='word_1_460' title='bbox 1268 3121 1569 3177; x_wconf 87' lang='lat' dir='ltr'><strong>mandavit.</strong></span> <span class='ocrx_word' id='word_1_461' title='bbox 1603 3118 1889 3175; x_wconf 88' lang='lat' dir='ltr'><strong>Inchoavit</strong></span> <span class='ocrx_word' id='word_1_462' title='bbox 2004 3128 2277 3184; x_wconf 70' lang='lat' dir='ltr'><strong>Briuones</strong></span> <span class='ocrx_word' id='word_1_463' title='bbox 2340 3129 2638 3184; x_wconf 66' lang='lat' dir='ltr'><strong>vincuntur</strong></span> <span class='ocrx_word' id='word_1_464' title='bbox 2685 3136 2736 3183; x_wconf 69' lang='lat' dir='ltr'><strong>et</strong></span> <span class='ocrx_word' id='word_1_465' title='bbox 2767 3129 2821 3183; x_wconf 78' lang='lat' dir='ltr'><strong>in</strong></span> <span class='ocrx_word' id='word_1_466' title='bbox 2865 3129 3205 3184; x_wconf 68' lang='lat' dir='ltr'><strong>deditionem</strong></span> <span class='ocrx_word' id='word_1_467' title='bbox 3251 3130 3617 3201; x_wconf 60' lang='lat' dir='ltr'><strong>recipiuntur,</strong></span> 
     </span>
    </p>
   </div>
   <div class='ocr_carea' id='block_1_41' title="bbox 275 3208 3619 3288">
    <p class='ocr_par' dir='ltr' id='par_1_41' title="bbox 275 3208 3619 3288">
     <span class='ocr_line' id='line_1_42' title="bbox 275 3208 3619 3288; baseline 0.001 -20"><span class='ocrx_word' id='word_1_468' title='bbox 275 3217 443 3271; x_wconf 87' lang='lat' dir='ltr'><strong>etiam</strong></span> <span class='ocrx_word' id='word_1_469' title='bbox 518 3213 934 3288; x_wconf 79' lang='lat' dir='ltr'><strong>grammaticam</strong></span> <span class='ocrx_word' id='word_1_470' title='bbox 1007 3213 1163 3284; x_wconf 88' lang='lat' dir='ltr'><strong>patrii</strong></span> <span class='ocrx_word' id='word_1_471' title='bbox 1235 3212 1534 3277; x_wconf 81' lang='lat' dir='ltr'><strong>sermonis;</strong></span> <span class='ocrx_word' id='word_1_472' title='bbox 1615 3208 1899 3264; x_wconf 68' lang='lat' dir='ltr'><strong>Iliensibus</strong></span> <span class='ocrx_word' id='word_1_473' title='bbox 2002 3215 2270 3272; x_wconf 85' lang='lat' dir='ltr'><strong>Geroldus</strong></span> <span class='ocrx_word' id='word_1_474' title='bbox 2301 3217 2409 3271; x_wconf 87' lang='lat' dir='ltr'><strong>dux</strong></span> <span class='ocrx_word' id='word_1_475' title='bbox 2443 3217 2704 3285; x_wconf 77' lang='lat' dir='ltr'><strong>Bajoariae</strong></span> <span class='ocrx_word' id='word_1_476' title='bbox 2742 3217 2796 3270; x_wconf 91' lang='lat' dir='ltr'><strong>in</strong></span> <span class='ocrx_word' id='word_1_477' title='bbox 2857 3218 3142 3272; x_wconf 86' lang='lat' dir='ltr'><strong>Pannonia</strong></span> <span class='ocrx_word' id='word_1_478' title='bbox 3183 3217 3453 3272; x_wconf 84' lang='lat' dir='ltr'><strong>Avaribus</strong></span> <span class='ocrx_word' id='word_1_479' title='bbox 3483 3233 3619 3273; x_wconf 91' lang='lat' dir='ltr'><strong>con-</strong></span> 
     </span>
    </p>
   </div>
   <div class='ocr_carea' id='block_1_42' title="bbox 276 3305 3614 3382">
    <p class='ocr_par' dir='ltr' id='par_1_42' title="bbox 276 3305 3614 3382">
     <span class='ocr_line' id='line_1_43' title="bbox 276 3305 3614 3382; baseline -0.001 -17"><span class='ocrx_word' id='word_1_480' title='bbox 276 3310 407 3366; x_wconf 91' lang='lat' dir='ltr'><strong>anni</strong></span> <span class='ocrx_word' id='word_1_481' title='bbox 441 3311 596 3380; x_wconf 82' lang='lat' dir='ltr'><strong>juxta</strong></span> <span class='ocrx_word' id='word_1_482' title='bbox 640 3309 941 3381; x_wconf 86' lang='lat' dir='ltr'><strong>prOpriam,</strong></span> <span class='ocrx_word' id='word_1_483' title='bbox 994 3308 1046 3361; x_wconf 91' lang='lat' dir='ltr'><strong>id</strong></span> <span class='ocrx_word' id='word_1_484' title='bbox 1096 3316 1180 3363; x_wconf 89' lang='lat' dir='ltr'><strong>est</strong></span> <span class='ocrx_word' id='word_1_485' title='bbox 1216 3308 1593 3371; x_wconf 87' lang='lat' dir='ltr'><strong>Teutonicam,</strong></span> <span class='ocrx_word' id='word_1_486' title='bbox 1650 3305 1893 3378; x_wconf 80' lang='lat' dir='ltr'><strong>linguam</strong></span> <span class='ocrx_word' id='word_1_487' title='bbox 1997 3321 2221 3377; x_wconf 77' lang='lat' dir='ltr'><strong>gressus</strong></span> <span class='ocrx_word' id='word_1_488' title='bbox 2246 3305 2571 3376; x_wconf 86' lang='lat' dir='ltr'><strong>perimitur;</strong></span> <span class='ocrx_word' id='word_1_489' title='bbox 2605 3306 2673 3360; x_wconf 91' lang='lat' dir='ltr'><strong>de</strong></span> <span class='ocrx_word' id='word_1_490' title='bbox 2696 3322 2805 3377; x_wconf 90' lang='lat' dir='ltr'><strong>quo</strong></span> <span class='ocrx_word' id='word_1_491' title='bbox 2828 3306 2882 3359; x_wconf 91' lang='lat' dir='ltr'><strong>in</strong></span> <span class='ocrx_word' id='word_1_492' title='bbox 2908 3307 3120 3361; x_wconf 89' lang='lat' dir='ltr'><strong>visione</strong></span> <span class='ocrx_word' id='word_1_493' title='bbox 3151 3306 3353 3362; x_wconf 84' lang='lat' dir='ltr'><strong>Wetini</strong></span> <span class='ocrx_word' id='word_1_494' title='bbox 3385 3306 3614 3382; x_wconf 83' lang='lat' dir='ltr'><strong>legitur,</strong></span> 
     </span>
    </p>
   </div>
   <div class='ocr_carea' id='block_1_43' title="bbox 283 3393 3146 3469">
    <p class='ocr_par' dir='ltr' id='par_1_43' title="bbox 283 3393 3146 3469">
     <span class='ocr_line' id='line_1_44' title="bbox 283 3393 3146 3469; baseline -0.002 -15"><span class='ocrx_word' id='word_1_495' title='bbox 283 3400 546 3455; x_wconf 88' lang='lat' dir='ltr'><strong>voeabula</strong></span> <span class='ocrx_word' id='word_1_496' title='bbox 578 3397 874 3469; x_wconf 87' lang='lat' dir='ltr'><strong>imposuit;</strong></span> <span class='ocrx_word' id='word_1_497' title='bbox 912 3404 1103 3453; x_wconf 89' lang='lat' dir='ltr'><strong>ventos</strong></span> <span class='ocrx_word' id='word_1_498' title='bbox 1130 3399 1296 3453; x_wconf 88' lang='lat' dir='ltr'><strong>etiam</strong></span> <span class='ocrx_word' id='word_1_499' title='bbox 1330 3396 1622 3452; x_wconf 89' lang='lat' dir='ltr'><strong>duodecim</strong></span> <span class='ocrx_word' id='word_1_500' title='bbox 1655 3394 1898 3467; x_wconf 84' lang='lat' dir='ltr'><strong>prepriis</strong></span> <span class='ocrx_word' id='word_1_501' title='bbox 1999 3393 2145 3465; x_wconf 89' lang='lat' dir='ltr'><strong>quod</strong></span> <span class='ocrx_word' id='word_1_502' title='bbox 2180 3393 2325 3449; x_wconf 85' lang='lat' dir='ltr'><strong>inter</strong></span> <span class='ocrx_word' id='word_1_503' title='bbox 2354 3402 2617 3467; x_wconf 82' lang='lat' dir='ltr'><strong>martyres</strong></span> <span class='ocrx_word' id='word_1_504' title='bbox 2647 3403 3043 3450; x_wconf 87' lang='lat' dir='ltr'><strong>annumeratus</strong></span> <span class='ocrx_word' id='word_1_505' title='bbox 3061 3397 3146 3449; x_wconf 90' lang='lat' dir='ltr'><strong>sit.</strong></span> 
     </span>
    </p>
   </div>
   <div class='ocr_carea' id='block_1_44' title="bbox 286 3486 3253 3558">
    <p class='ocr_par' dir='ltr' id='par_1_44' title="bbox 286 3486 3253 3558">
     <span class='ocr_line' id='line_1_45' title="bbox 286 3486 3253 3558; baseline -0.001 -15"><span class='ocrx_word' id='word_1_506' title='bbox 286 3488 606 3545; x_wconf 84' lang='lat' dir='ltr'><strong>nominibus</strong></span> <span class='ocrx_word' id='word_1_507' title='bbox 641 3486 962 3558; x_wconf 86' lang='lat' dir='ltr'><strong>appellavit,</strong></span> <span class='ocrx_word' id='word_1_508' title='bbox 1007 3502 1130 3541; x_wconf 91' lang='lat' dir='ltr'><strong>cum</strong></span> <span class='ocrx_word' id='word_1_509' title='bbox 1186 3496 1350 3541; x_wconf 87' lang='lat' dir='ltr'><strong>antea</strong></span> <span class='ocrx_word' id='word_1_510' title='bbox 1398 3493 1637 3558; x_wconf 87' lang='lat' dir='ltr'><strong>quatuor</strong></span> <span class='ocrx_word' id='word_1_511' title='bbox 1686 3489 1896 3538; x_wconf 86' lang='lat' dir='ltr'><strong>tantum</strong></span> <span class='ocrx_word' id='word_1_512' title='bbox 2069 3486 2193 3541; x_wconf 83' lang='lat'><strong>801.</strong></span> <span class='ocrx_word' id='word_1_513' title='bbox 2382 3490 2434 3542; x_wconf 91' lang='lat'><strong>3.</strong></span> <span class='ocrx_word' id='word_1_514' title='bbox 2624 3488 2706 3543; x_wconf 75' lang='grc'>14.</span> <span class='ocrx_word' id='word_1_515' title='bbox 2892 3486 2978 3543; x_wconf 88' lang='grc'><strong>33.</strong></span> <span class='ocrx_word' id='word_1_516' title='bbox 3160 3488 3253 3544; x_wconf 87' lang='grc'>23.</span> 
     </span>
    </p>
   </div>
   <div class='ocr_carea' id='block_1_45' title="bbox 278 3578 3617 3651">
    <p class='ocr_par' dir='ltr' id='par_1_45' title="bbox 278 3578 3617 3651">
     <span class='ocr_line' id='line_1_46' title="bbox 278 3578 3617 3651; baseline -0.001 -13"><span class='ocrx_word' id='word_1_517' title='bbox 278 3579 754 3639; x_wconf 86' lang='lat' dir='ltr'><strong>cardinalesventi</strong></span> <span class='ocrx_word' id='word_1_518' title='bbox 783 3579 1216 3635; x_wconf 90' lang='lat' dir='ltr'><strong>nominarentur.</strong></span> <span class='ocrx_word' id='word_1_519' title='bbox 2076 3578 2328 3642; x_wconf 79' lang='lat' dir='ltr'><strong>Romani,</strong></span> <span class='ocrx_word' id='word_1_520' title='bbox 2384 3579 2477 3651; x_wconf 90' lang='lat' dir='ltr'><strong>qui</strong></span> <span class='ocrx_word' id='word_1_521' title='bbox 2517 3579 2586 3633; x_wconf 86' lang='lat' dir='ltr'><strong>ab</strong></span> <span class='ocrx_word' id='word_1_522' title='bbox 2626 3578 2958 3650; x_wconf 83' lang='lat' dir='ltr'><strong>imperatore</strong></span> <span class='ocrx_word' id='word_1_523' title='bbox 3013 3578 3617 3650; x_wconf 84' lang='lat' dir='ltr'><strong>Constantinopolitano</strong></span> 
     </span>
    </p>
   </div>
   <div class='ocr_carea' id='block_1_46' title="bbox 347 3668 3619 3739">
    <p class='ocr_par' dir='ltr' id='par_1_46' title="bbox 347 3668 3619 3739">
     <span class='ocr_line' id='line_1_47' title="bbox 347 3668 3619 3739; baseline -0.002 -9"><span class='ocrx_word' id='word_1_524' title='bbox 347 3674 469 3731; x_wconf 82' lang='lat'><strong>795.</strong></span> <span class='ocrx_word' id='word_1_525' title='bbox 654 3672 707 3727; x_wconf 72' lang='lat'><strong>4.</strong></span> <span class='ocrx_word' id='word_1_526' title='bbox 889 3671 947 3724; x_wconf 92' lang='lat'><strong>8.</strong></span> <span class='ocrx_word' id='word_1_527' title='bbox 1125 3671 1216 3724; x_wconf 85' lang='grc'><strong>27.</strong></span> <span class='ocrx_word' id='word_1_528' title='bbox 1368 3671 1455 3724; x_wconf 92' lang='lat'><strong>17.</strong></span> <span class='ocrx_word' id='word_1_529' title='bbox 2009 3668 2213 3737; x_wconf 76' lang='lat' dir='ltr'><strong>jamdiu</strong></span> <span class='ocrx_word' id='word_1_530' title='bbox 2244 3669 2429 3725; x_wconf 88' lang='lat' dir='ltr'><strong>animo</strong></span> <span class='ocrx_word' id='word_1_531' title='bbox 2459 3669 2824 3733; x_wconf 83' lang='lat' dir='ltr'><strong>desciverant,</strong></span> <span class='ocrx_word' id='word_1_532' title='bbox 2873 3684 3019 3724; x_wconf 91' lang='lat' dir='ltr'><strong>nunc</strong></span> <span class='ocrx_word' id='word_1_533' title='bbox 3060 3675 3285 3739; x_wconf 87' lang='lat' dir='ltr'><strong>accepta</strong></span> <span class='ocrx_word' id='word_1_534' title='bbox 3313 3669 3619 3724; x_wconf 72' lang='lat' dir='ltr'><strong>occasionis</strong></span> 
     </span>
    </p>
   </div>
   <div class='ocr_carea' id='block_1_47' title="bbox 345 3761 3617 3835">
    <p class='ocr_par' dir='ltr' id='par_1_47' title="bbox 345 3761 3617 3835">
     <span class='ocr_line' id='line_1_48' title="bbox 345 3761 3617 3835; baseline -0.002 -14"><span class='ocrx_word' id='word_1_535' title='bbox 345 3768 514 3834; x_wconf 70' lang='lat' dir='ltr'><strong>(Meti.</strong></span> <span class='ocrx_word' id='word_1_536' title='bbox 553 3763 692 3835; x_wconf 82' lang='lat' dir='ltr'><strong>[L.]z</strong></span> <span class='ocrx_word' id='word_1_537' title='bbox 744 3762 920 3828; x_wconf 78' lang='lat' dir='ltr'><strong>Emu.)</strong></span> <span class='ocrx_word' id='word_1_538' title='bbox 954 3762 1200 3817; x_wconf 82' lang='lat' dir='ltr'><strong>Saxones</strong></span> <span class='ocrx_word' id='word_1_539' title='bbox 1249 3762 1449 3815; x_wconf 86' lang='lat' dir='ltr'><strong>virtute</strong></span> <span class='ocrx_word' id='word_1_540' title='bbox 1482 3761 1909 3816; x_wconf 85' lang='lat' dir='ltr'><strong>Karoliconter-</strong></span> <span class='ocrx_word' id='word_1_541' title='bbox 2011 3761 2441 3831; x_wconf 79' lang='lat' dir='ltr'><strong>opportunitate,</strong></span> <span class='ocrx_word' id='word_1_542' title='bbox 2516 3762 2645 3832; x_wconf 90' lang='lat' dir='ltr'><strong>quia</strong></span> <span class='ocrx_word' id='word_1_543' title='bbox 2695 3761 2892 3815; x_wconf 89' lang='lat' dir='ltr'><strong>mulier</strong></span> <span class='ocrx_word' id='word_1_544' title='bbox 2972 3769 3228 3816; x_wconf 85' lang='lat' dir='ltr'><strong>excecato</strong></span> <span class='ocrx_word' id='word_1_545' title='bbox 3282 3761 3617 3830; x_wconf 77' lang='lat' dir='ltr'><strong>imperatore</strong></span> 
     </span>
    </p>
   </div>
   <div class='ocr_carea' id='block_1_48' title="bbox 276 3846 3614 3926">
    <p class='ocr_par' dir='ltr' id='par_1_48' title="bbox 276 3846 3614 3926">
     <span class='ocr_line' id='line_1_49' title="bbox 276 3846 3614 3926; baseline -0.003 -11"><span class='ocrx_word' id='word_1_546' title='bbox 276 3861 394 3923; x_wconf 88' lang='lat' dir='ltr'><strong>riti,</strong></span> <span class='ocrx_word' id='word_1_547' title='bbox 452 3857 694 3914; x_wconf 89' lang='lat' dir='ltr'><strong>reddunt</strong></span> <span class='ocrx_word' id='word_1_548' title='bbox 723 3872 783 3911; x_wconf 90' lang='lat' dir='ltr'><strong>se</strong></span> <span class='ocrx_word' id='word_1_549' title='bbox 832 3855 1030 3910; x_wconf 85' lang='lat' dir='ltr'><strong>Christi</strong></span> <span class='ocrx_word' id='word_1_550' title='bbox 1079 3863 1135 3910; x_wconf 89' lang='lat' dir='ltr'><strong>et</strong></span> <span class='ocrx_word' id='word_1_551' title='bbox 1178 3856 1321 3926; x_wconf 79' lang='lat' dir='ltr'><strong>regis</strong></span> <span class='ocrx_word' id='word_1_552' title='bbox 1360 3854 1630 3909; x_wconf 82' lang='lat' dir='ltr'><strong>tidelitati.</strong></span> <span class='ocrx_word' id='word_1_553' title='bbox 1678 3853 1908 3912; x_wconf 85' lang='lat' dir='ltr'><strong>Karolus</strong></span> <span class='ocrx_word' id='word_1_554' title='bbox 2013 3846 2369 3907; x_wconf 77' lang='lat' dir='ltr'><strong>Constantino</strong></span> <span class='ocrx_word' id='word_1_555' title='bbox 2399 3851 2513 3908; x_wconf 89' lang='lat' dir='ltr'><strong>tilio</strong></span> <span class='ocrx_word' id='word_1_556' title='bbox 2552 3868 2650 3907; x_wconf 90' lang='lat' dir='ltr'><strong>suo</strong></span> <span class='ocrx_word' id='word_1_557' title='bbox 2700 3853 2782 3908; x_wconf 91' lang='lat' dir='ltr'><strong>eis</strong></span> <span class='ocrx_word' id='word_1_558' title='bbox 2832 3852 3157 3924; x_wconf 85' lang='lat' dir='ltr'><strong>imperabat,</strong></span> <span class='ocrx_word' id='word_1_559' title='bbox 3213 3868 3324 3907; x_wconf 91' lang='lat' dir='ltr'><strong>uno</strong></span> <span class='ocrx_word' id='word_1_560' title='bbox 3371 3852 3614 3907; x_wconf 87' lang='lat' dir='ltr'><strong>omnium</strong></span> 
     </span>
    </p>
   </div>
   <div class='ocr_carea' id='block_1_49' title="bbox 214 3942 3612 4019">
    <p class='ocr_par' dir='ltr' id='par_1_49' title="bbox 214 3942 3612 4019">
     <span class='ocr_line' id='line_1_50' title="bbox 214 3942 3612 4019; baseline -0.001 -16"><span class='ocrx_word' id='word_1_561' title='bbox 214 3944 221 3947; x_wconf 60' lang='grc'><em>’</em></span> <span class='ocrx_word' id='word_1_562' title='bbox 278 3964 369 4003; x_wconf 85' lang='lat' dir='ltr'><strong>rex</strong></span> <span class='ocrx_word' id='word_1_563' title='bbox 401 3944 759 4001; x_wconf 88' lang='lat' dir='ltr'><strong>christianam</strong></span> <span class='ocrx_word' id='word_1_564' title='bbox 785 3943 1113 4017; x_wconf 79' lang='lat' dir='ltr'><strong>religionem</strong></span> <span class='ocrx_word' id='word_1_565' title='bbox 1142 3950 1330 3999; x_wconf 88' lang='lat' dir='ltr'><strong>sancte</strong></span> <span class='ocrx_word' id='word_1_566' title='bbox 1354 3959 1416 3999; x_wconf 90' lang='lat' dir='ltr'><strong>ac</strong></span> <span class='ocrx_word' id='word_1_567' title='bbox 1437 3942 1523 4013; x_wconf 90' lang='lat' dir='ltr'><strong>pie</strong></span> <span class='ocrx_word' id='word_1_568' title='bbox 1556 3942 1766 4007; x_wconf 87' lang='lat' dir='ltr'><strong>colens,</strong></span> <span class='ocrx_word' id='word_1_569' title='bbox 1795 3957 1908 3996; x_wconf 56' lang='lat' dir='ltr'><strong>aic-</strong></span> <span class='ocrx_word' id='word_1_570' title='bbox 2006 3960 2281 3999; x_wconf 87' lang='lat' dir='ltr'><strong>consensu</strong></span> <span class='ocrx_word' id='word_1_571' title='bbox 2310 3944 2505 3999; x_wconf 87' lang='lat' dir='ltr'><strong>Karolo</strong></span> <span class='ocrx_word' id='word_1_572' title='bbox 2534 3944 2645 4019; x_wconf 75' lang='lat' dir='ltr'><strong>regi</strong></span> <span class='ocrx_word' id='word_1_573' title='bbox 2667 3944 3049 4014; x_wconf 84' lang='lat' dir='ltr'><strong>imperatorias</strong></span> <span class='ocrx_word' id='word_1_574' title='bbox 3078 3944 3270 3998; x_wconf 85' lang='lat' dir='ltr'><strong>laudes</strong></span> <span class='ocrx_word' id='word_1_575' title='bbox 3292 3945 3612 4009; x_wconf 87' lang='lat' dir='ltr'><strong>acclamant,</strong></span> 
     </span>
    </p>
   </div>
   <div class='ocr_carea' id='block_1_50' title="bbox 277 4030 3610 4108">
    <p class='ocr_par' dir='ltr' id='par_1_50' title="bbox 277 4030 3610 4108">
     <span class='ocr_line' id='line_1_51' title="bbox 277 4030 3610 4108; baseline -0.001 -18"><span class='ocrx_word' id='word_1_576' title='bbox 277 4034 476 4090; x_wconf 89' lang='lat' dir='ltr'><strong>clesias</strong></span> <span class='ocrx_word' id='word_1_577' title='bbox 508 4032 602 4087; x_wconf 90' lang='lat' dir='ltr'><strong>Dei</strong></span> <span class='ocrx_word' id='word_1_578' title='bbox 634 4031 974 4086; x_wconf 87' lang='lat' dir='ltr'><strong>omnimodis</strong></span> <span class='ocrx_word' id='word_1_579' title='bbox 1004 4032 1329 4098; x_wconf 88' lang='lat' dir='ltr'><strong>honorabat,</strong></span> <span class='ocrx_word' id='word_1_580' title='bbox 1371 4039 1426 4087; x_wconf 89' lang='lat' dir='ltr'><strong>et</strong></span> <span class='ocrx_word' id='word_1_581' title='bbox 1457 4030 1689 4087; x_wconf 88' lang='lat' dir='ltr'><strong>ornabat</strong></span> <span class='ocrx_word' id='word_1_582' title='bbox 1728 4030 1899 4085; x_wconf 89' lang='lat' dir='ltr'><strong>sacris</strong></span> <span class='ocrx_word' id='word_1_583' title='bbox 2002 4053 2241 4108; x_wconf 77' lang='lat' dir='ltr'><strong>eumque</strong></span> <span class='ocrx_word' id='word_1_584' title='bbox 2273 4052 2370 4108; x_wconf 77' lang='lat' dir='ltr'><strong>per</strong></span> <span class='ocrx_word' id='word_1_585' title='bbox 2391 4053 2610 4092; x_wconf 76' lang='lat' dir='ltr'><strong>manum</strong></span> <span class='ocrx_word' id='word_1_586' title='bbox 2643 4037 2842 4092; x_wconf 84' lang='lat' dir='ltr'><strong>Leonis</strong></span> <span class='ocrx_word' id='word_1_587' title='bbox 2864 4053 3020 4107; x_wconf 80' lang='lat' dir='ltr'><strong>papae</strong></span> <span class='ocrx_word' id='word_1_588' title='bbox 3043 4044 3327 4101; x_wconf 77' lang='lat' dir='ltr'><strong>coronant,</strong></span> <span class='ocrx_word' id='word_1_589' title='bbox 3358 4053 3610 4093; x_wconf 71' lang='lat' dir='ltr'><strong>caasarem</strong></span> 
     </span>
    </p>
   </div>
   <div class='ocr_carea' id='block_1_51' title="bbox 276 4121 3612 4199">
    <p class='ocr_par' dir='ltr' id='par_1_51' title="bbox 276 4121 3612 4199">
     <span class='ocr_line' id='line_1_52' title="bbox 276 4121 3612 4199; baseline 0.001 -20"><span class='ocrx_word' id='word_1_590' title='bbox 276 4125 422 4180; x_wconf 89' lang='lat' dir='ltr'><strong>vasis</strong></span> <span class='ocrx_word' id='word_1_591' title='bbox 441 4139 505 4180; x_wconf 90' lang='lat' dir='ltr'><strong>ac</strong></span> <span class='ocrx_word' id='word_1_592' title='bbox 527 4121 798 4188; x_wconf 87' lang='lat' dir='ltr'><strong>vestibus,</strong></span> <span class='ocrx_word' id='word_1_593' title='bbox 840 4121 1087 4188; x_wconf 85' lang='lat' dir='ltr'><strong>edicens,</strong></span> <span class='ocrx_word' id='word_1_594' title='bbox 1117 4129 1176 4177; x_wconf 91' lang='lat' dir='ltr'><strong>ut</strong></span> <span class='ocrx_word' id='word_1_595' title='bbox 1207 4139 1277 4177; x_wconf 91' lang='lat' dir='ltr'><strong>ne</strong></span> <span class='ocrx_word' id='word_1_596' title='bbox 1302 4122 1638 4193; x_wconf 88' lang='lat' dir='ltr'><strong>janitoribus</strong></span> <span class='ocrx_word' id='word_1_597' title='bbox 1665 4122 1893 4193; x_wconf 90' lang='lat' dir='ltr'><strong>quidem</strong></span> <span class='ocrx_word' id='word_1_598' title='bbox 1996 4137 2050 4183; x_wconf 86' lang='lat' dir='ltr'><strong>et</strong></span> <span class='ocrx_word' id='word_1_599' title='bbox 2078 4136 2369 4197; x_wconf 74' lang='lat' dir='ltr'><strong>augustum</strong></span> <span class='ocrx_word' id='word_1_600' title='bbox 2406 4127 2722 4199; x_wconf 87' lang='lat' dir='ltr'><strong>appellant;</strong></span> <span class='ocrx_word' id='word_1_601' title='bbox 2776 4129 3029 4198; x_wconf 90' lang='lat' dir='ltr'><strong>Pipinum</strong></span> <span class='ocrx_word' id='word_1_602' title='bbox 3057 4144 3209 4194; x_wconf 87' lang='lat' dir='ltr'><strong>vero,</strong></span> <span class='ocrx_word' id='word_1_603' title='bbox 3266 4127 3439 4183; x_wconf 85' lang='lat' dir='ltr'><strong>ﬁlium</strong></span> <span class='ocrx_word' id='word_1_604' title='bbox 3496 4130 3612 4197; x_wconf 83' lang='lat' dir='ltr'><strong>ejus</strong></span> 
     </span>
    </p>
   </div>
   <div class='ocr_carea' id='block_1_52' title="bbox 278 4217 3613 4293">
    <p class='ocr_par' dir='ltr' id='par_1_52' title="bbox 278 4217 3613 4293">
     <span class='ocr_line' id='line_1_53' title="bbox 278 4217 3613 4293; baseline -0 -19"><span class='ocrx_word' id='word_1_605' title='bbox 278 4221 471 4276; x_wconf 90' lang='lat' dir='ltr'><strong>liceret</strong></span> <span class='ocrx_word' id='word_1_606' title='bbox 508 4219 789 4275; x_wconf 91' lang='lat' dir='ltr'><strong>communi</strong></span> <span class='ocrx_word' id='word_1_607' title='bbox 818 4218 1006 4273; x_wconf 89' lang='lat' dir='ltr'><strong>habitu</strong></span> <span class='ocrx_word' id='word_1_608' title='bbox 1039 4217 1094 4272; x_wconf 92' lang='lat' dir='ltr'><strong>in</strong></span> <span class='ocrx_word' id='word_1_609' title='bbox 1143 4219 1389 4273; x_wconf 56' lang='lat' dir='ltr'><strong>ecclesia</strong></span> <span class='ocrx_word' id='word_1_610' title='bbox 1429 4217 1760 4273; x_wconf 87' lang='lat' dir='ltr'><strong>ministrare.</strong></span> <span class='ocrx_word' id='word_1_611' title='bbox 1797 4217 1893 4270; x_wconf 83' lang='lat' dir='ltr'><strong>Ex-</strong></span> <span class='ocrx_word' id='word_1_612' title='bbox 1994 4237 2179 4293; x_wconf 84' lang='lat' dir='ltr'><strong>regem</strong></span> <span class='ocrx_word' id='word_1_613' title='bbox 2250 4221 2416 4275; x_wconf 85' lang='lat' dir='ltr'><strong>italiae</strong></span> <span class='ocrx_word' id='word_1_614' title='bbox 2479 4220 2789 4275; x_wconf 89' lang='lat' dir='ltr'><strong>ordinatum</strong></span> <span class='ocrx_word' id='word_1_615' title='bbox 2859 4220 3195 4275; x_wconf 89' lang='lat' dir='ltr'><strong>collaudant.</strong></span> <span class='ocrx_word' id='word_1_616' title='bbox 3265 4222 3434 4290; x_wconf 75' lang='grc' dir='ltr'><strong>(Μειι.</strong></span> <span class='ocrx_word' id='word_1_617' title='bbox 3490 4220 3613 4291; x_wconf 86' lang='lat' dir='ltr'><strong>[L.])</strong></span> 
     </span>
    </p>
   </div>
   <div class='ocr_carea' id='block_1_53' title="bbox 278 4304 3614 4380">
    <p class='ocr_par' dir='ltr' id='par_1_53' title="bbox 278 4304 3614 4380">
     <span class='ocr_line' id='line_1_54' title="bbox 278 4304 3614 4380; baseline -0.001 -15"><span class='ocrx_word' id='word_1_618' title='bbox 278 4310 446 4365; x_wconf 87' lang='lat' dir='ltr'><strong>truxit</strong></span> <span class='ocrx_word' id='word_1_619' title='bbox 510 4309 677 4366; x_wconf 88' lang='lat' dir='ltr'><strong>etiam</strong></span> <span class='ocrx_word' id='word_1_620' title='bbox 732 4306 1058 4380; x_wconf 82' lang='lat' dir='ltr'><strong>Aquisgrani</strong></span> <span class='ocrx_word' id='word_1_621' title='bbox 1114 4306 1394 4363; x_wconf 89' lang='lat' dir='ltr'><strong>basilicam</strong></span> <span class='ocrx_word' id='word_1_622' title='bbox 1452 4306 1703 4378; x_wconf 66' lang='lat' dir='ltr'><strong>plurima:</strong></span> <span class='ocrx_word' id='word_1_623' title='bbox 1763 4304 2347 4380; x_wconf 63' lang='lat' dir='ltr'><strong>put-“Amymurlyn</strong></span> <span class='ocrx_word' id='word_1_624' title='bbox 2403 4325 2495 4363; x_wconf 84' lang='lat' dir='ltr'><strong>rex</strong></span> <span class='ocrx_word' id='word_1_625' title='bbox 2539 4309 2826 4362; x_wconf 84' lang='lat' dir='ltr'><strong>Persarum</strong></span> <span class='ocrx_word' id='word_1_626' title='bbox 2879 4308 3074 4364; x_wconf 84' lang='lat' dir='ltr'><strong>Karolo</strong></span> <span class='ocrx_word' id='word_1_627' title='bbox 3124 4309 3441 4379; x_wconf 87' lang='lat' dir='ltr'><strong>imperatori</strong></span> <span class='ocrx_word' id='word_1_628' title='bbox 3500 4309 3614 4364; x_wconf 84' lang='lat' dir='ltr'><strong>ele-</strong></span> 
     </span>
    </p>
   </div>
   <div class='ocr_carea' id='block_1_54' title="bbox 278 4353 3610 4474">
    <p class='ocr_par' dir='ltr' id='par_1_54' title="bbox 278 4353 3610 4474">
     <span class='ocr_line' id='line_1_55' title="bbox 281 4353 3583 4380; baseline 0 -17"><span class='ocrx_word' id='word_1_629' title='bbox 281 4353 446 4365; x_wconf 78' lang='lat'><strong>.........</strong></span> <span class='ocrx_word' id='word_1_630' title='bbox 512 4353 677 4366; x_wconf 66' lang='grc' dir='ltr'>ν.......</span> <span class='ocrx_word' id='word_1_631' title='bbox 732 4353 1058 4380; x_wconf 51' lang='grc' dir='ltr'><strong>.-.μην-η-</strong></span> <span class='ocrx_word' id='word_1_632' title='bbox 1114 4353 1394 4363; x_wconf 58' lang='lat' dir='ltr'><strong>__.-...w...</strong></span> <span class='ocrx_word' id='word_1_633' title='bbox 1452 4353 1702 4378; x_wconf 64' lang='lat'><strong>,-_..--...</strong></span> <span class='ocrx_word' id='word_1_634' title='bbox 1765 4353 1856 4374; x_wconf 53' lang='grc' dir='ltr'><em>τη</em></span> <span class='ocrx_word' id='word_1_635' title='bbox 2403 4353 2495 4363; x_wconf 66' lang='grc' dir='ltr'><strong>,νη</strong></span> <span class='ocrx_word' id='word_1_636' title='bbox 2539 4353 2558 4362; x_wconf 89' lang='grc'><strong>-</strong></span> <span class='ocrx_word' id='word_1_637' title='bbox 2582 4353 2826 4362; x_wconf 50' lang='grc' dir='ltr'>...κω-η.</span> <span class='ocrx_word' id='word_1_638' title='bbox 2879 4353 3071 4364; x_wconf 65' lang='grc' dir='ltr'>...ηνη</span> <span class='ocrx_word' id='word_1_639' title='bbox 3124 4353 3441 4379; x_wconf 69' lang='lat'><strong>....,.-....-..</strong></span> <span class='ocrx_word' id='word_1_640' title='bbox 3501 4353 3583 4364; x_wconf 62' lang='grc' dir='ltr'><strong>νη</strong></span> 
     </span>
     <span class='ocr_line' id='line_1_56' title="bbox 278 4353 3610 4474; baseline 0 -19"><span class='ocrx_word' id='word_1_641' title='bbox 278 4401 629 4466; x_wconf 87' lang='lat' dir='ltr'><strong>chritudinis,</strong></span> <span class='ocrx_word' id='word_1_642' title='bbox 656 4399 724 4455; x_wconf 89' lang='lat' dir='ltr'><strong>ad</strong></span> <span class='ocrx_word' id='word_1_643' title='bbox 755 4399 913 4468; x_wconf 87' lang='lat' dir='ltr'><strong>cujus</strong></span> <span class='ocrx_word' id='word_1_644' title='bbox 941 4406 1266 4454; x_wconf 84' lang='lat' dir='ltr'><strong>structuram</strong></span> <span class='ocrx_word' id='word_1_645' title='bbox 1300 4415 1329 4453; x_wconf 89' lang='lat' dir='ltr'><strong>a</strong></span> <span class='ocrx_word' id='word_1_646' title='bbox 1363 4400 1533 4454; x_wconf 77' lang='lat' dir='ltr'><strong>Roma</strong></span> <span class='ocrx_word' id='word_1_647' title='bbox 1559 4405 1612 4453; x_wconf 90' lang='lat' dir='ltr'><strong>et</strong></span> <span class='ocrx_word' id='word_1_648' title='bbox 1633 4353 1968 4453; x_wconf 80' lang='lat' dir='ltr'><strong>RavennaD</strong></span> <span class='ocrx_word' id='word_1_649' title='bbox 1996 4403 2263 4474; x_wconf 87' lang='lat' dir='ltr'><strong>phantum</strong></span> <span class='ocrx_word' id='word_1_650' title='bbox 2294 4408 2349 4456; x_wconf 91' lang='lat' dir='ltr'><strong>et</strong></span> <span class='ocrx_word' id='word_1_651' title='bbox 2380 4417 2609 4456; x_wconf 89' lang='lat' dir='ltr'><strong>munera</strong></span> <span class='ocrx_word' id='word_1_652' title='bbox 2632 4400 2803 4455; x_wconf 91' lang='lat' dir='ltr'><strong>multa</strong></span> <span class='ocrx_word' id='word_1_653' title='bbox 2837 4400 3016 4455; x_wconf 90' lang='lat' dir='ltr'><strong>mittit.</strong></span> <span class='ocrx_word' id='word_1_654' title='bbox 3051 4401 3355 4455; x_wconf 89' lang='lat' dir='ltr'><strong>Barcinona</strong></span> <span class='ocrx_word' id='word_1_655' title='bbox 3380 4400 3610 4471; x_wconf 88' lang='lat' dir='ltr'><strong>capitur.</strong></span> 
     </span>
    </p>
   </div>
   <div class='ocr_carea' id='block_1_55' title="bbox 279 4487 3607 4564">
    <p class='ocr_par' dir='ltr' id='par_1_55' title="bbox 279 4487 3607 4564">
     <span class='ocr_line' id='line_1_57' title="bbox 279 4487 3607 4564; baseline -0.001 -17"><span class='ocrx_word' id='word_1_656' title='bbox 279 4491 565 4547; x_wconf 89' lang='lat' dir='ltr'><strong>columnas</strong></span> <span class='ocrx_word' id='word_1_657' title='bbox 598 4497 655 4547; x_wconf 90' lang='lat' dir='ltr'><strong>et</strong></span> <span class='ocrx_word' id='word_1_658' title='bbox 684 4503 958 4544; x_wconf 89' lang='lat' dir='ltr'><strong>marmora</strong></span> <span class='ocrx_word' id='word_1_659' title='bbox 984 4487 1184 4544; x_wconf 86' lang='lat' dir='ltr'><strong>devehi</strong></span> <span class='ocrx_word' id='word_1_660' title='bbox 1215 4487 1364 4543; x_wconf 85' lang='lat' dir='ltr'><strong>fecit.</strong></span> <span class='ocrx_word' id='word_1_661' title='bbox 1998 4494 2055 4547; x_wconf 90' lang='lat' dir='ltr'><strong>ln</strong></span> <span class='ocrx_word' id='word_1_662' title='bbox 2103 4491 2256 4547; x_wconf 87' lang='lat' dir='ltr'><strong>Italia</strong></span> <span class='ocrx_word' id='word_1_663' title='bbox 2298 4508 2518 4564; x_wconf 90' lang='lat' dir='ltr'><strong>quoque</strong></span> <span class='ocrx_word' id='word_1_664' title='bbox 2557 4493 2756 4547; x_wconf 87' lang='lat' dir='ltr'><strong>Theate</strong></span> <span class='ocrx_word' id='word_1_665' title='bbox 2813 4491 3007 4546; x_wconf 87' lang='lat' dir='ltr'><strong>civitas</strong></span> <span class='ocrx_word' id='word_1_666' title='bbox 3054 4508 3086 4546; x_wconf 89' lang='lat' dir='ltr'><strong>a</strong></span> <span class='ocrx_word' id='word_1_667' title='bbox 3133 4491 3354 4546; x_wconf 85' lang='lat' dir='ltr'><strong>Francis</strong></span> <span class='ocrx_word' id='word_1_668' title='bbox 3382 4491 3607 4562; x_wconf 86' lang='lat' dir='ltr'><strong>capitur.</strong></span> 
     </span>
    </p>
   </div>
   <div class='ocr_carea' id='block_1_56' title="bbox 350 4579 3609 4659">
    <p class='ocr_par' dir='ltr' id='par_1_56' title="bbox 350 4579 3609 4659">
     <span class='ocr_line' id='line_1_58' title="bbox 350 4579 3609 4659; baseline 0 -19"><span class='ocrx_word' id='word_1_669' title='bbox 350 4582 473 4638; x_wconf 86' lang='lat'><strong>796.</strong></span> <span class='ocrx_word' id='word_1_670' title='bbox 657 4582 711 4636; x_wconf 81' lang='grc'>5.</span> <span class='ocrx_word' id='word_1_671' title='bbox 894 4581 946 4635; x_wconf 88' lang='grc'>9.</span> <span class='ocrx_word' id='word_1_672' title='bbox 1129 4579 1218 4634; x_wconf 68' lang='grc' dir='ltr'>28η</span> <span class='ocrx_word' id='word_1_673' title='bbox 1372 4579 1456 4633; x_wconf 65' lang='grc'><strong>18.</strong></span> <span class='ocrx_word' id='word_1_674' title='bbox 1996 4589 2229 4645; x_wconf 85' lang='lat' dir='ltr'><strong>Sanctus</strong></span> <span class='ocrx_word' id='word_1_675' title='bbox 2260 4589 2474 4644; x_wconf 86' lang='lat' dir='ltr'><strong>Salvius</strong></span> <span class='ocrx_word' id='word_1_676' title='bbox 2503 4589 2800 4659; x_wconf 82' lang='lat' dir='ltr'><strong>episcOpus</strong></span> <span class='ocrx_word' id='word_1_677' title='bbox 2847 4587 3083 4643; x_wconf 87' lang='lat' dir='ltr'><strong>veniens</strong></span> <span class='ocrx_word' id='word_1_678' title='bbox 3120 4588 3189 4642; x_wconf 89' lang='lat' dir='ltr'><strong>ab</strong></span> <span class='ocrx_word' id='word_1_679' title='bbox 3220 4586 3517 4658; x_wconf 80' lang='lat' dir='ltr'><strong>Aquitania</strong></span> <span class='ocrx_word' id='word_1_680' title='bbox 3545 4586 3609 4641; x_wconf 87' lang='lat' dir='ltr'><strong>ad</strong></span> 
     </span>
    </p>
   </div>
   <div class='ocr_carea' id='block_1_57' title="bbox 359 4670 3607 4748">
    <p class='ocr_par' dir='ltr' id='par_1_57' title="bbox 359 4670 3607 4748">
     <span class='ocr_line' id='line_1_59' title="bbox 359 4670 3607 4748; baseline -0.004 -5"><span class='ocrx_word' id='word_1_681' title='bbox 359 4675 436 4743; x_wconf 74' lang='lat' dir='ltr'><strong>(G-</strong></span> <span class='ocrx_word' id='word_1_682' title='bbox 476 4676 653 4745; x_wconf 61' lang='grc' dir='ltr'><strong>Ροπεο)</strong></span> <span class='ocrx_word' id='word_1_683' title='bbox 683 4672 789 4728; x_wconf 71' lang='grc' dir='ltr'><strong>Ῐιοο</strong></span> <span class='ocrx_word' id='word_1_684' title='bbox 815 4674 990 4728; x_wconf 67' lang='grc'><strong>91⁸³³⁸³</strong></span> <span class='ocrx_word' id='word_1_685' title='bbox 1032 4673 1288 4729; x_wconf 55' lang='lat' dir='ltr'><strong>Romana?</strong></span> <span class='ocrx_word' id='word_1_686' title='bbox 1330 4672 1580 4727; x_wconf 65' lang='grc' dir='ltr'><strong>θθθίθδίεὲ</strong></span> <span class='ocrx_word' id='word_1_687' title='bbox 1628 4670 1894 4742; x_wconf 72' lang='grc' dir='ltr'><strong>ρτθείάει.</strong></span> <span class='ocrx_word' id='word_1_688' title='bbox 1999 4678 2188 4734; x_wconf 84' lang='lat' dir='ltr'><strong>ﬁscum</strong></span> <span class='ocrx_word' id='word_1_689' title='bbox 2222 4677 2593 4742; x_wconf 85' lang='lat' dir='ltr'><strong>Valentianas,</strong></span> <span class='ocrx_word' id='word_1_690' title='bbox 2628 4693 2659 4731; x_wconf 89' lang='lat' dir='ltr'><strong>a</strong></span> <span class='ocrx_word' id='word_1_691' title='bbox 2683 4676 3032 4748; x_wconf 80' lang='lat' dir='ltr'><strong>Winigardo,</strong></span> <span class='ocrx_word' id='word_1_692' title='bbox 3065 4674 3179 4731; x_wconf 86' lang='lat' dir='ltr'><strong>filio</strong></span> <span class='ocrx_word' id='word_1_693' title='bbox 3209 4676 3435 4730; x_wconf 85' lang='lat' dir='ltr'><strong>Gerardi</strong></span> <span class='ocrx_word' id='word_1_694' title='bbox 3481 4691 3607 4747; x_wconf 89' lang='lat' dir='ltr'><strong>pro-</strong></span> 
     </span>
    </p>
   </div>
   <div class='ocr_carea' id='block_1_58' title="bbox 283 4763 3613 4837">
    <p class='ocr_par' dir='ltr' id='par_1_58' title="bbox 283 4763 3613 4837">
     <span class='ocr_line' id='line_1_60' title="bbox 283 4763 3613 4837; baseline -0.004 -5"><span class='ocrx_word' id='word_1_695' title='bbox 283 4767 381 4832; x_wconf 74' lang='lat' dir='ltr'><strong>Qlli</strong></span> <span class='ocrx_word' id='word_1_696' title='bbox 446 4781 569 4821; x_wconf 70' lang='lat' dir='ltr'><strong>mox</strong></span> <span class='ocrx_word' id='word_1_697' title='bbox 622 4763 818 4819; x_wconf 74' lang='lat' dir='ltr'><strong>ClaVim</strong></span> <span class='ocrx_word' id='word_1_698' title='bbox 879 4764 1247 4821; x_wconf 68' lang='grc' dir='ltr'><strong>οοηΐθδείοηὶε</strong></span> <span class='ocrx_word' id='word_1_699' title='bbox 1332 4764 1507 4819; x_wconf 72' lang='lat' dir='ltr'><strong>sancti</strong></span> <span class='ocrx_word' id='word_1_700' title='bbox 1572 4763 1717 4818; x_wconf 74' lang='lat' dir='ltr'><strong>Petri</strong></span> <span class='ocrx_word' id='word_1_701' title='bbox 1769 4778 1892 4817; x_wconf 83' lang='lat' dir='ltr'><strong>cum</strong></span> <span class='ocrx_word' id='word_1_702' title='bbox 1958 4768 2260 4835; x_wconf 80' lang='lat' dir='ltr'><strong>curatoris</strong></span> <span class='ocrx_word' id='word_1_703' title='bbox 2300 4767 2472 4837; x_wconf 90' lang='lat' dir='ltr'><strong>ipsius</strong></span> <span class='ocrx_word' id='word_1_704' title='bbox 2524 4765 2641 4822; x_wconf 85' lang='lat' dir='ltr'><strong>ﬁsci</strong></span> <span class='ocrx_word' id='word_1_705' title='bbox 2700 4765 3101 4835; x_wconf 82' lang='lat' dir='ltr'><strong>martyrizatnr.</strong></span> <span class='ocrx_word' id='word_1_706' title='bbox 3144 4763 3205 4819; x_wconf 84' lang='lat' dir='ltr'><strong>Et</strong></span> <span class='ocrx_word' id='word_1_707' title='bbox 3260 4780 3430 4835; x_wconf 90' lang='lat' dir='ltr'><strong>super</strong></span> <span class='ocrx_word' id='word_1_708' title='bbox 3494 4764 3613 4836; x_wconf 88' lang='lat' dir='ltr'><strong>ejus</strong></span> 
     </span>
    </p>
   </div>
   <div class='ocr_carea' id='block_1_59' title="bbox 279 4851 3611 4929">
    <p class='ocr_par' dir='ltr' id='par_1_59' title="bbox 279 4851 3611 4929">
     <span class='ocr_line' id='line_1_61' title="bbox 279 4851 3611 4929; baseline -0.003 -18"><span class='ocrx_word' id='word_1_709' title='bbox 279 4855 476 4911; x_wconf 89' lang='lat' dir='ltr'><strong>vexillo</strong></span> <span class='ocrx_word' id='word_1_710' title='bbox 508 4854 767 4909; x_wconf 70' lang='lat' dir='ltr'><strong>Romanae</strong></span> <span class='ocrx_word' id='word_1_711' title='bbox 796 4854 950 4908; x_wconf 82' lang='lat' dir='ltr'><strong>urbis</strong></span> <span class='ocrx_word' id='word_1_712' title='bbox 980 4853 1173 4910; x_wconf 89' lang='lat' dir='ltr'><strong>Karolo</strong></span> <span class='ocrx_word' id='word_1_713' title='bbox 1203 4855 1319 4929; x_wconf 84' lang='lat' dir='ltr'><strong>regi</strong></span> <span class='ocrx_word' id='word_1_714' title='bbox 1366 4853 1533 4910; x_wconf 89' lang='lat' dir='ltr'><strong>misit.</strong></span> <span class='ocrx_word' id='word_1_715' title='bbox 1560 4855 1728 4915; x_wconf 81' lang='lat' dir='ltr'><strong>(Mett.</strong></span> <span class='ocrx_word' id='word_1_716' title='bbox 1765 4851 1895 4924; x_wconf 85' lang='lat' dir='ltr'><strong>[L.])</strong></span> <span class='ocrx_word' id='word_1_717' title='bbox 1996 4873 2223 4929; x_wconf 82' lang='lat' dir='ltr'><strong>corpore</strong></span> <span class='ocrx_word' id='word_1_718' title='bbox 2268 4857 2602 4929; x_wconf 77' lang='lat' dir='ltr'><strong>requirendo</strong></span> <span class='ocrx_word' id='word_1_719' title='bbox 2648 4857 2876 4913; x_wconf 82' lang='lat' dir='ltr'><strong>Karolus</strong></span> <span class='ocrx_word' id='word_1_720' title='bbox 2906 4857 3133 4929; x_wconf 78' lang='lat' dir='ltr'><strong>Magnus</strong></span> <span class='ocrx_word' id='word_1_721' title='bbox 3180 4856 3485 4928; x_wconf 74' lang='lat' dir='ltr'><strong>imperator</strong></span> <span class='ocrx_word' id='word_1_722' title='bbox 3530 4855 3611 4910; x_wconf 80' lang='lat' dir='ltr'><strong>di.</strong></span> 
     </span>
    </p>
   </div>
   <div class='ocr_carea' id='block_1_60' title="bbox 282 4943 3609 5021">
    <p class='ocr_par' dir='ltr' id='par_1_60' title="bbox 282 4943 3609 5021">
     <span class='ocr_line' id='line_1_62' title="bbox 282 4943 3609 5021; baseline -0.002 -18"><span class='ocrx_word' id='word_1_723' title='bbox 282 4946 505 5003; x_wconf 87' lang='lat' dir='ltr'><strong>Withan</strong></span> <span class='ocrx_word' id='word_1_724' title='bbox 535 4961 632 5002; x_wconf 81' lang='lat' dir='ltr'><strong>rex</strong></span> <span class='ocrx_word' id='word_1_725' title='bbox 659 4944 1043 5001; x_wconf 84' lang='lat' dir='ltr'><strong>Abrotidorum</strong></span> <span class='ocrx_word' id='word_1_726' title='bbox 1077 4961 1107 4999; x_wconf 81' lang='lat' dir='ltr'><strong>s</strong></span> <span class='ocrx_word' id='word_1_727' title='bbox 1147 4945 1458 5002; x_wconf 76' lang='lat' dir='ltr'><strong>Saxonibus</strong></span> <span class='ocrx_word' id='word_1_728' title='bbox 1487 4943 1792 5016; x_wconf 87' lang='lat' dir='ltr'><strong>perimitur.</strong></span> <span class='ocrx_word' id='word_1_729' title='bbox 1995 4951 2200 5006; x_wconf 68' lang='lat' dir='ltr'><strong>vinitus</strong></span> <span class='ocrx_word' id='word_1_730' title='bbox 2232 4951 2392 5006; x_wconf 66' lang='lat' dir='ltr'><strong>tertio</strong></span> <span class='ocrx_word' id='word_1_731' title='bbox 2426 4949 2781 5017; x_wconf 68' lang='lat' dir='ltr'><strong>ammonitus,</strong></span> <span class='ocrx_word' id='word_1_732' title='bbox 2838 4964 3041 5020; x_wconf 82' lang='lat' dir='ltr'><strong>corpus</strong></span> <span class='ocrx_word' id='word_1_733' title='bbox 3071 4949 3296 5021; x_wconf 80' lang='lat' dir='ltr'><strong>quidem</strong></span> <span class='ocrx_word' id='word_1_734' title='bbox 3330 4949 3609 5005; x_wconf 71' lang='lat' dir='ltr'><strong>inventum</strong></span> 
     </span>
    </p>
   </div>
   <div class='ocr_carea' id='block_1_61' title="bbox 280 5035 3609 5112">
    <p class='ocr_par' dir='ltr' id='par_1_61' title="bbox 280 5035 3609 5112">
     <span class='ocr_line' id='line_1_63' title="bbox 280 5035 3609 5112; baseline -0.002 -14"><span class='ocrx_word' id='word_1_735' title='bbox 280 5038 405 5095; x_wconf 86' lang='lat'><strong>797.</strong></span> <span class='ocrx_word' id='word_1_736' title='bbox 588 5038 642 5094; x_wconf 89' lang='grc'><strong>6.</strong></span> <span class='ocrx_word' id='word_1_737' title='bbox 829 5035 914 5092; x_wconf 85' lang='grc'>10.</span> <span class='ocrx_word' id='word_1_738' title='bbox 1098 5037 1187 5091; x_wconf 74' lang='grc'><strong>29-</strong></span> <span class='ocrx_word' id='word_1_739' title='bbox 1372 5036 1460 5092; x_wconf 78' lang='grc'><strong>19.</strong></span> <span class='ocrx_word' id='word_1_740' title='bbox 1999 5041 2299 5098; x_wconf 82' lang='lat' dir='ltr'><strong>honoriﬁce</strong></span> <span class='ocrx_word' id='word_1_741' title='bbox 2356 5039 2631 5111; x_wconf 87' lang='lat' dir='ltr'><strong>sepelivit,</strong></span> <span class='ocrx_word' id='word_1_742' title='bbox 2686 5041 3074 5096; x_wconf 82' lang='lat' dir='ltr'><strong>interfectores</strong></span> <span class='ocrx_word' id='word_1_743' title='bbox 3102 5046 3281 5096; x_wconf 86' lang='lat' dir='ltr'><strong>autem</strong></span> <span class='ocrx_word' id='word_1_744' title='bbox 3308 5040 3429 5111; x_wconf 89' lang='lat' dir='ltr'><strong>ejus</strong></span> <span class='ocrx_word' id='word_1_745' title='bbox 3466 5039 3609 5112; x_wconf 77' lang='lat' dir='ltr'><strong>gravi</strong></span> 
     </span>
    </p>
   </div>
   <div class='ocr_carea' id='block_1_62' title="bbox 353 5129 3609 5205">
    <p class='ocr_par' dir='ltr' id='par_1_62' title="bbox 353 5129 3609 5205">
     <span class='ocr_line' id='line_1_64' title="bbox 353 5129 3609 5205; baseline -0.002 -16"><span class='ocrx_word' id='word_1_746' title='bbox 353 5134 641 5191; x_wconf 83' lang='lat' dir='ltr'><strong>Heinricus</strong></span> <span class='ocrx_word' id='word_1_747' title='bbox 663 5132 772 5189; x_wconf 83' lang='lat' dir='ltr'><strong>dux</strong></span> <span class='ocrx_word' id='word_1_748' title='bbox 804 5130 1276 5205; x_wconf 81' lang='lat' dir='ltr'><strong>Foroiulianorum</strong></span> <span class='ocrx_word' id='word_1_749' title='bbox 1324 5131 1597 5203; x_wconf 85' lang='lat' dir='ltr'><strong>expoliato</strong></span> <span class='ocrx_word' id='word_1_750' title='bbox 1648 5131 1705 5185; x_wconf 92' lang='lat' dir='ltr'><strong>in</strong></span> <span class='ocrx_word' id='word_1_751' title='bbox 1754 5131 1891 5185; x_wconf 88' lang='lat' dir='ltr'><strong>Pan-</strong></span> <span class='ocrx_word' id='word_1_752' title='bbox 1996 5146 2160 5205; x_wconf 66' lang='lat' dir='ltr'><strong>paena</strong></span> <span class='ocrx_word' id='word_1_753' title='bbox 2184 5129 2471 5195; x_wconf 81' lang='lat' dir='ltr'><strong>multavit;</strong></span> <span class='ocrx_word' id='word_1_754' title='bbox 2507 5145 2610 5185; x_wconf 89' lang='lat' dir='ltr'><strong>nec</strong></span> <span class='ocrx_word' id='word_1_755' title='bbox 2649 5135 2830 5184; x_wconf 89' lang='lat' dir='ltr'><strong>tamen</strong></span> <span class='ocrx_word' id='word_1_756' title='bbox 2864 5146 2964 5200; x_wconf 90' lang='lat' dir='ltr'><strong>per</strong></span> <span class='ocrx_word' id='word_1_757' title='bbox 2993 5130 3098 5185; x_wconf 91' lang='lat' dir='ltr'><strong>hoc</strong></span> <span class='ocrx_word' id='word_1_758' title='bbox 3128 5129 3184 5184; x_wconf 90' lang='lat' dir='ltr'><strong>in</strong></span> <span class='ocrx_word' id='word_1_759' title='bbox 3216 5144 3315 5185; x_wconf 85' lang='lat' dir='ltr'><strong>eos</strong></span> <span class='ocrx_word' id='word_1_760' title='bbox 3352 5129 3491 5184; x_wconf 90' lang='lat' dir='ltr'><strong>ultio</strong></span> <span class='ocrx_word' id='word_1_761' title='bbox 3522 5129 3609 5184; x_wconf 89' lang='lat' dir='ltr'><strong>Dei</strong></span> 
     </span>
    </p>
   </div>
   <div class='ocr_carea' id='block_1_63' title="bbox 279 5204 3611 5298">
    <p class='ocr_par' dir='ltr' id='par_1_63' title="bbox 279 5204 3611 5298">
     <span class='ocr_line' id='line_1_65' title="bbox 279 5204 3611 5298; baseline -0.002 -17"><span class='ocrx_word' id='word_1_762' title='bbox 279 5226 448 5281; x_wconf 89' lang='lat' dir='ltr'><strong>nonia</strong></span> <span class='ocrx_word' id='word_1_763' title='bbox 478 5228 708 5282; x_wconf 80' lang='lat' dir='ltr'><strong>Avarum</strong></span> <span class='ocrx_word' id='word_1_764' title='bbox 738 5204 991 5296; x_wconf 74' lang='lat' dir='ltr'><strong>principe</strong></span> <span class='ocrx_word' id='word_1_765' title='bbox 1018 5222 1223 5298; x_wconf 86' lang='lat' dir='ltr'><strong>Yringo</strong></span> <span class='ocrx_word' id='word_1_766' title='bbox 1265 5223 1427 5294; x_wconf 85' lang='lat'><strong>(176),</strong></span> <span class='ocrx_word' id='word_1_767' title='bbox 1465 5222 1891 5278; x_wconf 86' lang='lat' dir='ltr'><strong>inestimabilem</strong></span> <span class='ocrx_word' id='word_1_768' title='bbox 1995 5222 2246 5279; x_wconf 87' lang='lat' dir='ltr'><strong>cessavit.</strong></span> <span class='ocrx_word' id='word_1_769' title='bbox 2281 5222 2569 5276; x_wconf 88' lang='lat' dir='ltr'><strong>lmmutato</strong></span> <span class='ocrx_word' id='word_1_770' title='bbox 2608 5220 2804 5276; x_wconf 88' lang='lat' dir='ltr'><strong>ordine</strong></span> <span class='ocrx_word' id='word_1_771' title='bbox 2861 5235 3177 5294; x_wconf 86' lang='lat' dir='ltr'><strong>regnorum,</strong></span> <span class='ocrx_word' id='word_1_772' title='bbox 3242 5219 3611 5274; x_wconf 88' lang='lat' dir='ltr'><strong>immutandus</strong></span> 
     </span>
    </p>
   </div>
   <div class='ocr_carea' id='block_1_64' title="bbox 280 5312 3613 5391">
    <p class='ocr_par' dir='ltr' id='par_1_64' title="bbox 280 5312 3613 5391">
     <span class='ocr_line' id='line_1_66' title="bbox 280 5312 3613 5391; baseline -0.002 -18"><span class='ocrx_word' id='word_1_773' title='bbox 280 5318 599 5374; x_wconf 87' lang='lat' dir='ltr'><strong>thesaurum</strong></span> <span class='ocrx_word' id='word_1_774' title='bbox 660 5318 782 5388; x_wconf 87' lang='lat' dir='ltr'><strong>ejus</strong></span> <span class='ocrx_word' id='word_1_775' title='bbox 831 5316 981 5372; x_wconf 90' lang='lat' dir='ltr'><strong>misit</strong></span> <span class='ocrx_word' id='word_1_776' title='bbox 1025 5316 1143 5391; x_wconf 82' lang='lat' dir='ltr'><strong>regi</strong></span> <span class='ocrx_word' id='word_1_777' title='bbox 1194 5315 1410 5372; x_wconf 85' lang='lat' dir='ltr'><strong>Karolo.</strong></span> <span class='ocrx_word' id='word_1_778' title='bbox 1468 5316 1580 5387; x_wconf 81' lang='lat' dir='ltr'><strong>(1b.)</strong></span> <span class='ocrx_word' id='word_1_779' title='bbox 1659 5316 1889 5373; x_wconf 88' lang='lat' dir='ltr'><strong>Thudun</strong></span> <span class='ocrx_word' id='word_1_780' title='bbox 1993 5326 2080 5376; x_wconf 83' lang='lat' dir='ltr'><strong>est</strong></span> <span class='ocrx_word' id='word_1_781' title='bbox 2133 5316 2297 5373; x_wconf 90' lang='lat' dir='ltr'><strong>etiam</strong></span> <span class='ocrx_word' id='word_1_782' title='bbox 2368 5315 2503 5371; x_wconf 91' lang='lat' dir='ltr'><strong>ordo</strong></span> <span class='ocrx_word' id='word_1_783' title='bbox 2546 5314 2860 5379; x_wconf 86' lang='lat' dir='ltr'><strong>titulorum;</strong></span> <span class='ocrx_word' id='word_1_784' title='bbox 2919 5314 3049 5386; x_wconf 90' lang='lat' dir='ltr'><strong>quia</strong></span> <span class='ocrx_word' id='word_1_785' title='bbox 3102 5312 3306 5369; x_wconf 83' lang='lat' dir='ltr'><strong>abhinc</strong></span> <span class='ocrx_word' id='word_1_786' title='bbox 3353 5312 3456 5369; x_wconf 88' lang='lat' dir='ltr'><strong>sub</strong></span> <span class='ocrx_word' id='word_1_787' title='bbox 3508 5326 3613 5368; x_wconf 88' lang='lat' dir='ltr'><strong>uno</strong></span> 
     </span>
    </p>
   </div>
   <div class='ocr_carea' id='block_1_65' title="bbox 1838 5424 2048 5481">
    <p class='ocr_par' dir='ltr' id='par_1_65' title="bbox 1838 5424 2048 5481">
     <span class='ocr_line' id='line_1_67' title="bbox 1838 5424 2048 5481; baseline 0 -2"><span class='ocrx_word' id='word_1_788' title='bbox 1838 5424 2048 5481; x_wconf 70' lang='grc' dir='ltr'><strong>ΝΟΤᾹΞ.</strong></span> 
     </span>
    </p>
   </div>
   <div class='ocr_carea' id='block_1_66' title="bbox 351 5514 3613 5601">
    <p class='ocr_par' dir='ltr' id='par_1_66' title="bbox 351 5514 3613 5601">
     <span class='ocr_line' id='line_1_68' title="bbox 351 5514 3613 5601; baseline -0.001 -26"><span class='ocrx_word' id='word_1_789' title='bbox 351 5520 489 5601; x_wconf 79' lang='grc'><strong>(176)</strong></span> <span class='ocrx_word' id='word_1_790' title='bbox 667 5538 949 5595; x_wconf 89' lang='lat' dir='ltr'><strong>nunquam</strong></span> <span class='ocrx_word' id='word_1_791' title='bbox 1001 5522 1613 5601; x_wconf 80' lang='lat' dir='ltr'><strong>exstitit;__fecit_eum</strong></span> <span class='ocrx_word' id='word_1_792' title='bbox 1662 5523 1894 5601; x_wconf 80' lang='lat' dir='ltr'><strong>Regina,</strong></span> <span class='ocrx_word' id='word_1_793' title='bbox 2000 5523 2163 5590; x_wconf 77' lang='lat' dir='ltr'><strong>hring</strong></span> <span class='ocrx_word' id='word_1_794' title='bbox 2193 5521 2315 5601; x_wconf 36' lang='lat' dir='ltr'><strong>iLq.</strong></span> <span class='ocrx_word' id='word_1_795' title='bbox 2358 5519 2627 5601; x_wconf 61' lang='lat' dir='ltr'><strong>circulus.</strong></span> <span class='ocrx_word' id='word_1_796' title='bbox 2660 5518 2728 5572; x_wconf 85' lang='lat' dir='ltr'><strong>Ex</strong></span> <span class='ocrx_word' id='word_1_797' title='bbox 2757 5534 2824 5574; x_wconf 89' lang='lat' dir='ltr'><strong>eo</strong></span> <span class='ocrx_word' id='word_1_798' title='bbox 2847 5517 3063 5572; x_wconf 85' lang='lat' dir='ltr'><strong>transiit</strong></span> <span class='ocrx_word' id='word_1_799' title='bbox 3109 5517 3165 5571; x_wconf 91' lang='lat' dir='ltr'><strong>in</strong></span> <span class='ocrx_word' id='word_1_800' title='bbox 3201 5514 3437 5571; x_wconf 80' lang='lat' dir='ltr'><strong>Annales</strong></span> <span class='ocrx_word' id='word_1_801' title='bbox 3486 5515 3613 5572; x_wconf 80' lang='lat' dir='ltr'><strong>Met-</strong></span> 
     </span>
    </p>
   </div>
   <div class='ocr_carea' id='block_1_67' title="bbox 279 5588 2744 5677">
    <p class='ocr_par' dir='ltr' id='par_1_67' title="bbox 279 5588 2744 5677">
     <span class='ocr_line' id='line_1_69' title="bbox 279 5588 2744 5677; baseline -0.002 -30"><span class='ocrx_word' id='word_1_802' title='bbox 279 5607 390 5648; x_wconf 91' lang='lat' dir='ltr'><strong>non</strong></span> <span class='ocrx_word' id='word_1_803' title='bbox 468 5588 819 5668; x_wconf 55' lang='lat' dir='ltr'><strong>intelligens&quot;</strong></span> <span class='ocrx_word' id='word_1_804' title='bbox 869 5609 1060 5650; x_wconf 89' lang='lat' dir='ltr'><strong>vocem</strong></span> <span class='ocrx_word' id='word_1_805' title='bbox 1110 5588 1392 5650; x_wconf 78' lang='lat' dir='ltr'><strong>annalium</strong></span> <span class='ocrx_word' id='word_1_806' title='bbox 1447 5588 1893 5651; x_wconf 71' lang='lat' dir='ltr'><strong>Laurissensium</strong></span> <span class='ocrx_word' id='word_1_807' title='bbox 1998 5588 2203 5661; x_wconf 79' lang='lat' dir='ltr'><strong>tenses,</strong></span> <span class='ocrx_word' id='word_1_808' title='bbox 2224 5588 2498 5666; x_wconf 81' lang='lat' dir='ltr'><strong>Sigeberti</strong></span> <span class='ocrx_word' id='word_1_809' title='bbox 2516 5588 2744 5677; x_wconf 87' lang='lat' dir='ltr'><strong>fontem.</strong></span> 
     </span>
    </p>
   </div>
  </div>
