3870 6060
205 298 318 355 153

1713 307 2062 364 CHRONlCA.

3445 326 3548 384 154

205 429 804 523 comprehendendum
835 437 919 486 est
943 433 1521 502 regnumFrancorum
1553 441 1608 490 et
1637 435 1834 491 Roma-
1857 440 1911 510 Α
1936 441 2209 497 ratoribus
2277 442 2898 518 ConstantinOpolitanis
2973 461 3201 523 pmpter
3284 456 3546 512 invidiam

206 522 516 591 norumﬁet
537 519 1207 592 Constantinopolitanum
1238 539 1467 598 regnum
1487 523 1831 600 distinguen-

207 609 346 664 dum
379 617 468 664 est
507 625 538 664 a
569 625 740 683 regno
796 611 1189 666 Romanorum.
1244 613 1316 667 Ex
1357 629 1466 684 quo
1513 614 1832 684 Byzantium

205 705 419 760 Traciaa
457 705 652 760 civitas
705 722 736 760 a
769 706 944 777 primo
975 706 1332 764 Constantino
1361 709 1417 763 in
1461 723 1656 764 novam
1715 725 1834 764 am-

205 793 379 864 pliata
418 801 474 849 et
505 794 558 848 in
591 794 794 868 regiam
847 793 1039 849 urbem
1073 803 1156 850 est
1184 795 1439 863 exaltata,
1467 805 1521 852 et
1573 799 1833 854 translata

201 886 261 940 in
297 885 448 939 illam
481 885 634 941 omni
667 887 928 941 Romanae
968 887 1254 961 dignitatis
1305 889 1504 962 gloria,
1550 890 1605 943 in
1640 891 1828 944 sedem

209 979 442 1034 Romani
473 979 692 1050 imperii
723 979 977 1036 dedicata
1006 989 1060 1036 et
1113 998 1256 1037 nova
1284 983 1455 1038 Roma
1491 993 1574 1038 est
1631 984 1832 1054 appel-

203 1075 317 1128 lata
341 1091 356 1138 ;
387 1073 626 1128 evolutis
651 1075 814 1128 annis
841 1075 1060 1130 circiter
1087 1077 1212 1142 468,
1247 1076 1426 1132 diviso
1454 1094 1488 1132 a
1514 1077 1828 1132 Constanti-

205 1163 401 1234 n0poli
433 1163 682 1219 Romano
716 1165 971 1236 imperio,
1015 1167 1242 1223 Karolus
1264 1168 1474 1238 primus
1503 1168 1829 1224 Francorum

202 1251 503 1322 imperavit
531 1252 791 1308 Romanis
830 1255 992 1309 annis
1015 1257 1102 1310 14.

201 1344 330 1402 802.
411 1347 474 1402 R.
520 1348 570 1402 1.
650 1349 706 1402 Ρ.
750 1349 840 1403 34.
918 1349 1070 1406 (1.4.
1153 1350 1338 1405 $.15.
1423 1351 1478 1407 Β.
1520 1351 1608 1405 24.

276 1441 434 1510 (Matt
519 1437 623 1510 [L.]
671 1439 728 1494 ln
772 1440 930 1515 Italia
969 1441 1225 1496 civitates
1263 1442 1465 1498 Ostona
1509 1450 1566 1496 ct
1609 1441 1834 1498 Luceria

203 1539 399 1588 contra
425 1531 680 1587 Karolum
714 1532 1042 1598 sentientes,
1084 1534 1141 1588 in
1172 1535 1512 1590 deditionem
1545 1533 1832 1604 accipiunt-

200 1638 312 1683 tur.
348 1627 577 1683 Karolus
627 1628 924 1698 imperator
977 1644 1078 1699 per
1113 1645 1278 1685 omne
1335 1630 1626 1702 imperium
1672 1646 1829 1686 suum

203 1720 416 1790 legatos
443 1719 513 1772 ad
567 1719 878 1774 faciendum
906 1720 1178 1788 judicium
1219 1728 1272 1776 et
1307 1723 1578 1790 jUStitiam
1615 1729 1838 1783 cunctis

201 1811 416 1884 dirigit,
464 1817 518 1865 et
549 1810 688 1881 legis
745 1811 986 1882 capitula
1023 1813 1095 1866 21
1150 1813 1392 1869 instituit
1447 1818 1594 1887 (177)
1645 1819 1834 1892 Legati

205 1903 564 1973 imperatoris
596 1901 774 1958 Karoli
818 1903 887 1956 ab
914 1907 1088 1958 Aaron
1137 1921 1322 1976 amyra
1356 1908 1670 1976 venientes,
1698 1910 1840 1965 inter

215 2002 406 2049 cetera
461 2009 694 2048 munera
747 1993 911 2048 etiam
947 2010 1072 2050 ossa
1117 1994 1371 2067 Cypriani
1405 1998 1838 2074 Kartaginiensis

218 2084 484 2155 martyris
533 2091 587 2139 et
634 2085 850 2157 Sperati
880 2085 1043 2156 primi
1083 2087 1465 2144 Scilitanorum
1513 2100 1832 2164 martyrum,

207 2189 265 2235 et
292 2188 463 2250 caput
497 2179 845 2235 Pantaleonis
882 2181 1136 2252 martyris
1177 2181 1234 2235 in
1265 2183 1534 2240 Frantiam
1578 2185 1830 2242 afferunt-

205 2273 301 2342 (H.
359 2273 457 2341 τη.)
524 2271 870 2342 Nicephorus
947 2271 1183 2328 Hirenen
1243 2274 1832 2349 imperiodepositam

199 2363 369 2418 exilio
400 2363 633 2438 relegat,
675 2369 729 2418 et
785 2363 1412 2436 Constantinopolitanis
1439 2369 1598 2423 annis
1653 2369 1686 2424 8
1735 2370 1836 2424 im-

202 2463 386 2526 perat.

271 2547 400 2604 803.
586 2548 640 2602 2.
826 2548 915 2602 35.
1065 2550 1118 2604 1.
1269 2551 1356 2606 16.
1505 2552 1596 2608 25.

273 2639 368 2703 (H.
423 2637 520 2707 m.)
579 2636 797 2707 Hyrene
868 2637 1186 2709 imperatrix
1243 2639 1299 2693 in
1353 2639 1518 2696 exilio
1583 2635 1864 2714 moritur,'

199 2725 555 2795 Nicephorus
583 2724 888 2794 imperator
917 2725 1208 2782 Saracenis
1221 2743 1570 2794 congressus,
1597 2731 1836 2800 pessime

198 2812 439 2866 vincitur
496 2812 580 2866 “5.
618 2812 785 2883 (Matt.
841 2813 972 2884 [L.])
1023 2813 1248 2870 Karolus
1312 2816 1612 2886 imperator
1643 2834 1838 2874 omnes

198 2899 445 2955 Saxones
480 2905 631 2953 trans
657 2900 870 2955 Albiam
931 2911 1220 2956 morantes
1255 2903 1308 2956 in
1340 2904 1624 2960 Franciam
1656 2915 1834 2962 trans-

200 2991 347 3056 tulit,
388 3005 680 3065 pagosque
756 3007 950 3047 eorum
994 2993 1275 3049 Abroditis
1354 2995 1522 3051 dedit.
1589 2999 1682 3065 ιξΗ.
1735 3003 1833 3067 m.)

1936 530 2273 601 imperatorii
2297 534 2540 589 nominis
2567 551 2596 590 a
2629 537 2887 592 Romanis
2919 541 3022 595 sibi
3053 543 3317 613 impositi,
3351 562 3550 621 magna

1937 621 2198 690 patientia
2225 629 2280 676 et
2311 625 2762 696 magnanimitate
2793 643 2888 682 eos
2920 629 3068 696 tulit;
3111 642 3164 687 et
3193 632 3322 702 quia
3349 649 3547 704 suspe-

1935 719 2076 764 ctam
2119 709 2394 766 habebant
2429 729 2584 766 suam
2627 715 2950 784 potentiam,
2982 717 3192 772 crebris
3219 721 3285 754 “7
3315 721 3549 796 legatio-

1935 800 2098 856 nibus
2161 803 2266 856 sibi
2335 819 2432 858 eos
2506 804 2819 862 firmissimo
2906 808 3114 864 foedere
3193 813 3543 868 conciliabat.

1934 897 2102 960 (Matt.
2135 895 2270 964 [L.])
2311 897 2506 950 Avarus
2537 911 2647 951 non
2681 897 2922 953 ferentes
2953 901 3358 957 infestationem
3389 905 3544 959 Scia-

1932 999 2144 1049 verum,
2179 1001 2208 1038 a
2243 985 2434 1040 Karolo
2463 985 2794 1055 imperatore
2829 989 2972 1042 inter
3028 991 3308 1046 Sabariam
3341 1002 3395 1048 ct
3437 994 3542 1047 lia-

1934 1080 2221 1128 rantanum
2278 1075 2708 1144 impetraverunt
2759 1077 3038 1132 habitandi
3102 1080 3303 1146 locum,
3357 1081 3548 1154 ibique

1933 1164 2054 1219 sine
2102 1165 2254 1236 regni
2295 1165 2516 1220 nomine
2559 1167 2884 1221 resederunt
2913 1169 3017 1222 sub
3049 1169 3260 1226 ditionc
3313 1171 3546 1228 Franco-

1932 1274 2075 1312 rum.
2110 1259 2189 1327 (Ib
2221 1257 2234 1324 )
2269 1257 2493 1311 Karolus
2540 1257 2686 1313 filius
2715 1259 3060 1330 imperatoris
3111 1261 3306 1328 Karoli,
3367 1265 3548 1319 Belic-

1934 1367 2127 1406 manos
2182 1352 2515 1406 rebellantes
2577 1353 2801 1420 devicit,
2871 1364 2925 1408 et
3000 1355 3300 1412 Lethonem
3353 1373 3544 1414 eorum

1933 1442 2129 1496 ducem
2163 1443 2414 1513 peremit.

2004 1531 2128 1586 806.
2276 1532 2329 1584 ὅ.
2515 1531 2601 1586 38.
2785 1533 2840 1586 4.
3022 1535 3114 1588 19.
3299 1537 3393 1591 28.

2007 1622 2125 1686 Ub.)
2179 1620 2405 1675 Karolus
2456 1621 2598 1675 inter
2639 1619 2781 1676 filios
2819 1637 2948 1676 suos
3000 1623 3348 1692 partitionem
3398 1625 3554 1698 regni

1949 1707 2097 1777 facit,
2132 1717 2186 1764 et
2243 1711 2372 1764 inde
2409 1718 2797 1764 testamentum
2841 1712 3062 1778 fartum,
3105 1727 3202 1766 sua
3258 1720 3312 1766 et
3358 1713 3558 1767 Leonis

1941 1818 2098 1872 papae
2129 1803 2454 1857 auctoritate
2508 1803 2798 1858 roboravit.
2851 1805 2950 1872 (Ib)
3002 1803 3299 1858 Behemani
3343 1803 3552 1858 Sclavis

1939 1891 2335 1946 auxiliantibus
2369 1892 2577 1964 ubique
2625 1901 2964 1966 grassantur,
3001 1893 3096 1948 sed
3139 1911 3169 1947 a
3225 1893 3418 1949 Karolo
3449 1893 3551 1947 im-

1941 1984 2208 2055 peratoris
2233 1985 2347 2040 filio
2377 1985 2588 2040 fortiter
2608 1985 2975 2040 debellantur.

2007 2075 2130 2131 807.
2315 2077 2368 2131 6.
2555 2076 2640 2132 39.
2827 2077 2878 2131 5.
3060 2077 3148 2133 20.
3331 2077 3420 2132 29.

2008 2171 2100 2238 (Η.
2129 2170 2219 2236 m.)
2253 2169 2528 2240 Chumeyd
2562 2183 2816 2239 amyreus
2859 2169 3061 2222 missus
3117 2170 3186 2223 ab
3243 2171 3416 2224 Aaron
3477 2166 3548 2224 ad

1937 2250 2338 2313 excindendam
2385 2257 2621 2328 Lyciam,
2653 2274 2774 2312 eum
2819 2259 3062 2312 venisset
3107 2258 3366 2328 Myream,
3398 2258 3553 2313 nisus

1941 2348 2114 2402 sancti
2178 2347 2386 2402 Nicolai
2425 2354 2707 2402 conterere
2753 2349 2996 2413 archani,
3043 2362 3143 2418 pro
3183 2363 3248 2401 ea
3297 2346 3554 2402 contrivit

1941 2437 2124 2502 aliam,
2177 2444 2230 2492 et
2277 2452 2373 2506 pro
2409 2435 2718 2492 temeritate
2763 2437 3051 2492 incurrens
3091 2435 3185 2490 Dei
3230 2435 3552 2502 vindictam,

1939 2531 2313 2602 subsequente
2356 2530 2662 2585 inevitabili
2721 2535 3067 2601 tempestate,
3113 2528 3330 2582 classim
3371 2527 3554 2582 amisit

1941 2631 2128 2680 totam.
2165 2623 2391 2679 Karolus
2421 2623 2720 2693 imperator
2767 2639 2865 2692 per
2893 2637 3114 2676 manum
3149 2620 3299 2674 Pauli
3331 2617 3551 2674 diaconi

1939 2715 2022 2772 sui
2047 2717 2350 2785 decerpens
2371 2715 2581 2786 optima
2609 2729 2845 2785 quequte
2891 2713 2959 2767 de
2987 2713 3206 2782 scriptis
3251 2711 3553 2766 catholico-

1919 2822 2056 2860 .rum
2101 2812 2338 2876 patrum,
2392 2803 2662 2858 lectiones
2693 2802 2996 2874 unicuique
3039 2800 3314 2856 festivitati
3347 2815 3554 2854 conve-

1939 2897 2180 2960 nientes,
2240 2913 2338 2966 per
2376 2895 2644 2950 circulum
2695 2895 2826 2949 anni
2874 2895 2927 2948 in
2983 2893 3234 2949 aaeelesia
3285 2891 3550 2964 legendas

1937 2985 2220 3055 compilari
2255 2984 2382 3039 fecit
2417 2985 2500 3038 “3.
2535 2983 2707 3053 (Matt.
2757 2984 2877 3054 [ω]
2936 2984 3044 3038 Rex
3076 2983 3358 3036 Persarum
3394 2980 3554 3034 Karo-

204 3087 382 3137 Aaron
421 3081 624 3136 amiras
683 3099 809 3148 cum
845 3085 1114 3140 trecentis
1150 3087 1376 3141 milibus
1431 3095 1619 3144 contra
1674 3090 1831 3144 Nice_
1863 3069 2054 3138 Clum
2089 3071 2472 3142 imperatorem
2517 3072 2780 3143 pretiosis
2825 3072 3150 3127 muneribus
3204 3086 3301 3141 per
3339 3071 3552 3142 legatos

205 3177 448 3247 phorum
495 3175 886 3246 imperatorem
941 3179 1237 3245 ascendit;
1271 3197 1436 3252 quem
1489 3199 1596 3238 non
1655 3182 1838 3238 ferens

219 3267 590 3338 Nicephorus,
623 3275 783 3340 turpe
810 3268 994 3324 fmdus
1024 3271 1145 3339 init,
1181 3280 1372 3342 pactus
1411 3289 1469 3328 se
1500 3275 1551 3328 ei
1582 3275 1835 3330 daturum

209 3356 500 3411 annuatim
549 3357 760 3411 tricena
814 3357 964 3412 milia
1017 3359 1430 3428 nomismatum,
1473 3371 1528 3417 et
1578 3364 1678 3418 tria
1732 3381 1836 3420 no-

205 3447 464 3502 mismata
494 3448 550 3502 in
582 3447 847 3503 tributum
880 3450 1074 3520 capitis
1107 3451 1476 3522 imperatoris,
1511 3464 1566 3508 et
1593 3454 1694 3509 tria
1733 3471 1833 3525 pro

204 3539 388 3610 capite
423 3539 522 3594 ﬁlii
555 3540 661 3596 sui.
695 3540 924 3596 Karolus
941 3559 1039 3612 per
1066 3558 1230 3598 omne
1262 3545 1555 3614 imperium
1589 3546 1836 3614 justitias

210 3629 361 3695 facit,
391 3637 450 3683 et
480 3629 620 3703 legis
648 3630 890 3702 capitula
918 3631 992 3686 29
1013 3631 1252 3686 instituit
1294 3633 1432 3704 (178)

282 3723 411 3777 804.
595 3723 651 3778 3.
835 3723 920 3778 36.
1035 3726 1088 3780 2.
1240 3727 1322 3780 17.
1507 3727 1579 3784 26

288 3812 455 3876 (Matt.
505 3810 635 3882 [L.])
666 3809 772 3866 Leo
814 3828 956 3882 papa
1005 3813 1071 3867 ad
1133 3815 1382 3870 Karolum
1441 3817 1830 3888 imperatorem

221 3901 278 3954 in
325 3899 609 3954 Franciam
640 3900 808 3955 venit.
843 3907 927 3965 (II.
983 3908 1077 3970 m.)
1131 3905 1469 3977 Nicephorus
1533 3909 1834 3981 imperator

219 3990 433 4046 ftedere
487 4007 610 4046 cum
664 3991 948 4048 Saracenis
993 3995 1194 4063 soluto,
1257 3998 1427 4054 multa
1484 3999 1834 4056 incommoda

218 4078 455 4134 contulit
517 4079 752 4149 imperio
797 4097 915 4137 suo.
980 4083 1308 4139 Godel‘ridus
1392 4103 1484 4142 rex
1557 4089 1828 4146 Danorum

213 4173 384 4228 multa
424 4179 618 4228 contra
647 4173 856 4228 vicinas
881 4185 1078 4249 gentes
1118 4177 1351 4233 abutens
1385 4179 1697 4246 insolentia,
1733 4199 1830 4254 pa-

1940 3165 2192 3220 honorat.
2247 3165 2505 3219 Saraceni
2564 3165 2873 3220 Sardiniain
2919 3167 3347 3236 depOpulantur,
3383 3164 3482 3218 sed
3521 3179 3554 3216 a

1939 3256 2135 3328 Pipino
2185 3273 2313 3331 rege
2345 3257 2513 3312 Italiae
2562 3263 2912 3326 superantur.
2954 3257 3036 3324 (If.
3094 3263 3190 3320 ιη.)
3241 3253 3550 3308 Chrumnus

1940 3347 2262 3422 Bulgaribus
2289 3349 2622 3403 dominatur.

2015 3439 2139 3494 308.
2323 3439 2372 3492 7.
2523 3437 2608 3491 40.
2757 3439 2808 3490 6.
2961 3437 3052 3490 2i.
3205 3439 3254 3490 1.

2017 3537 2186 3600 (Matt.
2225 3534 2284 3604 [L
2312 3535 2354 3604 )]
2403 3534 2457 3586 In
2494 3533 2774 3587 Britannia
2804 3532 3034 3586 Eardnlf
3080 3547 3174 3586 rex
3213 3530 3554 3600 Nordanym-

1940 3623 2163 3677 brorum
2211 3621 2384 3692 patria
2424 3628 2478 3674 et
2534 3637 2702 3694 regno
2738 3621 2988 3691 pellitur;
3039 3620 3135 3673 sed
3177 3619 3242 3672 ad
3297 3618 3553 3672 Karolum

1937 3714 2324 3784 imperatorem
2360 3711 2608 3776 veniens,
2642 3728 2740 3782 per
2763 3727 2888 3766 eum
2913 3725 3082 3785 regno
3107 3716 3159 3764 et
3187 3707 3374 3780 patriae
3398 3707 3554 3761 resti—

1935 3807 2120 3861 tuitur.
2159 3807 2227 3873 (ΙΙ
2304 3807 2398 3865 m.)
2433 3805 2612 3858 Aaron
2671 3803 2872 3857 amiras
2903 3801 3163 3868 moritur;
3208 3810 3332 3873 post
3386 3815 3550 3872 quem

1934 3898 2226 3953 Muhamad
2258 3896 2418 3951 annis
2447 3896 2480 3950 5
2513 3896 2874 3967 principatur.

2041 3993 2165 4050 809.
2341 3994 2394 4047 8.
2571 3993 2659 4046 41.
2831 3993 2884 4046 7.
3065 3995 3111 4046 1.
3288 3993 3343 4046 2.

2006 4088 2093 4156 (Α.
2119 4085 2262 4140 Leod
2297 4085 2312 4156 )
2344 4084 2716 4139 Walchandus
2747 4083 3130 4154 episcOpatum
3163 4084 3554 4139 Leodicensem

1932 4175 2189 4246 suscipit,
2219 4175 2312 4248 qui
2357 4175 2412 4229 in
2443 4175 2696 4228 Ardenua
2727 4173 3032 4246 Andagium
3077 4174 3386 4229 etmiohinm
3420 4189 3558 4228 con-

213 4280 335 4320 cem
389 4263 461 4317 ab
493 4263 824 4334 imperatore
875 4265 1069 4322 Karolo
1101 4270 1328 4340 expetit.
1375 4275 1595 4335 Avares,
1655 4275 1748 4344 qui
1778 4283 1892 4344 et_
1931 4269 2146 4324 struxit.
2205 4272 2373 4339 (Matt.
2420 4270 2480 4342 [L
2511 4270 2545 4342 )]
2608 4269 2838 4341 Pipinus
2900 4285 2994 4324 rex
3045 4269 3214 4323 Italiae
3274 4267 3558 4322 Venetiam

219 4355 381 4417 Huni,
413 4355 581 4428 longo
609 4362 800 4411 contra
841 4357 1078 4414 Francos
1125 4339 1272 4416 bello
1329 4363 1640 4431 perdomiti,
1675 4339 1830 4423 adeo
1851 4339 1907 4407 D
1933 4362 2081 4417 bello
2113 4363 2216 4416 sibi
2245 4339 2473 4436 subigit,
2507 4339 2696 4418 etnon
2731 4363 2902 4417 multo
2929 4369 3056 4433 post
3087 4360 3376 4416 Mediolani
3406 4361 3556 4424 obit;

218 4459 250 4497 a
290 4441 618 4498 fortitudine
643 4459 740 4498 sua
785 4452 840 4500 et
871 4447 1116 4516 potentia
1153 4457 1280 4504 sunt
1327 4451 1609 4521 diminuti,
1665 4461 1722 4510 ut
1749 4457 1842 4528 qui
1945 4453 1994 4507 ei
2030 4453 2256 4508 liarolus
2302 4455 2604 4524 imperator
2657 4452 2931 4506 Venetiam
3001 4451 3310 4520 Nicephoro
3353 4448 3551 4504 reddit.

217 4535 357 4590 alios
387 4536 535 4590 ultro
564 4534 815 4591 solebant
867 4537 1160 4604 lacessere,
1202 4542 1311 4608 jam
1357 4559 1461 4598 nec
1511 4560 1569 4599 se
1608 4546 1676 4600 ab
1716 4548 1840 4602 aliis
1943 4545 2283 4616 Nicephorus
2305 4545 2603 4616 imperator
2627 4543 2785 4598 novis
2802 4541 3095 4610 etinjustis
3119 4541 3336 4614 legibus
3361 4557 3556 4596 omnes

219 4625 439 4680 valeant
467 4626 642 4692 tueri;
689 4627 817 4698 quia
847 4628 902 4682 in
935 4629 1039 4684 hoc
1068 4631 1214 4687 bello
1240 4634 1421 4688 omnis
1443 4651 1634 4691 eorum
1668 4639 1842 4712 gloria
1941 4653 2070 4692 suos
2101 4638 2411 4702 exacerbat,
2467 4645 2522 4692 et
2569 4636 2661 4690 Dei
2720 4635 2774 4689 in
2816 4650 2874 4690 se
2908 4634 3042 4688 iram
3093 4640 3384 4707 exaggerat
3437 4633 3562 4704 (1b.)

219 4722 274 4769 et
303 4713 567 4769 nobilitas
605 4715 788 4785 periit,
818 4723 872 4772 et
897 4717 1169 4790 quidquid
1221 4723 1472 4792 pecuniae
1512 4733 1566 4781 et
1594 4727 1836 4784 thesauri
1938 4728 2234 4784 Godefrido
2317 4729 2592 4784 Danorum
2667 4741 2795 4798 rege
2873 4731 3089 4780 mortuo
3117 4767 3131 4791 ,
3205 4724 3505 4799 Hemingus
3539 4767 3554 4791 ,

219 4818 321 4872 per
348 4808 430 4858 tot
450 4803 651 4858 saecula
675 4803 864 4860 orbem
893 4812 1159 4864 terrarum
1187 4810 1460 4868 vincendo
1484 4814 1587 4869 sibi
1611 4831 1838 4890 conges-
1938 4820 2084 4877 filius
2113 4821 2252 4889 ejus,
2287 4835 2476 4890 pacem
2503 4817 2712 4889 expetit
2750 4817 2818 4872 ab
2861 4816 3195 4889 imperatore
3227 4817 3440 4873 Karolo.

216 4903 427 4960 serant,
463 4902 640 4950 totum
682 4897 846 4952 modo
873 4898 1120 4956 victoriae
1173 4901 1500 4960 Francorum
1561 4909 1746 4974 cessit,
1782 4919 1836 4965 et
2006 4915 2132 4969 810.
2317 4913 2370 4968 9.
2553 4911 2643 4965 42.
2827 4911 2882 4964 8.
3067 4910 3121 4964 2.
3310 4910 3360 4964 3.

218 4984 370 5040 nullo
391 5001 637 5057 unquam
671 4985 819 5042 bello
875 4995 985 5044 tam
1018 4991 1190 5048 multa
1241 4995 1546 5066 spoliorum
1603 5000 1831 5070 quanti-
2012 5005 2161 5074 (Matt
2217 5003 2341 5072 [L.])
2374 4999 2604 5056 Kal-olus
2635 5001 2688 5054 in
2731 5007 2840 5054 tres
2887 5006 3069 5071 partes
3100 4998 3254 5069 regni
3309 4997 3391 5052 sui
3443 5003 3556 5051 tres

216 5085 328 5132 ιειθ
353 5076 585 5132 Francia
616 5077 787 5134 dilata
819 5079 933 5136 Γυίῐ-
1940 5093 2214 5148 exercitus
2242 5091 2412 5155 misit,
2445 5106 2616 5145 unum
2661 5098 2808 5146 trans
2855 5088 3089 5154 Albiam,
3129 5087 3225 5158 qui
3267 5085 3554 5139 Hilinones

282 5166 410 5220 805.
599 5168 654 5220 4.
802 5167 890 5226 37.
1079 5172 1129 5226 3.
1280 5175 1369 5230 18.
1553 5177 1645 5234 27.
1939 5181 2276 5246 debellavit,
2344 5195 2515 5234 unum
2591 5179 2647 5232 in
2709 5177 3083 5242 Pannoniam,
3141 5173 3236 5246 qui
3293 5172 3557 5244 reiiquias

287 5257 521 5314 Karolus
557 5259 876 5331 imperator,
903 5261 1323 5336 indignantibus
1347 5276 1538 5325 contra
1567 5285 1626 5326 se
1657 5271 1837 5344 impe-
1939 5273 2218 5328 Hunorum
2243 5276 2302 5325 et
2330 5269 2556 5324 Sclavos
2591 5267 2939 5340 compressit,
2983 5281 3150 5320 unum
3189 5271 3384 5318 contra
3417 5261 3558 5318 Brit-

1557 5368 1777 5426 VARI/{'3
1827 5367 2202 5429 LECTlONES.

285 5457 446 5584 ἕως.
713 5474 852 5585 ΕΞ
885 5460 1080 5517 desunt
1111 5461 1236 5525 02”.
1267 5465 1326 5520 ἰ).
1398 5466 1464 5503 “7
1491 5469 1675 5528 crebis
1703 5472 1758 5541 1,
1847 5472 1913 5507 ¹⁴⁸
1945 5468 2170 5527 Karolus
2195 5499 2262 5510 —
2290 5467 2422 5524 fecit
2469 5470 2526 5523 in
2555 5469 2803 5537 margine
2855 5465 2989 5520 add.
3039 5465 3151 5534 Sig.
3203 5480 3320 5520 cur.
3363 5466 3556 5522 tertiis.

424 5570 438 5585 Ι
461 5569 561 5585 vv.
601 5569 674 5596 ιι,
713 5569 842 5587 --νο

707 5615 715 5622 ’
1779 5613 1991 5670 NOT/E.

287 5698 434 5771 (177)
471 5697 822 5772 .tqnisgrani.
842 5700 992 5764 Non.
1021 5703 1149 5782 ιρι.
1193 5705 1238 5776 Ι,
1269 5705 1361 5764 90.
2023 5712 2165 5785 (178)
2189 5711 2333 5768 Mon.
2366 5710 2497 5782 Leg.
2523 5708 2568 5776 l,
2609 5709 2732 5772 1M,
2759 5707 2828 5763 cf.
2859 5706 2954 5763 SS.
2988 5707 3057 5776 lt,
3081 5707 3206 5764 223.
