3868 6064
281 304 388 361 155

285 438 468 500 tones,
492 429 586 502 qui
609 443 796 483 eorum
831 424 1118 497 perfidiam
1150 423 1438 488 contudit;
1471 433 1523 474 et
1553 418 1760 490 ubique
1789 415 1894 472 sibi
1922 421 1973 490 Α
2067 417 2192 474 814.

285 522 514 578 victoria
545 519 819 590 provenit.
856 519 1002 582 (EINH
1032 517 1049 588 )
1077 515 1304 572 Karolus
1327 531 1442 581 rex,
1483 512 1629 567 tilius
1659 511 1897 582 impera-

295 614 426 668 toris
446 613 621 681 major
653 620 805 675 natu,
841 609 973 664 obit.
1004 608 1323 679 (Maxumus)
1352 605 1580 660 Karolus
1601 603 1899 674 imperator

286 717 467 756 rerum
499 716 718 754 suarum
765 698 1026 753 heredem
1076 696 1352 751 Christum
1383 698 1713 748 testamento
1744 690 1894 756 fecit,

286 800 340 847 et
380 791 647 864 quicquid
681 790 735 844 in
795 807 854 846 re
881 787 1120 858 mancipi
1163 786 1419 851 habebat,
1466 785 1521 838 in
1569 793 1678 838 tres
1717 788 1898 853 partes

288 883 488 948 diviso,
531 882 746 937 tertiam
804 896 992 936 eorum
1021 877 1359 949 pauperibus
1397 883 1452 930 et
1502 873 1897 929 famulantibus

290 974 489 1045 palatio
520 974 818 1047 delegavit,
851 973 985 1026 duas
1022 985 1153 1025 vero
1186 975 1368 1039 partes
1399 967 1453 1020 in
1488 973 1672 1038 partes
1701 965 1897 1038 viginti

288 1074 342 1120 et
372 1082 535 1119 unam
570 1062 878 1122 subdivisit.
919 1068 974 1116 et
1001 1058 1442 1129 metropolitanis
1471 1056 1772 1127 episcopis,
1803 1055 1897 1127 qui

288 1159 513 1214 totidem
538 1157 641 1210 sibi
695 1155 982 1223 suberant,
1015 1151 1320 1216 distribuit,
1351 1158 1410 1205 ut
1438 1148 1762 1219 metropolis
1789 1163 1897 1202 EBG-

250 1245 256 1250 ’
285 1249 451 1303 etesia
483 1247 698 1301 tertiam
731 1245 1020 1319 assignataz
1052 1243 1158 1296 sibi
1188 1241 1358 1312 partis
1388 1241 1633 1306 haberet,
1675 1246 1729 1293 et
1759 1238 1896 1294 duas

287 1337 430 1390 iuter
499 1333 872 1408 suﬂ‘raganeas
949 1331 1246 1402 episcopos
1315 1329 1606 1384 divideret.
1663 1328 1896 1384 Nomina

284 1428 836 1500 archiepisc0palium
872 1427 1175 1489 civitatum,
1199 1441 1320 1497 qua:
1351 1431 1512 1480 erant
1539 1423 1642 1478 sub
1669 1423 1892 1479 Karolo:

287 1523 474 1586 Roma,
520 1521 797 1584 Ravenna,
839 1517 1228 1582 Mediolanum,
1286 1516 1480 1570 Forum
1511 1515 1638 1569 Julii
1671 1531 1796 1586 quae
1843 1522 1897 1570 et

287 1609 548 1680 Aquileia,
578 1608 806 1672 Gradus,
842 1605 1090 1672 Colonia,
1142 1605 1439 1676 Moguntia,
1471 1605 1732 1659 Juvavum
1775 1620 1896 1675 qua}

1494 288 1836 346 SIGEBERTI
1875 285 2388 343 GEMBLACENSIS.

3510 290 3614 344 156

2342 417 2428 472 13.
2610 416 2681 470 46
2850 416 2899 470 1.
3050 417 3102 470 1.
3287 417 3340 472 7.

2071 510 2236 576 (Matt.
2290 508 2414 574 [L.])
2459 505 2687 562 Karolus
2745 505 3046 576 imperator
3101 505 3400 579 gloriosus,
3443 521 3612 580 reguo

1999 607 2053 654 et
2101 599 2336 668 imperio
2367 613 2466 652 suo
2521 596 2782 666 ampliato
2840 603 2894 650 et
2950 604 3166 666 pacato,
3206 603 3347 650 statu
3391 611 3614 668 quoque

1998 687 2262 743 aecclesiae
2300 693 2488 740 sancte
2545 692 2599 740 et
2631 684 2892 760 religiose
2923 684 3203 751 ordinato,
3253 686 3507 753 moritur,
3558 692 3614 740 et

1998 778 2264 849 sepelitur
2309 778 2496 849 Aquis,
2563 791 2709 832 anno
2771 775 2948 830 aetatis
2999 791 3112 830 suae
3167 776 3291 832 72°:
3344 777 3438 848 qui
3508 793 3607 848 pro

1998 871 2383 942 magnitudine
2405 884 2634 940 operum
2655 867 3040 943 agnominatus
3071 875 3153 923 est
3177 868 3423 943 Magnus,
3452 868 3610 938 cujus

1998 961 2164 1015 vitam
2205 959 2477 1015 Einardus
2522 958 2834 1030 descripsit.
2871 958 2997 1013 Post
3045 974 3212 1030 quem
3265 958 3608 1024 Ludowicus,

1998 1049 2145 1105 filius
2175 1050 2314 1119 ejus,
2341 1049 2632 1120 imperavit
2663 1047 2824 1102 annis
2852 1048 2940 1102 26.

2067 1143 2191 1200 815.
2625 1141 2675 1194 1.
2822 1141 2875 1194 2.
3026 1140 3080 1196 2.
3227 1141 3278 1195 8.

2067 1241 2238 1310 (Matt.
2292 1240 2415 1306 [L.])
2447 1238 2598 1291 Inter
2643 1235 2994 1291 Ludowicum
3041 1243 3095 1290 et
3151 1237 3392 1292 Leonem
3447 1237 3617 1306 impe-

1997 1341 2208 1388 ratores
2237 1347 2338 1403 pax
2372 1329 2634 1384 ﬁrmatur.
2664 1328 2952 1383 Harioldus
2983 1343 3072 1382 rex
3106 1329 3409 1395 Dauorum,
3436 1328 3616 1399 patria

1997 1433 2052 1481 et
2090 1439 2260 1498 regno
2293 1421 2482 1494 pulsus
2526 1437 2557 1475 a
2587 1419 2716 1474 [iliis
2753 1418 3057 1485 Godefridi,
3097 1419 3165 1474 ad
3214 1419 3606 1491 imperatorem

1999 1517 2354 1574 Ludowicum
2410 1515 2642 1570 veniens
2697 1514 2950 1584 implorat
3007 1530 3171 1584 Opem
3221 1514 3610 1583 recuperandi.
3690 1565 3699 1576 ,

2001 1607 2309 1662 Chrumnus
2366 1620 2627 1659 successu
2682 1602 2919 1667 laetatus,
2979 1602 3612 1673 Constantinopolitanos

278 1711 340 1754 et
385 1699 710 1765 Salzburch,
752 1697 1022 1760 Treveris,
1055 1695 1308 1763 Senonis,
1344 1695 1625 1761 Vesontio,
1679 1695 1898 1769 Lugdu-
1927 1727 1976 1794 Β
2006 1701 2250 1756 incursat
2289 1698 2642 1764 insolentius,
2673 1705 2728 1752 et
2758 1712 2934 1768 usque
2965 1697 3032 1751 ad
3068 1704 3253 1768 portas
3280 1697 3432 1752 urbis
3461 1713 3616 1769 vaga.

287 1808 411 1856 nus,
441 1791 667 1856 Vienna,
702 1791 1056 1860 Rotomagus,
1092 1787 1292 1850 Remis,
1326 1786 1533 1852 Arelas,
1567 1787 1898 1855 Darantasia,

289 1883 666 1947 Ebredunum,
696 1881 1024 1954 llnrdegala;
1073 1878 1327 1945 Turonis,
1361 1878 1645 1932 Bituricas.
1683 1879 1771 1947 (II.
1803 1883 1900 1947 m)

285 1975 626 2044 Nicephorus
656 1973 953 2043 imperator
979 1971 1284 2042 Bulgariam
1319 1970 1658 2044 ingreditur;
1693 1976 1746 2024 et
1771 1971 1900 2041 quia

291 2061 534 2116 victoria:
555 2069 864 2131 temperare
889 2059 1137 2123 nescivit,
1171 2075 1198 2112 a
1223 2059 1550 2130 Bulgaribus
1571 2074 1692 2113 cum
1728 2059 1898 2114 multo

298 2153 559 2208 senatorii
592 2151 803 2206 ordinis
836 2167 1065 2206 numero
1091 2150 1400 2222 perimitur.
1424 2150 1728 2205 Stauratius
1755 2147 1901 2204 ﬁlius

293 2245 413 2313 ejus
441 2253 566 2315 post
606 2259 731 2298 cum
759 2259 902 2298 anno
934 2259 1042 2297 uno
1073 2243 1323 2312 imperat.

364 2357 488 2411 811.
569 2356 758 2410 8.10.
839 2356 894 2410 F.
935 2355 1023 2409 43.
1103 2354 1155 2408 C.
1205 2355 1252 2408 1.
1330 2354 1384 2408 S.
1428 2354 1480 2408 3.
1561 2355 1617 2408 Β.
1661 2356 1714 2409 4.

359 2443 445 2510 (Η.
484 2446 579 2513 m.)
607 2443 884 2498 Stauratio
924 2442 1201 2514 deposito,
1237 2441 1465 2497 Michael
1504 2442 1738 2514 imperat
1777 2450 1900 2513 post

291 2552 414 2591 eum
457 2534 617 2588 annis
671 2535 723 2587 3.
771 2536 932 2603 (Matt.
975 2533 1100 2604 [L.])
1137 2533 1434 2608 Hemingus
1483 2551 1574 2588 rex
1629 2534 1898 2589 Dauorum

291 2626 539 2680 moritur.
577 2625 702 2680 Post
743 2641 904 2696 quem
938 2625 1048 2679 duo
1081 2626 1224 2679 inter
1252 2642 1311 2679 se
1349 2626 1416 2680 de
1447 2643 1616 2700 regno
1670 2634 1903 2682 conten-

293 2721 489 2774 dentes
531 2719 678 2774 bello
731 2719 1086 2785 colliduntur,
1143 2719 1198 2772 in
1256 2735 1365 2790 quo
1422 2737 1581 2791 paene
1639 2723 1695 2776 11
1754 2722 1906 2776 milia

294 2815 566 2868 Danorum
602 2814 964 2884 perimuntur.
1017 2814 1210 2881 (Eram)
1244 2814 1532 2885 Moguntire
1572 2832 1712 2887 pons
1745 2817 1905 2888 quin-

294 2914 586 2980 gentorum
607 2922 867 2976 passuum
884 2906 1250 2978 longitudinis
1269 2913 1419 2961 trans
1444 2908 1716 2974 Rhenum,
1738 2925 1901 2980 quem

298 2997 525 3051 Karolus
565 2996 865 3066 imperator
896 3013 994 3065 per
1032 2997 1222 3051 decem
1255 3015 1430 3055 annos
1472 2999 1683 3074 ingenti
1715 3001 1905 3055 labore

298 3096 352 3142 et
377 3087 613 3143 mirabili
647 3104 816 3158 opere
844 3089 913 3143 de
953 3090 1118 3162 lignis
1158 3099 1560 3159 construxerat,
1592 3093 1662 3146 ita
1690 3100 1749 3147 ut
1781 3111 1905 3163 per-

2059 3069 2304 3126 udowico
2337 3067 2522 3124 deficit
2556 3076 2611 3124 et
2636 3068 2706 3122 ad
2724 3069 2903 3122 Danos
2931 3065 3147 3121 transit.

2082 3166 2186 3183 nun
2640 3162 2668 3183 Ρ
2837 3163 2868 3183 ο
3037 3161 3068 3183 Ω

299 3187 467 3250 petuo
505 3179 703 3234 durare
734 3196 899 3252 posse
947 3181 1244 3248 videretur,
1278 3183 1352 3238 ita
1382 3184 1557 3239 tribus
1601 3187 1749 3240 horis
1775 3201 1908 3240 con-

299 3273 570 3347 flagravit,
628 3284 687 3328 ut
742 3292 811 3329 ne
866 3292 977 3330 una
1017 3277 1238 3348 quidam
1271 3279 1445 3334 astula
1487 3296 1655 3350 super
1711 3298 1908 3353 aquam

299 3374 631 3420 remaneret.

367 3472 490 3527 812.
643 3474 725 3527 11.
910 3474 998 3528 41.
1187 3475 1235 3529 1.
1424 3477 1476 3529 4.
1663 3480 1713 3534 5.

369 3588 544 3656 (Matt.
581 3591 707 3657 [L.]E
741 3589 967 3646 Karolus
1016 3591 1311 3662 imperator
1346 3592 1634 3649 Ludowico
1664 3593 1776 3649 filio
1806 3611 1907 3651 suo

298 3695 556 3734 coronam
590 3681 928 3751 imperialem
959 3682 1217 3753 imponit,
1248 3692 1300 3739 et
1341 3684 1699 3752 Bernardum,
1734 3685 1906 3742 tilium

302 3771 478 3841 Pipini
536 3773 702 3846 regis,
764 3791 947 3848 regem
999 3775 1165 3829 Italia
1215 3776 1364 3841 facit,
1413 3779 1580 3841 (Elev.
1637 3781 1790 3846 Am.)
1847 3780 1907 3832 In

302 3859 527 3913 Francia
575 3861 719 3929 apud
752 3862 1064 3916 caenobium
1117 3863 1425 3919 Elnonense
1457 3874 1678 3920 sanctus
1708 3866 1910 3920 Aman-

303 3945 408 3999 dus
455 3963 487 4000 a
518 3945 770 4002 Lothario
824 3949 1087 4016 elevatur,
1129 3967 1159 4004 a
1210 3951 1559 4022 depositione
1616 3955 1735 4020 ejus
1762 3971 1908 4011 anno

303 4035 522 4091 circiter
567 4037 871 4094 centesimo
920 4039 1384 4115 quinquagesimo
1431 4043 1678 4098 secundo
1742 4044 1908 4116 Cujus

305 4141 533 4195 corpore
565 4127 746 4181 adhuc
777 4127 989 4202 integro
1023 4130 1266 4196 invento,
1320 4148 1442 4186 cum
1503 4132 1622 4204 ejus
1653 4133 1814 4204 capiti
1856 4140 1910 4188 et

304 4231 536 4287 ungues,
588 4216 680 4287 qui
721 4218 1030 4273 excrevisse
1063 4218 1413 4287 videbantur,
1465 4223 1902 4289 succiderentur,

302 4310 356 4357 et
384 4304 452 4358 de
484 4305 601 4375 ejus
628 4321 723 4360 ore
749 4306 946 4361 dentes
967 4307 1214 4362 adhibita
1236 4309 1443 4380 forcipe
1470 4314 1907 4383 extraherentur,

2005 1801 2092 1848 tur
2115 1790 2320 1846 crebris
2353 1789 2688 1844 incursibus.

2000 1885 2124 1939 816.
2555 1882 2611 1936 2.
2757 1881 2811 1935 2.
2962 1881 3015 1935 3.
3199 1880 3254 1934 3.
3403 1879 3457 1935 9.

2074 1974 2155 2039 (G.
2184 1977 2317 2043 pont
2344 1973 2363 2041 )
2403 1971 2716 2040 Stephanus
2749 1968 2878 2024 92ης
2909 1970 3167 2024 Romanae
3210 1966 3459 2023 ecclesia
3490 1983 3615 2039 pre-

1999 2064 2160 2118 sidet.
2207 2062 2301 2116 Hic
2335 2077 2456 2116 mox
2485 2061 2538 2114 in
2572 2061 2851 2115 Franciam
2876 2061 3048 2125 venit,
3081 2067 3136 2115 et
3174 2059 3524 2114 Ludowicum
3557 2059 3613 2112 in

2001 2153 2389 2222 imperatorem
2437 2149 2736 2204 coronavit.
2779 2151 2950 2216 (Matt.
2997 2149 3121 2221 [L.])
3151 2149 3476 2204 Ludowicus
3509 2148 3616 2202 im—

2002 2253 2221 2316 perator
2252 2242 2549 2297 exercitum
2579 2247 2767 2296 contra
2801 2241 2979 2297 Danos
3009 2242 3195 2310 mittit,
3246 2248 3300 2297 et
3351 2257 3450 2312 per
3487 2256 3614 2296 eum

2000 2335 2226 2392 obsides
2253 2333 2470 2403 accipit.

2071 2425 2194 2480 817.
2633 2423 2686 2477 3.
2834 2424 2888 2477 4.
3035 2424 3089 2478 4.
3239 2422 3326 2478 10.

2073 2515 2154 2582 (G.
2179 2515 2360 2584 pont.)
2418 2511 2653 2568 Pascalis
2705 2512 2835 2566 93'!3
2879 2511 3138 2566 Romana:
3196 2512 3460 2567 {ecclesiae
3492 2527 3618 2582 pre-

2001 2610 2162 2664 sidet.
2193 2610 2358 2675 (Matt.
2386 2608 2508 2680 [L.)]
2539 2607 2841 2661 Wascones
2862 2607 2930 2660 ab
2962 2607 3298 2678 imperatore
3326 2607 3617 2662 Ludowico

2005 2701 2344 2760 desciscunt.
2373 2700 2472 2755 sed
2512 2700 2580 2754 ab
2621 2700 2742 2768 ejus
2788 2698 3030 2754 exercitu
3087 2699 3318 2754 edomiti
3350 2700 3456 2755 cito
3487 2699 3621 2753 resi-

2007 2797 2243 2868 piscunt.

2074 2886 2200 2942 818.
2631 2885 2686 2937 4.
2834 2884 2886 2937 5.
3038 2882 3092 2937 5.
3239 2882 3328 2937 11.

2077 2980 2202 3049 (1b.)
2262 2977 2541 3048 Scloamyr
2593 2992 2684 3032 rex
2734 2976 3119 3030 Abrotidarum
3163 2973 3231 3027 ab
3286 2973 3620 3044 imperatore

2081 3166 2208 3221 819.
2637 3162 2691 3218 5.
2835 3163 2887 3215 6.
3036 3161 3090 3216 6.
3237 3158 3325 3212 12.

2085 3258 2210 3326 (1b.)
2240 3255 2566 3311 Ludowicus
2597 3254 2898 3316 imperator
2929 3251 3204 3306 Brittones
3255 3249 3361 3303 sibi
3393 3247 3621 3319 subigit.

2011 3350 2327 3405 Murmanus
2356 3346 2463 3400 dux
2517 3361 2730 3408 eorum,
2759 3344 2852 3416 qui
2884 3359 3085 3399 nomen
3119 3341 3262 3414 regis
3317 3339 3423 3394 sibi
3453 3356 3623 3394 usur-

2011 3443 2252 3510 pavarat,
2287 3436 2355 3490 ab
2384 3436 2466 3489 eis
2493 3433 2800 3505 perimitur.
2839 3432 2954 3503 (1b.)
2989 3429 3298 3485 Bcrnardus
3329 3445 3420 3483 rex
3454 3428 3626 3483 Italiae

2007 3524 2438 3597 conspirationis
2467 3530 2659 3579 contra
2706 3521 3091 3592 imperatorem
3135 3518 3288 3573 facta:
3314 3523 3624 3582 accusatur,

2009 3623 2062 3671 et
2093 3631 2219 3669 reus
2238 3612 2541 3683 majestatis
2567 3611 2930 3680 adjudicatus,
2956 3608 3130 3679 primo
3148 3622 3319 3681 regno
3341 3613 3394 3660 et
3424 3605 3624 3671 oculis,

2007 3703 2209 3758 dehinc
2263 3701 2376 3757 vita
2430 3700 2690 3771 privatur.
2755 3699 2871 3768 (Ιὸ.)
2935 3696 3224 3751 Harioldus
3279 3694 3335 3748 in
3389 3709 3621 3766 regnum

2008 3799 2284 3852 Dauorum
2317 3812 2348 3849 a
2377 3794 2674 3850 Ludowico
2703 3791 3015 3847 remittitur.

2080 3883 2203 3940 820.
2638 3882 2692 3937 6.
2838 3881 2891 3934 7.
3043 3878 3096 3933 7.
3243 3877 3332 3935 13.

2085 3979 2197 4048 (Ib)
2245 3975 2527 4045 Scloamyr
2572 3991 2664 4029 rex
2724 3971 3106 4027 Abrotidarum
3156 3976 3214 4024 et
3268 3970 3456 4040 Lupus
3513 3968 3622 4022 dux

2012 4068 2339 4122 Wasconum
2387 4064 2629 4119 damnati
2681 4062 2875 4132 capitis
2921 4061 2989 4114 ab
3040 4060 3376 4130 imperatore
3441 4057 3625 4111 Ludo~

2009 4163 2148 4218 wico
2175 4161 2490 4216 exiliantur.
2521 4162 2671 4228 (Cap.
2709 4159 2971 4227 Aquisg.)
3017 4152 3340 4228 Aquisgrani
3373 4150 3618 4223 generali

2011 4258 2287 4308 conventu
2317 4249 2504 4304 habito
2523 4264 2621 4318 per
2636 4245 3055 4316 dispositionem
3081 4241 3430 4313 imperatoris
3444 4239 3621 4294 Ludo-

2011 4344 2136 4398 wici
2161 4344 2662 4414 episcoporumque
2687 4347 2738 4393 et
2770 4337 3039 4391 abbatum
3067 4334 3253 4405 aliqua
3273 4331 3515 4402 capitula
3553 4330 3623 4384 ad

300 4412 525 4504 sai]ng
551 4398 974 4504 ‘nd‘ipmm‘m'
1005 4401 1097 4470 qni
1122 4401 1187 4454 ad
1217 4403 1536 4458 memoriam
1559 4416 1903 4475 posterorum
1931 4424 1992 4494 D
2017 4449 2147 4488 usus
2179 4398 2509 4504 regularium
2543 4398 2934 4484 monachorum
2959 4425 3142 4480 addita
3164 4398 3426 4487 suun—et
3455 4421 3626 4474 multa

301 4489 481 4544 adhuc
510 4497 779 4560 servatur,

373 4593 497 4649 813.
647 4597 733 4652 12.
919 4600 1007 4654 45.
1189 4601 1245 4654 2.
1429 4603 1481 4656 ὅ.
1665 4604 1718 4657 6.

378 4706 547 4772 (Matt.
595 4709 721 4775 [L.].
763 4709 989 4766 Karolus
1040 4711 1340 4783 imperator
1393 4729 1491 4784 per
1529 4721 1671 4768 totas
1712 4714 1914 4768 Callias

307 4796 540 4850 concilia
563 4814 729 4868 super
752 4807 892 4856 statu
923 4803 1291 4858 zecelesiarnm
1338 4805 1407 4859 ab
1459 4805 1736 4876 episcopis
1761 4807 1914 4861 cele-

307 4883 452 4938 brari
483 4884 679 4950 edicit;
724 4904 891 4943 unum
932 4891 1032 4946 fuit
1068 4893 1376 4966 Moguntiee,
1419 4894 1647 4949 alterum
1705 4896 1910 4964 Remis,

307 4976 525 5030 tertium
606 4978 858 5045 Turonis,
940 4993 1194 5054 quartum
1244 4986 1602 5053 Caballonis,
1660 4988 1911 5058 quintum

307 5067 524 5122 Arelati.
561 5068 647 5136 (Η.
702 5073 796 5140 m.)
828 5070 1117 5127 Muhamad
1186 5076 1386 5130 amiras
1417 5075 1564 5131 fratri
1620 5092 1721 5132 suo
1773 5077 1912 5132 liab-

307 5160 467 5216 dallaa
499 5163 882 5237 congreditur;
915 5181 945 5219 a
994 5181 1102 5237 quo
1129 5174 1436 5238 superatus,
1486 5184 1610 5223 eum
1643 5169 1750 5222 sibi
1782 5185 1916 5225 con-

309 5268 537 5324 regnare
567 5253 774 5310 invitus
809 5257 1035 5326 patitur;
1068 5264 1123 5312 et
1154 5259 1257 5314 hoc
1299 5259 1446 5314 bello
1491 5275 1720 5334 regnum
1755 5260 1916 5314 Sara-

308 5359 572 5398 cenorum
625 5362 724 5415 per
755 5346 964 5417 aliquot
993 5362 1169 5402 annos
1197 5348 1542 5402 discinditur.
1584 5351 1751 5418 (Matt.
1791 5349 1912 5418 [L.])

308 5433 539 5489 Michael
569 5435 868 5507 imperator
899 5437 1173 5494 Chrumno
1205 5439 1419 5514 Bulgari
1459 5456 1810 5516 congressus,
1847 5441 1916 5497 de

310 5523 457 5577 bello
497 5522 672 5578 victus
729 5524 888 5600 fugit,
937 5535 990 5582 et
1043 5528 1428 5598 desperatione
1487 5545 1665 5584 rerum
1719 5546 1915 5585 mona-

2011 4533 2320 4582 sanctarum
2352 4524 2742 4594 scripturarum
2775 4519 3164 4591 compilatione
3210 4517 3372 4578 facta,
3403 4513 3629 4569 clerico-

2015 4633 2132 4672 rum
2166 4622 2220 4669 et
2249 4611 2582 4669 clericalium
2623 4607 3122 4666 sanctimonialium
3177 4604 3379 4678 regulae
3419 4599 3626 4656 consti-

2016 4713 2146 4762 tutae
2178 4712 2324 4758 sunt.
2360 4701 2657 4756 Deficiente
2705 4697 3061 4754 historiarum
3119 4693 3404 4758 relatione,
3443 4695 3626 4744 cessat

2015 4800 2178 4854 etiam
2211 4797 2403 4852 relatio
2431 4797 2498 4850 de
2529 4808 2700 4868 regno
2733 4791 3020 4865 Bulgarum
3053 4794 3106 4842 et
3135 4787 3549 4841 Saracenorum.

2085 4888 2210 4942 821.
2640 4883 2689 4937 7.
2840 4880 2893 4934 8.

2087 4976 2165 5045 (G.
2201 4979 2374 5044 pont.)
2416 4970 2696 5027 Paschalis
2737 4984 2878 5039 papa
2907 4982 3108 5036 corpus
3163 4969 3365 5018 sancta:
3411 4957 3626 5014 Ceciliae

2013 5063 2244 5136 virginis
2273 5062 2393 5131 ipsa
2422 5060 2700 5115 revelante
2727 5056 2958 5122 invenit,
2989 5054 3170 5109 aureis
3195 5050 3431 5106 velatum
3460 5047 3625 5101 indu-

2016 5151 2218 5207 mentis
2242 5148 2510 5222 sanguine
2541 5146 2714 5217 ipsius
2739 5143 2918 5199 adhue
2974 5141 3206 5205 infusis;
3258 5145 3312 5193 et
3351 5138 3526 5208 ipsam
3573 5141 3630 5190 et

2013 5255 2245 5311 corpora
2273 5245 2587 5293 sanctorum
2618 5232 2887 5288 Valeriani
2928 5231 3116 5302 sponsi
3147 5229 3267 5298 ejus
3292 5234 3347 5282 et
3381 5223 3627 5296 Tyburtii

2015 5339 2067 5388 et
2094 5329 2328 5397 Maximi,
2363 5327 2565 5384 Urbani
2587 5341 2812 5397 quoque
2839 5340 3015 5394 papae,
3039 5324 3096 5378 in
3127 5318 3433 5376 aacclesiam
3485 5334 3516 5370 a
3564 5331 3628 5370 se

2017 5421 2099 5476 eis
2136 5418 2443 5476 ediﬁcatam
2495 5415 2849 5486 transposuit.
2891 5415 3061 5482 (Matt.
3123 5411 3246 5481 [L.])
3303 5405 3630 5462 Ludowicus

2021 5518 2318 5586 imperator
2347 5513 2698 5586 partitionem
2728 5509 2881 5584 regni
2925 5507 3068 5561 inter
3097 5504 3240 5559 filios
3269 5518 3400 5559 suos
3430 5501 3629 5556 factam

311 5613 448 5666 chus
470 5613 661 5680 factus,
691 5590 985 5686 imperium
1013 5590 1262 5689 deponit.
1287 5618 1592 5691 Postquam
1624 5621 1732 5676 Leo
1761 5621 1906 5676 anni:

2059 5604 2313 5662 onﬁrmat
2377 5601 2737 5659 sacramentis
2795 5597 3122 5669 optimatum
3187 5608 3435 5648 suorum.
3507 5590 3631 5660 (1b.)

313 5706 346 5761 8
371 5706 677 5779 imperavit.

2024 5708 2130 5764 Leo
2165 5707 2464 5778 imperator
2517 5703 2810 5759 Grecorum
2844 5697 3131 5770 perimitur
3168 5695 3224 5749 in
3269 5692 3470 5765 palatio
3523 5703 3628 5744 suo
