3870 6060
135 277 242 331 157

1634 285 1981 346 CHRONICA.

3371 299 3476 356 158

133 406 558 479 conspiratione
613 409 936 479 optimatum
991 426 1240 480 suorum,
1268 418 1325 469 et
1361 413 1625 486 precipue
1654 415 1755 470 Mi-
1777 419 1833 488 Α
1861 417 2003 474 berti
2033 419 2286 476 transfert
2308 437 2339 475 ει
2367 421 2568 478 Leodio
2597 422 2666 477 ad
2695 421 3000 496 Andagium
3049 425 3468 481 monasterium.

133 499 394 554 cbahelis
447 501 873 558 domesticorum
945 503 1187 572 comitis,
1247 512 1301 561 et
1357 505 1476 578 ipse
1527 507 1756 564 Michael
1859 509 1950 581 (A.
1981 512 2163 582 Fuld.)
2196 511 2454 568 Rabanus
2482 512 2729 583 sophista
2777 523 2832 570 et
2855 515 2940 570 sui
2975 515 3242 586 temporis
3275 523 3472 587 poeta-

135 591 440 662 imperavit
468 591 630 648 annis
660 593 714 650 9.

204 679 334 734 822.
452 681 586 736 F.8
1499 685 1647 744 0.1.

205 770 269 824 In
302 769 565 842 Turingia
598 787 796 842 cespes
852 771 1198 848 longitudine
1229 775 1432 846 pedum
1476 775 1755 850 quinqua-

1858 615 1977 654 rum
2005 600 2141 656 nulli
2167 602 2464 668 secundus,
2504 601 2563 658 ﬁt
2589 602 2758 658 abbas
2783 603 3076 660 Vuldensis
3107 623 3123 672 ;
3154 605 3250 677 qui
3299 607 3472 662 multa

1857 688 1928 743 de
1959 689 2164 745 sanctis
2191 690 2481 762 scripturis
2508 691 2790 762 disseruit,
2841 691 2937 762 qui
2977 692 3142 748 etiam
3175 694 3370 750 librum
3401 695 3471 752 de

1857 783 2021 840 laude
2052 793 2252 842 sanctae
2275 786 2470 850 crucis,
2505 785 2802 862 ﬁgurarum
2839 786 3100 843 varietate
3125 787 3468 856 distinctum,

128 873 366 953 genum,
399 858 693 953 latitudine
723 861 1192 953 quatuordcnum,
1213 863 1508 953 altitudine
1536 867 1755 939 sesqui-
1856 875 2069 932 difﬁcili
2099 883 2155 932 et
2178 877 2430 934 mirando
2485 858 2740 948 poemate
2797 879 3134 949 composuit,
3191 888 3248 934 et
3277 881 3470 953 Sergio

130 947 347 1018 pedali,
374 947 496 1042 sine
525 948 786 1042 manibus
834 949 909 1005 de
962 960 1108 1006 terra
1138 952 1385 1022 precisus
1412 963 1467 1010 et
1505 955 1756 1011 sublatus
1854 981 2227 1042 papmmnclo
2259 973 2419 1030 Ρειιιο
2437 947 2780 1030 offerendum
2808 947 2980 1030 misit,

128 1041 235 1100 est,
292 1041 348 1090 et
387 1034 532 1090 ultra
591 1037 763 1106 pedes
787 1039 858 1092 25
919 1041 1215 1096 translatus
1255 1049 1357 1097 est.
1386 1044 1470 1110 _ln
1516 1043 1753 1100 Saxonia

129 1121 298 1181 tellus
324 1126 382 1180 in
429 1126 654 1182 modum
709 1128 928 1204 aggeris
981 1129 1156 1186 limite
1213 1132 1379 1188 unius
1427 1134 1604 1210 leuga
1662 1135 1754 1191 in-

129 1219 354 1274 tumuit.

195 1309 329 1367 823.
364 1311 431 1376 a,
465 1319 522 1367 et
549 1311 608 1368 F.
639 1312 692 1367 9.
1586 1321 1640 1378 ε,

193 1403 283 1470 (Α.
343 1401 530 1471 Leod.)
586 1402 828 1460 Elevatio
887 1405 1063 1461 sancti
1122 1405 1362 1462 Ursmari
1411 1409 1750 1467 confessoris

123 1495 420 1551 Lobiensis
439 1495 754 1552 celebratur
816 1499 902 1553 “9.
937 1501 1105 1570 (Mett.
1164 1500 1292 1573 [L.])
1352 1503 1552 1578 Drogo,
1584 1503 1750 1561 frater

126 1587 412 1644 Ludowici
469 1589 842 1660 imperatoris,
901 1591 961 1648 ﬁt
1025 1595 1371 1651 Mcttensium
1429 1598 1744 1670 episcOpus.

123 1681 252 1752 (1b.)
277 1681 590 1746 Lotharius,
623 1681 771 1738 ﬁlius
801 1685 1173 1756 imperatoris,
1206 1705 1237 1744 a
1269 1699 1422 1760 patre
1454 1691 1509 1746 in
1535 1693 1743 1748 Italiam

123 1771 388 1847 dirigitur
419 1790 436 1840 ;
461 1774 557 1846 qni
585 1791 615 1829 a
644 1775 906 1831 Paschalc
925 1795 1065 1848 papa
1081 1789 1452 1850 consecratus,
1485 1799 1744 1840 coronam

120 1865 282 1938 regni
323 1873 382 1920 et
409 1866 756 1936 imperatoris
801 1875 968 1940 atque
1007 1872 1226 1944 augusti
1263 1889 1467 1929 nomen
1506 1877 1740 1947 accepit.

120 1957 240 2029 (Ιὸ.)
275 1957 465 2013 Romae
516 1959 740 2030 quidam
783 1959 1050 2016 nobilium
1103 1964 1470 2034 perimuntur,
1513 1984 1612 2038 pro
1678 1983 1745 2024 eo

121 2049 275 2121 quod
297 2049 594 2120 proniores
618 2051 766 2121 justo
806 2068 930 2108 esse
979 2055 1302 2112 viderentur
1331 2058 1398 2112 ad
1427 2057 1743 2117 fidelitatem

123 2137 371 2194 Lotbarii
400 2139 770 2218 imperatoris.
834 2143 990 2208 Quod
1045 2147 1257 2203 crimen
1310 2166 1434 2205 cum
1485 2151 1652 2206 etiam
1685 2153 1742 2208 in

121 2229 306 2298 ipsum
367 2245 567 2300 papam
634 2231 952 2288 Paschalem
1009 2234 1440 2308 intorqueretur,
1501 2257 1644 2312 papa
1685 2257 1746 2299 se

119 2320 268 2390 apud
298 2319 672 2391 imperatores
697 2330 944 2391 excusat,
975 2333 1029 2379 et
1059 2325 1129 2380 de
1160 2327 1266 2382 hoc
1292 2329 1525 2385 crimine
1556 2348 1743 2388 coram

118 2409 329 2480 populo
381 2414 438 2464 et
481 2409 681 2484 legatis
724 2410 1074 2483 imperatoris
1128 2415 1312 2472 Romae
1373 2435 1498 2474 cum
1543 2438 1744 2498 magno

119 2505 518 2576 episcoporum
551 2518 785 2562 numero
823 2524 883 2563 se
904 2509 1267 2580 jurejurando
1299 2525 1588 2592 expurgat.
1619 2519 1741 2591 (1b.)

115 2596 486 2650 Terr-semotus
523 2594 702 2652 factus
733 2603 817 2652 est
845 2615 860 2664 ;
896 2599 1082 2654 multae
1140 2601 1285 2657 villa:
1318 2612 1374 2659 et
1403 2605 1602 2661 domus
1635 2624 1745 2664 cte-

115 2684 242 2738 lesti
277 2684 412 2758 igne
471 2693 788 2740 cremantur
838 2704 853 2752 ;
897 2688 1153 2745 homines
1200 2697 1256 2745 et
1311 2691 1571 2749 animalia
1630 2695 1742 2752 ictu

117 2777 417 2832 fulminum
435 2778 822 2834 examinantur
851 2797 867 2846 ;
897 2779 1085 2853 fruges
1109 2784 1382 2854 grandine
1437 2797 1740 2856 vastantur;

112 2882 236 2920 cum
270 2866 394 2938 ipsa
422 2867 696 2942 grandine
725 2868 840 2923 veri
893 2868 1110 2940 lapides
1166 2871 1424 2929 immensi
1475 2879 1743 2948 ponderis

113 2955 320 3010 cadunt
352 2971 370 3023 ;
408 2961 468 3012 et
499 2957 617 3011 haec
638 2956 891 3030 prodigia
919 2959 1146 3032 grandis
1175 2961 1463 3019 hominum
1494 2967 1742 3022 mortali-

113 3055 189 3101 tas
216 3047 604 3120 subsequitur.
639 3047 696 3104 ln
756 3049 1028 3106 territorio
1057 3051 1314 3110 Tullense
1341 3056 1470 3112 villa
1513 3060 1740 3115 Comer-

115 3138 255 3194 tiaco
275 3139 466 3210 puella
493 3139 829 3206 duodennis,
863 3151 986 3212 post
1026 3159 1240 3200 sacram
1285 3151 1734 3208 communionem

115 3231 168 3284 in
201 3232 410 3301 pascha
434 3247 468 3286 a
495 3233 784 3290 sacerdote
803 3242 1141 3306 susceptam,
1157 3238 1391 3310 primum
1412 3258 1512 3312 per
1541 3243 1735 3300 decem

116 3342 338 3382 menses
368 3343 532 3398 pane,
564 3328 770 3385 deinde
799 3331 950 3386 omni
981 3331 1107 3388 cibo
1137 3341 1194 3388 et
1241 3343 1376 3406 potu
1432 3354 1534 3409 per
1563 3339 1735 3395 trien-

117 3415 269 3470 nium
299 3416 588 3484 abstinuit,
619 3425 676 3473 et
725 3425 916 3490 postea
945 3420 1016 3475 ad
1063 3422 1414 3480 communem
1450 3427 1732 3486 hominum

119 3507 282 3562 vitam
304 3507 491 3564 rediit.

187 3598 316 3654 824.
469 3599 556 3657 10.
1579 3613 1632 3667 3.

185 3689 270 3761 (C.
297 3697 455 3761 pont.
489 3692 766 3768 Eugenius
805 3695 1064 3753 Romanae
1094 3699 1360 3756 ecclesia:
1389 3705 1732 3762 centesimus

124 3779 186 3813 ιω
212 3781 483 3852 presidet.
515 3785 681 3854 (Matt.
719 3785 844 3858 [L.])
888 3782 1133 3859 Corpora
1196 3797 1510 3848 sanctorum
1545 3794 1731 3853 Severi

127 3876 524 3934 Ravennatium
553 3879 804 3952 episc0pi
835 3888 892 3937 et
947 3884 1134 3940 uxoris
1181 3886 1302 3955 ejus
1331 3886 1638 3947 Vincentize
1677 3899 1732 3949 et

127 3963 248 4020 tiliae
275 3965 620 4024 lnnocentiae
629 3968 698 4024 ab
710 3969 927 4043 Otgario
955 3972 1376 4046 archiepiscopo
1397 3975 1556 4053 Mogu
1570 3981 1738 4038 ntiam

126 4054 383 4110 translata
409 4065 558 4111 sunt.
593 4057 778 4129 (Mam)
809 4061 870 4115 In
885 4059 1056 4117 Gallia
1093 4070 1221 4120 ante
1260 4065 1555 4124 solstitium
1580 4073 1737 4129 aesti-

126 4147 258 4214 vale,
291 4163 426 4203 aere
458 4147 515 4202 in
545 4155 927 4221 tempestatem
961 4165 1188 4225 repente
1218 4172 1507 4226 converso,
1539 4161 1740 4234 ingens

127 4232 492 4310 fragmentum
540 4239 740 4312 glaciei
789 4258 915 4298 cum
957 4245 1230 4316 grandine
1283 4247 1488 4304 cecidit
1533 4232 1740 4321 ;cujus

127 4327 410 4402 longitudo
433 4330 605 4400 pedes
622 4331 964 4402 quindecim,
1005 4337 1234 4394 latitudo
1275 4354 1392 4408 sex,
1419 4343 1740 4415 grossitudo

125 4417 257 4473 duos
279 4419 459 4490 pedes
487 4421 742 4478 habebat.
797 4424 964 4494 (Matt.
1023 4427 1148 4501 [L.])
1215 4429 1400 4504 Legati
1460 4432 1740 4492 Michaelis

1925 1059 2051 1116 825.
2166 1065 2253 1117 Η.
3305 1066 3360 1120 4.

1928 1155 2094 1212 (Matt.
2131 1152 2255 1224 [L.])
2319 1153 2608 1210 Herioldus
2657 1169 2750 1210 rex
2803 1155 3077 1212 Danorum
3119 1172 3246 1212 cum
3299 1173 3470 1214 uxore

1853 1246 1908 1296 et
1939 1239 2070 1296 filiis
2088 1249 2144 1296 et
2171 1257 2268 1296 sua
2293 1249 2446 1314 parte
2474 1243 2749 1297 Danorum
2771 1243 3064 1319 Moguntina
3115 1233 3426 1317 baptizatur
3451 1265 3468 1315 ;

1851 1337 1907 1384 et
1960 1329 2030 1384 ab
2073 1329 2406 1401 imperatore
2470 1331 2796 1386 muneribus
2838 1339 2893 1386 et
2949 1340 3103 1404 parte
3163 1334 3360 1389 Fresia:
3409 1335 3466 1390 in

1850 1415 2186 1473 beneﬁcium
2226 1418 2336 1474 sibi
2401 1419 2530 1474 data
2605 1421 2922 1474 honoratur.
2973 1421 3094 1486 (Ιὸ.)
3154 1421 3467 1490 Hilduinus,

1849 1507 2024 1564 abbas
2069 1509 2136 1564 dc
2181 1509 2362 1566 Sancti
2421 1509 2653 1565 Dionisii
2698 1511 2956 1582 sacrique
3007 1511 3466 1580 palatiiarchica-

1850 1600 2122 1672 pellanus,
2193 1601 2420 1656 Romam
2471 1601 2697 1657 mittens
2737 1617 2770 1657 a
2813 1618 2954 1672 papa
2998 1603 3242 1676 Eugenio
3295 1603 3471 1659 sancti

1775 1693 2157 1804 BSebastiani
2205 1695 2459 1766 martyris
2496 1710 2700 1766 corpus
2749 1694 2984 1766 accepit,
3040 1701 3095 1750 et
3150 1695 3468 1751 Suessionis

1849 1784 1899 1804 ε-
1933 1783 2137 1804 ruma
2190 1785 2622 1804 ..-μαλε
2997 1785 3098 1804 ,τις
3296 1803 3311 1804 ,

1849 1784 1903 1838 in
1931 1783 2161 1840 basilica
2187 1785 2360 1840 sancti
2383 1785 2624 1841 Medardi
2653 1785 2962 1840 collocavit.
2997 1785 3098 1840 Ubi
3127 1785 3258 1840 dum
3290 1786 3472 1842 adhuc

1846 1877 2190 1932 inhumatum
2219 1877 2275 1932 in
2295 1877 2498 1944 loculo,
2534 1877 2591 1932 in
2619 1893 2730 1950 quo
2772 1877 2996 1933 allatum
3022 1877 3466 1947 fuerat,jaceret,

1847 1977 2001 2025 tanta
2014 1969 2296 2042 signorum
2320 1976 2378 2024 et
2398 1968 2662 2024 virtutum
2691 1969 2867 2044 gratia
2889 1969 2946 2022 in
2973 1969 3198 2026 nomine
3215 1969 3464 2039 ejusdem

1845 2062 2100 2134 martyris
2119 2061 2336 2128 enituit,
2370 2068 2488 2116 uta
2530 2061 2684 2118 nullo
2736 2064 3048 2118 mortalium
3104 2063 3194 2119 vel
3229 2080 3465 2120 enume-

1847 2153 1954 2208 rari
1995 2153 2080 2209 vel
2124 2153 2368 2208 enarrari
2425 2152 2662 2225 possint.
2727 2153 2966 2218 Quorum
3028 2155 3281 2226 quaedam
3329 2155 3465 2210 tanti

1845 2242 2089 2312 stuporis
2117 2257 2240 2297 esse
2272 2241 2531 2296 dicuntur
2568 2247 2628 2296 ut
2658 2241 2954 2295 humanam
2974 2238 3142 2294 ﬁdem
3176 2239 3464 2300 excedant.

1847 2329 1954 2383 nisi
1987 2337 2196 2385 certum
2225 2337 2394 2395 esset,
2425 2329 2622 2394 Deum,
2646 2344 2746 2400 pro
2777 2343 2888 2401 quo
2931 2327 3080 2382 idem
3111 2335 3317 2398 martyr
3347 2341 3467 2398 pas-

1844 2435 1940 2474 sus
1958 2425 2065 2488 est,
2097 2419 2283 2474 omnia
2314 2418 2497 2475 facere
2517 2434 2701 2490 posse.

1917 2513 2048 2569 826.
2156 2512 2248 2567 42.
3295 2511 3351 2564 5.

1861 2635 1866 2640 -
1917 2604 2036 2675 (Ιό.)
2085 2603 2323 2674 Corpora
2372 2603 2681 2660 Marcellini
2740 2609 2795 2658 et
2849 2602 2994 2658 Petri
3043 2607 3343 2673 martyrum
3396 2601 3467 2658 de

1847 2698 2016 2754 Roma
2039 2697 2255 2754 sublata
2301 2697 2356 2752 in
2396 2697 2678 2752 Franciam
2735 2697 3020 2764 translata,
3051 2697 3241 2752 multis
3287 2695 3468 2770 signis

1843 2785 2141 2842 clarificata
2168 2795 2315 2842 sunt.
2348 2786 2556 2858 Corpus
2613 2785 2776 2841 etiam
2804 2787 2981 2841 sancti
3027 2785 3273 2858 Gregorii
3305 2801 3484 2858 papae

1843 2879 1912 2934 ad
1943 2879 2137 2934 urbem
2169 2877 2486 2934 Suessionis
2516 2878 2836 2934 translatum
2872 2893 2994 2934 esse
3017 2877 3238 2933 dicitur.

2263 3007 2274 3020 .
3293 2964 3350 3018 6.

2263 3007 2274 3020 .
3293 2967 3350 3018 6.

1913 2967 2256 3125 Opontfl3
2291 3053 2611 3110 Valentinus
2667 3054 2926 3110 Romana:
2977 3051 3245 3108 mcclesiaa
3304 3051 3466 3106 101ιιε

1841 3149 2143 3220 ρι-εξείίίθι..Δ
2185 3150 2302 3216 Quo
2371 3155 2518 3223 [post
2583 3148 2952 3223 quadraginta
3009 3145 3282 3218 pontiﬁcii
3341 3145 3463 3201 dies

1839 3238 2122 3306 defuncto,
2164 3245 2395 3310 quartus
2448 3238 2611 3308 hujus
2668 3237 2912 3293 nominis
2970 3253 3114 3308 papa
3161 3235 3458 3310 Gregorius

1839 3327 2094 3383 Romana:
2121 3325 2384 3381 aecclesiaa
2424 3323 2585 3382 102m!
2613 3324 2878 3396 presidet,
2911 3323 3006 3394 qui
3037 3321 3204 3378 etiam
3230 3328 3460 3393 quartus

1837 3419 1946 3474 Leo
1997 3417 2180 3473 dictus
2231 3423 2334 3472 est.
2387 3416 2648 3470 Rabanus
2678 3415 2848 3469 abbas
2893 3419 3154 3469 tractatus
3208 3411 3263 3466 in
3309 3413 3456 3470 libro

1837 3509 2128 3582 sapientiae
2175 3515 2229 3563 et
2271 3507 2326 3562 in
2377 3506 2783 3562 Ecclesiastico
2810 3505 2879 3560 ad
2920 3504 3212 3578 Oggarium
3239 3505 3460 3560 archie-

1846 3599 2136 3670 piscopum
2163 3595 2297 3650 edit.
2336 3592 2646 3648 Amularius
2677 3593 2878 3647 librum
2925 3591 2996 3646 de
3019 3590 3222 3646 officiis
3263 3592 3463 3647 incele-

1837 3689 2074 3750 siasticis
2109 3687 2178 3744 ad
2203 3687 2589 3758 imperatorem
2618 3683 2977 3740 Ludowicum
3025 3681 3257 3752 scribit.)
3289 3682 3458 3750 Praef.

1836 3783 1999 3852 Ans.)
2037 3768 2374 3854 Angeldmus
2427 3775 2592 3830 etiam
2645 3772 2714 3828 ad
2769 3771 3008 3827 eundem
3067 3769 3457 3840 imperatorem

1831 3880 2097 3930 tractatus
2170 3870 2226 3924 in
2280 3867 2420 3922 libro
2485 3881 2676 3938 regum
2741 3862 2872 3918 edit.
2941 3861 3228 3934 Ansigisus
3289 3861 3462 3916 abbas

1843 3960 2135 4018 Lobiensis
2165 3957 2344 4013 edicta
2397 3952 2749 4026 imperatoris
2771 3951 2950 4007 Karoli
2977 3950 3156 4023 Magni
3195 3959 3250 4006 et
3282 3949 3460 4006 Ludo-

1840 4054 1962 4110 wici
1985 4052 2083 4108 filii
2105 4051 2227 4121 ejus
2251 4049 2319 4105 ad
2343 4045 2788 4104 aacclesiasticam
2823 4045 2999 4116 legem
3033 4041 3370 4116 pertinentia
3399 4041 3456 4096 in

1840 4141 2058 4198 duobus
2087 4139 2292 4195 libellis
2310 4135 2558 4212 digessit.
2626 4133 2776 4189 ldem
2815 4132 2995 4187 edicta
3023 4131 3347 4186 eorumdem
3387 4130 3456 4184 ad

1840 4235 2175 4290 mundanam
2241 4232 2420 4307 legem
2498 4227 2835 4302 pertinentia
2901 4227 2959 4282 in
3017 4225 3234 4282 duobus
3311 4241 3456 4296 eque

1841 4323 2050 4379 libellis
2079 4321 2311 4397 digessit
2333 4321 2418 4374 '5‘.

1911 4433 2036 4488 828.
2185 4431 2272 4486 l4.
3288 4414 3365 4478 7C

127 4509 628 4580 imparatorisinter
651 4524 836 4571 cetera
862 4510 1816 4584 muneradetuleruntLudowicoD
1911 4525 2078 4594 (Matt.
2117 4523 2242 4596 [L.)]
2293 4523 2516 4578 Italicus
2563 4519 2840 4577 Ludowici
2895 4514 3244 4586 imperatoris
3293 4531 3453 4570 exer-

125 4602 441 4674 imperatori
503 4603 676 4661 libros
727 4607 957 4665 Dionisii
996 4613 1356 4684 Arcepagitaz,
1385 4615 1456 4670 ab
1483 4633 1552 4673 eo
1594 4635 1736 4678 con-

120 4691 355 4762 scriptos
413 4692 483 4747 de
541 4693 867 4764 hierarchia,
929 4698 985 4752 id
1051 4708 1137 4756 est
1186 4717 1343 4758 sacro
1399 4703 1735 4775 principatu,

123 4788 344 4850 petente
375 4781 499 4852 ipso
529 4783 819 4843 Ludowico
849 4787 921 4842 de
951 4788 1122 4846 Greco
1188 4789 1243 4844 in
1278 4791 1529 4848 Latinum
1561 4799 1736 4850 trans-

122 4871 272 4928 latos.
333 4872 437 4937 Qui
486 4872 614 4929 libri
662 4876 902 4934 Parisius
943 4879 997 4934 in
1057 4879 1179 4951 ipso
1248 4883 1420 4938 sancti
1483 4886 1736 4956 martyris

122 4961 253 5051 festo
274 4963 459 5029 missi,
487 4981 614 5020 cum
659 4969 864 5042 gaudio
920 4972 1164 5042 suscepti
1221 4981 1384 5041 sunt;
1419 4976 1567 5047 quod
1596 4993 1737 5051 gau-

120 5050 264 5106 dium
298 5052 479 5108 virtus
508 5055 684 5110 sancti
735 5057 992 5130 martyris
1027 5060 1196 5128 auxit,
1229 5061 1424 5117 decem
1451 5072 1506 5119 et
1539 5050 1734 5122 novem

120 5147 322 5218 egrotis
363 5146 420 5201 in
447 5147 568 5219 ipsa
623 5158 786 5207 nocte
839 5151 914 5207 ibi
973 5154 1200 5210 sanatis.
1256 5157 1735 5230 (A.Leod)Wal-

121 5235 323 5292 caudas
380 5235 738 5296 Leodicensis
776 5241 1072 5314 episcOpus
1125 5259 1326 5316 corpus
1389 5248 1563 5324 sancti
1594 5249 1736 5307 Huc-

1839 4613 1982 4670 citus
1999 4613 2175 4669 classe
2205 4613 2260 4667 in
2308 4611 2543 4666 Africam
2592 4614 2962 4674 transvectus,
2989 4615 3248 4661 conserto
3278 4605 3454 4676 prelio

1839 4719 2092 4776 magnam
2120 4701 2371 4758 Afrorum
2421 4707 2659 4772 stragem
2714 4695 2866 4751 fecit.
2905 4696 2982 4759 (Ib
3013 4699 3027 4760 )
3061 4695 3119 4748 In
3161 4693 3453 4750 Wasconia

1837 4807 2060 4848 annona
2085 4791 2154 4846 de
2183 4791 2315 4847 caelo
2367 4788 2545 4873 pluit”
2584 4785 2863 4842 frumento
2912 4783 3131 4848 similis,
3156 4784 3256 4839 sed
3285 4801 3456 4858 grana

1839 4884 2089 4940 breviora
2124 4891 2177 4939 et
2233 4880 2553 4938 rotundiora
2608 4877 2838 4932 habens.
2891 4876 3173 4948 (Manum)
3217 4876 3452 4949 Corpora

1836 4985 2151 5036 sanctorum
2173 4975 2446 5033 Valentini
2469 4982 2526 5030 et
2554 4973 2773 5030 Genesii
2826 4973 2880 5028 in
2911 4973 3140 5050 Augiam
3174 4977 3452 5027 monaste-

1837 5068 1976 5124 rium
2009 5066 2272 5124 translata
2303 5073 2450 5121 sunt.

2237 5199 2251 5214 .
3015 5173 3018 5176 ’
3283 5152 3337 5207 8.

2237 5199 2251 5214 .
3015 5173 3018 5176 ’
3283 5159 3337 5207 8.

1907 5161 2096 5324 ῗῖῖξι.)
2125 5159 2323 5308 Citra
2353 5249 2703 5307 Ludowicum
2731 5249 3118 5322 imperatorem
3153 5243 3451 5301 commotio

1466 5401 1686 5458 νΑηιΑε
1729 5405 2106 5492 LECTIOI‘lES.

181 5515 246 5602 ’ξ’
383 5531 447 5602 ελ
474 5516 771 5602 {Leuit};
816 5521 1005 5578 desunt
1027 5524 1256 5602 _p_.,__sub
1281 5542 1424 5602 anno
1456 5531 1788 5598 praecedenti
1809 5533 2022 5589 cohibet
2061 5531 2184 5588 ω’.
2219 5534 2288 5569 ¹⁵⁰
2315 5537 2399 5590 ita
2427 5533 2547 5602 Sig.
2591 5535 2808 5602 (iterum
2845 5541 3043 5602 ιπᾳῃξ,
3076 5527 3188 5602 tcf-
3212 5539 3279 5602 ,αν
3301 5523 3452 5592 8η)

362 5628 389 5675 ο,
491 5589 581 5643 νο
619 5589 787 5675 Χρνι.
835 5609 974 5675 (terr.
1027 5583 1224 5675 XCYII.
1255 5603 1305 5652 et
1333 5583 1414 5655 sic
1446 5583 2025 5674 vi).
2055 5583 2274 5674 ς’ῑίὰιν,
2308 5583 2695 5675 éi"s'ié'po;1;~b'
2714 5583 2845 5660 illi".
2871 5617 2886 5666 ;
2917 5583 3156 5653 XCert'
3172 5597 3250 5651 sic
3266 5583 3448 5666 'porro

123 5651 236 5725 03‘,
269 5660 336 5695 ³⁵³
371 5660 527 5716 idem
554 5691 626 5701 —
646 5661 877 5736 digessit
899 5665 1094 5724 desunt
1123 5667 1185 5724 D.
