3868 6064
353 318 457 374 139

1561 299 1909 358 SlGEBERTl
1949 294 2461 352 GEMBLACENSIS.

3569 284 3676 344 160

356 459 413 506 et
449 447 700 504 simultas
720 445 955 500 ﬁliorum
984 443 1104 512 ejus
1125 449 1179 497 et
1209 439 1533 512 optimatum
1557 432 1818 490 exoritur.
1849 430 1962 486 Hoc
1985 431 2035 502 Α
2063 442 2180 482 cam
2212 423 2534 480 solemniter
2558 419 3105 490 dedicavit,eamque
3122 415 3311 472 urbem
3339 416 3674 472 Leonianam

357 543 634 614 annoqui
665 549 747 597 cst
803 556 981 596 annus
1011 508 1078 595 ab
1123 508 1282 594 initio
1335 527 1528 590 mundi
1578 529 1740 595 4888,
1775 526 1964 581 ﬁnitur
2065 517 2378 588 appellavit,
2411 515 2498 570 vel
2526 530 2556 569 a
2603 513 2784 567 Leone
2845 509 3002 566 tertio
3065 509 3186 578 ejus
3243 508 3484 564 nominis
3514 524 3680 578 papa,

359 598 778 690 nonuslannus
817 645 1053 704 magnus
1125 643 1190 682 ac
1245 624 1402 680 initio
1469 619 1682 685 mundi,
1739 618 1832 689 qui
1885 619 1965 669 est
2065 609 2158 682 qui
2191 608 2350 676 hujus
2374 606 2560 677 operis
2607 604 2963 658 fundamenta
3018 600 3150 655 olim
3181 601 3406 670 iecerat,
3440 598 3576 654 vela
3611 613 3676 654 se

357 739 627 780 annorum
657 723 762 778 552
785 722 870 774 ¹⁵².

428 813 552 869 830.
633 812 692 866 R.
722 817 775 865 et
798 811 852 865 F.
884 809 964 864 16.
1726 799 1780 852 C.
1804 799 1858 852 9.

431 905 587 976 Apud
619 898 1148 970 ConstantinOpolim
1169 893 1511 966 TheOphilus
1548 892 1782 976 imperat
1811 885 1970 942 annis

365 998 447 1052 15.
476 973 772 1069 Gregorius
811 1007 973 1062 papa,
1033 988 1248 1052 dolens,
1307 983 1518 1042 crebris
1567 973 1966 1036 Saracenorum

361 1087 774 1145 incursionibus
817 1083 1002 1140 vexari
1079 1080 1404 1136 suburbium
1487 1077 1746 1132 Romana:
1812 1071 1969 1126 urbis

360 1181 504 1234 circa
534 1177 834 1233 aecclcsiam
875 1174 1245 1245 apostolorum
1281 1168 1548 1242 principis
1591 1165 1761 1231 Petri,
1785 1165 1967 1218 inten-

359 1271 565 1326 ditillic
591 1269 783 1324 urbem
813 1283 1008 1323 novam
1053 1262 1328 1320 aedificare
1359 1279 1372 1327 ;
1404 1261 1470 1315 ad
1522 1259 1669 1331 quod
1731 1255 1968 1312 consilio

359 1369 413 1416 et
441 1359 645 1416 auxilio
675 1359 1068 1430 imperatorum
1127 1355 1400 1409 animatus
1448 1367 1646 1408 novam
1707 1346 1968 1402 fabricam

361 1451 548 1520 coepit.

431 1542 556 1597 831.
743 1541 828 1596 17.
1764 1534 1816 1584 1.

429 1631 667 1701 (Transl.
745 1631 800 1685 S.
839 1630 918 1694 Β.)
949 1626 1207 1681 Saraceni
1288 1623 1528 1678 Siciliam
1601 1621 1972 1683 incursantes,

364 1721 528 1774 etiam
581 1717 856 1789 Lipparim
911 1716 1148 1770 insulam
1229 1714 1534 1777 devastant,
1622 1709 1718 1764 ubi
1775 1723 1976 1778 corpus

369 1809 732 1864 Dartholomei
773 1805 1008 1878 apostoli
1064 1801 1385 1875 quiescebat
1416 1798 1603 1870 ;quod
1635 1797 1765 1852 olim
1799 1795 1979 1850 loculo

367 1903 624 1974 plumbeo
650 1901 915 1969 injectum
944 1906 998 1954 ct
1029 1899 1084 1952 in
1117 1913 1266 1951 mare
1323 1895 1636 1950 demersum
1672 1908 1702 1946 a
1731 1889 1978 1964 paganis,

373 2011 484 2050 non
517 1994 820 2048 ferentibus
850 1991 983 2062 illud
1035 1997 1258 2061 prOpter
1296 1979 1520 2042 nimiam
1549 1985 1832 2058 signorum
1871 1981 1984 2036 cla-

377 2088 589 2142 ritatem
621 2084 963 2140 abomnibus
1013 2079 1285 2146 venerari,
1345 2079 1413 2133 ab
1474 2077 1628 2132 India
1682 2089 1856 2146 usque
1914 2072 1982 2127 ad

374 2177 516 2230 hanc
537 2174 774 2228 insulam
801 2172 944 2228 ultro
974 2171 1214 2226 delatum
1241 2168 1438 2224 fuerat.
1483 2165 1647 2235 Cujus
1671 2180 1797 2220 ossa
1817 2163 1982 2218 modo

377 2285 408 2323 a
447 2267 736 2322 Saracenis
793 2265 900 2318 huc
966 2263 1207 2334 illucque
1244 2261 1512 2330 dispersa,
1556 2267 1612 2313 et
1649 2273 1680 2311 a
1745 2257 1982 2330 quodam

375 2357 646 2412 monacho
669 2355 787 2425 ipso
827 2353 1106 2408 revelante
1119 2349 1368 2416 collecta,
1395 2349 1770 2402 Beneventum
1803 2354 1986 2400 trans-

376 2443 640 2498 feruntur.
676 2441 880 2512 (Fuld.)
930 2439 1254 2494 Ludowivus
1307 2438 1605 2508 imperator
1633 2434 1988 2489 adversantes

375 2535 482 2590 sibi
513 2534 652 2588 alios
703 2533 1091 2596 exauctoravit,
1150 2531 1288 2586 alios
1345 2527 1607 2593 exiliavit,
1649 2527 1786 2581 alios
1824 2525 1987 2580 bonis

380 2619 610 2690 privavit
634 2617 737 2686 ;’ac
771 2635 868 2689 per
897 2619 1002 2674 hoc
1033 2618 1174 2674 ﬁlios
1226 2625 1280 2672 et
1328 2617 1622 2688 Optimates
1649 2631 1780 2671 suos
1813 2613 1985 2688 magis

384 2717 574 2765 contra
605 2726 666 2765 se
689 2709 1055 2764 exacerbavit.
1315 2717 1328 2725 '

455 2798 578 2854 832.

455 2890 656 2962 (Fuld.)
682 2890 976 2965 Gregorius
1008 2906 1148 2961 papa
1178 2889 1233 2943 in
1273 2889 1497 2943 Galliam
1537 2886 1786 2949 veniens,
1855 2899 1990 2939 con-

387 2987 468 3035 tra
507 2981 895 3051 imperatorem
923 2993 1048 3036 cum
1076 2979 1206 3034 ﬁliis
1221 2979 1439 3053 agebat.
1459 2979 1990 3047 lmperatoruxorem

389 3087 542 3126 suam
573 3072 780 3138 Judith,
814 3071 971 3144 quasi
1001 3087 1222 3127 causam
1249 3070 1538 3135 malorum,
1576 3065 1867 3122 abdicavit.

461 3162 586 3216 833.
775 3164 856 3216 11).
1799 3157 1852 3208 3.

459 3254 661 3324 (Fuld)
695 3253 1022 3309 Ludowicus
1078 3254 1380 3324 imperator
1409 3269 1440 3307 a
1469 3251 1584 3307 suis
1631 3251 1884 3306 desertus
1935 3264 1998 3302 ac

393 3355 642 3427 proditus
663 3363 718 3410 et
745 3355 800 3408 in
832 3361 1155 3426 potestatem
1202 3353 1440 3409 ﬁliorum
1476 3352 1748 3416 redactus,
1777 3350 1997 3420 episco-

391 3465 584 3521 porum
609 3449 820 3517 judicio
851 3466 1000 3504 arma
1025 3448 1300 3521 deposuit,
1337 3457 1392 3502 et
1421 3447 1489 3502 ad
1519 3445 1784 3520 agendam
1820 3441 1998 3514 poeni-

389 3540 616 3596 tentiam
673 3539 918 3596 inclusus
955 3549 1056 3594 est.
1117 3538 1320 3611 Sed'et
1377 3536 1506 3590 luna
1568 3551 1667 3606 per
1731 3532 1999 3606 eclypsim

395 3629 662 3687 deﬁciunt

467 3727 592 3782 834.

467 3820 668 3890 (βαιά.)
726 3819 1047 3874 Ludowicus
1113 3817 1408 3887 imperator
1479 3815 1771 3876 relaxatus,
1832 3829 2006 3878 arma,

398 3911 692 3983 imperium
723 3918 778 3966 et
807 3926 1029 3966 uxorem
1063 3909 1258 3980 recrpit
1287 3923 1352 3963 ac
1391 3907 1562 3962 tilium
1610 3905 1917 3962 Lotharium
1953 3905 2006 3960 in

393 4003 608 4079 “Italiam
631 4004 812 4059 redire
833 4003 998 4077 cogit.

471 4096 598 4151 835.
778 4097 868 4151 21.
1845 4089 1897 4144 5.

471 4185 727 4240 Monente
775 4184 1034 4259 Gregorio
1099 4199 1240 4254 papa
1295 4187 1351 4236 et
1405 4180 1666 4236 omnibus
1731 4176 2010 4250 episcOpis

400 4273 851 4340 assentientibus,
911 4272 1237 4328 Ludowicus
1288 4271 1587 4340 imperator
1637 4267 1824 4322 statuit
1864 4273 1921 4320 ut
1952 4264 2007 4318 in

401 4364 574 4419 Gallia
603 4371 658 4418 et
697 4360 988 4417 Germania
1008 4359 1278 4415 festivitas
1317 4357 1562 4412 omnium
1605 4355 1928 4410 Sanctorum
1958 4353 2010 4406 in

404 4455 662 4512 Kalendis
706 4452 1029 4510 Novembris
1059 4451 1454 4515 celebraretur,
1487 4463 1650 4520 quam
1686 4444 1914 4500 Romani
1946 4461 2012 4498 ex

403 4548 654 4603 instituto
673 4545 949 4602 Bonefacii
975 4560 1131 4616 papae
1154 4540 1511 4599 celebrabant
1548 4538 1732 4607 (\th.)
1762 4537 2013 4592 Noctem.

409 4655 540 4710 pore
572 4639 818 4711 reliquiae
845 4637 946 4692 Viti
1004 4635 1258 4707 martyris
1287 4650 1317 4688 a
1357 4631 1593 4686 Parisius
1621 4631 1690 4685 ad
1730 4628 2012 4684 Corbeiam

409 4729 658 4784 Saxonia:
715 4727 1162 4792 transferuntur;
1222 4723 1369 4780 unde
1427 4721 1532 4792 ipsi
1585 4717 1771 4774 Franci
1830 4720 2013 4774 testati

409 4830 558 4889 sunt,
616 4822 762 4895 quod
793 4822 860 4876 ab
903 4819 996 4876 illo
1053 4827 1302 4890 tempore
1354 4814 1526 4892 gloria
1583 4812 1912 4866 Francorum
1946 4812 2014 4866 ad

411 4915 656 4971 Saxones
711 4914 972 4970 translata
1043 4912 1132 4966 sit.
1194 4911 1458 4981 (REGINO.)
1516 4904 1668 4960 F.be
1719 4903 2014 4960 Remorum

410 5007 860 5078 archiepiscopus
887 5003 1184 5074 deponitur
1215 5019 1229 5068 ;
1263 5001 1466 5072 alitque
1485 4997 1663 5059 multi,
1696 4995 1788 5067 qui
1809 5011 1932 5050 cum
1948 5011 2014 5050 eo

412 5096 468 5152 in
502 5097 868 5168 dejectionem
937 5090 1216 5147 Ludowici
1265 5085 1614 5160 imperatoris
1663 5085 2018 5156 conspirave-

410 5191 553 5251 rant,
585 5185 918 5238 damnantur
945 5179 1326 5235 etexiliantur.

481 5277 607 5332 836.
647 5274 738 5329 22.
1856 5263 1909 5318 6.

485 5366 782 5441 Gregorius
800 5379 942 5436 papa
963 5367 1397 5418 consummatam
1429 5374 1585 5414 nova;
1638 5356 1794 5412 urbis
1847 5353 2020 5410 fabri-

802 2799 888 2853 18.
1827 2794 1878 2846 2.

810 3727 900 3782 20.
1840 3721 1891 3775 4.

2034 4489 2088 4556 Ι)
2185 4518 2310 4574 863.
2531 4520 2585 4571 3.

2065 701 2210 772 ipso,
2252 701 2381 772 quia
2405 707 2458 754 et
2499 699 2619 768 ipse
2647 697 2754 752 Leo
2787 701 3020 768 quartus
3058 694 3240 750 dictus
3271 701 3374 749 cst.

2137 808 2258 862 837.
2461 804 2550 860 23.
2831 846 2835 850 .
3516 804 3569 857 7.

2142 808 2258 862 837.
2461 804 2550 860 23.
2831 846 2835 850 .
3558 845 3569 856 .

2142 899 2346 970 (Fuld.)
2379 895 2740 952 Northmanni
2773 894 2976 950 Gallias
3001 893 3242 967 graviter
3269 803 3552 961 infestanz,
3575 895 3680 950 Do-

2071 995 2332 1044 restatum
2355 995 2571 1042 vastant
2611 1005 2625 1052 ;
2656 986 3043 1056 Andoverpum
3073 985 3334 1056 oppidum
3365 992 3419 1040 et
3457 985 3683 1040 Witlant

2068 1078 2374 1148 emporium
2406 1077 2568 1131 situm
2605 1077 2761 1144 juxta
2816 1075 3020 1130 ostium
3076 1074 3237 1129 Mosa:
3296 1073 3622 1139 incendunt,
3651 1091 3684 1128 a

2072 1171 2398 1242 l’resonibus
2429 1170 2690 1225 tributum
2723 1168 3020 1238 accipiunt.
3054 1170 3132 1222 νϐ.
3183 1169 3354 1237 pont.)
3389 1167 3686 1239 Gregorius

2071 1275 2213 1330 papa
2240 1259 2425 1329 plures
2449 1257 2616 1312 ltalize
2644 1256 2807 1311 urbes
2837 1263 2929 1310 aut
2957 1263 3224 1310 vetustate
3266 1261 3360 1310 aut
3387 1256 3686 1311 hostilitate

2071 1354 2283 1408 dirutas
2313 1352 2469 1408 novis
2495 1351 2720 1406 fabricis
2765 1356 2857 1406 aut
2886 1350 3060 1405 muris
3098 1356 3370 1404 restaurat
3397 1350 3484 1404 1⁵³.
3517 1349 3684 1404 Sara-

2071 1441 2223 1498 cenis
2251 1441 2317 1494 ad
2348 1439 2764 1511 depredandum
2794 1453 2967 1510 usque
3014 1439 3082 1493 ad
3117 1445 3333 1510 portum
3362 1438 3672 1492 Romanum

2073 1532 2444 1599 venientibus,
2504 1530 2732 1585 Romani
2786 1529 3044 1584 instantia
3075 1528 3268 1584 Leonis
3299 1545 3480 1600 papae,
3531 1529 3688 1584 auxi-

2075 1619 2336 1676 liantibus
2361 1619 2470 1674 sibi
2491 1619 2656 1674 etiam
2669 1618 3065 1688 Neapolitanis,
3095 1633 3191 1672 eos
3214 1618 3358 1672 bello
3375 1617 3681 1691 excipiunt,

2078 1723 2132 1770 et
2161 1722 2496 1786 c00perante
2523 1715 2630 1768 sibi
2657 1713 2917 1768 divinitus
2945 1713 3096 1785 gravi
3127 1713 3347 1767 turbine
3371 1719 3682 1778 ventorum,

2080 1822 2254 1878 usque
2285 1807 2352 1860 ad
2386 1805 2811 1862 internetionem
2857 1805 2922 1838 ‘5‘
2951 1819 3106 1874 [nene
3133 1803 3308 1859 victos
3339 1803 3547 1859 delent.

2153 1917 2277 1971 838.
2461 1919 2550 1972 24.
3530 1915 3584 1969 8.

2157 2009 2362 2081 (Fuld.)
2405 2010 2654 2065 Cometes
2683 2007 2736 2062 in
2777 2007 2937 2083 signo
2977 2007 3150 2062 Librae
3205 2014 3456 2078 apparet,
3497 2006 3696 2062 North-

2085 2098 2272 2153 manni
2315 2099 2616 2152 Walacram
2642 2097 2875 2152 insulam
2905 2103 3140 2162 vastant,
3193 2105 3248 2151 ct
3279 2095 3541 2150 tributum
3573 2095 3693 2150 exi-

2087 2204 2246 2268 gunL
3181 2231 3188 2240 .

2157 2284 2283 2352 839,
2465 2284 2555 2338 25.
3534 2280 3588 2335 9.

2161 2376 2308 2446 (Mm
2365 2375 2522 2447 [Fuld
2546 2375 2588 2446 ])
2627 2373 2954 2430 Ludowicus
2997 2373 3294 2444 imperator
3316 2371 3429 2427 lilio
3467 2386 3568 2427 suo
3594 2371 3696 2426 Lo-

2087 2469 2264 2526 thario
2294 2469 2397 2523 sub
2435 2467 2545 2522 ﬁde
2587 2467 2656 2522 ad
2685 2483 2745 2522 se
2776 2467 3016 2522 venienti
3076 2465 3486 2532 reconciliatur,
3535 2463 3698 2536 eique

2087 2564 2406 2639 dignitatem
2431 2561 2647 2632 imperii
2671 2567 2725 2616 et
2743 2561 2896 2636 regni
2925 2559 3410 2616 coronamtribuit.
3441 2558 3700 2614 Cometes

2089 2657 2146 2712 in
2177 2657 2334 2725 signo
2359 2654 2554 2708 Arietis
2581 2661 2826 2724 apparet,
2868 2658 2921 2708 et
2953 2669 3052 2723 per
3079 2652 3288 2723 aliquot
3316 2651 3436 2706 dies
3469 2649 3701 2721 plurimi

2093 2746 2266 2800 instar
2293 2743 2574 2799 stellarum
2624 2741 2851 2816 igniculi
2881 2757 2981 2812 per
3035 2741 3228 2796 caelum
3282 2739 3594 2794 discurrere
3625 2738 3705 2794 vi-

2093 2835 2310 2888 dentur.

2163 2923 2287 2977 840.
2540 2922 2612 2977 26
3511 2915 3596 2970 10.

2167 3014 2336 3082 (Mett.
2367 3010 2504 3082 -[l".])
2537 3008 2859 3064 Ludowicus
2890 3007 3190 3076 imperator
3243 3004 3494 3069 moritur,
3523 3011 3578 3058 et
3605 3003 3710 3057 Lo-

2023 3117 2072 3184 ρ
2100 3102 2488 3160 thariussolus
2510 3101 2805 3172 imperium
2845 3114 3141 3169 usurpans,
3167 3097 3398 3168 imperat
3423 3094 3584 3150 annis
3621 3094 3706 3148 15.

2167 3221 2291 3276 811.
2513 3219 2562 3272 1.
3514 3213 3594 3264 11.

2171 3311 2337 3379 (Matt.
2376 3306 2574 3379 [Rac.])
2599 3306 2824 3361 Karolus
2853 3314 2908 3359 et
2950 3301 3298 3366 Ludowicus,
3341 3299 3438 3354 filii
3473 3300 3714 3370 impera-

2100 3397 2256 3464 toris,
2289 3398 2542 3453 dolentes
2569 3411 2630 3450 se
2656 3412 2688 3450 a
2727 3394 2891 3449 fratre
2913 3409 3013 3448 suo
3039 3392 3176 3447 Loth
3197 3390 3296 3444 trio
3323 3389 3510 3444 debita
3558 3389 3717 3462 regni

2101 3495 2254 3560 parte
2283 3485 2503 3557 privari,
2527 3493 2861 3540 contraeum
2895 3483 3176 3553 insurgere
3210 3486 3424 3550 parant.

2170 3607 2293 3660 842.
2509 3604 2562 3658 2.
3507 3595 3593 3649 12.

2174 3696 2341 3765 (Μριε.
2377 3694 2450 3765 [ιτ.
2485 3693 2592 3764 ll.])
2648 3691 2896 3746 Cometes
2944 3689 2999 3744 in
3045 3689 3207 3760 signo
3261 3683 3484 3756 Aquarii
3538 3699 3714 3754 appa-

2109 3787 2214 3842 ruit
2265 3786 2462 3840 Tribus
2492 3785 2748 3840 fratribus
2775 3783 2842 3837 de
2885 3782 3038 3856 regni
3071 3777 3367 3851 partitione
3397 3775 3722 3830 discordan-

2109 3876 2278 3941 tibus,
2309 3875 2615 3932 conseritur
2646 3875 2788 3928 intcr
2813 3889 2910 3926 eos
2959 3886 3140 3944 pugna
3191 3869 3246 3923 in
3279 3882 3420 3939 pago
3451 3865 3716 3920 Alciodo-

2108 3981 2294 4031 rsnse,
2362 3965 2508 4036 apud
2555 3962 2736 4018 villam
2775 3960 3190 4024 Fontiniacum;
3259 3964 3316 4009 et
3355 3961 3504 4008 tanta
3553 3953 3722 4008 cedes

2109 4059 2388 4129 utrimque
2419 4057 2560 4112 facta
2597 4065 2701 4123 est,
2742 4061 2802 4110 ut
2827 4053 2976 4108 nulla
3007 4059 3139 4106 aetas
3168 4048 3724 4106 meminerittantam

2107 4157 2346 4224 stragem
2380 4148 2668 4204 hominum
2715 4145 2912 4201 factam
2969 4143 3138 4198 fuisse
3187 4141 3242 4196 in
3283 4147 3448 4215 gente
3481 4139 3726 4193 Franco-

2111 4255 2254 4304 rum,
2283 4245 2337 4294 et
2371 4237 2447 4292 ita
2489 4251 2677 4291 eorum
2731 4234 2874 4288 vires
2921 4232 2997 4286 ibi
3028 4239 3324 4286 attenuatae
3347 4235 3495 4292 sunt,
3525 4235 3585 4281 ut
3612 4226 3727 4296 jam

2114 4346 2217 4385 nec
2231 4345 2360 4384 suos
2390 4327 2656 4382 terminos
2685 4324 2752 4380 ab
2783 4323 3024 4379 externis
3048 4321 3187 4376 tucri
3217 4320 3452 4392 possint.
3483 4317 3730 4372 Victoria

2116 4430 2300 4472 tamen
2323 4416 2519 4471 Karolo
2552 4423 2606 4470 et
2634 4413 2927 4469 Ludowico
2951 4409 3216 4483 provenit.

3536 4506 3620 4573 13,

2186 4613 2354 4680 (Matt.
2389 4608 2510 4681 [F.])
2541 4607 2818 4662 Fratribus
2875 4604 3120 4659 nondum
3157 4619 3187 4657 a
3217 4601 3363 4656 bello
3396 4596 3728 4654 desistenti-

2115 4699 2238 4765 bus,
2272 4697 2504 4754 consilio
2534 4695 2858 4765 optimatum
2909 4692 3130 4747 tandem
3164 4691 3234 4744 de
3275 4704 3407 4760 pace
3441 4687 3644 4760 agitur,
3674 4691 3737 4740 et

2116 4795 2186 4844 de
2217 4788 2466 4859 partibus
2495 4783 2840 4858 singulorum
2871 4781 2940 4838 40
2989 4781 3260 4852 primores
3285 4777 3584 4850 eliguntur,
3629 4773 3728 4844 qui

2115 4885 2172 4938 in
2211 4898 2381 4938 unum
2403 4877 2801 4936 convenientes
2831 4889 3061 4948 regnum
3083 4869 3366 4943 aequaliter
3387 4867 3732 4929 dividerent;

2115 4984 2170 5031 et
2199 4977 2274 5029 ita
2304 4990 2405 5044 pax
2436 4972 2491 5026 in
2530 4972 3090 5038 annum‘sequentem
3120 4960 3450 5018 induciatur.
3489 4957 3743 5012 Ludowi—

2117 5087 2214 5126 cus
2243 5067 2461 5124 interim
2491 5080 2728 5140 pergens
2757 5063 2814 5117 in
2867 5060 3182 5124 Saxoniam,
3236 5053 3630 5111 validissimam
3665 5050 3740 5104 li-

2117 5167 2398 5220 bertorum
2429 5159 2894 5230 conspirationem
2946 5154 3202 5210 dominos
3232 5165 3364 5206 suos
3417 5147 3742 5220 opprimere

2117 5255 2423 5313 volentium
2455 5253 2670 5308 fortiter
2714 5247 3077 5320 compescuit,
3130 5242 3446 5301 auctoribus
3475 5237 3745 5294 factionis

2120 5347 2344 5421 capitali
2373 5344 2650 5400 sententia
2680 5341 2972 5397 damnatis.

1763 5503 1984 5560 VABIAS
2013 5499 2282 5557 LECTION
2293 5498 2389 5554 ES.
2443 5451 2446 5456 Ι

493 5623 562 5659 ³³³
587 5627 705 5693 post
731 5624 839 5678 hmo
869 5624 926 5676 in
952 5622 1001 5674 -l.
1033 5635 1243 5674 erasum
1271 5615 1460 5693 :_Obiit
1511 5622 1732 5671 sanctus
1785 5611 1989 5693 St_urmi

2049 5609 2256 5680 primus
2309 5605 2596 5680 Fuldﬁensis
2643 5603 2834 5680 abbas.
2883 5600 3033 5680 Idem
3070 5595 3230 5651 addit
3280 5607 3421 5648 unus
3477 5589 3565 5654 A.,
3596 5586 3752 5644 deest

422 5672 836 5767 νϐῑίιιῑιῖδΐξηάί
857 5672 1068 5749 ⁸180-κεῖ
1087 5672 1384 5765 Gregorius
1423 5719 1492 5728 —
1525 5693 1789 5742 restaurat
1815 5687 1989 5740 desunt

2138 5683 2179 5713 τη
2219 5681 2283 5715 εδδ
2306 5696 2360 5734 ιι,
2386 5675 2825 5733 adteruetionem
2877 5672 2988 5738 Sig-
