3870 6060
160 231 252 285 161

227 355 364 410 814.
477 355 540 409 R.
584 359 640 408 et
829 352 885 406 F.
925 353 977 406 4.
1374 349 1430 403 C.
1475 348 1563 402 14.

229 446 314 512 (G.
354 443 538 514 pont.)
575 441 798 516 Sergius
849 440 1106 496 Romante
1137 437 1401 493 tecclcsiaz
1446 436 1606 493 103us
1654 451 1780 506 pre-

156 533 328 588 sidet.
362 531 460 585 Ad.
479 531 643 598 hujus
683 528 1012 583 electionem
1053 525 1486 582 confirmandam
1529 525 1782 580 1.υάοκκί-

157 640 256 680 cus
313 623 462 678 ﬁlius
513 619 864 693 imperatoris
901 619 1137 674 Lotharii
1177 635 1208 673 a
1249 625 1400 688 patre
1432 619 1652 683 missus,
1711 616 1779 671 ab

157 713 362 768 eodem
394 727 537 783 papa
569 711 624 764 in
669 725 857 783 regem
897 707 1383 781 Langobardorum
1429 715 1626 762 unctus
1673 712 1776 760 est.

157 807 336 874 (Matt.
403 803 528 876 [F.j)
575 801 750 856 Mauri
795 802 1170 856 Beneventum
1227 806 1503 870 occupant
1563 797 1782 851 la3.1)e-

157 894 374 964 scripto
405 893 462 948 in
489 899 599 947 tres
626 899 812 964 partes
835 905 1028 965 regno,
1047 889 1240 944 fratres
1280 889 1346 942 ad
1372 888 1562 942 urbem
1595 885 1782 941 Gallia:

157 986 491 1039 Viridunum
535 983 893 1048 conveniunt,
927 991 981 1037 et
1009 981 1152 1035 inter
1200 997 1260 1035 se
1290 979 1678 1051 pacificantur;
1730 984 1784 1032 et

157 1073 308 1127 datis
346 1083 402 1126 et
455 1071 701 1142 acceptis
740 1070 976 1124 invicem
1037 1068 1418 1134 sacramentis,
1449 1067 1688 1138 quisque
1715 1065 1782 1120 ad

159 1165 478 1236 descriptas
543 1165 650 1219 sibi
704 1171 887 1236 partes
925 1164 1081 1236 regni
1129 1164 1362 1219 tuendas
1415 1168 1779 1218 revertuntur.

158 1260 335 1314 (Heu.
394 1257 527 1328 [R.])
570 1256 799 1311 Karolus
845 1256 1058 1327 accepit
1113 1255 1481 1311 occidentalia
1527 1270 1696 1326 regna
1753 1270 1784 1308 a

165 1349 489 1404 Britannico
535 1363 778 1404 occeano
826 1364 1002 1420 usque
1047 1348 1116 1402 ad
1166 1347 1365 1402 Mosam
1418 1345 1674 1412 ﬂuvium;
1727 1345 1781 1398 in

154 1459 267 1514 qua
295 1448 452 1512 parte
481 1447 684 1496 extunc
711 1449 766 1495 et
790 1440 956 1496 modo
995 1456 1198 1497 nomen
1220 1439 1460 1495 Francia;
1491 1438 1776 1493 remansit.

154 1531 456 1588 Ludowico
481 1528 772 1584 orientalia
802 1545 972 1601 regna
1002 1535 1308 1596 cesserunt,
1349 1528 1531 1585 omnis
1566 1529 1781 1584 scilicet

153 1627 450 1682 Germania
494 1641 675 1696 usque
705 1623 774 1678 ad
809 1624 983 1679 Rheni
1017 1623 1244 1690 ﬂuenta,
1297 1632 1352 1678 et
1380 1622 1581 1694 aliquae
1629 1629 1780 1678 trans

155 1716 414 1770 Rhenum
442 1715 694 1770 civitates
737 1729 863 1768 cum
901 1712 1281 1782 adjacentibus
1330 1713 1504 1788 pagis,
1553 1722 1780 1784 propter

153 1807 272 1862 vini
298 1806 541 1877 capiam.
567 1805 874 1871 Lotharius,
906 1805 999 1876 qui
1022 1804 1198 1875 major
1226 1811 1357 1859 natu
1385 1811 1503 1859 erat
1532 1813 1587 1859 et
1614 1805 1785 1876 impe-

157 1903 310 1950 rator
337 1893 748 1966 appellabatur,
797 1893 986 1948 omnia
1035 1893 1202 1949 Italiae
1230 1909 1401 1966 regna
1437 1893 1616 1949 tenuit
1653 1910 1778 1949 cum

153 1985 278 2055 ipsa
309 1984 504 2050 Roma,
539 1999 644 2038 nec
674 1998 784 2038 non
817 1989 872 2037 et
911 1983 1264 2048 Provintiam,
1305 1990 1358 2037 et
1389 1983 1626 2038 mediam
1659 2001 1781 2056 par-

154 2081 264 2128 tem
300 2073 544 2128 Franciae
575 2073 718 2126 inter
755 2072 991 2127 Scaldim
1023 2082 1079 2126 et
1106 2072 1380 2139 Rhenum,
1413 2089 1536 2143 qua:
1567 2081 1778 2128 mutato

153 2161 380 2216 nomine
403 2161 471 2214 ab
504 2176 573 2215 eo
595 2159 987 2215 denominatur
1017 2159 1387 2234 Lotharingia.
1424 2160 1553 2215 Post
1580 2161 1776 2216 factam

150 2264 284 2324 ergo
323 2249 658 2304 divisionem
686 2247 912 2302 Karolus
939 2256 1132 2322 regnat
1153 2247 1206 2301 in
1237 2247 1462 2304 Francia
1492 2249 1653 2303 annis
1685 2248 1776 2317 31,

153 2336 486 2392 Ludovvicus
516 2337 685 2390 frater
714 2337 836 2404 ejus
867 2335 920 2406 in
955 2335 1247 2389 Germania
1279 2336 1368 2392 33.

219 2428 351 2482 845.
613 2427 675 2481 R.
717 2428 770 2482 5.
1025 2427 1083 2481 F.
1126 2428 1148 2480 1
1435 2427 1492 2482 C.
1537 2430 1623 2483 1'3.

218 2519 396 2587 (Matt.
449 2519 572 2590 [F.j)
626 2517 954 2574 Ludowicus
1005 2534 1100 2573 rex
1131 2518 1434 2574 Germaniae.
1485 2519 1779 2577 Abrotidos

154 2626 184 2664 a
214 2625 274 2666 se
296 2609 540 2666 deficere
563 2609 873 2677 molientes,
891 2610 1037 2666 bello
1069 2610 1410 2682 perdomuit,
1434 2611 1620 2667 occiso
1649 2629 1778 2688 rege

155 2715 377 2766 eorum,
407 2715 712 2770 eorumque
741 2707 942 2754 terram
973 2707 1029 2755 et
1079 2701 1343 2772 populum
1375 2701 1480 2756 sibi
1514 2702 1780 2758 divinitus

158 2793 520 2865 subjugalum
549 2808 650 2863 per
678 2791 848 2848 duces
876 2793 1173 2848 ordinavit.
1204 2794 1362 2864 Apud
1394 2793 1779 2852 Constantino-

159 2881 330 2952 polim
383 2879 614 2936 Michael
645 2888 701 2936 et
751 2881 1040 2937 Theodora
1093 2882 1369 2954 imperant
1415 2885 1578 2938 annis
1610 2886 1664 2940 11
1714 2886 1781 2920 ¹δ⁶

226 2971 354 3026 846.
682 2973 736 3028 6.
1060 2973 1116 3030 2.
1442 2975 1495 3030 1ρ.

1660 218 2010 274 (JHRONIGA.

3387 233 3490 290 162

1805 352 1858 418 Α
1886 346 2101 416 aliquos
2123 347 2264 402 sacri
2290 347 2504 402 ordinis
2535 349 2602 402 ad
2642 365 2700 403 se
2725 351 3046 420 inclinaret;
3078 371 3200 426 qum
3223 357 3291 410 ab
3315 359 3494 414 archi-

1885 434 2148 504 episcopo
2173 444 2446 507 corrcpta,
2471 436 2841 504 confessaest,
2873 457 2932 495 se
2955 458 3052 512 per
3081 446 3491 517 suggestionem

1883 526 2168 596 cujusdam
2197 529 2492 599 presbiteri
2523 537 2768 601 quaestus
2808 547 2970 588 causa
2999 534 3104 590 hoc
3127 536 3348 592 fecisse.

1953 619 2078 673 849.
2403 637 2456 692 6.
2823 625 2876 678 5.
3240 631 3292 683 4.

1954 712 2077 783 (1b.)
2097 711 2458 769 Godescalcus
2479 715 2756 770 hereticus
2781 715 3048 772 aRahano
3079 719 3492 794 archiepiscopo

1881 804 2303 871 rationabiliter,
2339 812 2398 860 ut
2426 806 2611 860 multis
2638 807 2814 862 visum
2860 814 2962 874 est,
2995 810 3360 880 convincitur,
3391 816 3490 869 sed

1883 899 2065 948 tamen
2102 893 2156 947 in
2197 910 2295 950 suo
2334 897 2703 965 perseveravit
2759 913 2963 952 errore.
3021 899 3258 957 (Transi.
3302 904 3358 958 S.
3401 907 3490 976 II.)

1885 985 2083 1039 Sancta
2135 985 2336 1040 llelcna
2367 986 2704 1056 imperatrix,
2759 1004 2788 1040 a
2822 987 2935 1044 filio
2993 1007 3090 1044 suo
3135 983 3534 1051 Constantino.

1885 1072 2078 1146 Magno
2106 1073 2280 1143 primo
2312 1075 2474 1142 hujus
2495 1077 2735 1130 nominis
2765 1077 3096 1148 imperatore
3125 1080 3294 1137 Rome
3318 1084 3370 1137 in
3403 1101 3491 1140 ec-

1883 1163 2054 1218 clesia
2083 1173 2401 1220 sanctorum
2449 1167 2746 1222 Marcellini
2795 1176 2848 1223 et
2903 1169 3044 1224 Petri
3106 1181 3400 1245 martyrum
3437 1177 3492 1231 in

1885 1251 2168 1306 mausoleo
2186 1269 2464 1322 purpureo
2488 1255 2723 1324 sepulta,
2752 1257 2818 1310 ad
2853 1258 3128 1313 Franciam
3162 1277 3192 1314 a
3221 1262 3492 1337 Tlieogiso

1885 1342 2159 1398 monacho
2189 1343 2530 1409 transfertur,
2565 1353 2620 1400 et
2646 1345 2702 1400 in
2734 1347 2940 1402 diocesi
2984 1349 3236 1408 Rcmensi
3295 1371 3495 1427 magna

1881 1433 2209 1490 Francorum
2237 1438 2593 1494 veneratione
2615 1440 2887 1496 excolitur
2918 1443 3002 1496 ³⁵⁷.

1950 1525 2075 1582 850.
2370 1529 2452 1583 10.
2815 1530 2869 1586 6.
3226 1533 3282 1588 5.

1953 1614 2146 1686 ((Mett.
2165 1613 2289 1689 [F.])
2313 1616 2502 1672 Franci
2533 1634 2564 1672 a
2599 1618 2888 1673 Boemanis
2915 1619 3090 1690 prelio
3108 1622 3344 1693 graviter
3367 1624 3495 1680 vin-

1884 1715 2102 1763 cuntur.
2133 1709 2228 1764 Cui
2256 1710 2400 1764 bello
2431 1709 2656 1780 spiritus
2685 1711 2960 1784 malignus
2985 1728 3043 1766 se
3068 1713 3360 1783 profuisse,
3391 1731 3492 1788 per

1883 1821 1946 1860 os
1975 1805 2253 1874 abreptitii
2286 1805 2508 1875 publice
2529 1813 2862 1876 protestatus
2893 1814 2997 1874 est,
3018 1815 3073 1862 et
3106 1825 3204 1878 per
3232 1825 3291 1864 se
3319 1818 3373 1866 et
3397 1828 3498 1882 per

1883 1911 2014 1950 suos
2054 1895 2256 1960 socios,
2287 1895 2514 1964 spiritus
2551 1895 2763 1950 scilicet
2787 1896 3058 1967 superbiae
3092 1905 3148 1952 et
3177 1898 3490 1968 discordiae,

1879 1999 2082 2058 egisse,
2113 1991 2172 2038 ut
2198 1983 2391 2038 Franci
2424 1990 2575 2057 terga
2605 1989 2898 2038 verterent.

1949 2073 2074 2125 851.
2361 2071 2450 2125 11.
2776 2072 2828 2124 7.
3184 2075 3237 2129 6.

1950 2161 2219 2233 Reliquiae
2247 2161 2420 2216 sancti
2453 2160 2722 2216 llermetis
2761 2161 3019 2232 martyris
3046 2179 3145 2234 per
3175 2165 3491 2221 Lotharium

1879 2252 2266 2323 imperatorem
2300 2252 2354 2306 in
2409 2251 2608 2306 Gallias
2637 2253 2950 2315 mittuntur,
2995 2261 3051 2308 et
3108 2255 3252 2325 apud
3299 2257 3490 2311 lndam

1879 2347 2270 2402 monasterium
2303 2346 2607 2402 honorifice
2638 2348 2968 2403 conduntur.
3014 2348 3029 2419 (
3038 2349 3138 2413 Ib.)
3183 2349 3372 2406 Fames
3401 2367 3495 2405 va-

1878 2437 1990 2492 lida
2022 2439 2370 2493 Germaniam
2397 2439 2623 2506 attrivit,
2653 2447 2712 2494 ut
2751 2440 2915 2495 etiam
2949 2450 3107 2510 pater
3130 2439 3301 2496 tilium
3335 2459 3497 2496 suum

1879 2529 2148 2582 devorare
2186 2527 2449 2582 voluerit:
2482 2544 2592 2599 quo
2632 2536 2882 2599 tempore
2933 2529 3191 2584 [tabanus
3220 2531 3499 2601 archiepi-

1863 2631 2083 2686 'sc0pus
2115 2615 2340 2670 multam
2374 2615 2714 2686 pauperibus
2751 2615 3180 2672 benivolentiam
3222 2616 3492 2671 exhibuit.

1949 2705 2074 2760 852.
2364 2705 2434 2758 12
2813 2705 2867 2760 8.
3227 2705 3280 2760 7.

1953 2793 2077 2863 (1b.)
2109 2793 2337 2849 Karolus
2365 2808 2457 2848 rex
2498 2793 2829 2848 Francorum
2881 2789 3026 2847 filios
3057 2791 3240 2847 fratris
3292 2793 3376 2848 sui
3409 2793 3501 2848 Pi-

1881 2880 1997 2952 pini
2031 2881 2195 2955 regis,
2223 2881 2478 2952 Pipinum
2507 2890 2562 2936 et
2593 2881 2869 2944 Karolum,
2903 2896 3132 2953 regnum
3167 2880 3486 2952 inquietan-
3555 2953 3566 2964 ι

1882 2981 1965 3028 tes
1993 2972 2163 3044 capit,
2193 2979 2247 3026 et
2276 2972 2332 3026 in
2362 2973 2690 3028 monachum
2723 2979 2969 3028 attonsos
3004 2971 3058 3025 in
3093 2973 3491 3029 monasterium

231 3063 407 3132 (Matt.
467 3061 592 3134 ιη)
654 3063 978 3119 Northmani
1038 3082 1266 3138 regnum
1324 3066 1504 3122 Karoli
1535 3067 1775 3142 graviter
1803 3038 2063 3120 Ctrudit.

161 3154 451 3224 infestant,
481 3165 538 3212 et
567 3173 744 3228 usque
776 3158 1015 3214 Parisius
1062 3160 1283 3232 navigio
1335 3161 1596 3227 veniunt;
1651 3177 1773 3216 cum

159 3247 498 3304 Fresonibus
527 3249 704 3304 tribus
734 3250 929 3321 preliis
964 3251 1292 3323 confligunt,
1328 3251 1382 3306 in
1416 3253 1592 3323 primo
1621 3253 1772 3319 victi,

155 3340 209 3393 in
238 3341 462 3396 duobus
491 3341 730 3398 victores
767 3343 1026 3398 existunt.
1063 3344 1292 3400 Karolus
1339 3361 1463 3400 cum
1513 3346 1778 3401 Brittoni-

155 3427 256 3482 bus
287 3428 589 3484 infeliciter
614 3437 820 3505 pugnat
875 3431 1200 3487 Ludovvicus
1231 3449 1324 3486 rex
1354 3434 1774 3504 quatuordecim

158 3521 328 3577 duces
355 3523 758 3578 Boemanorum
790 3539 914 3580 cum
944 3524 1060 3579 suis
1081 3525 1341 3596 baptizari
1374 3525 1522 3580 fecit.

223 3613 352 3668 847.
681 3617 738 3670 7.
1066 3617 1120 3671 3.
1446 3617 1499 3671 2.

229 3701 312 3773 (θ.
336 3707 514 3773 pont.)
547 3705 656 3760 Leo
694 3703 920 3776 quintus
947 3706 1112 3775 hujus
1141 3705 1386 3760 nominis
1429 3721 1594 3778 papa,
1664 3709 1775 3764 Ro-

161 3812 339 3851 manae
367 3798 638 3854 ecclesiae
661 3799 826 3854 1Οι1ιι³
855 3801 1117 3870 presidet.
1155 3800 1251 3856 ilic
1277 3801 1545 3869 decrevit,
1567 3807 1626 3856 ut
1646 3803 1773 3857 dum

158 3889 449 3943 missarum
504 3905 662 3944 sacra
725 3891 993 3946 solemnia
1041 3892 1412 3960 celebrantur,
1470 3894 1654 3949 nullus
1713 3911 1778 3949 ex

160 3983 314 4038 laicis
341 3984 395 4038 in
427 3985 757 4055 presbiterio
801 3994 946 4041 stare
979 3988 1064 4041 vel
1091 3988 1286 4041 sedere
1307 3987 1393 4041 vel
1417 3988 1628 4060 ingredi
1659 4006 1778 4059 pre-

155 4082 354 4139 sumat,
387 4075 496 4128 nisi
526 4083 736 4130 tantum
768 4092 923 4132 sacra
951 4077 1132 4148 plebs,
1165 4093 1290 4150 quae
1313 4079 1379 4132 ad
1414 4079 1774 4135 ministratio-

1947 3157 2075 3212 853.
2402 3157 2490 3210 13.
2853 3155 2905 3214 9.
3267 3155 3320 3210 8.

1949 3252 2120 3317 (Mett.
2169 3246 2267 3320 [F.]
2325 3247 2684 3303 Northmanni
2739 3263 2836 3318 per
2893 3264 3041 3302 mare
3086 3238 3480 3304 Brittannicum

1876 3343 2014 3398 ostia
2041 3340 2250 3415 Ligeris
2281 3340 2537 3414 ingressi.
2570 3340 2762 3394 urbem
2821 3339 3138 3395 Namnetem
3198 3340 3487 3408 invadunt,

1876 3433 2196 3503 apiscepum
2227 3429 2495 3485 sabbatho
2532 3437 2722 3485 sancto
2763 3431 2981 3500 paschae
3035 3430 3366 3501 baptismum
3401 3447 3492 3486 ce-

1875 3523 2182 3579 lebrantem
2224 3521 2519 3586 trucidant,
2550 3521 2758 3576 clerum
2790 3529 2844 3574 et
2877 3521 3141 3592 pOpulum
3185 3521 3489 3591 perimunt,

1878 3615 2011 3669 [nde
2035 3612 2361 3687 Andcgavis,
2381 3611 2834 3666 deindeTuronis
2859 3606 3156 3680 occupant,
3187 3619 3238 3665 et
3261 3620 3318 3666 ut
3343 3620 3452 3666 tem
3471 3642 3484 3652 -

1878 3715 2062 3779 pestas
2089 3705 2276 3760 omnia
2301 3703 2549 3770 diruunt,
2583 3704 2848 3774 templum
2873 3703 3036 3757 etiam
3069 3703 3244 3758 sancti
3271 3702 3487 3758 Martini

1879 3801 2209 3859 incendunt.

1950 3897 2076 3951 851.
2406 3891 2489 3946 14.
2821 3891 2906 3945 10.
3233 3889 3287 3944 9.

1951 3989 2029 4059 ((ι.
2057 3985 2238 4057 pont.)
2283 3983 2606 4038 llincmarus
2628 3981 2926 4036 Remorum
2957 3979 3410 4051 archiepiscOpus
3440 3979 3495 4034 in

1881 4079 2106 4134 Francia
2159 4079 2346 4142 claret,
2389 4075 2485 4147 qui
2537 4075 2702 4128 vitam
2743 4073 2919 4128 sancti
2971 4073 3204 4146 Remigii
3251 4071 3492 4144 scripsit.

164 4179 288 4219 nem
343 4166 488 4220 sacri
527 4165 696 4222 ofﬁcii
737 4169 1033 4224 constituta
1080 4178 1182 4224 est.
1227 4170 1475 4225 Decrevit
1503 4171 1688 4236 etiam,
1720 4178 1779 4226 ut
1881 4174 2210 4230 Benedictus
2240 4171 2399 4227 torius
2445 4170 2704 4224 Romana:
2757 4167 3020 4222 :ecclesize
3077 4166 3338 4236 presidet.
3389 4168 3499 4224 Hoc

163 4265 372 4310 octavae
405 4258 804 4328 assumptionis
833 4270 1039 4316 sancta:
1071 4260 1251 4315 Mariae
1302 4261 1356 4314 in
1387 4260 1637 4316 zecclesna
1671 4261 1778 4317 Ro-
1879 4261 2290 4333 conspiratione
2349 4257 2712 4332 quorumdam
2777 4255 3141 4326 malignorum
3215 4255 3494 4325 deposito,

161 4367 322 4406 mana
344 4352 720 4423 celebrentur,
752 4355 901 4426 quod
931 4362 1056 4410 ante
1083 4371 1192 4412 non
1226 4355 1412 4412 fiebat.
1795 4404 1852 4426 ἢ
1879 4355 2195 4410 Anastasius
2217 4352 2556 4424 presulatum
2595 4349 2822 4404 invadit.
2859 4348 2964 4402 Sed
2994 4349 3144 4413 (Matt
3195 4345 3316 4419 [F.])
3351 4349 3500 4402 Ana-

227 4443 356 4498 848.
521 4419 525 4423 ’
687 4404 785 4500 8.Ἰ
1103 4404 1154 4500 4'.
1269 4404 1292 4412 ν
1519 4447 1573 4501 3.
1794 4404 2048 4500 Dstasio
2079 4460 2111 4498 a
2152 4404 2350 4517 legatis
2404 4438 2752 4510 imperatoris
2815 4404 3297 4502 Lothariidejecto
3339 4442 3394 4489 et
3441 4436 3496 4490 in

227 4535 491 4591 Rabanus
537 4524 1077 4602 abbas'FuIdensis,
1131 4539 1420 4594 ordinatus
1483 4540 1778 4614 Moguntigg
1881 4547 2100 4587 carcere
2177 4540 2350 4596 truso,
2410 4527 2740 4584 Benedictus
2816 4522 3120 4614 honorifice
3180 4523 3494 4614 Arelocatur.

159 4623 632 4695 archiepiscopus,
703 4625 980 4681 celebrata
1031 4628 1244 4698 synodo
1295 4609 1599 4701 Moguntia;
1620 4629 1778 4699 jussu
1881 4617 2241 4676 Northmanni
2271 4617 2364 4688 qui
2396 4632 2495 4687 per
2522 4615 2594 4669 20
2623 4627 2798 4668 annos
2827 4610 3108 4701 Franciam
3135 4609 3304 4701 nimis
3332 4618 3496 4667 attri-

161 4708 442 4766 Ludowici
499 4711 670 4786 regis,
725 4715 896 4770 multa
961 4715 1228 4772 ecclesia;
1299 4699 1456 4771 utilia
1511 4718 1772 4772 decrevit.
1879 4718 2094 4776 verant,
2124 4707 2180 4763 in
2211 4707 2440 4778 patriam
2479 4719 2633 4758 suam
2688 4700 2918 4766 reversi,
2966 4699 3224 4755 intestino
3258 4699 3404 4756 inter
3434 4717 3496 4757 se

159 4800 328 4865 (Matt.
348 4797 470 4872 [17.];
490 4800 745 4865 Quaedam
763 4805 1334 4876 pseudOprOphctissa
1359 4807 1550 4861 dicens
1571 4805 1777 4861 instare
1879 4802 2025 4857 bello
2058 4815 2232 4872 usque
2263 4797 2331 4854 ad
2363 4794 2798 4852 internecionem
2829 4792 3107 4859 delentur,
3148 4798 3206 4846 ut
3244 4792 3312 4848 de
3343 4793 3496 4868 regia

158 4885 304 4942 diem
348 4888 570 4957 judicii,
620 4889 954 4965 Moguntiam
998 4893 1353 4960 sollicitabat,
1395 4894 1468 4950 ita
1510 4901 1571 4949 ut
1611 4893 1775 4949 etiam
1879 4909 2070 4950 eorum
2111 4892 2281 4962 stirpe
2303 4889 2488 4945 nullus
2517 4887 2622 4941 nisi
2643 4901 2788 4940 unus
2827 4899 2964 4955 puer
2985 4892 3292 4940 remaneret
3321 4885 3490 4958 (179).

1522 4997 1744 5053 νΑΒΙᾹΞ
1771 4997 2142 5055 LECTIONES.

234 5088 303 5166 ‘F‘
324 5088 396 5146 Μ.
423 5090 484 5145 Β.
515 5106 568 5146 ο.
592 5093 784 5150 desunt
809 5096 872 5151 Ι).
949 5097 1018 5133 ¹⁸⁶
1055 5099 1239 5154 Primo
1270 5100 1332 5154 in
1372 5099 1422 5155 1.
1449 5099 1562 5166 fuit
1591 5096 1712 5154 Xlll
1753 5115 1846 5155 seu
1892 5097 2148 5154 Xllllsed
2168 5097 2292 5166 jam
2333 5093 2574 5148 radendo
2599 5096 2674 5166 fin
2695 5091 2760 5166 X1
2815 5095 3089 5166 mutatura
3128 5095 3224 5166 est.
3257 5089 3401 5166 Xllll
3424 5090 3484 5166 ΑΣ

164 5160 226 5240 ’.εξ
259 5165 433 5240 totqu
453 5170 776 5240 _annarn‘in
807 5183 1007 5223 rasura
1049 5173 1270 5240 scripsit
1295 5171 1410 5237 Sig.
1449 5158 1586 5224 'cur.
1635 5175 1841 5235 tertiis;
1875 5158 2336 5240 ᾳιιίὸιιςίιηίᾳάᾴἱί
2361 5184 2373 5220 :
2409 5164 2691 5220 recondita
2722 5164 2778 5218 in
2804 5163 3038 5220 cenohio
3062 5161 3117 5218 S.
3146 5160 3310 5228 Petri,
3339 5158 3490 5230 quod

160 5230 336 5288 Altum
367 5232 570 5304 Vyleyr
599 5235 817 5293 diciter.
844 5241 1051 5296 Horum
1087 5230 1201 5296 ιοὸο
1228 5241 1289 5295 Α.
1315 5230 1440 5311 post
1469 5241 1676 5297 diocesi
1709 5230 1901 5298 addit?
1931 5241 1987 5294 in
2017 5237 2305 5294 Altuillari.

169 5403 210 5425 ρ
1717 5341 1928 5399 nom.

153 5446 180 5522 "
225 5437 392 5522 (179)_
421 5439 482 5522 in
512 5441 668 5522 nullo
697 5459 863 5515 quem
899 5446 1214 5522 noverimus
1263 5446 1537 5522 Sigeberti
1589 5449 1780 5504 codice
1881 5447 2154 5522 originem
2181 5447 2406 5522 traxisse
2427 5453 2680 5522 Oportet;
2703 5452 2757 5500 at
2781 5443 2972 5522 codice
2997 5440 3258 5522 E8h._jam
3287 5439 3490 5522 deper-

160 5513 400 5593 occu‘rrit
431 5511 587 5593 locus
616 5511 863 5593 famosus
893 5517 963 5571 de
983 5517 1260 5593 dial-ianua
1293 5511 1557 5593 papi‘ssa,
1612 5536 1778 5592 quem
1881 5511 2020 5593 dito',
2078 5519 2216 5593 certi
2247 5536 2313 5575 ea
2343 5520 2410 5593 de
2444 5511 2609 5593 rem!
2662 5519 2784 5593 jam
2807 5515 3092 5593 habemus.
3124 5512 3339 5593 _Videsis
3364 5511 3488 5586 quae

163 5576 261 5657 hoc
291 5580 420 5637 loco
449 5583 624 5640 editio
655 5585 913 5659 princeps
940 5576 1779 5656 eihibét."Qui'nisiab'ed'itore
1881 5576 2025 5646 infra
2053 5591 2121 5644 ad
2151 5591 2458 5647 Auctarium
2487 5576 2920 5659 L'rsica'mpinum
2944 5585 3142 5641 dicturi
3172 5599 3382 5640 sumus.

162 5660 401 5708 insertus
451 5664 560 5721 est,
619 5657 768 5728 quod
829 5657 1114 5724 addubito,
1157 5677 1186 5715 a
1242 5661 1515 5716 monacho
1557 5662 1776 5718 Votensi
