3868 6064
356 234 463 291 163

421 369 545 425 855.
697 367 756 421 Ιὶ.
802 366 888 422 15.
1109 365 1164 421 F.
1209 367 1292 422 11.
1582 364 1618 420 C
1684 367 1768 421 10.

421 457 542 528 (Ιὸ.)
572 456 954 520 Terrzemotus,
1008 453 1148 508 aeris
1178 453 1398 508 insolita
1435 454 1753 521 commotio,
1781 453 1958 508 turbi-

349 563 463 602 nes.
500 551 876 614 tempestates,
908 543 1227 617 grandines,
1268 542 1519 609 fulmina,
1561 544 1728 598 multa
1776 543 1960 598 multis

348 642 528 697 modis
588 639 936 694 incommoda
995 638 1312 693 hominibus
1382 638 1642 708 inferunt.
1729 639 1956 703 Quidam

349 735 511 790 etiam
544 733 710 788 homo
736 731 860 804 igne
877 730 1080 784 caelesti
1114 737 1474 800 consumptus
1505 737 1607 796 est,
1631 730 1958 786 vesteillesa

347 827 624 880 manente.
662 821 787 891 (1b.)
819 817 1106 874 Lotharius
1145 817 1446 888 imperator
1473 819 1671 888 partito
1711 817 1856 872 inter
1886 816 1956 870 fi-

347 921 450 976 lios
481 932 650 992 regno
677 915 1028 973 abrenuntiat
1052 913 1276 980 smculo,
1315 921 1369 969 et
1411 914 1468 968 in
1499 914 1718 968 Prumia
1759 929 1957 968 mona-

345 1009 513 1065 sterio
542 1005 733 1061 habitu
764 1004 1019 1059 monachi
1042 1009 1320 1073 suscepto,
1342 1018 1452 1057 non
1481 1003 1651 1058 multo
1677 1011 1803 1074 post
1825 1003 1956 1058 dor-

348 1099 500 1155 mivit
528 1098 582 1151 in
623 1095 873 1151 Domino.
908 1093 1256 1159 Ludowicus,
1281 1092 1426 1148 filius
1457 1094 1596 1162 ejus,
1619 1093 1748 1148 olim
1782 1110 1812 1148 a
1834 1094 1958 1148 Sar-

347 1195 438 1269 gio
475 1208 616 1263 papa
649 1191 704 1244 in
744 1205 932 1264 regem
968 1199 1186 1256 unctus,
1227 1187 1464 1259 imperat
1506 1189 1666 1243 annis
1709 1189 1792 1245 15.
1855 1189 1956 1245 Lo-

345 1281 556 1336 tliarius
584 1294 713 1334 vero
747 1277 910 1333 frater
939 1279 1061 1345 ejus
1092 1276 1501 1350 Lotharingiaui
1533 1282 1684 1332 tenet
1714 1277 1800 1330 ‘53.

347 1369 473 1424 856.
835 1369 884 1421 1.
1247 1365 1332 1418 12.
1702 1367 1785 1420 11.

415 1458 536 1529 (Ιὸ.)
583 1455 840 1510 [tabanus
869 1453 1106 1528 egregia)
1146 1453 1271 1508 vitae
1301 1460 1355 1508 et
1387 1453 1636 1508 scientiae
1677 1452 1954 1523 archiepi-

341 1562 544 1617 scopus
613 1545 770 1600 obiit.
848 1543 1198 1614 Magiuradus
1264 1542 1494 1598 eremita
1566 1541 1949 1609 martirizatur,

345 1641 486 1711 (Msa
514 1642 532 1707 )
565 1637 720 1708 Apud
761 1635 1291 1706 ConstantinOpolim
1336 1634 1564 1690 Michael
1595 1635 1748 1690 solus
1779 1634 1953 1706 impe—

344 1736 424 1784 rat
443 1727 603 1782 annis
631 1727 699 1780 12
729 1726 813 1778 ¹⁵⁹.

340 1817 463 1872 857.
823 1814 876 1869 2.
1241 1813 1328 1867 13.
1695 1814 1778 1869 12.

411 1909 499 1980 (G.
530 1912 659 1978 pont
686 1910 704 1975 )
733 1905 1026 1960 Nicholaus
1056 1904 1219 1958 106us
1250 1903 1508 1958 Romanae
1541 1905 1806 1960 {ecclesiae
1830 1921 1957 1976 pre-

338 2001 514 2067 sidet;
539 2000 694 2070 cujus
718 1997 1121 2054 ordinationem
1155 1997 1480 2051 Ludowicus
1521 1997 1823 2067 imperator
1855 2013 1958 2052 sua

339 2093 618 2164 presentia
646 2089 942 2147 roboravit.
984 2089 1150 2159 (Matt.
1212 2087 1340 2161 [F.])
1393 2089 1630 2144 Colonia:
1662 2095 1779 2144 orta
1815 2096 1956 2144 tem-

339 2192 574 2257 pestate,
600 2182 804 2255 populo
828 2182 882 2235 in
900 2180 1182 2234 basilicam
1199 2180 1374 2235 sanoti
1407 2180 1550 2234 Petri
1570 2180 1948 2254 confugiente,

336 2271 546 2326 fulmen
575 2269 757 2324 subito
790 2267 961 2321 instar
1006 2266 1154 2341 ignei
1186 2266 1443 2323 draconis
1475 2267 1758 2322 basilicam
1790 2267 1952 2322 scidit

335 2379 398 2419 ac
428 2361 756 2434 penetravit,
777 2365 830 2414 et
851 2367 963 2414 tres
987 2358 1241 2414 homines
1273 2359 1506 2414 diversis
1537 2360 1760 2430 quidem
1791 2359 1950 2428 locis,

333 2452 559 2508 seduno
590 2452 700 2505 ictu
727 2451 782 2504 in
824 2458 1055 2506 mortem
1086 2449 1289 2520 dejecit
1342 2451 1490 2508 Alios
1520 2451 1687 2507 etiam
1718 2467 1814 2506 sex
1861 2466 1953 2506 co-

337 2544 464 2598 dem
497 2545 704 2614 impetu
735 2543 1031 2600 semivivos
1063 2545 1304 2616 reliquit.

407 2633 532 2688 858.
893 2632 943 2686 3.
1279 2635 1341 2686 14
1722 2634 1776 2689 2.

408 2723 532 2795 (Ιὸ.)
576 2722 765 2777 Franci
785 2737 952 2792 super
972 2721 1295 2778 credulitate
1317 2723 1494 2780 Karoli
1520 2725 1666 2799 regis
1691 2724 1775 2779 sui
1800 2727 1946 2797 apud

336 2815 685 2871 Ludowicum
726 2815 945 2870 fratrem
995 2814 1115 2884 ejus
1171 2816 1540 2886 expostulant,
1585 2824 1640 2872 et
1693 2833 1818 2872 eum
1879 2819 1947 2873 ad

335 2907 678 2982 regnandum
702 2923 870 2977 super
907 2923 967 2961 se
995 2912 1185 2962 contra
1214 2906 1468 2962 Karolum
1501 2907 1758 2963 invitant.
1792 2909 1946 2972 Quod

335 2999 427 3054 ille
460 2998 776 3055 inconsultu
809 3015 1120 3074 aggressus,
1141 2998 1376 3069 turpiter
1402 2999 1600 3054 alienis
1621 3002 1858 3057 excessit
1888 3001 1950 3056 fi-

334 3090 500 3145 nibus
543 3091 750 3162 (Ib.)in
784 3091 1045 3160 parochia
1073 3089 1393 3162 Moguntina
1450 3091 1729 3166 malignus
1779 3093 1946 3163 spiri-

333 3188 419 3236 tus
446 3182 675 3236 evidens
697 3181 958 3253 nequitiae
976 3197 1089 3235 suae
1114 3181 1381 3236 indicium
1409 3181 1579 3236 dedit.
1610 3183 1741 3237 Nam
1767 3184 1946 3255 primo

332 3273 547 3344 lapides
569 3273 851 3344 jaciendo,
881 3280 937 3328 et
964 3273 1204 3343 parietes
1229 3274 1518 3328 domorum
1547 3275 1704 3346 quasi
1733 3276 1948 3331 malleis

332 3363 622 3433 pulsando.
653 3363 783 3417 inde
813 3363 1102 3418 manifeste
1119 3363 1422 3435 loquendo,
1458 3363 1598 3418 furta
1620 3365 1785 3420 etiam
1821 3381 1948 3436 pro-

333 3459 542 3524 dendo,
569 3459 878 3514 discordias
901 3458 1045 3513 inter
1068 3458 1283 3514 vicinos
1312 3460 1661 3528 seminando,
1692 3461 1950 3516 homines

330 3548 694 3620 inquietabat.
738 3547 986 3620 Denique
1024 3547 1239 3603 animos
1274 3548 1521 3604 omnittm
1554 3558 1746 3604 contra
1775 3565 1944 3605 unum

328 3640 606 3696 hominem
634 3639 952 3706 commovit,
1004 3639 1158 3711 quasi
1194 3655 1294 3710 pro
1323 3640 1441 3709 ejus
1487 3640 1728 3711 peccatis
1763 3641 1947 3697 caeteri

327 3733 457 3788 talia
487 3739 824 3804 paterentur.
861 3731 1026 3799 Cujus
1069 3731 1256 3807 fruges
1288 3733 1343 3786 in
1375 3749 1544 3787 unum
1597 3741 1947 3790 coacervatas

329 3821 608 3886 incendit;
642 3821 734 3892 qui
758 3821 1079 3890 ubicunque
1113 3821 1388 3887 intrasset,
1421 3822 1600 3876 statim
1624 3823 1822 3878 domus
1852 3822 1946 3878 illa

332 3913 683 3974 exurebatur,
728 3919 788 3967 ut
825 3913 938 3980 jam
983 3911 1035 3966 ei
1065 3911 1173 3965 nisi
1205 3912 1259 3966 in
1301 3911 1447 3984 agris
1483 3913 1636 3967 locus
1683 3915 1942 3969 manendi

332 4002 516 4058 nullus
556 4009 724 4058 esset.
767 4002 998 4073 Pr0pter
1027 4003 1132 4058 hoc
1170 4002 1493 4073 presbiteris
1536 4003 1738 4058 letania
1768 4021 1941 4078 agen-

329 4090 477 4144 tibus
527 4099 584 4146 et
612 4090 962 4146 benedictam
1003 4107 1198 4161 aquam
1231 4091 1639 4164 spargentibus,
1684 4093 1943 4149 inimicus

333 4181 521 4235 multis
553 4181 1049 4252 lapidesjaciendo
1079 4181 1398 4248 cruentatis,
1441 4182 1660 4237 tandem
1693 4183 1942 4255 aliquan-

334 4272 430 4327 diu
458 4272 686 4344 quievit.
716 4272 1044 4328 Presbiteris
1087 4273 1496 4341 recedentibus,
1545 4274 1802 4330 inimicus
1831 4275 1939 4330 ilc-

1567 233 1908 288 SIGEBERTI
1958 234 2468 294 GEMBIACENSIS.

3573 247 3678 303 164

1987 375 2038 440 Α
2063 369 2304 425 studium
2330 371 2702 444 Moguntinam
2740 372 3046 429 aacclesiam
3079 375 3389 432 illustravit.
3422 377 3676 434 Ludowi-

2059 474 2156 514 cus
2195 476 2288 515 rex
2349 461 2652 517 Germania:
2711 463 2945 533 plurima
2991 465 3164 535 prelia
3210 473 3397 522 contra
3450 467 3677 523 Sclavos

2058 556 2280 605 strenue
2308 551 2505 626 gessit;
2535 559 2587 606 et
2609 562 2768 622 capto
2800 553 3052 626 principe
3111 570 3298 611 eorum
3333 556 3542 610 Bastrix
3571 573 3676 612 no-

2057 641 2206 696 mine
2251 650 2476 712 propter
2505 643 2762 698 violatam
2796 643 2960 700 fidem
3007 647 3197 703 oculos
3255 664 3449 703 eruere
3485 649 3674 716 jussit.

2058 731 2181 803 (1b.)
2231 732 2581 803 Principibus
2609 733 2788 790 Karoli
2831 737 2975 811 regis
3026 737 3172 792 inter
3215 754 3273 792 se
3305 737 3676 792 discordanti-

2058 823 2178 890 bus,
2215 825 2483 880 Brittones
2519 826 2835 882 destitutam
2869 830 3074 885 auxilio
3099 837 3294 884 terram
3322 830 3669 894 invadentes,

2057 928 2236 985 usque
2254 914 2485 970 Pictavis
2504 916 2689 970 omnia
2710 918 2976 973 vastando
2997 919 3398 985 veniunt.Quos
3426 921 3671 975 redeun-

2056 1008 2139 1055 tes
2177 1017 2266 1055 rex
2310 1002 2536 1058 Karolus
2565 1011 2910 1073 prosecutus,
2969 1006 3305 1062 Britanniam
3366 1008 3559 1074 intrat,
3617 1015 3670 1062 et

2058 1104 2242 1161 pugna
2271 1101 2524 1146 conserta
2555 1092 2744 1148 Franci
2774 1094 3090 1163 vincuntur,
3121 1096 3394 1152 Brittones
3429 1097 3483 1151 in
3515 1096 3669 1152 caede

2054 1194 2248 1236 eorum
2278 1191 2599 1257 grassantur
2631 1185 2806 1255 (1.80.)

2125 1271 2248 1327 860.
2609 1275 2662 1329 ὅ.
3031 1278 3116 1331 16.
3477 1279 3530 1333 4.

2126 1360 2252 1431 (1b.)
2306 1361 2622 1417 Numeneus
2652 1379 2745 1419 rex
2778 1365 3082 1421 Brittonum
3132 1367 3261 1421 dum
3321 1367 3547 1422 instaret
3572 1384 3666 1422 re-

2053 1467 2221 1524 gnum
2266 1452 2592 1509 Francorum
2647 1457 2996 1528 depopulari,
3039 1458 3215 1512 visum
3249 1466 3335 1512 est
3364 1458 3414 1513 ei
3438 1459 3668 1514 asistere

2052 1539 2158 1592 sibi
2199 1551 2448 1595 sanctum
2468 1541 2874 1610 Maurilionem,
2906 1547 3319 1618 Andegavensis
3354 1547 3507 1601 urbis
3533 1548 3664 1602 olim

2057 1629 2411 1699 episcOpum;
2451 1647 2482 1684 a
2509 1648 2619 1702 quo
2651 1633 2706 1686 in
2737 1635 2917 1705 capite
2954 1635 3153 1690 baculo
3184 1651 3498 1706 percussus,
3532 1637 3667 1690 iram

1976 1697 2027 1765 Β
2059 1697 2151 1774 0θί
2185 1697 2360 1777 morte
2385 1697 2657 1792 persensit
2692 1697 2860 1797 (181).
2903 1727 3136 1797 (Wmux.
3169 1697 3206 1794 ιζ
3237 1727 3347 1800 16.)
3383 1697 3495 1785 Hoc
3525 1737 3669 1783 tem—

2057 1825 2192 1881 pore
2227 1811 2509 1867 Leutulfus
2537 1813 2648 1867 dux
2703 1815 3002 1881 Saxonum,
3039 1823 3193 1886 pater
3237 1816 3450 1872 Ottonis
3479 1817 3662 1882 ducis,

2058 1917 2191 1957 avus
2217 1911 2398 1958 autem
2432 1905 2670 1961 Heinrici
2700 1907 2866 1981 regis,
2906 1923 3106 1978 corpus
3144 1910 3316 1963 sancti
3351 1909 3663 1965 Innocentii

2057 2008 2215 2063 papae
2245 2008 2275 2046 a
2307 1993 2476 2049 Roma
2501 1995 2556 2048 in
2580 1995 2872 2050 Saxoniam
2905 1997 3179 2052 transtulit
3207 1997 3376 2070 (182).

2124 2100 2248 2156 861.
2608 2104 2661 2158 6.
2991 2106 3076 2160 17.
3453 2108 3504 2160 5.

2125 2106 2157 2154 8
2179 2106 2248 2155 ’1.
2648 2143 2661 2158 .
3064 2147 3076 2160 .
3495 2149 3504 2160 .

2125 2106 2294 2257 (fled.
2321 2188 2383 2262 [R
2413 2189 2454 2263 j)
2480 2106 2800 2263 Herigpous,
2834 2106 3299 2262 filiusilzumenei,
3339 2211 3432 2250 rex
3453 2108 3666 2252 gritto—

2053 2290 2206 2345 num,
2236 2278 2429 2334 Karolo
2453 2280 2565 2352 regi
2593 2280 3005 2351 confederatur,
3038 2291 3091 2339 et
3112 2290 3433 2340 muneratus
3463 2285 3582 2354 ejus
3604 2303 3665 2340 se

2053 2370 2417 2427 dominationi
2441 2372 2645 2428 subdit.

2122 2476 2247 2529 862.
2607 2479 2662 2533 7.
3026 2481 3113 2537 18.
3440 2483 3493 2537 6.

2124 2567 2322 2637 (Fuld.)
2385 2567 2678 2624 Lotharius
2750 2587 2844 2625 rex
2885 2570 3259 2647 Lotharingiaa
3310 2571 3665 2627 Waldradam

2051 2657 2308 2728 pellicem
2348 2660 2728 2730 superducens
2766 2663 2988 2734 conjug'i
3021 2680 3135 2718 suae
3167 2664 3494 2736 Tietbergaa,
3528 2680 3666 2719 con—

2051 2749 2422 2806 sentientibus
2490 2752 2597 2806 sibi
2648 2754 3084 2826 archiepisc0pis
3139 2756 3437 2812 Gunthario
3513 2757 3667 2812 Colo-

2049 2841 2228 2896 niensi
2255 2850 2309 2897 et
2333 2842 2636 2915 Tietgaudo
2660 2844 2998 2916 TreviCensi,
3027 2863 3280 2921 magnam
3308 2847 3414 2902 sibi
3435 2847 3665 2903 calami-

1970 2968 2020 3034 C
2048 2944 2214 2992 tatem
2242 2939 2470 3009 paravit.

2118 3048 2244 3104 863.
2609 3051 2661 3106 8.
3023 3051 3111 3107 19.
3473 3051 3526 3108 7.

2120 3141 2313 3212 (Mett.)
2344 3140 2474 3216 [R.])
2506 3142 2818 3217 Hugbertus
2862 3143 3032 3197 abbas
3061 3154 3118 3198 et
3155 3143 3285 3211 dux,
3319 3142 3487 3198 frater
3513 3144 3658 3200 'I‘iet-

2049 3230 2232 3304 bergae
2265 3232 2492 3306 reginae,
2546 3249 2645 3304 pro
2678 3233 2909 3304 repudio
2949 3233 3157 3288 sororis
3185 3249 3300 3288 suae
3334 3241 3524 3289 contra
3555 3234 3666 3290 Lo-

2049 3324 2284 3379 tharium
2316 3325 2573 3400 insurgit.
2606 3327 2938 3381 Guntharius
2990 3335 3046 3380 et
3095 3326 3427 3400 Tietgaudus
3465 3329 3658 3383 archi-

2050 3417 2293 3488 episc0pi
2347 3418 2533 3472 Romae
2561 3435 2592 3472 a
2618 3434 2759 3488 papa
2811 3418 3073 3474 Nicholao
3106 3435 3205 3490 pro
3247 3419 3520 3474 adulterio
3555 3420 3660 3475 Lo-

2048 3509 2209 3564 tharii
2242 3510 2386 3584 regis
2417 3510 2733 3574 examinati,
2776 3527 2897 3566 cum
2939 3519 2995 3564 et
3033 3510 3144 3564 suis
3174 3511 3536 3582 synodalibus
3568 3529 3664 3587 ge-

2048 3600 2165 3667 stis,
2196 3615 2317 3670 quaa
2337 3599 2724 3670 praeferebant,
2754 3607 2808 3656 et
2827 3616 2928 3656 suo
2950 3601 3114 3655 etiam
3145 3615 3241 3655 ore
3257 3601 3493 3656 convicti
3525 3599 3666 3656 fuis-

2048 3697 2190 3754 sent,
2224 3689 2546 3759 episc0patu
2579 3696 2633 3745 et
2660 3689 2831 3744 sacris
2886 3689 3149 3763 gradibus
3186 3689 3495 3744 exordinati
3535 3705 3665 3744 ana-

2046 3778 2381 3832 thematizati
2428 3785 2575 3845 sunt,
2625 3779 2819 3851 eisque
2848 3785 3060 3835 tantum
3092 3778 3300 3834 laicalis
3338 3780 3658 3836 communio

2046 3885 2309 3926 concessa
2334 3877 2438 3926 est.

2115 3985 2240 4039 864.
2528 3985 2584 4040 9.
2871 3983 2960 4039 20.
3249 3983 3302 4037 8.

2117 4076 2239 4146 (1b.)
2299 4075 2782 4130 Excommunicata
2834 4075 3012 4145 pelice
3069 4073 3418 4128 Waldradaa
3475 4073 3661 4148 legato

2043 4164 2369 4235 apostolico,
2403 4163 2603 4219 videns
2646 4163 2932 4218 Lotharius
2972 4177 3061 4216 rex
3114 4160 3282 4216 etiam
3309 4161 3414 4215 sibi
3444 4177 3663 4216 excom-

2043 4253 2473 4308 municationem
2506 4251 2787 4317 intentari,
2831 4250 3173 4323 Tietbergam
3229 4264 3451 4304 uxorem
3499 4266 3658 4305 rece-

327 4337 512 4416 bilite-r
542 4361 791 4424 ululans,
815 4362 1034 4417 tandem
1059 4361 1427 4432 presbiterum
1451 4337 1726 4434 quendam
1761 4365 1925 4419 nomi-

2120 4389 2141 4400 η.
2175 4345 2280 4399 Sed
2312 4345 2367 4398 id
2398 4360 2508 4399 non
2531 4343 2760 4398 multum
2791 4342 3012 4413 profuit,
3033 4342 3160 4413 quia
3190 4357 3300 4397 non
3330 4341 3500 4397 multo
3531 4349 3660 4412 post

329 4451 500 4506 natim
534 4451 869 4523 exprimens,
901 4467 981 4515 se,
1023 4451 1245 4522 quando
1276 4467 1418 4523 aqua
1456 4451 1750 4507 benedicta
1781 4469 1941 4524 spar-

325 4537 581 4611 gebatur,
617 4540 718 4594 sub
749 4557 924 4612 cappa
945 4540 1091 4594 illius
1114 4539 1270 4611 quasi
1294 4539 1577 4595 familiaris
1603 4540 1687 4595 sui
1716 4542 1940 4596 latuisse

327 4629 611 4699 professus
640 4640 756 4696 est;
790 4648 1054 4687 accusans
1093 4648 1218 4687 eum
1256 4648 1381 4687 cum
1411 4631 1522 4687 tilia
1566 4633 1939 4702 procuratoris

326 4719 717 4774 concubuisse.
749 4720 840 4774 Sic
869 4737 972 4791 per
1019 4721 1319 4776 triennium
1351 4720 1570 4788 institit,
1621 4720 1800 4778 donec
1827 4721 1935 4776 ibi-

327 4809 451 4862 dem
475 4819 673 4865 cuncta
703 4810 937 4866 aedificia
956 4811 1216 4868 incendio
1240 4819 1612 4868 consumeret.

401 4902 525 4958 859.
891 4906 941 4959 4.
1269 4907 1357 4961 15.
1717 4907 1770 4963 3.

395 4991 513 5063 (Ιὸ.)
546 4993 755 5049 Probus
787 4993 1060 5064 presbiter
1089 4993 1249 5063 obiit,
1311 4994 1469 5066 cujus
1499 4995 1846 5052 conversatio
1885 5002 1938 5051 et

2043 4454 2107 4492 ea
2159 4437 2451 4506 repudiata
2493 4435 2727 4505 pelicem
2769 4434 2995 4504 recepit,
3038 4449 3140 4488 nec
3182 4432 3322 4487 ultra
3372 4433 3485 4487 ullo
3533 4449 3655 4489 cor-

2042 4527 2313 4598 reptionis
2353 4526 2515 4581 modo
2544 4525 2612 4579 ab
2627 4541 2692 4579 ea
2724 4524 2968 4595 separari
3001 4523 3196 4594 potuit.

2129 4634 2233 4689 365.
2529 4633 2612 4687 10.
2903 4632 2992 4686 21.
3280 4633 3334 4686 9.

2129 4637 2141 4656 ³
2223 4677 2233 4689 .
2603 4677 2612 4686 .
2903 4632 2937 4684 2
2981 4671 2992 4685 .
3280 4633 3334 4686 9.

2109 4634 2327 4793 figam,
2359 4633 2670 4792 Mart;r(:t,)
2708 4632 3292 4790 Corporajsanctornm
3353 4728 3655 4791 martyrum

2040 4815 2260 4870 Eusebii
2290 4820 2344 4869 et
2382 4813 2633 4869 Pontiani
2663 4812 2809 4868 dono
2841 4811 3084 4867 Nicholai
3130 4827 3288 4882 papae
3329 4811 3396 4865 ad
3457 4811 3657 4866 Gallias

2039 4906 2319 4969 translata,
2375 4907 2428 4960 in
2469 4904 2817 4959 monasteriis
2872 4911 2999 4958 voto
3040 4903 3424 4976 religiosorum
3464 4911 3657 4959 sancto

2039 4995 2198 5050 Petro
2228 4994 2441 5050 collatis
2463 4993 2765 5048 honorifice
2789 4991 3151 5047 tumulantur.
3185 4992 3350 5061 (Mett.
3385 4989 3510 5063 [R.])
3542 4990 3656 5046 Rex

1669 5133 1891 5189 νΑΡιιΑῑ
1919 5133 2295 5190 LECTIONES.

398 5236 544 5316 ίξξΑ.
601 5239 688 5295 hic
716 5238 931 5294 exhibet
958 5239 1150 5294 verba:
1189 5238 1298 5295 lloc
1342 5246 1379 5294 t.
1431 5256 1480 5296 c.
1523 5239 1806 5316 Remigius
1859 5241 1897 5297 i.
1946 5258 2017 5296 m.
2067 5257 2118 5297 e.
2171 5257 2216 5298 s.
2269 5256 2324 5296 n.
2376 5255 2444 5295 ea:
2487 5255 2522 5294 a
2572 5239 2699 5308 895,
2732 5241 2831 5295 ubi
2859 5254 2920 5295 ea
2965 5241 3182 5295 omittit.
3272 5240 3339 5274 “9
3368 5236 3482 5292 Xlll
3523 5234 3654 5290 02*.

321 5308 374 5366 3.
406 5309 494 5364 ιβ.
525 5311 585 5366 D.

1875 5412 2082 5468 NOTAE.

387 5512 532 5584 (180)
568 5518 621 5569 Λ.
672 5515 794 5570 8.19.
835 5517 937 5570 hoc
978 5527 1202 5570 narrant
1251 5517 1390 5578 Ann,
1428 5517 1608 5572 Bertin
1641 5560 1656 5583 ,
1717 5535 1746 5572 a
1804 5517 1927 5574 860.

320 5583 453 5657 Reg.
488 5585 657 5640 .1818.
693 5587 890 5641 Chron.
931 5588 1154 5642 Britann

2103 5519 2251 5589 (181)
2283 5519 2342 5572 Α.
2374 5519 2498 5574 851.
2531 5520 2669 5574 Ann.
2708 5519 2854 5573 Bert.

2102 5590 2333 5660 (182)11.
2370 5590 2492 5645 8M.
