3868 6064
211 234 320 288 165

1704 225 2052 281 CHRONICA.

3444 238 3547 296 166

212 357 509 429 Bulgarum
541 354 610 408 ad
639 352 1103 408 christianismum
1161 366 1284 406 cum
1335 367 1435 406 sua
1481 356 1646 425 gente
1683 365 1825 406 con-
1858 356 1904 422 Α
1933 348 2258 420 probatione
2289 350 2623 408 innocentia:
2650 369 2762 408 sure
2788 354 2854 408 ad
2913 357 3374 416 examinationem
3415 378 3543 418 cor-

212 461 429 510 versus,
463 443 646 498 missis
675 443 743 497 ad
791 459 915 496 eum
964 441 1154 495 asede
1204 440 1508 510 apostolica
1555 438 1827 494 ministris

213 533 354 587 sacri
385 531 619 598 ordinis,
671 531 916 602 acceptis
969 530 1132 585 etiam
1162 547 1192 584 a
1215 546 1343 604 rege
1376 529 1668 584 Ludowico
1697 528 1829 582 sub-

213 625 392 705 sidiis,
426 624 565 679 adeo
600 625 652 678 iu
682 623 789 678 tide
815 623 1180 689 solidatur,ut
1209 638 1319 678 non
1361 622 1532 676 multo
1567 629 1690 691 post
1717 619 1830 675 lilio

215 717 426 784 majore
448 717 501 770 in
524 730 757 788 regnum
786 715 1060 780 ordinato,
1087 711 1830 785 ipseabrenuntianssaeculo

215 811 523 866 monachus
551 809 726 865 factus
749 809 838 864 sit.
892 809 1001 863 Sed
1031 825 1156 863 cum
1190 807 1336 863 filius
1367 808 1487 876 ejus
1512 805 1835 875 juveniliter

216 922 390 977 agens
419 906 486 959 ad
549 903 880 977 gentilitatis
929 903 1130 958 cultum
1167 903 1336 958 vellet
1391 901 1593 967 redire,
1625 900 1835 954 militiae

219 997 443 1070 cingulo
473 1003 528 1051 et
558 995 709 1050 cultu
747 995 901 1070 regio
954 1003 1258 1065 resumpto,
1313 993 1484 1048 filium
1514 999 1837 1064 persecutus

220 1086 391 1156 coapit
420 1092 474 1140 et
503 1085 680 1140 oculis
710 1085 832 1153 ejus
856 1082 1075 1139 effossis
1108 1099 1231 1138 eum
1265 1083 1320 1136 in
1345 1098 1621 1138 carcerem
1653 1081 1834 1144 trusit;

218 1183 272 1227 et
304 1172 419 1229 filio
441 1173 663 1245 juniore
726 1172 782 1226 in
825 1188 1054 1247 regnum
1111 1171 1313 1238 locato,
1346 1187 1560 1226 sacrum
1590 1169 1840 1224 habitum

219 1268 432 1338 recepit
461 1275 516 1322 et
568 1267 624 1322 in
681 1283 749 1323 eo
807 1282 984 1338 usque
1018 1266 1086 1321 ad
1138 1265 1302 1321 finem
1353 1265 1479 1320 vitae
1514 1279 1841 1336 persevera-

218 1362 294 1416 vit
329 1360 416 1415 '5“.

287 1449 415 1504 866.
601 1448 665 1502 Β.
705 1448 785 1503 11.
968 1447 1022 1501 F.
1054 1446 1143 1502 22.
1331 1446 1386 1500 C.
1421 1446 1509 1500 10.

299 1538 424 1608 (Ιὸ.)
475 1537 738 1608 Herispoo
769 1553 799 1591 a
830 1535 947 1592 suis
1004 1544 1314 1608 perempto,
1372 1537 1632 1592 Salomon
1692 1534 1838 1588 filius

1933 441 2082 512 poris
2100 447 2154 495 et
2182 442 2470 516 sanguinis
2502 443 2716 498 Domini
2743 452 2851 498 tam
2885 446 3002 515 ipse
3053 464 3214 518 quam
3241 451 3534 521 Optimates

1930 541 2086 612 regni
2114 531 2325 588 invitati
2356 541 2544 589 essent
2571 551 2584 588 :
2617 544 2672 588 et
2703 535 2819 605 ipse
2876 544 2931 591 et
2961 553 3174 604 omnes,
3207 542 3296 612 qui
3339 559 3544 616 corpus

1931 630 2145 686 Domini
2193 645 2317 685 eum
2363 643 2429 683 eo
2485 637 2693 682 temere
2759 628 3008 700 accipere
3066 647 3540 707 presumpserunt,

1933 721 2073 777 infra
2123 722 2303 792 ipsum
2353 736 2555 774 annum
2617 719 2923 790 perierunt,
2983 721 3104 792 ipso
3131 726 3313 780 statim
3360 727 3413 782 in
3450 746 3541 784 re-

1936 815 2157 869 deundo
2198 812 2488 868 Placentia:
2508 810 2792 866 defuncto.

2005 904 2127 960 871.
2405 900 2492 956 10.
2766 902 2858 955 27.
3128 905 3183 958 2.

2006 991 2212 1064 (Fuld.)
2255 991 2490 1046 Colonize
2529 989 2805 1044 celebrata
2859 991 3071 1061 synodo
3125 993 3191 1046 ad
3229 993 3540 1052 dedicatio-

1945 1097 2068 1136 nem
2100 1080 2361 1136 aeeclesize
2403 1097 2434 1133 a
2486 1079 2660 1133 tribus
2717 1080 3084 1151 Lotharingiae
3156 1087 3544 1155 metrOpolitis,

1945 1172 2222 1241 Liutperto
2271 1171 2609 1244 Moguntino,
2680 1171 2916 1226 Bertulfo
2971 1173 3304 1240 Trevirensi,
3366 1177 3547 1232 Willi-

1944 1265 2098 1319 berlo
2131 1262 2464 1327 Coloniensi,
2495 1277 2617 1316 cum
2641 1263 2708 1316 ab
2737 1263 2820 1316 eis
2848 1263 3010 1318 etiam
3051 1265 3227 1333 major
3273 1269 3543 1337 mcclesia,

1943 1352 2359 1426 qumestsancti
2415 1351 2581 1414 Petri,
2638 1350 2868 1405 deberet
2920 1353 3545 1424 dedieari,precedente

1940 1457 2099 1505 nocte
2150 1449 2350 1503 auditm
2407 1454 2535 1503 sunt
2593 1461 2754 1500 voces
2805 1447 3168 1521 malignorum
3224 1451 3542 1520 spirituum,

1940 1541 2084 1596 inter
2112 1556 2170 1594 se
2196 1540 2436 1594 dolendo
2495 1540 2978 1609 conquerentium,
3001 1555 3058 1594 se
3091 1557 3120 1594 a
3151 1545 3421 1612 possessis
3450 1547 3544 1601 diu

226 1631 349 1697 ejus
377 1644 548 1700 super
604 1629 878 1683 Brittones
943 1635 1156 1703 regnat,
1187 1637 1243 1683 et
1282 1628 1476 1683 Karolo
1530 1635 1721 1682 contra
1777 1631 2164 1703 sensedibus
2220 1631 2426 1685 debere
2492 1630 2714 1701 expelli.
2781 1631 2950 1700 (Mett.
2988 1629 3124 1702 [R.])
3179 1633 3406 1689 Karolus
3450 1652 3542 1690 rex

228 1676 347 1697 .,,_-
378 1676 535 1700 νη--.
604 1676 876 1683 ---ην----
945 1676 1156 1703 -νυ---Ἴ
1191 1676 1242 1683 ν-
1282 1676 1471 1683 ---η-ς
1533 1676 1720 1682 πη---
1778 1676 1828 1680 --
1937 1676 2163 1686 ww.“
2222 1676 2424 1685 ..-νων
2495 1676 2714 1701 cur-.."
2784 1676 2950 1700 μην...
2991 1676 3123 1702 ,...,,
3181 1676 3406 1689 ...ηνηω
3452 1676 3542 1690 ...η

223 1721 468 1776 venienti
490 1719 898 1776 confoederatur
927 1720 1096 1791 (l83).
1131 1720 1256 1790 (1b.)
1309 1719 1670 1774 Northmanni
1713 1718 1836 1772 Gal-
1863 1676 1911 1743 Β
1940 1720 2291 1783 Francorum,
2326 1719 2583 1773 defuncto
2641 1717 2899 1772 fratruele
2955 1734 3055 1774 suo
3109 1719 3383 1787 Lothario,
3415 1721 3544 1776 dum

221 1810 352 1864 liam
386 1818 718 1880 repetentes,
776 1809 1078 1874 Namnetis,
1124 1809 1456 1881 Andegavis,
1499 1807 1732 1863 Pictavis
1789 1814 1843 1862 et

220 1901 460 1956 Turonis
486 1901 750 1956 terminos
780 1901 1203 1972 depopulantur.
1240 1902 1449 1966 Quibus
1481 1907 1841 1956 occursantes

224 1991 339 2045 dux
374 1991 676 2063 Aquitaniae
718 1991 1038 2046 Ramnulfus
1064 1998 1118 2045 et
1150 1991 1483 2046 Ruotbertus
1515 1991 1667 2045 fortis
1698 2006 1844 2045 mar-

225 2081 375 2146 cbio,
407 2081 539 2134 dum
573 2081 674 2150 ipsi
702 2081 918 2136 incaute
952 2081 1254 2153 preliantes
1277 2082 1839 2152 perimuntur,czeteri

222 2185 252 2222 a
310 2169 705 2226 Northmannis
755 2180 816 2227 ut
876 2188 1069 2229 ovesa
1123 2172 1270 2243 lupis
1334 2173 1631 2228 acervatim
1699 2179 1841 2226 ster-

224 2269 453 2316 nuntur.

290 2350 418 2405 867.
674 2353 764 2407 12.
1050 2354 1137 2409 23.
1405 2357 1421 2408 1
1443 2358 1458 2409 Ι
1477 2395 1488 2406 .

295 2443 424 2512 (1b.)
468 2442 757 2498 Saracenis
816 2444 1258 2501 Beneventanam
1313 2446 1598 2519 regionem
1655 2445 1843 2501 incur-

223 2533 499 2600 sentibus,
557 2534 882 2590 Ludowicus
947 2537 1246 2607 imperator
1307 2537 1541 2592 viriliter
1579 2538 1838 2592 occurrit.

227 2623 306 2676 Ad
335 2623 495 2693 cujus
523 2625 791 2680 auxilium
848 2626 1132 2680 Lotharius
1171 2626 1339 2682 frater
1365 2625 1486 2694 ejus
1536 2641 1842 2696 preperans

230 2711 404 2765 multa
430 2712 664 2783 quidem
714 2715 888 2784 prelia
933 2731 1056 2769 cum
1111 2716 1192 2770 eis
1219 2723 1480 2771 strennue
1519 2715 1712 2786 gessit,
1745 2715 1842 2770 sed

227 2803 472 2857 exercitu
502 2817 604 2858 suo
644 2809 869 2874 propter
916 2803 1299 2875 intemperiem
1335 2805 1482 2860 aeris
1531 2805 1740 2860 morbis
1791 2813 1846 2859 et

228 2897 510 2952 morsibus
564 2914 885 2953 aranearum
972 2899 1135 2954 nimis
1187 2908 1430 2973 gravato,
1484 2916 1606 2956 eum
1668 2899 1843 2954 multo

228 3004 452 3045 suorum
484 2989 778 3062 dispendio
808 2991 987 3048 rediit.

297 3081 426 3136 868.
719 3083 804 3136 13.
1049 3085 1136 3140 24.
1433 3087 1518 3141 12.

294 3171 378 3240 (G.
417 3172 593 3243 poni.)

223 3265 489 3334 presidet.
530 3266 732 3337 (Fuld.)
792 3267 1042 3322 Cometes
1097 3266 1543 3322 manifestissime
1583 3277 1837 3340 apparet.

224 3355 457 3411 Michael
487 3358 780 3413 Grecorum
812 3359 1112 3430 imperator
1137 3375 1306 3414 sensu
1361 3359 1670 3416 diminutus
1699 3363 1840 3417 adeo

227 3459 412 3506 mente
451 3452 774 3520 excedebat,
803 3460 863 3508 ut
894 3452 1194 3508 familiares
1219 3469 1349 3509 suos
1385 3454 1608 3524 juberet
1637 3457 1840 3522 occidi;

229 3555 372 3610 quos
428 3547 611 3596 tamen
643 3542 711 3596 ad
757 3558 818 3598 se
847 3541 1088 3610 rediens,
1135 3541 1242 3597 sibi
1297 3545 1665 3614 representari
1726 3546 1846 3600 exi-

237 3631 424 3704 gebat.

306 3724 430 3777 869.
694 3727 774 3781 14.
1019 3727 1110 3782 25.
1400 3728 1489 3784 13.

309 3812 564 3879 Basilius,
599 3830 761 3885 quem
813 3815 1043 3870 Michael
1097 3816 1398 3888 imperator
1443 3833 1740 3889 pauperem
1783 3835 1847 3874 ex

233 3899 438 3957 familia
502 3903 667 3956 unius
729 3903 943 3958 abbatis
982 3905 1084 3958 sibi
1127 3906 1417 3972 asciverat,
1478 3914 1531 3963 et
1561 3907 1851 3963 cubicula-

235 3990 374 4044 rium
410 3989 612 4045 factum
639 3991 707 4045 ad
731 3998 910 4046 tantos
940 3994 1180 4048 honores
1230 4002 1582 4065 provexerat,
1625 4004 1684 4049 ut
1714 3995 1853 4049 alter

236 4079 304 4132 ab
354 4078 689 4149 imperatore
742 4081 1132 4151 appellaretur,
1191 4099 1341 4154 saepe
1400 4083 1469 4138 ab
1519 4084 1851 4155 imperatore

238 4186 337 4240 per
368 4171 640 4224 insaniam
671 4171 845 4226 occidi
873 4173 1082 4243 jussus,
1102 4175 1307 4230 timens
1340 4191 1408 4230 ne
1439 4175 1534 4230 tali
1558 4177 1852 4232 occasione

1941 1810 2346 1884 Lotharingiam
2379 1811 2528 1864 solus
2555 1825 2816 1880 usurpare
2847 1810 3062 1874 nititur,
3095 1826 3195 1880 per
3251 1812 3546 1867 moderan-

1940 1901 2070 1955 tiam
2095 1908 2149 1955 et
2179 1899 2499 1955 industriam
2549 1900 2730 1955 fratris
2779 1901 2862 1955 sui
2923 1901 3198 1956 Ludowici
3248 1902 3546 1959 Germano-

1939 2006 2056 2043 rum
2089 1989 2234 2064 regis
2262 1989 2328 2042 ad
2363 1989 2466 2044 hoc
2491 1996 2755 2044 attractus
2786 1996 2886 2055 est,
2919 2000 2978 2044 ut
3003 1991 3457 2061 aequaliterinter
3485 2009 3544 2046 se

1941 2094 2171 2152 regnum
2201 2077 2472 2132 fratruelis
2523 2077 2857 2132 dividerent.
2925 2079 3130 2150 (Fuld.)
3188 2079 3266 2132 Ab
3313 2081 3556 2135 exercitu

1943 2174 2222 2229 Ludowiei
2252 2172 2559 2228 Germanici
2582 2173 2729 2228 vario
2779 2179 2979 2228 eventu
3011 2174 3158 2228 varia
3180 2173 3328 2229 bella
3357 2184 3551 2230 contra

1943 2266 2166 2322 Sclavos
2203 2275 2492 2341 geruntur.

2013 2355 2139 2411 872.
2414 2357 2494 2410 17.
2761 2355 2851 2409 28.
3107 2356 3160 2409 3.

2015 2445 2184 2515 (Mett.
2219 2443 2348 2516 [R.])
2382 2445 2636 2500 Karolum
2703 2461 2888 2516 regem
2931 2445 3261 2500 Francorum
3291 2446 3561 2502 domesti-

1945 2551 2008 2591 ca
2037 2537 2318 2592 calamitas
2347 2535 2403 2590 in
2460 2534 2588 2590 filiis
2627 2537 2744 2591 suis
2797 2535 2987 2591 afﬁxit.
3041 2537 3326 2609 Siquidem
3362 2538 3560 2594 Karlo-

1946 2639 2205 2679 mannum
2248 2625 2303 2678 in
2334 2624 2595 2680 clericatu
2626 2641 2801 2696 usque
2845 2625 2913 2679 ad
2955 2626 3280 2682 diaconatus
3309 2626 3553 2682 officium

1946 2724 2288 2786 provectum,
2345 2714 2459 2785 ipse
2513 2723 2668 2785 pater
2696 2715 2858 2785 erepit
2910 2721 2965 2769 et
3021 2715 3319 2782 exeecavit,
3360 2731 3458 2787 pro
3490 2731 3557 2770 eo

1947 2808 2094 2879 quod
2111 2808 2178 2862 ad
2205 2807 2537 2878 apostasiam
2562 2822 2858 2861 conversus
2907 2814 2962 2861 et
2992 2807 3140 2861 omni
3208 2823 3414 2881 genere
3446 2822 3556 2863 no-

1944 2898 2107 2954 cendi
2145 2914 2373 2973 regnum
2429 2899 2778 2970 perturbans,
2824 2901 2963 2955 alter
3022 2900 3248 2971 quidam
3307 2898 3562 2954 Julianus

1874 2993 2170 3096 Ceffeetus
2221 3001 2355 3049 erat.
2387 2994 2578 3096 .Porro
2632 2993 2770 3085 alter
2817 2994 2963 3050 filius
3007 2995 3128 3062 ejus
3155 2993 3390 3048 Karolus
3431 2992 3560 3047 dum

1945 3085 2257 3140 inconsulte
2315 3083 2580 3140 voluisset
2631 3083 2867 3155 experiri
2924 3093 3202 3156 expertam
3262 3085 3548 3156 cujusdam

673 3173 943 3230 Adrianus
1027 3176 1285 3231 Romanae
1352 3176 1619 3232 aacelesire
1681 3177 1840 3234 107us
1942 3173 2373 3229 Albuinimilitis
2403 3173 2810 3240 fortitudinem,
2843 3181 2899 3230 et
2919 3176 3070 3231 solus
3099 3176 3199 3230 soli
3229 3190 3561 3247 congressus
3593 3191 3596 3194 ·

1945 3265 2158 3332 fuisset,
2187 3265 2256 3320 ab
2307 3265 2502 3320 eodem
2543 3265 2802 3331 Albuino,
2864 3266 3152 3339 ignorante
3214 3266 3339 3337 quis
3391 3273 3558 3330 esset,

1945 3365 2265 3428 peremptus
2293 3365 2394 3412 est.
2425 3355 2628 3429 (Fuld.)
2657 3359 2890 3413 Basilius
2925 3358 3225 3429 imperator
3266 3359 3558 3412 Grecorum

1945 3446 2302 3502 interemtera
2341 3464 2572 3502 munera
2603 3447 2768 3502 mittit
2817 3447 3110 3502 Ludowico
3165 3447 3281 3520 regi
3338 3447 3562 3500 Germa-

1947 3551 2140 3590 norum
2173 3536 2511 3591 ehristallum
2561 3535 2714 3590 mirm
2754 3535 3174 3608 magnitudinis,
3245 3535 3380 3588 mire
3429 3550 3567 3590 auro

1949 3631 2296 3705 gemmisque
2317 3636 2588 3696 ornatam,
2636 3646 2760 3686 cum
2810 3637 2962 3702 parte
2982 3646 3095 3687 non
3124 3631 3344 3687 modica
3363 3640 3567 3688 sanctae

1951 3721 2158 3777 crucis.

2021 3812 2146 3871 873.
2434 3813 2519 3869 18.
2788 3813 2878 3868 29.
3152 3814 3209 3868 4.

2025 3903 2210 3975 (Mam)
2240 3903 2523 3959 Johannes
2559 3901 2720 3958 108ιιεΙ
2748 3901 3284 3957 Romaaaaaecclesiaa
3299 3900 3565 3972 presidet.

1953 3995 2030 4048 Ad
2084 3994 2232 4049 hunc
2281 3993 2583 4056 Johannes,
2639 3990 2897 4046 Romanae
2935 3990 3200 4045 aeeclesize
3271 3990 3562 4056 diaconus,

1952 4083 2116 4139 vitam
2140 4083 2301 4153 primi
2329 4080 2577 4154 Gregorii
2611 4097 2765 4151 papae
2797 4080 3009 4146 scribit,
3054 4081 3108 4134 in
3135 4088 3371 4151 quatuor
3408 4078 3568 4133 libel-

1957 4176 2022 4230 lis
2050 4174 2402 4230 laudabiliter
2430 4173 2653 4228 editam.
2714 4174 2882 4243 (Matt.
2943 4171 3072 4245 [R.])
3122 4171 3409 4246 Adalgisus
3458 4169 3568 4226 dux

239 4262 605 4325 occideretur,
635 4262 804 4336 elegit
847 4265 1022 4338 magis
1071 4265 1191 4336 ipse
1221 4266 1607 4337 imperatorem
1639 4267 1854 4322 interfi-
1888 4333 1925 4338 _
1960 4268 2472 4322 Beneventanorum
2505 4283 2535 4320 a
2567 4265 2754 4319 Grecis
2783 4265 3048 4319 seductus
3087 4273 3276 4318 contra
3309 4263 3566 4318 Ludowi-

240 4369 386 4420 cere,
419 4371 584 4425 quam
613 4355 682 4408 ab
711 4333 778 4410 eo
824 4333 1056 4411 interfici
1133 4365 1189 4412 et
1239 4333 1528 4429 imperavit
1557 4361 1720 4414 annis
1764 4361 1852 4415 17.
1887 4333 2080 4412 Dcum
2113 4357 2501 4426 imperatorem
2534 4355 2783 4421 rebellat,
2813 4361 2868 4409 et
2897 4353 3097 4407 multas
3121 4353 3289 4406 Italia:
3319 4352 3570 4406 urbesab

240 4441 488 4514 [(Odonis
517 4445 714 4498 transl.
771 4444 827 4499 S.
861 4444 962 4514 M.)
1017 4445 1227 4515 Corpus
1277 4447 1450 4501 sancti
1509 4447 1702 4514 Mauri,
1762 4450 1857 4520 qui
1959 4465 2025 4506 eo
2053 4448 2290 4504 deficere
2321 4447 2472 4504 fecit.
2510 4448 2604 4504 Cui
2637 4448 2938 4520 imperator
2989 4448 3220 4503 viriliter
3252 4463 3570 4520 repugnans

242 4531 339 4588 fuit
365 4535 675 4606 discipulus
702 4535 877 4590 sancti
924 4536 1228 4603 Benedicti,
1262 4545 1597 4608 asportatum
1632 4539 1856 4594 aClan-
1961 4538 2335 4594 Beneventum
2380 4546 2437 4594 et
2469 4538 2704 4609 Capuam
2759 4537 2922 4608 capit.
2983 4536 3088 4592 Sed
3155 4535 3296 4592 dolis
3327 4535 3568 4609 Adalgisi

240 4621 431 4679 difolio
463 4624 517 4678 in
551 4622 922 4698 Burgundiam
977 4632 1204 4696 prepter
1230 4625 1478 4682 timorem
1508 4627 1856 4684 Normanno-
1959 4644 2252 4698 persuasus
2291 4628 2590 4684 exercitum
2618 4627 2918 4692 dimittere,
2939 4626 3009 4682 ita
3041 4625 3111 4680 ab
3141 4641 3210 4680 eo
3236 4623 3570 4680 estcircum-

243 4731 381 4784 rum,
449 4716 772 4772 transfertur
825 4718 894 4772 ad
945 4718 1269 4790 Fossatense
1328 4719 1649 4788 cenobium,
1705 4723 1853 4793 quod
1955 4728 2170 4786 ventus,
2202 4727 2262 4775 ut
2316 4736 2427 4776 non
2483 4726 2667 4790 posset
2719 4719 2976 4784 evadere,
3009 4719 3114 4774 nisi
3157 4717 3306 4790 turpi
3364 4716 3571 4772 foedere

239 4805 541 4859 construxit
593 4813 818 4860 sanctus
900 4805 1231 4876 Babolenus,
1295 4807 1468 4862 sancti
1532 4807 1855 4863 Columbani
1956 4807 2100 4863 facto
2121 4807 2440 4878 compulsus
2489 4808 2734 4875 jurasset
2787 4806 3065 4882 Adalgiso,
3093 4823 3154 4862 se
3199 4820 3483 4877 nunquam
3516 4803 3570 4858 in

243 4892 656 4962 discipulus'“.
1956 4897 2066 4951 vita
2094 4912 2192 4951 sua
2220 4896 2520 4951 Beneventi
2570 4883 2710 4950 fines
2760 4895 3110 4953 intraturum.
3163 4895 3242 4952 0b
3276 4896 3380 4949 hoc
3409 4892 3570 4947 Adal-

311 4979 439 5034 870.
698 4981 783 5036 t5.
1042 4982 1134 5037 26.
1425 4985 1478 5038 1.
1960 4985 2114 5059 gisus
2161 5002 2192 5040 a
2246 4993 2441 5040 senatu
2524 4985 2893 5040 Romanorum
2960 5003 3090 5042 reus
3155 4983 3457 5055 majestatis
3514 4989 3569 5036 et

313 5072 485 5140 (Matt.
523 5068 650 5144 [RD
700 5072 988 5129 Lotharius
1047 5090 1138 5129 rex
1191 5073 1418 5129 Romam
1450 5075 1518 5128 ad
1558 5074 1857 5130 Adrianum
1962 5076 2131 5130 hostis
2156 5075 2410 5146 publicus
2465 5075 2800 5144 dijudicatus
2846 5085 2900 5132 et
2953 5077 3099 5133 bello
3150 5082 3340 5130 contra
3368 5088 3428 5127 se
3467 5071 3570 5126 de-

244 5172 878 5233 papamseexcusatum
924 5165 1091 5221 vadit.
1149 5166 1329 5238 Aquo
1361 5165 1491 5221 dum
1552 5181 1653 5236 pro
1709 5183 1863 5222 eom-
1960 5172 2132 5232 creto,
2187 5165 2244 5220 in
2293 5164 2559 5221 Corsicam
2606 5165 2765 5241 fugit.
2831 5168 3035 5238 (Fuld,)
3098 5164 3326 5220 Karolus
3382 5161 3571 5229 junior

1593 5267 1813 5323 VARIE
1852 5266 2123 5323 LECTION
2129 5266 2224 5321 ES.

298 5360 469 5487 I‘IWA.
494 5360 578 5486 Ιῖἰο
607 5362 820 5486 inhibet
849 5365 1041 5420 verba:
1111 5364 1219 5421 Hoc
1249 5371 1498 5435 tempore
1527 5396 1596 5406 —
1637 5366 2079 5422 Gimniacensem
2133 5382 2201 5421 ea:
2257 5382 2349 5427 an.
2394 5366 2521 5435 695,
2570 5369 2665 5423 ubi
2690 5383 2752 5422 ea
2799 5369 3016 5424 omittit.
3066 5369 3206 5425 ¹⁶¹1η
3239 5387 3437 5426 rasura
3467 5371 3560 5436 1γ.

347 5477 356 5487 .
389 5449 506 5487 ητα
532 5450 587 5486 er
665 5475 676 5486 .

238 5449 356 5487 reu.
387 5449 587 5502 prater
618 5449 676 5486 Α.

1794 5509 2003 5566 NOTAE.

307 5576 458 5643 (183.
505 5578 562 5628 A.
595 5575 718 5628 #557.
755 5578 870 5630 Ann
929 5577 1074 5632 Bert.
