3894 6070
298 212 401 270 167

1500 210 1845 269 SIGEBERTI
1894 208 2416 267 GEMBLACENSIS.

3515 208 3621 265 168

296 344 576 401 Ludowici
609 344 1005 399 Germanorum
1060 343 1207 419 regis
1234 343 1428 400 flliusa
1459 345 1736 401 daemonio
1767 361 1903 418 gra-
1926 345 1981 413 Α
2006 350 2062 399 et
2083 344 2254 398 nimia
2283 358 2547 414 aquarum
2582 341 2870 397 inundatio
2919 340 3060 396 facta
3118 346 3202 395 est
3240 339 3295 394 in
3322 339 3510 405 Junio,
3543 338 3623 393 ita

295 436 437 490 viter
459 435 513 488 in
545 433 836 504 praesentia
859 432 1030 503 patris
1083 440 1139 486 et
1166 433 1492 504 Optimatum
1524 434 1899 503 ejusvexatur,

293 532 348 579 et
371 524 429 583 in
452 525 568 595 ipsa
597 522 885 576 vexatione
918 519 1229 587 confitetur,
1274 522 1377 576 hoc
1429 522 1536 576 sibi
1569 522 1694 576 ideo
1725 520 1902 576 conti-

288 614 456 685 gisse,
516 610 644 682 quia
697 620 889 665 contra
943 618 1151 679 patrem
1210 626 1367 663 suum
1435 609 1900 680 conspirationem

290 703 474 758 facere
503 701 857 757 moliebatur.

396 796 486 849 74.
672 794 736 848 R.
790 793 876 848 19.
1047 794 1101 848 F.
1142 793 1230 850 30.
1448 793 1501 848 C.
1543 796 1596 848 5.

361 886 480 955 (1b.)
536 887 595 940 In
629 885 782 939 Italia
821 885 991 939 Brixae
1059 885 1231 939 tribus
1278 885 1477 939 diebus
1531 901 1595 941 ac
1645 886 1901 941 noctibus

288 976 517 1051 sanguis
548 976 614 1029 de
632 978 765 1029 cado
798 974 1001 1043 pluisse
1043 981 1306 1028 narratur.
1344 974 1703 1028 Northmanni
1736 974 1897 1027 etiam

287 1084 319 1122 a
349 1083 518 1141 regno
553 1066 826 1121 Ludowici
857 1066 1251 1119 Germanorum
1281 1065 1426 1137 regis
1473 1064 1736 1119 tributum
1784 1062 1901 1118 exi-

286 1166 498 1231 gentes,
534 1158 602 1210 ab
622 1157 864 1210 exercitu
918 1156 1065 1210 illius
1121 1156 1361 1229 graviter
1412 1156 1522 1210 cesi
1577 1157 1895 1211 vincuntur.

286 1251 452 1318 (Mett.
494 1244 623 1318 [R.]')
675 1246 917 1300 Locustae
970 1245 1197 1299 Galliam
1261 1246 1670 1316 depopulantur
1733 1246 1901 1301 innu-

283 1337 595 1404 merabiles,
628 1336 841 1391 caeteris
894 1335 1122 1390 locustis
1178 1336 1436 1403 majores,
1488 1352 1621 1390 sena
1689 1336 1896 1391 alarum

287 1427 540 1501 remigia,
598 1442 694 1481 sex
727 1426 922 1498 pedes,
981 1426 1121 1481 duos
1187 1426 1382 1480 dentes
1424 1425 1608 1495 lapide
1647 1425 1901 1481 duriores

284 1520 572 1586 habentes,
602 1524 661 1573 ut
719 1525 1025 1572 castrorum
1094 1517 1243 1571 acies
1295 1516 1570 1571 turmatim
1622 1516 1894 1583 volantes,

282 1610 453 1665 duces
480 1625 603 1664 eum
634 1608 825 1680 paucis
854 1608 1048 1663 itinere
1071 1607 1235 1662 unius
1263 1606 1384 1661 diei‘
1416 1608 1800 1676 premittentes
1826 1607 1892 1661 ad

282 1702 543 1756 metanda
597 1701 718 1756 loca
767 1707 1012 1755 venturae
1073 1698 1439 1765 multitudini,
1497 1699 1644 1753 circa
1702 1699 1894 1755 horam

282 1808 483 1848 nonam
514 1792 583 1848 ad
613 1793 795 1848 locum
847 1793 1124 1863 previsum
1178 1790 1487 1857 venientes,
1541 1792 1731 1863 ibique
1764 1791 1898 1846 solis

282 1891 460 1939 ortum
493 1891 867 1954 expectantes,
909 1899 1010 1953 per
1048 1882 1295 1952 spacium
1340 1883 1505 1936 unius
1552 1882 1663 1936 diei
1713 1898 1894 1937 aerem

281 1977 561 2042 vetabant,
595 1977 776 2047 ipsum
802 1976 937 2031 solis
959 1975 1315 2046 splendorem
1347 1975 1772 2041 obnubilantes;
1801 1990 1898 2031 ore

283 2068 413 2133 lato,
458 2077 689 2124 extenso
730 2068 1014 2133 intestino,
1060 2069 1246 2123 omnia
1284 2068 1481 2122 viridia
1521 2067 1575 2121 in
1614 2068 1803 2122 herbis
1840 2076 1895 2122 et

283 2165 575 2220 arboribus
628 2166 934 2231 vastabant,
983 2166 1222 2236 spatium
1273 2165 1456 2219 diurni
1504 2164 1719 2220 itineris
1758 2182 1896 2236 qua-

280 2260 407 2309 tuor
426 2263 518 2310 ant
545 2253 791 2325 quinque
823 2253 1049 2308 milibus
1102 2253 1483 2307 extendentes.
1521 2253 1631 2307 Hoc
1662 2252 1895 2306 misera-

277 2348 376 2402 bili
404 2348 717 2418 spectaculo
743 2365 922 2419 usque
977 2348 1045 2401 ad
1075 2364 1223 2402 mare
1267 2347 1661 2402 Brittannicum
1698 2363 1896 2418 perve-

280 2441 514 2507 nientes,
541 2439 761 2493 tandem
794 2440 924 2494 ﬂatu
951 2446 1238 2495 ventorum
1272 2440 1328 2494 in
1360 2439 1696 2511 profundum
1731 2439 1897 2493 maris

282 2530 577 2584 demerssa:
606 2539 734 2584 sunt
765 2548 781 2593 ;
815 2529 913 2583 sed
959 2538 1078 2584 estu
1112 2530 1338 2585 oeceani
1376 2531 1444 2584 ad
1494 2531 1623 2584 litus
1655 2530 1891 2597 rejectre,

284 2637 350 2676 ex
382 2621 677 2691 putredine
704 2638 804 2676 sua
833 2637 961 2676 aere
993 2629 1276 2692 corrupto,
1300 2623 1504 2677 multos
1539 2622 1719 2692 perire
1754 2622 1901 2676 fece-

281 2716 427 2764 runt.
490 2710 683 2777 (βαιά.)
752 2710 951 2764 Secuta
1008 2709 1182 2763 fames
1252 2710 1431 2764 valida
1486 2710 1693 2765 multos
1764 2727 1903 2766 con-

281 2800 517 2871 sumpsit
540 2800 746 2868 inedia,
780 2808 839 2856 ut
875 2817 1034 2872 paene
1076 2802 1235 2857 tertia
1288 2818 1415 2873 pars
1460 2803 1744 2859 hominum
1774 2818 1902 2859 con-

282 2903 503 2965 sumpta
525 2894 596 2949 sit

352 2986 477 3042 872$.
747 2988 837 3042 20.
1114 2987 1204 3045 31.
1486 2991 1540 3043 6.

359 3078 439 3145 (Ib
470 3077 485 3145 )
519 3076 702 3131 Hiems
757 3077 922 3133 solito
967 3079 1213 3155 asperior
1262 3084 1317 3133 et
1371 3079 1680 3149 prolixior;
1718 3078 1811 3133 nix
1844 3086 1899 3133 et

285 3168 412 3242 gelu
454 3185 485 3221 a
517 3168 779 3224 Kalendis
807 3170 1133 3225 Novembris
1162 3187 1341 3241 usque
1371 3172 1440 3225 ad
1478 3172 1701 3226 vernale
1727 3173 1904 3243 aequi-

285 3258 550 3313 noctium.
580 3259 699 3329 (ιδ.)
763 3258 1058 3314 Ludowico
1113 3260 1230 3333 regi
1287 3260 1683 3315 Germanorum
1731 3278 1900 3333 appa-

282 3346 393 3401 ruit
424 3346 477 3399 in
509 3346 718 3401 somnis
747 3348 968 3419 genitor
1020 3364 1151 3402 suus
1207 3349 1534 3404 Ludowicus
1561 3350 1689 3405 olim
1724 3351 1900 3421 impe-

284 3443 450 3500 rator,
481 3436 740 3505 adjurans
768 3453 894 3492 eum
943 3453 1044 3509 per
1086 3452 1288 3493 nomen
1337 3447 1541 3494 sancta)
1598 3438 1897 3506 Trinitatis,

280 3536 339 3584 ut
370 3546 495 3584 eum
523 3530 809 3601 eripereta
830 3531 1139 3599 tormentis,
1190 3532 1246 3586 in
1286 3532 1490 3603 quibus
1518 3531 1893 3600 detinebatur,

279 3630 339 3679 ut
358 3624 579 3679 tandem
619 3631 879 3680 aeternam
941 3626 1189 3698 requiem
1227 3636 1535 3682 mereretur
1561 3627 1789 3683 habere.
1818 3628 1897 3683 0b

281 3714 389 3768 hoc
445 3714 511 3768 ad
562 3714 779 3769 diversa
818 3717 1150 3770 monasteria
1213 3716 1533 3771 elemosinis
1583 3718 1894 3784 destinatis,

282 3801 486 3857 obnixe
518 3802 663 3857 filius
688 3802 1044 3857 succurrebat
1074 3804 1233 3873 patri.
1268 3803 1421 3858 Unde
1461 3805 1696 3860 dabatur
1735 3806 1899 3860 intel-

285 3892 404 3965 ligi,
445 3893 575 3963 quia
605 3894 731 3948 licet
771 3894 918 3947 idem
956 3894 1256 3964 imperator
1294 3896 1463 3950 multa
1490 3897 1601 3952 Deo
1632 3903 1687 3950 et
1717 3898 1900 3951 homi-

286 3984 453 4038 nibus
498 3984 696 4053 placita
735 3983 976 4049 fecisset,
1027 3984 1183 4054 plura
1232 3992 1420 4040 tamen
1471 3987 1580 4042 Deo
1625 3988 1899 4043 contraria

287 4072 340 4124 in
374 4086 544 4146 regno
600 4086 700 4126 suo
748 4071 863 4126 fieri
908 4074 1206 4127 consensit.
1274 4074 1331 4127 ln
1386 4074 1591 4146 quibus
1648 4077 1898 4148 graviora

283 4160 637 4227 videbantur,
668 4160 816 4231 quod
844 4161 1025 4215 heresi
1064 4161 1494 4217 Nicholaitarum
1525 4178 1634 4219 non
1674 4165 1893 4230 restitit,

284 4256 340 4303 et
360 4248 570 4303 monita
601 4248 868 4304 Gabrielis
924 4250 1265 4323 archangeli,
1299 4252 1591 4307 duodecim
1641 4254 1897 4325 capitulis

282 4343 705 4413 comprehensa.
740 4360 866 4414 quae
890 4343 1149 4399 Emarcus
1171 4344 1238 4379 ¹⁶²
1265 4346 1315 4400 ei
1346 4346 1582 4420 legenda
1609 4356 1663 4403 et
1702 4349 1895 4403 obser-

281 4430 462 4485 vanda
487 4431 706 4502 optulit,
731 4447 953 4486 servare
981 4448 1091 4487 non
1111 4432 1342 4489 studuit.
1378 4438 1547 4502 (Mett.
1583 4434 1715 4509 [R.])
1746 4436 1898 4491 Nort-

284 4523 469 4577 manni
524 4524 717 4579 urbem
767 4525 1097 4599 Andegavis,
1157 4527 1314 4598 quasi
1378 4528 1435 4581 in
1481 4545 1547 4583 ea
1574 4529 1896 4594 habitaturi,

284 4631 408 4670 cum
443 4616 558 4669 suis
586 4618 842 4672 omnibus
870 4625 1166 4689 occupant.
1218 4619 1295 4674 Ad
1355 4637 1518 4692 quam
1560 4637 1893 4697 Oppugnan-

287 4707 412 4762 dam
443 4707 663 4764 Carolus
692 4726 807 4772 rex,
849 4711 1025 4765 ascito
1058 4711 1351 4768 Salomone
1400 4713 1683 4769 Britonum
1746 4732 1897 4791 rege,

286 4802 475 4857 multis
495 4804 694 4859 diebus
720 4820 840 4859 eam
867 4806 1106 4863 obsedit.
1126 4809 1233 4864 Sed
1263 4825 1387 4865 cum
1446 4810 1807 4865 Northmanni
1830 4811 1896 4865 ad

284 4891 731 4963 desperationem
773 4894 995 4949 adducti
1049 4896 1303 4961 fuissent,
1365 4915 1456 4953 rex
1514 4899 1684 4954 invito
1740 4916 1901 4953 exrr-

285 4980 418 5047 citu,
449 4980 682 5051 pecunia
706 4981 774 5034 ab
796 4982 879 5036 eis
911 4992 1160 5053 accepta,
1197 5002 1481 5057 egressum
1545 4987 1628 5042 eis
1679 4988 1895 5055 annuit,

283 5071 477 5142 eisque
505 5071 610 5126 hoc
629 5077 788 5142 pacto
820 5071 1010 5142 pejora
1035 5073 1271 5128 faciendi
1289 5078 1469 5131 locum
1491 5077 1645 5132 dedit
1663 5078 1802 5147 (184)

357 5164 481 5220 876.
771 5166 862 5220 21.
1152 5166 1241 5223 32.
1530 5172 1580 5224 7.

358 5253 827 5323 (Fuld)Cometes
844 5252 1007 5309 solito
1041 5254 1354 5310 rutilantior
1399 5260 1669 5328 apparuit.
1707 5260 1899 5317 Subita

2003 441 2061 489 ut
2094 436 2146 490 in
2181 435 2417 490 Saxonia
2444 435 2569 489 villa
2609 434 2858 506 quaedam
2912 433 3078 506 longe
3129 448 3160 486 a
3206 429 3538 487 torrentibus
3564 436 3623 484 et

2004 526 2328 581 fluminibus
2354 532 2581 591 remota,
2607 525 2662 579 in
2692 533 2976 580 momento
3041 539 3165 579 cum
3202 521 3522 578 hominibus
3560 526 3622 575 et

2003 614 2352 682 bestiis,cum
2383 614 2674 668 arboribus
2702 622 2758 667 et
2808 610 3077 677 mditiciis,
3121 626 3243 665 cum
3287 608 3539 665 aecclesia
3565 614 3622 661 et

2001 707 2156 762 altari
2216 706 2436 777 penitus
2496 705 2717 760 absorta
2761 705 2830 759 sit
2884 710 2940 758 et
2987 702 3199 757 nullum
3258 699 3622 755 habitationis

2001 798 2327 852 remanserit
2368 796 2681 868 vestigium.
2714 799 2859 852 Mctt.
2910 794 3041 868 [R.])
3084 793 3407 849 Ludowicus
3446 792 3623 861 impe-

2001 896 2148 943 rator
2173 888 2226 941 in
2260 887 2412 942 Italia
2445 886 2694 952 moritur,
2723 892 2779 940 et
2819 893 3049 955 patruus
3093 899 3227 938 suus
3258 882 3488 937 Karolus
3518 897 3617 935 rex

2000 984 2330 1039 Francorum
2366 984 2587 1038 Romam
2622 982 2820 1055 pergit,
2844 989 2899 1035 et
2945 980 3196 1035 Johanne
3232 994 3374 1050 papa
3406 984 3458 1031 et
3499 977 3615 1030 Bo-

1999 1072 2176 1126 manis
2192 1088 2291 1142 per
2319 1087 2548 1126 munera
2611 1070 2718 1124 sibi
2771 1069 3099 1133 conciliatis,
3129 1069 3431 1139 imperator
3449 1080 3613 1120 crea-

1999 1169 2106 1228 tur,
2138 1168 2194 1216 et
2226 1162 2456 1230 imperat
2506 1159 2668 1213 annis
2721 1158 2919 1213 tribus.
2978 1159 3084 1212 Sed
3118 1158 3168 1212 ei
3222 1156 3405 1211 statim
3438 1171 3469 1209 a
3499 1155 3613 1208 Lu—

1998 1254 2208 1309 dowico
2239 1253 2402 1308 fratre
2428 1268 2529 1308 suo
2560 1252 2763 1307 bellum
2798 1258 3041 1321 paratur,
3096 1249 3245 1321 quod
3302 1264 3363 1303 se
3415 1248 3616 1302 incon-

1999 1342 2142 1397 sulto
2166 1342 2316 1396 solus
2384 1342 2676 1411 imperium
2728 1340 3003 1395 fratruelis
3059 1337 3443 1409 usurpaverit..
3486 1336 3614 1407 (1b.)

1998 1432 2249 1486 Britones
2274 1447 2403 1504 rege
2424 1446 2524 1485 suo
2554 1430 2847 1486 Salomone
2878 1437 3115 1495 mortuo,
3135 1443 3232 1498 pro
3251 1426 3615 1483 contentione

1996 1523 2265 1597 regnandi
2294 1522 2560 1577 intestino
2590 1523 2732 1577 inter
2766 1538 2827 1577 se
2843 1520 2990 1575 bello
3011 1520 3351 1576 colliduntur
3377 1537 3392 1585 ;
3420 1518 3615 1588 sicque

1998 1615 2155 1671 inviti
2187 1623 2404 1670 cessant
2438 1632 2468 1670 a
2499 1615 2685 1670 Galliae
2742 1614 3091 1670 exterminio.
3149 1613 3344 1682 (Fuld.)
3386 1611 3618 1666 Karolus

1998 1708 2298 1779 imperator
2319 1715 2439 1779 post
2468 1708 2728 1779 adeptum
2785 1706 3079 1778 imperium
3111 1705 3254 1760 ultra
3302 1720 3364 1759 se
3411 1704 3614 1770 elatus,

1998 1800 2429 1854 consuetudines
2479 1799 2808 1853 Francorum
2846 1797 3216 1868 vilipendens,
3253 1795 3454 1849 Grecas
3495 1794 3617 1866 glo-

2001 1891 2108 1945 rias
2128 1899 2182 1945 et
2206 1891 2455 1946 insolitos
2485 1890 2706 1944 habitus
2732 1888 3041 1954 affectabat,
3069 1898 3123 1942 et
3146 1888 3297 1942 talari
3320 1886 3615 1941 dalmatica

1999 1980 2225 2034 indutus
2250 1989 2304 2034 et
2323 1981 2563 2050 desuper
2592 1979 2775 2034 balteo
2806 1978 3086 2033 accinctus
3114 1977 3394 2047 pendente
3435 1990 3615 2045 usque

1996 2069 2062 2124 ad
2093 2070 2286 2139 pedes,
2315 2069 2495 2139 capite
2526 2084 2658 2123 vero
2689 2069 2934 2123 involuto
2979 2067 3252 2121 velamine
3299 2065 3503 2130 serico,
3558 2071 3616 2118 et

1934 2160 1939 2167 ’
1995 2160 2303 2215 diademate
2334 2160 2786 2231 superimposito,
2811 2158 3166 2231 procedebat.
3200 2158 3408 2212 Etcum
3463 2164 3617 2211 esset

1994 2254 2183 2325 lepore
2206 2254 2471 2319 timidior,
2504 2262 2559 2309 et
2590 2255 2779 2309 hostes
2810 2253 3000 2328 fugere
3031 2269 3194 2324 quam
3226 2252 3416 2325 fugare
3449 2267 3614 2321 para-

1996 2343 2123 2409 tior,
2154 2343 2375 2398 fratrem
2415 2360 2576 2398 suum
2625 2342 2977 2397 Ludovvicum
3010 2341 3337 2399 lacessebat,
3375 2341 3618 2394 minatus

1998 2443 2178 2491 tantas
2215 2437 2404 2508 cepias
2432 2453 2491 2492 se
2524 2436 2947 2503 conducturum,
3004 2444 3063 2490 ut
3088 2434 3158 2489 ab
3198 2434 3356 2505 equis
3386 2432 3617 2487 flumine

2000 2531 2288 2597 exhausto,
2313 2530 2431 2602 ipse
2463 2529 2787 2601 peraridum
2803 2529 3017 2583 alveum
3047 2526 3349 2583 Germaniae
3382 2539 3614 2600 regnum

2003 2619 2248 2675 intraret.

2109 2712 2236 2767 877.
2493 2714 2515 2765 1
2534 2756 2544 2767 .
2818 2712 2907 2766 33.
3164 2711 3219 2778 8,

2073 2804 2324 2860 lleiricus
2350 2806 2655 2861 monachus
2684 2805 2849 2861 vitam
2873 2803 3049 2859 sancti
3084 2803 3340 2858 Germani
3372 2801 3617 2857 Antisio-

2000 2897 2271 2963 dorensis,
2304 2896 2527 2953 heroico
2581 2905 2758 2953 metro
2816 2897 2870 2951 in
2917 2911 3013 2951 sex
3055 2895 3263 2950 libellis
3309 2894 3624 2951 luculenter

1922 2993 2292 3074 Cexaratam,
2349 2984 2544 3042 Karolo
2598 2985 2917 3057 imperatori
2963 2984 3179 3040 obtulit.
3242 2985 3421 3057 (Matt.
3486 2980 3619 3056 [R.])

2005 3079 2333 3134 Ludowicus
2377 3094 2470 3134 rex
2533 3079 2923 3134 Germanorum
2991 3079 3243 3145 moritur,
3295 3078 3621 3148 relinquens

2006 3176 2117 3225 tres
2159 3169 2303 3226 filios
2343 3186 2475 3226 suos
2530 3171 2785 3239 heredes,
2846 3169 3196 3224 Ludowicum
3245 3169 3520 3240 juniorem
3561 3174 3620 3222 et

2004 3259 2281 3327 Karolum,
2305 3261 2396 3332 qui
2430 3275 2540 3316 non
2596 3260 2772 3315 multo
2831 3267 2954 3329 post
2999 3248 3310 3329 imperavit,
3345 3265 3399 3312 et
3430 3256 3621 3311 Karlo-

2003 3367 2265 3406 mannum
2305 3359 2515 3422 patrem
2551 3351 2758 3407 Arnulti
2786 3350 3153 3421 imperatoris.
3186 3348 3412 3403 Karolus
3436 3348 3620 3419 impe-

2001 3447 2150 3495 rator
2176 3440 2246 3495 de
2275 3447 2452 3496 morte
2483 3441 2665 3495 fratris
2690 3439 2775 3494 sui
2809 3440 3047 3507 gavisus,
3081 3437 3423 3507 injustitiam,
3453 3452 3618 3507 quam

2000 3541 2193 3587 contra
2221 3532 2445 3588 fratrem
2483 3538 2842 3603 conceperat,
2893 3537 3086 3586 contra
3115 3528 3451 3585 filiosfratris
3487 3543 3620 3599 per-

1998 3620 2164 3675 ficere
2220 3629 2461 3693 paratus,
2516 3638 2641 3677 cum
2690 3620 3096 3693 quinquaginta
3148 3627 3203 3673 et
3254 3634 3319 3673 eo
3374 3616 3618 3688 amplius

1999 3713 2283 3768 hominum
2316 3713 2543 3768 milibus
2579 3729 2808 3786 regnum
2865 3727 3055 3766 eorum
3097 3726 3414 3785 aggressus,
3450 3707 3614 3764 Colo-

2002 3804 2149 3858 niam
2177 3820 2351 3875 usque
2406 3804 2578 3869 venit,
2639 3804 2767 3858 ﬁliis
2808 3803 3087 3858 Ludowici
3122 3802 3259 3857 alias
3286 3786 3608 3872 occupatis.

2004 3895 2328 3951 Ludowicus
2348 3896 2537 3965 junior
2564 3896 2838 3967 legatione
2866 3896 2932 3950 ad
2975 3904 3226 3967 patruum
3255 3894 3421 3949 missa
3450 3909 3618 3968 roga-

2002 3982 2096 4037 bat
2122 4001 2207 4050 ea,
2242 4001 2361 4055 qua!
2389 3984 2542 4055 pacis
2599 3991 2745 4039 sunt.
2797 3983 2950 4049 Quod
3010 4000 3134 4038 cum
3168 3982 3466 4053 impetrare
3499 3996 3614 4036 non

2000 4083 2204 4144 posset,
2256 4076 2493 4131 viriliter
2521 4091 2646 4131 eum
2697 4076 2846 4132 bello
2877 4076 3113 4147 excepit,
3136 4092 3376 4147 eumque
3406 4075 3614 4129 victum

1998 4181 2123 4219 cum
2171 4165 2342 4220 nimio
2401 4166 2676 4221 exercitus
2729 4165 2931 4221 damno
2986 4171 3041 4220 et
3105 4166 3276 4219 multo
3339 4163 3615 4218 dedecore

1999 4256 2189 4332 fugere
2242 4258 2528 4329 compulit.
2585 4260 2789 4328 (Fuld.)
2842 4258 3141 4331 Ingruente
3198 4257 3255 4310 in
3323 4256 3616 4312 Germania

1999 4364 2259 4419 pecorum
2307 4350 2645 4421 pestilentia,
2693 4351 2823 4405 dum
2880 4366 3047 4405 canes
3106 4349 3352 4420 undique
3399 4348 3617 4404 collecti

1999 4440 2362 4495 cadaveribus
2402 4440 2807 4507 incumberent,
2848 4440 2924 4494 ita
2977 4439 3396 4511 disparuerunt,
3424 4444 3485 4493 ut
3513 4453 3620 4492 nec

1999 4529 2106 4584 vivi
2130 4545 2233 4585 nec
2262 4531 2461 4585 mortui
2500 4531 2899 4601 reperirentur.

2069 4623 2193 4677 878.
2468 4624 2521 4677 2.
2801 4623 2889 4677 31.
3162 4623 3197 4675 9

2071 4711 2240 4782 (Mett.
2300 4710 2429 4785 [R.])
2496 4711 2721 4767 Karolus
2772 4712 3072 4783 imperator
3108 4711 3336 4767 Romam
3366 4709 3615 4766 secundo

2000 4805 2300 4875 profectus,
2354 4805 2577 4871 Bosoni,
2635 4819 2904 4879 germano
2969 4803 3157 4859 uxoris
3209 4820 3347 4870 suae,
3387 4812 3615 4873 neptem

2000 4911 2176 4959 suam,
2208 4894 2376 4948 filiam
2426 4895 2705 4950 Ludowiei
2758 4893 3128 4964 imperatoris,
3179 4908 3405 4948 uxorem
3438 4891 3615 4958 dedit,

2001 4997 2055 5044 et
2083 4990 2207 5043 data
2234 4989 2284 5043 ei
2342 4989 2649 5057 Provincia,
2702 4990 2758 5043 in
2817 5006 3001 5063 regem
3043 5004 3167 5043 eum
3225 4988 3531 5052 coronavit,
3556 4995 3619 5041 ut

2000 5082 2163 5136 etiam
2187 5081 2411 5156 regibus
2444 5082 2716 5152 imperare
2746 5082 3046 5137 videretur.
3083 5081 3182 5146 Qui
3229 5080 3463 5135 audiens
3498 5077 3617 5133 fra-

2000 5172 2204 5225 trueles
2253 5186 2383 5225 suos
2433 5170 2857 5225 Karlomannum
2905 5178 2957 5225 et
3013 5170 3267 5224 Karolum
3328 5175 3519 5223 contra
3557 5183 3620 5222 se

2001 5263 2301 5318 exercitum
2335 5263 2635 5331 adducere,
2678 5280 2881 5335 pavore
2926 5264 3140 5318 solutus
3179 5263 3415 5316 reditum
3441 5264 3615 5332 parat,

1640 5393 1860 5448 VARI/FZ
1883 5394 2256 5451 LECTIONES.

359 5484 426 5518 ¹⁶²
456 5488 534 5540 ita
567 5488 684 5552 Sig.
717 5491 960 5558 corrupit
980 5505 1171 5543 nonum
1194 5492 1451 5545 Eia/mli.
1484 5494 1629 5562 quod
1660 5497 1717 5549 in
1746 5495 1892 5549 Ann.
1920 5496 2075 5550 Fam.
2104 5498 2330 5563 lrgrbat.

1840 5602 2049 5658 NOTAE.

361 5663 503 5733 (184)
532 5665 592 5719 Α.
624 5664 746 5721 873.
780 5666 915 5739 Reg.
