3894 6070
201 213 307 270 169

1835 222 2182 280 CHRONICA.

3419 228 3522 286 170

202 341 259 390 et
285 336 434 390 inter
452 334 796 390 redeundum
825 353 856 392 a
893 338 1133 408 quodam
1159 339 1424 396 Sedechia
1445 341 1636 398 Iudaeo
1671 343 1813 398 male
1838 350 1894 418 Α
1915 356 2196 420 vagantes,
2228 346 2529 415 Ambianis,
2559 347 2848 418 Atrebatis,
2907 348 3216 419 Corbeiam,
3269 350 3522 408 Camera-

201 425 545 496 potionatus,
575 423 807 515 Mantuae
846 427 1093 482 moritur.
1130 428 1297 484 Filius
1344 431 1465 500 ejus
1491 431 1816 488 Ludowicus
1916 453 2064 504 cum,
2092 437 2450 506 Tarvennam,
2507 437 2647 493 fines
2697 439 3056 508 Morinorum,
3114 441 3514 515 Menapiorum,

204 520 576 589 cognomento
613 514 828 584 Balbus,
857 517 1135 572 secundus
1150 518 1819 592 postdivisioncmregnat
1917 529 2387 596 BracbatenSium,
2420 546 2752 603 omnemque
2796 533 2941 588 circa
2997 533 3254 589 Scaldum
3297 514 3523 592 ﬂuvium

203 605 258 694 in
293 605 520 694 τεηοίει
539 607 700 661 annis
725 606 966 664 dUObus-
997 607 1194 664 «Iunior
1243 625 1374 666 νοΐο
1413 611 1642 666 Κεῐοιυε
1671 610 1819 667 ﬁlius
1917 627 2140 688 terram,
2163 621 2496 677 monasteria
2523 630 2838 678 sanctorum
2887 622 3144 680 Walarici
3173 631 3229 680 et
3258 626 3522 694 Ricbarii,

203 691 484 749 Ludowici
515 694 910 751 Germanorum
934 697 1100 770 regis,
1127 697 1420 769 imperium
1450 699 1685 770 adeptus
1711 709 1815 767 est,

201 787 584 843 annitentibus
613 787 720 842 sibi
755 789 1084 860 quibusdam
1117 791 1387 847 nobilium
1415 792 1815 860 Romanorum;

202 877 456 933 Johanne
495 885 676 935 autem
703 896 848 952 papt
881 890 1165 955 satagente
1195 883 1486 954 imperium
1525 885 1820 940 transferre

205 969 274 1024 ad
363 971 722 1026 Ludowicum
779 972 1004 1028 Balbum
1091 973 1262 1028 tilium
1322 991 1517 1030 recens
1581 975 1824 1032 defuncti

207 1059 390 1116 Karoli
421 1060 796 1130 imperatoris.

277 1171 406 1226 879.
556 1172 620 1226 R.
674 1173 728 1226 1.
911 1172 968 1227 F.
1041 1175 1090 1228 1.
1273 1179 1286 1188 ⁹
1349 1173 1405 1232 C.
1449 1176 1538 1230 10.

280 1263 793 1334 (Fuld.)10hannes
840 1279 984 1335 papa
1039 1281 1072 1319 a
1103 1264 1363 1321 Romanis
1409 1265 1721 1336 injuriatus,
1754 1267 1826 1323 ita

207 1367 270 1413 ut
300 1358 471 1413 etiam
501 1358 556 1412 in
586 1357 838 1414 custodia
867 1365 1171 1426 teneretur,
1226 1375 1324 1430 pro
1365 1375 1432 1416 eo
1459 1362 1606 1432 quod
1636 1360 1826 1417 Karolo

224 1465 338 1505 non
361 1449 612 1520 favebat,
639 1450 694 1504 in
727 1450 1010 1505 Franciam
1065 1451 1296 1508 veniens
1343 1468 1466 1508 cum
1493 1471 1621 1529 rege
1650 1454 1830 1510 Ludo-

208 1542 349 1597 wico
379 1541 551 1597 Baldo
605 1557 765 1613 paene
819 1559 1024 1598 annum
1084 1553 1331 1600 moratus
1361 1551 1462 1600 est.
1503 1544 1834 1601 Northman-

1920 709 2064 765 ferro
2087 717 2142 764 et
2162 709 2272 783 igni
2315 711 2602 766 devastant
2655 709 2822 781 (Mett.
2879 710 3006 785 [8.1)
3061 713 3195 769 lnde
3243 714 3361 770 Wal
3421 715 3528 772 ﬂu-

1919 801 2066 856 vium
2097 801 2355 876 ingressi,
2389 808 2557 856 totam
2589 801 2836 871 Batuam,
2863 803 3124 874 palatium
3169 805 3332 860 etiam
3359 806 3530 874 |Neo-

1926 891 2068 965 magi
2100 891 2422 948 incendant.
2457 891 2656 948 Eodem
2712 908 2856 948 anno
2887 892 3215 949 Godefridus
3235 903 3289 950 et
3314 893 3530 969 Sigil‘ri-

1928 985 2031 1039 dus
2061 1000 2217 1057 reges
2244 984 2740 1042 Nortlimannorum
2772 1003 2898 1042 cum
2932 987 3306 1043 inaestimabili
3343 990 3534 1044 multi-

1928 1077 2120 1132 tudine
2143 1077 2296 1145 juxta
2315 1077 2518 1134 Mosam
2543 1078 2599 1132 in
2620 1079 2739 1134 loco
2763 1079 2960 1135 Haslon
2983 1080 3127 1152 (186)
3155 1080 3534 1150 considentes,

1927 1167 2212 1236 Leodium,
2239 1167 2567 1238 Trajectum,
2595 1168 2849 1242 Tungris,
2877 1167 3157 1224 Coloniam
3182 1170 3530 1244 Agripinam,

1925 1255 2170 1311 Bonnam
2204 1256 2272 1291 ¹⁶⁴
2301 1271 2423 1310 cum
2463 1255 2844 1325 adjacentibus
2876 1257 3117 1312 castellis
3155 1259 3486 1315 comburunt
3521 1277 3536 1325 ;

1927 1345 2095 1417 Aquis
2132 1346 2187 1400 in
2217 1344 2420 1415 palatio
2451 1358 2628 1416 equos
2658 1344 3024 1414 stabulantes,
3055 1346 3324 1418 Oppidum
3359 1354 3414 1402 et
3439 1363 3541 1418 pa-

1932 1433 2119 1488 latium
2160 1432 2463 1488 incendunt
2495 1451 2510 1499 ;
2541 1439 2794 1504 preterea
2844 1434 3178 1490 monasteria
3227 1435 3539 1502 Stabulaus,

1931 1524 2413 1594 Malmundarium,
2454 1523 2663 1592 lndam,
2722 1523 3014 1580 l’rumiam.
3073 1525 3249 1595 (Fuld.
3291 1527 3411 1593 881)
3445 1529 3544 1583 Sa-

211 1648 413 1688 norum
443 1633 569 1706 plus
598 1649 762 1704 quam
793 1634 1043 1706 quinque
1072 1633 1224 1690 milia
1247 1651 1280 1690 ε
1309 1636 1528 1692 Francis
1574 1636 1628 1691 in
1659 1637 1829 1692 Gallia
1853 1697 1901 1706 _
1929 1615 2003 1670 cri
2029 1614 2241 1670 ordinis
2271 1615 2326 1668 in
2357 1621 2588 1685 utroque
2643 1629 2778 1669 sexu
2829 1613 3087 1678 ministri,
3129 1614 3226 1670 ubi
3291 1623 3546 1686 poterant

211 1739 360 1779 caesa
385 1697 534 1779 sunt.
591 1697 702 1780 lloc
747 1697 993 1796 tempore
1031 1726 1176 1796 (185)
1221 1727 1460 1782 clarebat
1487 1727 1612 1783 Milo
1638 1744 1832 1784 mona-

1942 1711 2279 1782 )portnnius,
2324 1709 2591 1778 latebant,
2647 1716 2702 1764 et
2757 1718 3073 1766 sanctorum
3119 1725 3351 1782 corpora
3381 1721 3436 1768 et
3463 1712 3548 1783 pi-

211 1815 353 1870 cbus
379 1815 450 1870 de
515 1814 691 1870 sancti
747 1816 1000 1884 Amandi,
1053 1816 1148 1888 qui
1188 1816 1354 1872 vitam
1383 1817 1555 1874 sancti
1587 1819 1830 1874 Amandi

213 1906 450 1962 metrice
476 1907 671 1973 edidit,
703 1915 758 1962 et
781 1907 980 1962 librum
1022 1907 1093 1964 de
1147 1907 1449 1964 sobrietate
1476 1909 1545 1964 ad
1578 1907 1834 1966 Karolum

219 2001 447 2057 Calvum
475 2001 714 2072 scripsit.
739 2001 853 2057 Sub
884 2002 990 2057 hoc
1027 2001 1229 2058 Milone
1283 2004 1635 2060 adolescebat
1669 2005 1835 2060 etiam

213 2105 398 2162 nepos
427 2091 550 2160 ejus
581 2090 880 2158 Hubalbus,
895 2091 988 2163 qui
1007 2091 1064 2146 in
1083 2091 1618 2162 septemliberalium
1636 2093 1834 2148 artium

217 2181 421 2254 peritia
452 2182 654 2250 clarus,
681 2183 905 2256 egregie
936 2189 1137 2254 praeter
1159 2190 1358 2238 caetera
1397 2184 1453 2239 in
1482 2185 1693 2241 musica
1722 2187 1832 2241 cla-

220 2278 352 2344 ruit,
380 2277 534 2332 etde
591 2278 778 2332 multis
807 2278 1013 2332 sanctis
1058 2284 1254 2332 cantus
1304 2277 1453 2333 dulci
1501 2289 1555 2334 et
1599 2279 1832 2352 regulari

215 2368 598 2424 modulatione
628 2369 958 2440 composuit.

291 2481 423 2536 880.
571 2482 578 2487 ’
678 2481 736 2536 2.
1045 2481 1100 2538 2.
1393 2483 1478 2538 11.

290 2573 500 2644 (Fati)
531 2572 623 2629 Sol
654 2571 910 2628 horadiei
952 2587 1101 2628 nona
1153 2573 1230 2628 ita
1275 2573 1606 2629 obscuratus
1643 2581 1749 2641 est,
1782 2579 1841 2628 ut
1881 2581 1886 2586 '

219 2665 396 2720 stella:
447 2665 506 2719 in
552 2664 688 2720 caelo
727 2671 1060 2734 apparerent
1136 2664 1304 2736 (Matt.
1351 2663 1479 2738 [R.])
1531 2665 1643 2720 Rex
1675 2665 1842 2719 Fran-

227 2771 416 2811 corum
473 2753 805 2810 Ludowicus
856 2753 1058 2809 Balbus
1105 2755 1359 2821 moritur,
1414 2770 1642 2811 uxorem
1685 2771 1840 2810 suam

225 2863 379 2902 exse
409 2847 690 2922 gravidam
729 2845 1072 2917 relinquens.
1133 2847 1208 2901 De
1253 2861 1423 2919 regno
1475 2846 1596 2916 ejus
1627 2846 1848 2902 Francis

227 2941 380 2996 varie
419 2937 831 3010 sentientibus,j
849 2938 976 2994 aliis
1005 2938 1143 2994 illud
1171 2936 1301 2993 filiis
1356 2937 1636 2994 Ludowici
1693 2939 1844 2994 Balbi

1930 1815 2104 1873 gnera
2132 1799 2271 1855 locis
2287 1799 2579 1854 tutioribus
2621 1797 3044 1854 absconderant.
3079 1800 3173 1867 (A.
3222 1800 3387 1867 Ved.,
3412 1799 3541 1872 879)

1935 1892 2014 1946 Ad
2045 1892 2166 1947 haec
2195 1891 2339 1946 mala
2369 1890 2509 1964 Hug,
2531 1889 2676 1945 filius
2706 1890 2948 1946 Lotharii
2979 1891 3124 1964 regis
3155 1907 3222 1947 ex
3255 1891 3549 1948 Waldrada

1936 1985 2137 2058 pelice,
2161 1985 2218 2040 in
2249 1985 2622 2058 Lotharingia,
2653 1991 2708 2039 et
2736 1985 2883 2041 Roso
2908 1986 3312 2058 suprascriptus
3329 1987 3384 2042 in
3409 1989 3552 2043 Bur-

1937 2080 2148 2155 gundia
2169 2079 2611 2152 tyrannizabant.

2003 2189 2130 2246 883.
2418 2190 2472 2245 5.
2753 2188 2806 2243 3.
3097 2189 3186 2246 14.

2010 2285 2174 2350 (Mett.
2209 2279 2344 2353 |R.])
2383 2279 2744 2336 Northmanni
2793 2278 2989 2334 urbem
3044 2279 3322 2336 Treverim
3357 2280 3549 2337 incen-

1938 2373 2094 2440 dunt,
2121 2382 2176 2428 et
2203 2372 2410 2428 Mettim
2434 2389 2611 2444 usque
2651 2371 3005 2443 pertendunt,
3066 2371 3258 2444 ibique
3290 2383 3545 2429 conserto

1939 2465 2113 2538 prelio
2140 2463 2469 2520 christianos
2490 2463 2737 2519 vincunt.
2771 2465 2832 2518 1n
2863 2463 2967 2518 hoc
3016 2462 3192 2533 prelio
3227 2463 3382 2520 Walo
3412 2464 3550 2519 Met-

1941 2563 2176 2619 tensium
2209 2562 2506 2634 episcopus
2537 2577 2716 2616 caesus
2735 2569 2842 2617 est.

2125 2719 2135 2730 .
2413 2676 2467 2728 4.
2749 2674 2800 2728 4.
3080 2673 3175 2730 15.

2171 2674 2830 2836 Κθτοῑυεᾶίηιρθτθιοιε4.ε
2877 2762 3047 2818 Gallis
3080 2674 3464 2818 1estGermanis
3489 2763 3558 2818 ad

1946 2857 2321 2914 auxiliandum
2351 2871 2522 2930 regno
2566 2862 2846 2922 evocatus,
2878 2855 3286 2910 Northmannos
3316 2853 3555 2910 obsidet.

1949 2947 2078 3002 Cum
2107 2963 2218 3019 quo
2245 2944 2575 3001 Godefridus
2596 2959 2689 3000 rex
2709 2943 2852 2999 facto
2889 2943 3119 3012 foedere,
3151 2950 3211 2999 ut
3239 2943 3346 2998 sibi
3378 2943 3563 2998 Fresia

226 3049 293 3088 ex
315 3031 634 3137 concubina
657 3029 1277 3137 deberi'judicantibus,
1310 3030 1436 3137 aliis
1477 3031 1678 3137 Biosoni
1718 3030 1852 3084 PI‘O-
1878 3067 1930 3137 Ο
1949 3038 2226 3111 provintia
2251 3045 2307 3095 et
2339 3038 2486 3093 Gisla
2537 3036 2651 3094 ﬁlia
2703 3037 2942 3094 Lotharii
2983 3039 3128 3112 regis
3155 3053 3294 3094 uxor
3319 3037 3562 3105 daretur,

223 3121 413 3176 vintiae
442 3119 637 3193 regulo
695 3119 763 3174 ad
809 3118 947 3173 illud
1001 3118 1204 3189 injuste
1261 3118 1616 3174 invalendum
1647 3132 1842 3173 assen-
1880 3118 2262 3198 “baptizatus
2303 3134 2408 3194 est,
2441 3133 2498 3181 et
2526 3125 2594 3180 ab
2633 3126 2968 3197 imperatore
2997 3125 3067 3180 de
3103 3139 3260 3181 sacro
3291 3123 3442 3180 fonte
3471 3140 3564 3180 su-

227 3211 523 3278 tientibus,
560 3211 682 3265 aliis
701 3225 832 3266 vero
861 3208 994 3264 illud
1017 3225 1190 3284 regno
1217 3209 1530 3266 Germaniae
1565 3209 1840 3265 resociare

228 3305 568 3370 volentibus,
617 3303 860 3358 nascitur
889 3303 1111 3358 interim
1143 3319 1208 3358 ex
1259 3302 1506 3376 legitima
1535 3318 1706 3358 uxore
1737 3302 1846 3356 Lu-

233 3395 430 3453 dowici
459 3393 615 3449 Balbi
684 3393 851 3461 filius,
909 3393 1003 3465 qui
1068 3409 1136 3448 ex
1196 3393 1420 3448 nomine
1477 3393 1564 3448 avi
1623 3393 1849 3448 Karolus

233 3487 553 3543 nominatus
581 3491 680 3541 est.
746 3483 867 3538 Filii
911 3493 1094 3540 tamen
1135 3483 1410 3539 Ludowici
1452 3483 1602 3537 Balbi
1632 3499 1697 3538 ex
1723 3499 1850 3538 con-

230 3579 460 3646 cubina,
520 3576 848 3632 Ludowicus
901 3583 955 3632 et
1007 3576 1406 3632 Karlomannus
1459 3576 1592 3632 dicti
1626 3575 1847 3632 interim

233 3690 470 3747 regnum
519 3673 848 3727 Francorum
897 3671 1042 3726 inter
1109 3687 1170 3727 se
1245 3672 1580 3738 dividentes,
1622 3678 1853 3744 regnant

1945 3224 2170 3288 sceptus
2202 3223 2305 3272 est.
2338 3215 2578 3290 Sigfrido
2619 3232 2842 3288 quoque
2872 3232 3003 3292 rege
3041 3215 3210 3272 nimis
3247 3222 3561 3283 munerato,

1949 3321 2048 3361 eos
2082 3321 2114 3360 a
2142 3320 2314 3378 regno
2345 3321 2448 3360 suo
2480 3303 2742 3360 recedere
2797 3304 2948 3360 fecit.
2982 3305 3083 3370 Qui
3109 3321 3235 3360 mox
3279 3303 3562 3361 Franciam

1949 3400 2288 3465 repetentes,
2321 3399 2441 3464 post
2476 3391 2676 3448 multas
2737 3393 3084 3449 incursiones
3123 3410 3156 3448 a
3202 3393 3563 3450 Karlomanno

1951 3499 2079 3557 rege
2110 3484 2444 3539 Francorum
2475 3483 2768 3538 duodecim
2799 3483 2948 3537 milia
2975 3483 3186 3558 argenti
3217 3485 3436 3554 probati
3465 3499 3564 3555 pro

1951 3574 2155 3630 tributo
2185 3571 2431 3646 exigunt,
2475 3577 2530 3626 et
2560 3571 2640 3626 sic
2687 3570 2742 3626 in
2805 3571 3099 3628 duodecim
3139 3587 3318 3628 annos
3368 3588 3564 3644 pacem

1951 3661 2359 3735 promittentes,
2385 3676 2534 3715 mare
2595 3667 2868 3732 repetunt.
2929 3661 3136 3732 (FLon.)
3169 3662 3284 3717 Hoc
3317 3669 3564 3733 tempore

238 3763 402 3818 annis
459 3767 697 3832 quatuor
743 3760 832 3828 ¹⁶³,
908 3767 964 3814 et
1016 3760 1287 3817 Bosonem
1374 3775 1598 3831 semper
1661 3775 1854 3831 perse-
1954 3751 2458 3824 llodulfusquidam
2491 3767 2690 3822 corpus
2721 3751 3110 3808 sancti-Calisti
3134 3769 3292 3824 papae
3321 3762 3378 3808 et
3414 3768 3568 3808 mar-

241 3853 354 3906 cuti
381 3860 529 3906 sunt.
585 3851 709 3921 (1b.)
766 3850 825 3904 In
883 3849 1021 3905 silva
1060 3849 1302 3906 Franciae
1353 3849 1691 3906 Carbonaria
1736 3849 1860 3922 plus
1957 3841 2148 3913 tyrisa
2195 3840 2442 3896 Romana
2497 3839 2632 3897 urbe
2698 3841 2755 3896 in
2807 3841 3092 3897 Franciam
3139 3841 3394 3897 ῑΐεῐιεῖθη
3425 3859 3441 3908 ς
3475 3840 3570 3913 (illi

243 3958 409 4013 quam
441 3956 643 3998 novem
695 3941 848 3996 milia
898 3941 1200 3998 Northman
1213 3955 1409 3997 norum
1437 3958 1468 3996 a
1509 3942 1730 3998 Francis
1751 3957 1862 3998 cae-
1962 3931 2483 4003 Calistusjejunium
2525 3938 2761 4004 quatuor
2787 3939 3102 4006 temporum
3125 3931 3394 3990 celebrari
3423 3931 3577 3987 insti-

243 4031 475 4086 duntur.
1963 4024 2067 4080 tuit
2095 4025 2181 4082 “‘5.

316 4142 444 4201 881.
703 4145 755 4202 1.
1003 4145 1053 4200 1.
1311 4143 1400 4201 12.

2033 4157 2158 4212 885.
2450 4156 2503 4209 ὅ.
2797 4155 2850 4212 5.
3123 4155 3214 4210 16.

316 4155 444 4201 δδι.
703 4155 755 4202 1.
1003 4155 1053 4200 1.
1311 4155 1400 4201 12.
2147 4199 2158 4210 .
2452 4156 2503 4209 θ’.
2839 4199 2850 4212 .
3202 4195 3214 4209 .

314 4236 551 4292 Karolus
599 4239 915 4322 imperator,
974 4237 1140 4294 fratre
1198 4253 1298 4294 suo
1359 4238 1729 4295 Karlomanno
1761 4239 1864 4295 de-
2033 4157 2204 4319 (858159“.
2239 4246 2371 4320 [R.])
2427 4155 2832 4306 li)arlomanno5
2860 4155 3192 4303 Francoruir:
3245 4261 3374 4322 rege
3422 4259 3578 4300 mor-

247 4325 459 4394 functo,
491 4336 546 4382 et
587 4343 698 4383 non
731 4319 926 4385 'multo
984 4336 1109 4400 post
1157 4329 1452 4386 Ludowico
1499 4331 1671 4387 altero
1701 4330 1832 4386 fratr

1967 4355 2084 4413 tuo,
2125 4344 2282 4415 cujus
2308 4342 2474 4398 frater
2502 4343 2826 4398 Ludowicus
2845 4342 2958 4410 jam
2993 4340 3164 4412 priori
3182 4355 3328 4394 anno
3345 4338 3580 4405 obierat,

251 4431 350 4472 8110
381 4415 678 4472 immatura
707 4424 883 4474 morte
927 4425 1202 4490 ρτθτθριο.
1261 4425 1387 4489 PO?)t
1439 4419 1616 4475 Clarus
1668 4409 2330 4490 d8illi-DNorthm'anni
2386 4432 2667 4488 Franciam
2725 4409 3008 4503 repetunt,
3063 4429 3313 4484 dicentes
3365 4443 3427 4482 se
3457 4443 3584 4482 cum

253 4503 418 4558 micis
446 4505 706 4561 victorias
730 4521 962 4582 regnum
991 4505 1298 4562 Germania:
1347 4507 1588 4576 optinuit
1641 4507 1742 4580 (Cf.
1770 4509 1870 4579 ib.)
1973 4545 2104 4604 rege
2133 4528 2462 4584 Francorum
2494 4533 2726 4593 tantum,
2756 4540 2867 4580 non
2898 4540 3021 4579 cum
3055 4521 3274 4578 Francis
3300 4521 3455 4593 pacis
3489 4536 3588 4593 pe-

329 4608 456 4664 882.
737 4613 794 4670 2.
1072 4614 1126 4668 2.
1393 4613 1482 4671 13.

1973 4622 2175 4696 pigisse
2200 4628 2436 4694 pactum.
2472 4620 2608 4675 Hinc
2644 4617 2919 4690 compulsi
2967 4615 3160 4672 Franci
3203 4615 3458 4671 Karolum
3485 4614 3590 4670 im-

331 4705 658 4778 (Mett.[R.])
711 4707 942 4764 Karolus
997 4707 1184 4764 Romae
1221 4723 1253 4763 a
1309 4724 1453 4780 papa
1501 4708 1755 4764 Iohanne
1815 4709 1874 4764 in
1973 4718 2282 4784 peratorem
2313 4711 2381 4766 ad
2407 4708 2780 4764 auxiliandum
2813 4707 2916 4762 sibi
2962 4705 3276 4774 invitantes,
3307 4705 3592 4761 Franciam

260 4793 656 4867 imperatorem
687 4797 1054 4855 benedicitur.
1107 4799 1181 4868 (Α
1227 4797 1459 4868 γεάωί.)
1489 4799 1870 4869 Northmanni,
1974 4803 2026 4858 ei
2048 4801 2345 4858 subiciunt.
2405 4799 2506 4864 Qui
2553 4806 2746 4854 contra
2787 4797 3193 4853 Northmannos
3243 4795 3391 4868 apud
3419 4795 3595 4852 Lova-

258 4886 536 4956 adjunctis
560 4888 671 4946 sibi
697 4889 888 4960 Danis,
916 4891 1202 4948 Francnam
1232 4898 1289 4946 et
1317 4890 1726 4968 Lotharingiam
1747 4908 1872 4964 per-
1975 4893 2129 4946 nium
2161 4896 2337 4945 castra
2375 4893 2606 4942 metatos
2665 4885 2836 4942 semel
2867 4893 2922 4942 et
2985 4886 3074 4941 bis
3095 4885 3399 4942 exercitum
3423 4883 3592 4948 misit,

1623 5021 1845 5077 νΑΒΙΑε
1877 5017 2253 5077 LECTIONES.

267 5196 288 5246 ι
333 5118 403 5158 ¹⁶³
431 5117 682 5247 (rugaque
710 5116 966 5177 132*.01.
1001 5120 1051 5174 3.
1087 5117 1174 5174 .t'.
1209 5120 1266 5174 Ι).
1313 5117 1378 5155 ³⁸⁸
1447 5121 1694 5175 hunnam
1753 5119 1842 5175 C3.
1907 5121 2000 5175 Μ.
2043 5119 2104 5174 Ι).
2161 5119 2228 5152 ¹⁶⁵
2284 5097 2418 5172 Hoc,
2452 5143 2521 5156 —
2572 5113 2805 5171 instituit
2858 5115 3082 5184 Sig.,ut
3127 5113 3266 5176 vid.,
3308 5124 3426 5166 cur.
3481 5114 3599 5164 ter-

291 5195 365 5247 iis
395 5210 412 5247 :
449 5201 530 5247 re.
557 5231 573 5247 .
889 5233 904 5244 .
2595 5216 2602 5224 ο

291 5195 365 5250 iis
395 5210 412 5261 ;
449 5195 573 5258 rell,
889 5233 904 5244 .
1820 5261 2030 5317 NOTAE.
2595 5216 2602 5224 ο

335 5369 485 5440 (185)
535 5366 952 5440 Μυιιωηγριτηι
1011 5365 1332 5440 Sigebgrtus
1384 5365 1760 5440 in_temp_ore.
1821 5365 1880 5420 ln
1981 5363 2263 5440 Καὶ-ρος.
2287 5362 2565 5417 ordinatio
2585 5361 2862 5417 Hucbatdi
2887 5363 2944 5415 in
2969 5357 3296 5414 sacerdotem
3335 5369 3479 5410 amw
3512 5357 3606 5410 Do-

269 5434 749 5504 necrologioenim
779 5439 834 5492 8.
888 5434 1121 5492 Amandi
1181 5437 1510 5492 Elnonensis
1531 5453 1575 5492 s.
1611 5434 1697 5504 'X,
1735 5453 1884 5492 nunc
1986 5437 2128 5492 mini
2164 5434 2289 5490 880.

269 5509 402 5584 bibl.
463 5503 910 5584 Valentianensis
940 5511 998 5564 Β.
1042 5511 1098 5576 5,
1144 5509 1240 5584 96,
1279 5507 1500 5584 legitur
1541 5526 1553 5562 :
1617 5508 1704 5564 10.
1757 5510 1883 5584 Καί.
2062 5505 2207 5577 (186)
2241 5504 2318 5560 tif.
2347 5503 2497 5561 Mon.
2531 5503 2626 5558 SS.
2654 5505 2853 5584 1,396.

271 5583 380 5638 Oct.
434 5581 617 5637 obitus
674 5581 894 5636 Milonis
957 5596 1099 5636 armo
1133 5577 1508 5635 Domini'872.
1553 5586 1718 5652 atque
1779 5579 1886 5634 :8.
2721 5577 2727 5588 '

601 5709 888 5773 Paeon.
941 5707 1137 5774 CLX.
2068 5718 2074 5724 '
3179 5704 3218 5768 6
