3894 6070
307 633 417 688 173

1797 629 2145 686 CHRONICA.

3522 638 3627 694 174

309 776 406 831 pra
427 759 678 825 ﬂuvium,
707 757 800 830 qui
829 757 1002 813 Thilia
1030 757 1176 830 (187)
1206 757 1428 826 dicitur,
1459 756 1702 828 pedestri
1744 756 1919 828 pretio
1943 764 1998 832 Α
2025 757 2144 828 ejus
2170 757 2390 830 fugiens
2427 761 2804 832 episcopatum
2865 761 3220 819 Portuensem
3264 765 3524 839 reliquit;
3575 772 3631 822 et

307 855 552 912 adortus.
589 860 794 907 tantam
833 867 901 906 ex
930 851 1014 906 eis
1074 859 1309 927 stragem
1366 849 1516 916 fecit,
1565 856 1625 905 ut
1654 867 1719 904 ex
1759 849 1924 904 innu-

307 945 556 1002 merabili
588 943 941 1000 multitudine
971 943 1059 998 vix
1099 952 1437 1016 superesset,
1467 942 1560 1015 qui
1597 942 1664 997 ad
1693 942 1922 996 classem

306 1038 598 1094 adversum
631 1035 884 1090 nuntium
919 1035 1106 1091 ferret.
1160 1035 1664 1090 Northmannorum
1719 1031 1924 1088 residui

307 1126 658 1184 transvadata
690 1125 838 1180 Mosa
867 1122 1182 1178 Ribuariam
1225 1133 1279 1177 et
1317 1123 1628 1177 Arduenam
1661 1121 1924 1177 vastando

310 1211 694 1290 pervagantes,
748 1222 899 1268 trans
968 1229 1118 1268 mare
1158 1212 1446 1268 recedunt.
1506 1211 1616 1266 lloc
1675 1221 1926 1282 tempore

308 1310 508 1366 claruit
550 1310 607 1364 in
664 1308 978 1382 Burgundia
1028 1309 1229 1376 Berno,
1277 1323 1342 1362 ex
1391 1306 1595 1362 comite
1641 1306 1813 1361 abbas
1837 1304 1929 1359 Gi-

309 1400 629 1476 gniacensis
659 1399 902 1455 coenobii
933 1415 963 1454 a
992 1415 1051 1454 se
1081 1398 1315 1466 fundati,
1357 1399 1452 1470 qui
1481 1398 1645 1453 etiam
1678 1414 1742 1452 ex
1770 1397 1918 1452 dono

2025 847 2154 917 quia
2207 855 2492 904 revocatus
2521 866 2552 904 a
2598 866 2741 922 papa
2778 849 2962 907 redire
3029 852 3224 921 noluit,
3265 855 3626 912 anathemati-

2025 942 2176 990 zatus
2205 945 2318 1004 est;
2377 944 2432 992 et
2478 939 2698 992 tandem
2739 940 2807 994 ad
2873 939 3324 997 satisfaciendum
3380 960 3536 1015 papae
3576 945 3630 998 in

2027 1027 2252 1084 Galliam
2280 1031 2532 1097 veniens,
2564 1048 2736 1102 usque
2774 1033 2843 1088 ad
2878 1034 3126 1090 laicalem
3160 1037 3408 1091 habitum
3439 1037 3633 1112 degra-

2025 1117 2184 1172 datus
2213 1126 2296 1174 est
2332 1119 2500 1190 (189),
2529 1120 2721 1189 jurans
2750 1137 2812 1176 se
2862 1138 2972 1178 non
3023 1125 3262 1195 amplius
3293 1125 3517 1180 Romam
3548 1127 3635 1180 in-

2030 1213 2320 1276 traturum,
2353 1225 2458 1266 nec
2503 1211 2881 1282 episc0patum
2911 1227 3023 1266 suae
3053 1213 3205 1268 urbis
3237 1215 3634 1285 repetiturum;

2027 1293 2364 1351 confirmans
2394 1297 2560 1353 etiam
2610 1298 2848 1370 pr0priae
2874 1315 3072 1356 manus
3100 1302 3432 1375 subscripto,
3478 1319 3540 1358 se
3578 1304 3635 1358 in

2030 1385 2207 1443 laicali
2265 1389 2657 1446 communione
2695 1399 3188 1462 perseveraturum.
3219 1393 3345 1449 Post
3374 1410 3404 1449 a
3431 1393 3639 1450 Marino

309 1494 440 1546 sze
470 1491 764 1548 comitissae
789 1490 1092 1546 construxit
1147 1488 1462 1544 Cluniacum
1502 1488 1817 1544 coenobium
1865 1487 1921 1540 in
2020 1497 2350 1557 successore
2392 1482 2663 1538 Johannis
2709 1483 2765 1537 in
2828 1483 3152 1555 episcOpatu
3201 1493 3392 1542 contra
3448 1486 3634 1541 datum

311 1583 506 1638 cellam
530 1581 968 1656 Gigniacensem.
1001 1580 1204 1636 Claruit
1240 1581 1342 1636 hoc
1374 1587 1619 1651 tempore
1645 1577 1926 1652 Remigius

317 1670 806 1738 Antisiodorensis,
841 1670 896 1724 in
928 1669 1271 1741 exponendis
1299 1669 1587 1740 scripturis
1634 1667 1838 1722 divinis
1875 1674 1930 1722 et

317 1761 572 1817 humanis
591 1761 874 1818 studiosus
903 1761 991 1814 ¹⁷⁰.
1022 1759 1123 1830 (Cf.
1151 1761 1267 1834 Sig,
1297 1764 1374 1816 De
1409 1764 1515 1815 vir.
1547 1761 1656 1827 ill.)

385 1850 512 1917 896,
733 1850 778 1904 R
837 1850 892 1906 6.
1114 1849 1168 1904 F.
1213 1850 1268 1904 6.
1491 1847 1545 1902 C.
1592 1847 1678 1902 10.

391 1943 559 2010 (Mett.
606 1939 736 2014 [R])
797 1940 1059 1996 Arnulfus
1091 1956 1184 1996 rex
1241 1938 1690 1996 Zuendebaldum
1761 1936 1933 1993 tilium

316 2051 477 2091 suum
538 2053 604 2090 ex
654 2035 967 2092 concubina
1033 2035 1162 2092 facit
1219 2051 1406 2108 regem
1476 2031 1934 2090 Lothariensium.

320 2125 490 2193 (Ann.
527 2125 678 2194 Ved.)
704 2124 934 2180 Karolus
966 2140 1061 2179 rex
1106 2139 1267 2196 opem
1311 2122 1515 2178 Arnulli
1556 2123 1701 2198 regis
1748 2129 1937 2177 contra

321 2215 569 2271 Odonem
605 2215 892 2288 implorat;
932 2217 1000 2271 ad
1045 2216 1204 2286 cujus
1230 2215 1496 2271 auxilium
1553 2212 1812 2269 Arnulfus
1843 2228 1936 2267 rex

317 2314 624 2368 exercitum
655 2313 826 2379 misit,
854 2314 951 2369 sed
983 2329 1178 2385 parum
1212 2313 1491 2370 commodi
1523 2311 1777 2368 contulit.
1811 2308 1936 2380 (1b.)

316 2401 553 2457 Karolus
591 2418 684 2457 rex
727 2402 1018 2458 Hundeum
1065 2419 1250 2478 regem
1301 2401 1803 2458 Northmannorum
1842 2397 1939 2453 ba-

321 2493 517 2564 ptizari
541 2493 692 2562 fecit,
725 2509 966 2566 eumque
993 2495 1062 2550 de
1092 2511 1250 2551 sacro
1280 2494 1429 2551 fonte
1461 2492 1722 2562 suscepit.

391 2581 516 2636 897.
809 2583 864 2637 7.
1156 2583 1207 2639 7.
1500 2581 1585 2636 1i.
1844 2637 1849 2643 .

393 2675 629 2744 (LIUDP.)
661 2675 919 2731 Arnulfus
950 2693 1040 2731 rex
1089 2694 1121 2732 a
1153 2677 1488 2750 Berengario
1544 2673 1734 2733 Italico
1770 2675 1938 2730 inter-

323 2768 566 2839 pellatus
596 2767 664 2822 ad
706 2767 970 2822 auxilium
1003 2768 1087 2823 sui
1125 2775 1315 2824 contra
1343 2769 1632 2825 Widonem
1691 2766 1937 2823 Zuende-

319 2859 546 2914 baldum
579 2858 753 2914 filium
781 2877 939 2915 suum
964 2877 1088 2917 cum
1117 2862 1361 2916 exercitu
1391 2861 1554 2916 mittit
1595 2862 1650 2917 in
1680 2861 1890 2917 Italiam
1925 2876 1940 2924 ;

317 2952 419 3006 sed
449 2951 625 3006 Guido
645 2951 878 3008 viriliter
893 2969 1067 3027 agens
1093 2961 1149 3008 et
1180 2955 1454 3024 primores
1475 2955 1748 3009 exercitus
1779 2951 1944 3009 donis

317 3058 703 3115 corrumpens,
735 3059 830 3100 eos
863 3043 1176 3101 inefficaces
1204 3046 1383 3100 redire
1419 3045 1566 3102 fecit.

397 3137 521 3193 898.
817 3139 871 3193 8.
1159 3140 1213 3193 8.
1505 3139 1590 3195 12.

401 3231 518 3298 (1b.)
563 3229 820 3286 Arnulfus
874 3247 965 3286 rex
1021 3229 1456 3302 Langobardiam
1514 3237 1770 3302 potenter
1847 3229 1938 3284 in-

324 3334 580 3392 gressus,
610 3318 933 3394 Pergamum
988 3317 1182 3374 urbem
1239 3319 1405 3374 armis
1443 3319 1610 3390 cepit,
1655 3319 1813 3387 cujus
1843 3333 1940 3372 co-

325 3407 519 3462 mitem
541 3407 885 3462 Ambrosium
914 3413 1042 3462 ante
1067 3413 1276 3478 portam
1311 3407 1461 3462 urbis
1484 3407 1682 3479 laqueo
1706 3421 1944 3476 suspen-

326 3499 491 3566 dens,
522 3498 737 3554 caateris
761 3497 994 3554 urbibus
1020 3505 1226 3554 terrore
1282 3498 1522 3563 incusso,
1575 3498 1644 3553 ad
1667 3497 1948 3568 obseque-

327 3599 438 3648 tam
470 3607 623 3645 suam
667 3606 864 3646 omnes
907 3590 1154 3646 adduxit.
1187 3589 1302 3646 Odo
1341 3591 1585 3646 musicus
1639 3606 1705 3645 ex
1745 3587 1947 3644 clerico

327 3681 638 3737 Turonensi
691 3682 1022 3738 monachum
1054 3681 1346 3754 profitetur
1397 3681 1499 3736 suit
1561 3679 1810 3736 Bernone
1849 3678 1946 3734 ab-

491 3769 556 3804 171

329 3770 464 3826 bate
491 3770 581 3824 '7'.

402 3858 530 3912 899.
816 3857 870 3912 9.
1159 3858 1221 3914 9.
1510 3859 1599 3913 13.

632 3947 790 4015 Ved.,
823 3899 972 4020 8.98..)
1019 3948 1134 4006 Odo
1315 3899 1644 4006 Francorum
1702 3949 1950 4015 moritur,

2026 1582 2430 1630 sacramentum
2488 1575 2789 1644 restitutus,
2837 1591 2949 1632 non
2992 1577 3169 1632 solum
3204 1577 3427 1634 Romam
3469 1578 3642 1632 intra-

2031 1665 2129 1734 vit,
2159 1665 2255 1721 sed
2287 1666 2452 1721 etiam
2493 1666 2753 1723 Romanae
2791 1668 3052 1724 acclesize
3085 1679 3344 1741 papatum
3376 1670 3636 1742 suscepit.

2034 1757 2264 1830 Propter
2292 1760 2440 1831 quod
2472 1775 2595 1814 cum
2627 1759 2800 1815 multo
2827 1761 3090 1817 seandalo
3121 1763 3292 1817 multa
3317 1778 3416 1834 per
3436 1763 3642 1818 multos

2034 1864 2212 1904 annos
2240 1850 2460 1922 questio
2500 1859 2556 1906 et
2585 1851 2962 1906 controversia
2990 1851 3192 1924 agitata
3222 1859 3306 1907 est
3354 1851 3408 1906 in
3439 1853 3639 1909 aeccle-

2038 1941 2149 2007 sia;
2181 1941 2303 1995 aliis
2332 1942 2454 2012 ejus
2479 1947 2534 1996 et
2561 1941 2630 1996 ab
2661 1957 2728 1997 eo
2758 1942 3134 1998 ordinatorum
3175 1944 3640 2000 consecrationem

2039 2032 2248 2088 irritam
2280 2049 2402 2089 esse
2429 2033 2634 2088 debere
2665 2034 3162 2105 prejudicantibus,
3207 2035 3332 2091 aliis
3382 2052 3414 2091 e
3455 2043 3645 2092 contra

2038 2124 2442 2197 qualiscunque
2473 2124 2637 2180 fuerit
2667 2125 2976 2192 Formosus,
2999 2131 3182 2181 tamen
3213 2135 3437 2198 prOpter
3463 2143 3642 2182 sacer-

2038 2217 2238 2274 dotalis
2262 2217 2430 2274 ofﬁcii
2457 2216 2781 2290 dignitatem
2811 2225 2866 2273 et
2892 2216 3056 2274 fidem
3078 2234 3268 2274 eorum
3291 2219 3386 2291 qui
3407 2220 3644 2276 ordinati

2039 2309 2274 2377 fuerant,
2321 2325 2517 2365 omnes
2543 2310 2989 2365 consecrationes
3035 2310 3155 2380 ejus
3212 2320 3354 2367 ratas
3393 2328 3515 2367 esse
3546 2313 3646 2366 de-

2039 2397 2172 2454 bere
2209 2397 2415 2453 saniori
2446 2397 2675 2454 consilio
2709 2397 3116 2466 judicantibus;
3174 2399 3462 2470 presertim
3521 2415 3644 2454 cum

2042 2491 2160 2563 ipse
2219 2492 2513 2547 Formosus
2565 2508 2598 2546 a
2650 2491 2858 2548 Marino
2906 2508 3048 2564 papa
3075 2492 3363 2548 absolutus
3401 2493 3566 2550 fuerit
3617 2510 3649 2548 a

2040 2581 2368 2638 sacramenti
2413 2581 2676 2652 perjurio.
2709 2583 2787 2636 Ab
2826 2583 2930 2638 hoc
2959 2583 3220 2640 Formoso
3250 2583 3508 2639 Arnulfus
3555 2599 3648 2638 rex

2042 2671 2305 2726 invitatus
2337 2671 2561 2726 Romam
2589 2671 2758 2738 venit,
2792 2672 2890 2726 sed
2947 2687 3058 2728 non
3097 2672 3390 2738 admissus,
3424 2673 3648 2728 Romam

2046 2763 2379 2819 Leonianam
2421 2762 2662 2818 obsedit.
2723 2763 3030 2835 Lepusculo
3051 2764 3190 2821 forte
3238 2780 3428 2821 versus
3456 2765 3650 2820 urbem

2045 2857 2290 2932 fugiente
2323 2865 2377 2912 et
2417 2857 2661 2912 exercitu
2692 2873 2817 2913 cum
2869 2857 3108 2914 clamore
3147 2859 3317 2916 nimio
3362 2867 3650 2932 sequente,

2045 2945 2276 3002 Romani
2310 2946 2425 3001 tim:
2447 2954 2571 3001 ntes
2598 2962 2660 3002 se
2691 2947 2760 3001 de
2800 2963 2958 3004 muro
2990 2948 3288 3019 proiciunt,
3322 2956 3376 3004 ct
3402 2948 3654 3004 hostibus

2045 3057 2146 3112 per
2167 3040 2338 3096 factos
2356 3055 2582 3096 acervos
2605 3056 2819 3095 murum
2847 3042 3188 3098 ascendendi
3217 3042 3398 3098 locum
3421 3041 3649 3098 faciunt.

2041 3131 2131 3186 Sic
2158 3131 2329 3187 Roma
2351 3139 2531 3202 capta,
2571 3131 2694 3187 illos
2730 3133 2826 3204 qui
2860 3148 3057 3204 papam
3106 3133 3522 3202 injuriaverant,
3555 3133 3650 3188 de-

2039 3227 2229 3286 collari
2259 3227 2406 3294 fecit,
2459 3235 2515 3284 et
2553 3244 2582 3282 a
2634 3245 2777 3300 papa
2823 3229 2877 3283 in
2927 3229 3318 3300 imperatorem
3359 3229 3652 3286 benedici-

2043 3329 2132 3375 tur
2160 3320 2329 3392 (190).
2359 3321 2529 3390 (Melt.
2568 3318 2697 3393 [R.])
2744 3320 2908 3376 Fulco
2938 3321 3233 3376 Remorum
3285 3321 3658 3393 archiepisco-

1999 3457 2019 3478 η
2046 3428 2149 3483 pus
2177 3411 2467 3483 perimitur
2516 3428 2546 3466 a
2578 3411 2904 3468 Wenemaro
2933 3412 3168 3467 satellite
3201 3412 3450 3468 Balduini
3491 3413 3656 3467 Fian-

2049 3503 2327 3558 drensium
2384 3502 2622 3567 comitis,
2687 3517 2786 3572 pro
2838 3517 2906 3558 eo
2959 3503 3105 3574 quod
3153 3502 3432 3558 abbatiam
3481 3505 3658 3559 sancti

2048 3590 2266 3646 Vedasti
2293 3589 2561 3644 Atrebatis
2591 3605 2623 3644 a
2661 3589 2857 3644 liatolo
2901 3589 2958 3644 in
2987 3589 3315 3645 beneﬁcium
3347 3599 3655 3663 acceperat,

2048 3698 2211 3754 quam
2264 3680 2566 3736 Balduinus
2589 3681 2704 3750 jam
2735 3695 2833 3750 per
2885 3681 3096 3754 aliquot
3151 3699 3348 3753 annos,
3407 3684 3659 3757 quamvis

2049 3776 2200 3832 nullo
2229 3776 2596 3842 concedente,
2630 3775 2926 3832 invaserat.

2231 3910 2244 3924 .
2539 3870 2622 3924 11.
2911 3870 2966 3924 2.
3255 3871 3345 3930 15.

2231 3910 2244 3924 .
2539 3870 2556 3922 t
2608 3910 2622 3924 .
2953 3909 2966 3924 .
3329 3913 3345 3930 .

2120 3867 2310 4030 ῗῐῗιζωρ
2340 3959 2356 4031 )
2410 3869 2594 4016 Wido1
2611 3977 2706 4016 rex
2735 3869 3022 4016 Arnultgim
3053 3871 3441 4033 imperaiﬁrem
3485 3979 3546 4020 se
3573 3980 3664 4020 us-

328 4045 644 4111 Optestatus
677 4038 966 4127 primates,
1000 4049 1060 4096 ut
1092 4039 1345 4096 Karolum
1403 4041 1458 4096 in
1513 4057 1684 4113 regno
1731 4041 1952 4112 recipe-
2057 4067 2386 4123 quequaque
2409 4059 2838 4125 persequentem
2862 4068 2972 4108 ηοη
2994 4052 3204 4118 ferens,
3234 4056 3540 4127 quippecui
3562 4072 3666 4112 nec

332 4135 477 4184 rent.
529 4126 760 4182 Karolus
795 4144 967 4202 regno
1029 4128 1358 4185 Francorum
1410 4137 1522 4186 toto
1571 4139 1816 4201 recepto,
1865 4145 1932 4184 re'

2053 4143 2222 4199 urbes
2232 4160 2334 4200 nec
2347 4152 2524 4199 castra
2543 4151 2737 4200 natura
2759 4145 2968 4200 munita
2984 4147 3236 4203 resistere
3251 4126 3663 4220 poterant,dum

337 4221 532 4298 gnavit
557 4222 718 4276 annis
753 4222 844 4278 26.
902 4223 1070 4294 (Mett.
1099 4221 1230 4296 [R.])
1266 4224 1422 4295 Apud
1482 4223 1758 4279 Eriburias
1801 4224 1951 4279 (δοιο-
2053 4248 2114 4288 se
2139 4231 2406 4308 fugiendo
2437 4239 2762 4300 tutarentur,
2807 4233 3104 4306 imperator
3145 4252 3370 4292 uxorem
3401 4238 3522 4308 ejus
3565 4239 3664 4292 ob-

335 4313 496 4366 brata
523 4309 739 4380 synodo
769 4317 962 4366 contra
1017 4312 1205 4379 laicos,
1257 4312 1352 4384 qui
1401 4313 1785 4368 auctoritatem
1841 4313 1956 4383 epi-
2055 4322 2199 4378 sedit
2223 4322 2406 4394 (191);
2447 4322 2697 4394 quagjam
2726 4323 2890 4378 rebus
2919 4323 3036 4377 suis
3061 4321 3343 4391 diffidens,
3364 4341 3464 4395 per
3489 4341 3664 4380 unum

336 4401 622 4472 scopalem
654 4400 980 4456 imminuere
1022 4402 1386 4473 temptabam,
1419 4402 1575 4473 Plura
1617 4419 1786 4475 super
1810 4409 1955 4457 Stal“
2060 4412 2411 4484 imperatoris
2466 4412 2812 4478 familiarem,
2844 4413 3013 4468 multa
3063 4413 3297 4482 pecunia
3325 4421 3667 4487 corruptum.

339 4501 548 4550 sancta!
581 4493 847 4550 incclesite
879 4495 1102 4552 decreta
1133 4504 1261 4551 sunt
1291 4496 1462 4568 (188.)
2059 4504 2108 4559 ei
2142 4505 2396 4576 poculum
2436 4504 2776 4560 mortiferum
2810 4503 2998 4569 dedit;
3043 4520 3152 4576 quo
3183 4505 3378 4562 hausto
3431 4523 3532 4578 per
3575 4508 3674 4563 tri-

414 4585 588 4657 (900.)
879 4587 968 4643 10.
1259 4591 1312 4645 1.
1608 4593 1696 4647 14.
2060 4592 2228 4648 duum
2257 4593 2483 4648 excitari
2527 4608 2638 4649 non
2663 4591 2864 4663 potuit,
2895 4593 3105 4664 apertis
3145 4593 3323 4649 oculis
3353 4593 3432 4649 nil
3461 4596 3670 4652 sentire

413 4677 649 4749 (LIUDP.)
683 4676 980 4734 Formosus
1021 4679 1340 4736 Portuensis
1365 4683 1662 4754 episcopus
1701 4683 1958 4739 Romanae
2061 4691 2154 4740 aut
2201 4684 2354 4756 loqui
2402 4685 2610 4739 valens.
2670 4683 2798 4748 Quae
2838 4698 2926 4738 res
2971 4698 3097 4738 eum
3154 4685 3422 4756 repedare
3472 4687 3672 4760 coegit,

346 4772 614 4828 ecclesia:
650 4773 810 4828 titus
839 4774 1084 4845 presidct
1121 4781 1312 4831 contra
1349 4776 1684 4832 voluntatem
1716 4793 1964 4849 quorun-
1991 4777 2045 4846 D
2065 4775 2237 4840 Quem
2266 4773 2614 4830 recedentem
2645 4771 2822 4827 Guido
2851 4781 3194 4842 persecutus,
3229 4788 3260 4828 a
3291 4773 3521 4831 Domino
3548 4791 3677 4845 per-

347 4861 476 4918 dam
509 4863 903 4929 Romanorum,
933 4865 1030 4937 qui
1074 4866 1322 4940 Sergium
1354 4867 1648 4924 diaconum
1705 4868 1963 4925 Romanas
2066 4885 2262 4925 cussus
2291 4867 2450 4924 obiit.
2512 4865 2652 4938 (Man
2683 4865 2698 4938 )
2739 4863 3066 4922 Bonefacius
3099 4867 3356 4924 Romanas
3409 4868 3675 4924 tecclesia:

348 4954 622 5011 ecclesia
655 4971 855 5028 papam
884 4955 1064 5014 facere
1094 4958 1408 5027 voluerant,
1432 4960 1528 5015 sed
1551 4975 1661 5016 non
1687 4963 1968 5034 prevalue-
2067 4960 2230 5014 115M
2261 4956 2520 5030 presidet.

347 5053 494 5100 rant.
551 5045 650 5100 Hic
703 5045 994 5102 Formosus
1043 5061 1168 5102 cum
1223 5047 1520 5121 aliquando
1575 5050 1630 5104 in
1688 5051 1964 5108 sinistram
2138 5049 2263 5107 902.
2552 5047 2642 5105 12.
2931 5051 2984 5108 3.
3274 5049 3362 5108 16.

349 5137 729 5209 suspicionem
772 5137 1015 5194 venisset
1044 5147 1238 5218 octavo
1265 5139 1505 5198 Iohanni
1540 5159 1717 5214 papae,
1773 5144 1967 5200 timore
2141 5141 2379 5213 (Ιιιυοιι.)
2411 5139 2670 5197 Arnulfus
2691 5141 2992 5213 imperator
3022 5141 3186 5217 longa
3205 5138 3518 5214 egritudine
3566 5141 3678 5196 dis-

1699 5284 1924 5340 VARUE
1951 5283 2329 5340 LECTIONES.

431 5408 644 5484 “illoc
683 5415 747 5484 t._
772 5440 853 5484 _--
903 5409 1187 5484 studiosus
1226 5411 1342 5484 Sig.
1375 5416 1435 5466 ut
1463 5413 1578 5468 vid.
1619 5429 1733 5469 cur.
1768 5417 1963 5480 tertiis,
1997 5416 2120 5470 rell.
2157 5417 2355 5484 praeter
2398 5413 2482 5480 A.,
2537 5415 2636 5484 qui
2688 5429 2751 5468 ea
2784 5412 2905 5482 jam
2959 5427 3013 5484 α.
3067 5410 3193 5466 855.
3237 5417 3287 5466 ot
3330 5411 3455 5468 865.
3507 5415 3683 5470 habet.

359 5479 424 5513 ¹⁷¹
459 5479 576 5534 Odc
605 5510 674 5519 —
700 5480 897 5536 abbate
921 5481 1039 5550 Sig.
1068 5486 1134 5538 ut
1167 5479 1301 5539 uid.
1326 5486 1471 5540 curis
1501 5487 1715 5552 tertiis;
1753 5488 1874 5542 rell.
1899 5479 2171 5556 prwtcrA.’
2198 5479 2706 5556 Insequentis'anni
2732 5479 2892 5539 initio
2921 5482 3080 5539 habet
3109 5483 3232 5537 (14'.

1921 5612 2131 5670 NOTAE.

431 5713 579 5797 (QQ?)
620 5714 836 5797 ΡΥξεῖ
856 5715 1184 5797 ἓηψεῐὶῐίε.
2085 5723 2178 5797 nis
2203 5723 2342 5797 Vill,
2371 5723 2515 5797 apud
2544 5722 2788 5797 Pagium,
2820 5722 2887 5797 ad
2923 5722 3138 5797 Raronii
3186 5720 3535 5797 _.-\_nnalrs,.a.
3570 5717 3694 5797 8:76,

430 5785 576 5862 {18.8)
618 5785 1087 5862 ἦέθθδτηεείηοᾼ.
1227 5861 1233 5862 γ
2085 5785 2360 5861 883.891.
2392 5785 2660 5852 Caeterum
2711 5793 2780 5844 et‘.
2833 5793 3015 5862 liottke
3074 5797 3142 5850 de
3186 5791 3518 5860 Liutprando
3573 5791 3698 5861 (Re-

431 5856 582 5934 (189)
641 5857 765 5934 Haec
807 5873 873 5913 ex
934 5856 1351 5934 continuatione
1399 5863 1635 5934 quadam
1700 5865 1984 5919 Gestorum
2089 5856 2562 5934 rol.'t842.8)p.
2595 5867 2682 5918 78.

358 5926 1792 6026 mitiﬁcet:ﬂuitasseaversatam-ttis?!»
1820 5934 1989 6026 Μεῖ-
2164 5938 2312 6018 (1.99)
2356 5926 2391 6012 Α
2429 5938 2463 5992 8
