3894 6070
292 342 395 396 ’Πῧ

1518 305 1854 366 SIGEBERTI
1900 298 2412 355 GEMBLMIENSIS.

3516 291 3620 343 176

290 468 525 531 solutus,
548 459 631 516 vel
659 465 717 513 ut
747 452 973 526 qutdam
1003 448 1188 503 ferunt
1209 441 1447 499 afﬂictus
1468 455 1499 493 a
1527 435 1758 492 minutis
1777 448 1897 487 ver-
1925 456 1944 501 Α

2076 427 2199 480 90.1.
2528 424 2580 475 2.
2910 421 2962 471 5.
3294 418 3379 471 18.

2086 516 2149 531 ιιι
2250 516 2264 531 \
2314 511 2640 531 τιμΑΑΛΞΑι---
2700 509 2956 531 n-_-.-_~.
2989 505 3250 531 M--IA-!M
3294 505 3379 531 ‘0!

295 527 666 621 mibus,7quos
695 541 1045 616 peduneulos
1095 539 1314 602 vocant,
1368 531 1505 585 adeo
1561 527 1613 580 in
1673 534 1903 593 corpore

297 646 417 714 ejus
468 608 921 698 scaturientibus,
952 634 1072 683 uta
1128 623 1277 678 nullo
1330 618 1675 674 medicorum
1731 608 1911 665 minui

298 702 546 807 possent,
601 725 835 782 moritur
886 720 1063 793 (192);
1114 724 1169 771 et
1216 711 1545 768 Ludowicus
1590 706 1738 759 filius
1791 702 1913 770 ejus

303 793 427 897 post
464 793 591 877 eum
645 820 841 891 regnat
892 808 1053 865 aunis
1108 805 1318 859 decem.
1372 798 1554 870 (Man)
1600 793 1912 863 Stephanus

302 889 463 973 116M
490 889 754 967 Romanis
785 901 1046 962 aecclesiae
1077 894 1317 969 presidet
1343 889 1627 946 mensibus
1656 892 1907 956 quatuor.

305 1006 402 1060 llic
431 1002 668 1075 primum
736 1013 767 1050 a
816 995 1071 1049 Formoso
1112 1000 1253 1057 papa
1282 982 1580 1052 episcopus
1614 972 1912 1047 Anagninae

306 1064 569 1153 ecclesia:
626 1088 933 1150 ordinatus,
975 1082 1154 1152 ipsum
1185 1077 1504 1131 Formosum
1544 1064 1913 1140 persequitur,

307 1196 365 1245 et
393 1199 587 1243 omnes
612 1176 989 1236 ordinationes
1019 1172 1139 1244 ejus
1185 1167 1367 1222 irritas
1406 1177 1527 1216 esse
1567 1158 1772 1213 debere
1818 1154 1917 1208 de-

308 1277 508 1345 cernit,
541 1282 596 1331 et
624 1272 733 1327 alia
763 1264 1049 1325 horribilia
1079 1262 1230 1317 dictu
1270 1258 1325 1312 in
1354 1271 1479 1311 eum
1510 1251 1654 1307 fecit.
1698 1246 1919 1319 Legitur

310 1369 459 1426 enim
487 1337 658 1438 (193),
693 1361 823 1435 quia
852 1361 995 1430 ipse,
1023 1370 1136 1411 non
1164 1348 1408 1422 Sergius,
1440 1359 1642 1415 corpus
1670 1337 1913 1438 Formosi

311 1478 344 1518 a
381 1432 678 1532 sepulchro
707 1432 764 1509 in
816 1448 1053 1507 concilio
1095 1447 1427 1517 protractum
1460 1444 1515 1492 et
1562 1432 1745 1507 papali
1774 1435 1925 1485 veste

314 1522 538 1610 exutum
588 1542 1013 1615 laicali‘induit,
1053 1544 1108 1594 et
1163 1533 1393 1591 abscisis
1447 1529 1666 1585 duobus
1742 1522 1928 1597 digitis

317 1644 555 1698 dexterae
621 1611 817 1692 manus
846 1631 967 1701 ejus
996 1629 1054 1683 in
1104 1624 1342 1680 Tiberim
1398 1615 1718 1692 precipitari
1776 1611 1926 1667 fecit.

319 1733 506 1807 (ΜΑιι.)
536 1731 815 1786 Romanus
845 1723 1005 1779 117us
1054 1719 1314 1773 Romanae
1352 1709 1613 1768 aecclesiae
1659 1703 1923 1778 presidet.

320 1799 553 1903 (Linea)
588 1828 647 1881 In
677 1821 829 1879 Italia
856 1833 956 1890 pro
986 1813 1238 1871 Gnidone
1269 1808 1415 1864 filius
1446 1806 1565 1875 ejus
1607 1799 1928 1857 Lambertus

320 1933 512 1987 contra
538 1915 932 1992 Berengarium
963 1914 1176 1983 regnat,

390 2021 515 2081 903.
726 1989 802 2065 ᾗ.
850 2008 899 2062 1.
1126 2000 1180 2053 r.
1224 1999 1281 2051 4.
1499 1992 1557 2046 c.
1600 1989 1688 2045 17.

397 2076 556 2188 lli—Ian.
610 2100 822 2169 Aum.)
873 2091 1192 2188 Theodorus
1250 2086 1411 2188 11808
1442 2083 1700 2138 Romana
1738 2076 1929 2132 aaccle-

324 2175 420 2265 εἰδὲ
451 2196 713 2274 presidet.
772 2188 869 2243 llic
916 2189 1107 2240 contra
1156 2175 1497 2247 Stephanum
1551 2185 1746 2241 papam
1803 2181 1935 2220 sen-

324 2261 492 2358 tiens,
546 2274 924 2341 reconciliavit
978 2268 1260 2326 ordinatos
1311 2280 1341 2317 a
1434 2261 1716 2322 Formoso,
1799 2270 1937 2326 quos

326 2349 639 2456 Stephanus
664 2389 764 2444 per
791 2369 900 2425 vim
937 2365 1088 2418 intus
1139 2360 1320 2414 Romae
1361 2362 1414 2409 et
1445 2369 1556 2409 non
1613 2349 1748 2405 foris
1777 2364 1938 2403 exor-

329 2444 633 2536 dinaverat,
684 2478 789 2518 nec
841 2466 1027 2513 tamen
1088 2453 1507 2524 presumpserat
1558 2459 1655 2499 eos
1736 2444 1934 2501 iterum

331 2576 682 2626 consecrare.
714 2557 807 2611 llis
837 2546 1207 2608 reconciliatis
1234 2543 1557 2599 Theodorus
1586 2557 1730 2613 papa
1782 2540 1943 2597 libel-

335 2661 419 2715 los
449 2642 942 2710 abrenuntianonis
982 2637 1244 2701 reddidit,
1299 2642 1355 2689 et
1408 2633 1520 2704 igni
1554 2636 1785 2689 cremari
1818 2656 1946 2709 pre-

334 2747 481 2819 cepit
511 2742 682 2815 (194).
718 2737 857 2806 (Man
909 2729 1121 2801 Auxrn.)
1151 2728 1432 2782 Joltannes
1477 2726 1638 2781 119us
1686 2729 1945 2789 Romana:

334 2814 599 2895 recclesiaa
639 2827 905 2902 presidet.
940 2823 1037 2876 llic
1067 2819 1230 2873 etiam
1257 2816 1325 2870 ad
1356 2814 1790 2873 confirmandam
1820 2821 1947 2877 For—

333 2928 473 2986 mosi
502 2920 931 2982 ordinationem,
956 2929 1119 2986 quam
1138 2910 1453 2982 Stephanus
1481 2910 1835 2980 deposuerat,
1859 2930 1950 2985 sy-

335 3023 541 3080 nodum
568 3018 636 3074 74
656 3014 1041 3087 episcOporum
1077 3006 1223 3078 (175)
1252 3004 1604 3076 presentibus
1619 3005 1946 3062 Francorum

335 3103 767 3179 archiepiscopis
821 3107 879 3155 et.
917 3112 1049 3170 rege
1096 3093 1241 3166 apud
1282 3093 1598 3147 Ravennam
1646 3095 1865 3162 statuit;
1896 3101 1951 3150 et
1978 3099 2029 3169 ο

337 3214 522 3257 coram
551 3194 634 3251 eis
658 3190 947 3249 combusta
987 3192 1070 3240 est
1122 3181 1389 3254 synodus,
1418 3198 1581 3253 quam
1639 3182 1954 3254 Stephanus

342 3293 398 3348 in
447 3286 858 3346 damnationem
917 3275 1159 3335 Formosi
1220 3274 1444 3330 fecerat.
1503 3274 1738 3345 (Lwnr.)
1791 3277 1954 3331 Lam-

344 3383 503 3439 berto
556 3376 671 3432 ﬁlio
726 3368 993 3427 Guidonis
1053 3371 1295 3432 mortuo,
1363 3363 1729 3436 Berengarius
1786 3380 1957 3439 regno

348 3477 573 3551 potitur.
628 3470 750 3542 (1b.)
794 3468 1136 3539 Ungarorum
1178 3475 1317 3533 gens
1365 3458 1620 3527 barbara,
1666 3476 1789 3531 qua;
1842 3461 1961 3532 qui-

349 3569 581 3630 busdam
612 3561 783 3620 clusis
822 3562 1031 3614 remota
1061 3569 1164 3609 nec
1193 3551 1280 3606 lad
1326 3551 1686 3606 meridianam
1740 3568 1843 3608 nec
1892 3552 1961 3606 ad

353 3656 752 3723 occidentalem
780 3652 995 3724 plagam
1024 3644 1260 3704 exeundi
1302 3650 1465 3699 antea
1500 3643 1771 3698 habuerat
1791 3642 1963 3698 facul-

354 3764 546 3816 tatem,
596 3763 697 3819 per
733 3740 1019 3797 Arnulfum
1081 3735 1257 3805 ruptis
1313 3732 1479 3787 clusis
1542 3732 1765 3799 emissa,
1842 3747 1963 3803 quae

355 3838 580 3899 Arnulfo
618 3836 836 3889 vivente
886 3824 1283 3897 aliquantulum
1343 3826 1741 3889 temperaverat
1795 3819 1965 3874 rabiei

356 3951 491 4001 suae,
520 3927 687 3987 modo
742 3939 809 3980 eo
839 3927 1056 3976 mortuo
1102 3934 1203 3987 per
1239 3921 1406 3970 totam
1471 3913 1718 3979 Galliam,
1751 3914 1968 3969 Germa-

360 3998 509 4080 niam
551 4017 893 4083 Italiamque,
952 4013 1012 4062 ut
1068 4004 1185 4059 fera
1238 4010 1561 4072 tempestas,
1621 3998 1965 4059 diffunditur.

359 4117 537 4185 (Αηη.
802 4096 1224 4157 luendebaldus
1271 4108 1363 4148 rex
1427 4108 1457 4145 a
1517 4091 1969 4148 Ιλοῐὶὶᾶῐίθηείὺυε
2074 4091 2366 4123 "ducum",
2407 4091 2462 4111 ut
2491 4091 2547 4108 In
2591 4091 2854 4108 uluuubu.
2902 4091 3014 4104 uuw
3050 4091 3303 4117 Ivru-v‘v'
3349 4091 3415 4147 1‘:

1442 4182 1451 4185 _
1550 4182 1559 4185 _
1827 4182 1837 4185 _
1900 4182 1931 4185 -_
2080 4159 2228 4185 ,ιι-ει...
2261 4160 2341 4185 nn}
2397 4151 2715 4185 Fnrmncnm
2750 4143 3045 4185 cnnnlrhrn
3078 4145 3415 4185 extractum]

1029 4189 1082 4238 in
1129 4201 1236 4238 qua
1264 4182 1675 4238 οοηευίι-ειίοηρ
1718 4189 1774 4238 οι
1795 4136 1973 4238 ’ὶθιῖξ
2077 4159 2231 4214 nefas
2260 4160 2364 4221 est,
2397 4151 2715 4206 Formosum
2750 4143 3045 4216 sepulchro
3078 4145 3378 4195 extractum
3403 4137 3460 4191 in
3492 4136 3687 4191 sedem

360 4182 419 4262 in
458 4203 607 4259 bello
654 4193 973 4270 perimitur;
1027 4189 1083 4242 in
1129 4201 1236 4257 qua
1264 4182 1675 4254 conSpiratione
1718 4189 1774 4238 et
1827 4182 1860 4236 h

362 4294 683 4368 quicunque
708 4285 1029 4342 vulneratus
1057 4283 1158 4339 est,
1217 4280 1311 4329 aut
1350 4279 1581 4326 mortem
1631 4285 1740 4326 non
1781 4269 1971 4335 evasit,

362 4360 453 4444 aut
485 4360 761 4454 nunquam
807 4370 988 4430 sanari
1028 4367 1223 4441 potuit.
1286 4364 1403 4434 (Ιὸ.)
1445 4361 1723 4417 Francone
1783 4360 1978 4416 Leodi-

363 4449 633 4532 censium-
671 4467 936 4538 episcopo
994 4466 1231 4522 mortuo,
1294 4451 1603 4522 Stephanus
1681 4449 1978 4520 episc0pus

363 4566 714 4636 subrogatur,
768 4555 853 4610 vir
900 4549 1196 4606 sanctitate
1249 4548 1302 4597 et
1338 4540 1571 4595 scientia
1631 4538 1833 4602 clarus,
1881 4537 1977 4608 qui

364 4628 565 4710 vitam'
586 4660 642 4706 et
698 4646 1012 4719 passionem
1051 4636 1221 4694 sancti
1274 4632 1547 4688 Lamberti
1606 4629 1858 4701 martyris
1908 4628 1977 4682 ad

369 4717 757 4799 Herimannum
792 4729 1269 4801 archiepiscopum
1302 4719 1568 4776 urbanius
1605 4718 1808 4783 edidit;
1859 4717 1980 4787 (AN-

368 4831 592 4902 sauws)
621 4832 840 4883 cantum
891 4835 1115 4894 quoque
1146 4823 1476 4873 nocturnum
1511 4812 1579 4866 de
1611 4810 1807 4865 eodem
1841 4823 1981 4862 mar-

367 4936 507 5001 tyre,
537 4930 868 4989 cautumque
905 4916 975 4969 de
1003 4920 1189 4967 sancta
1239 4907 1525 4972 Trinitate,
1568 4910 1622 4958 et
1672 4902 1740 4957 de
1785 4901 1976 4955 inven-

367 4991 520 5077 tione
571 5008 836 5083 Stephani
892 5000 1347 5078 prothomartyris
1403 4995 1548 5052 dulci
1608 5003 1663 5049 et
1741 4991 1976 5066 regulari

369 5102 749 5165 modulatione
778 5091 1109 5165 composuit.
1148 5089 1240 5159 (A.
1271 5086 1426 5156 Lob.)
1457 5084 1741 5140 Conradus
1769 5096 1976 5147 comes,

369 5206 527 5272 pater
574 5188 833 5256 Conradi,
861 5184 955 5259 qui
989 5189 1115 5254 post
1144 5177 1493 5234 Ludowieum
1534 5172 1807 5251 regnavit,
1840 5170 1980 5243 peri-

373 5271 542 5347 mitur
570 5287 627 5342 in
644 5282 791 5340 bello
821 5295 853 5334 a
883 5274 1085 5334 comite
1115 5271 1360 5326 Alberto.

1922 5383 2131 5444 NOTAE.

475 5514 606 5571 192)
647 5515 686 5567 Α
722 5509 848 5566 898.
879 5504 1012 5563 ch.
1042 5504 1094 5559 8.

475 5517 586 5571 192
647 5517 686 5567 Α
722 5517 848 5566 898.
880 5517 1012 5563 DCI).
1042 5517 1094 5559 δ.

452 5517 606 5670 ἓ193ξ
643 5582 893 5670 βξηγεοιθ
922 5576 1170 5651 quidem,
1199 5569 1269 5628 cf.
1322 5566 1614 5624 Baronium
1653 5569 1709 5618 et
1736 5562 1863 5616 Acta
1886 5557 1985 5613 SS.

381 5659 607 5802 M86151),
638 5653 922 5779 illigemus
972 5719 1120 5775 unde
1177 5716 1295 5771 haec
1322 5708 1619 5782 sumpserit
1648 5704 1990 5777 Sigebertus.

2082 516 2267 584 (illan)
2313 511 2643 567 Benedictus
2699 509 2959 564 Romana:
2988 505 3251 563 aacclesize
3294 505 3452 561 12οιιε
3495 520 3624 575 pre-

2010 605 2171 659 sidet.
2208 601 2535 657 Ludowicus
2575 616 2666 654 rex
2700 604 2954 653 conserto
3000 613 3120 652 cum
3177 593 3411 668 Ungaris
3448 593 3622 664 prelio

2015 695 2401 750 miserabiliter
2428 691 2857 761 vincitur.Apud
2892 688 3421 758 ConstantinOpohm
3440 687 3623 741 Leone

2017 789 2346 860 imperatore
2397 793 2649 850 mortuo,
2727 782 3113 837 Constantinus
3181 780 3330 835 ﬁlius
3389 780 3511 848 ejus
3572 786 3630 831 et

2015 877 2317 932 Alexander
2346 874 2513 929 frater
2540 873 2713 944 ipsius
2755 871 2954 926 Leonis
2985 870 3258 941 imperant
3288 882 3432 922 anno
3490 881 3627 921 uno.

2085 969 2210 1023 905.
2575 965 2625 1021 3.
2917 963 2969 1017 6.
3262 961 3314 1014 1.

2089 1057 2212 1129 (1b.)
2246 1056 2353 1111 Leo
2386 1055 2645 1110 Romanae
2686 1050 2949 1107 aacclesiae
2983 1050 3144 1104 121m
3174 1048 3439 1119 presidet.
3476 1046 3635 1101 Hunc

2017 1157 2140 1223 post
2168 1150 2237 1204 30
2285 1150 2403 1204 dies
2435 1146 2807 1204 ordinationis
2854 1160 2967 1199 suae
2996 1142 3324 1198 Cristoforus
3356 1140 3636 1212 presbiter

2018 1256 2154 1295 suus
2179 1238 2407 1309 capiens
2427 1244 2481 1292 et
2506 1237 2562 1290 in
2579 1251 2855 1291 carcerem
2886 1232 3133 1301 trudens,
3166 1248 3266 1303 per
3288 1231 3632 1287 invasionem

2021 1334 2278 1389 Romanae
2317 1331 2580 1386 aecclesize
2610 1330 2773 1384 122M
2804 1327 3066 1399 presidet.
3102 1324 3305 1398 Ungari
3333 1323 3640 1394 superioris

2026 1421 2157 1476 anni
2201 1419 2428 1474 victoria
2478 1418 2627 1481 elati,
2676 1432 2909 1489 regnum
2949 1413 3227 1470 Ludowici
3284 1412 3387 1467 sub
3430 1411 3637 1466 tributo

2028 1509 2308 1589 redigunt.
2335 1509 2441 1579 (Cf.
2468 1508 2630 1578 Mar.)
2655 1506 2813 1578 Apud
2851 1502 3381 1574 ConstantinOpolim
3404 1501 3644 1555 Alexan-

2030 1600 2129 1654 dro
2175 1599 2508 1669 imperatore
2563 1604 2803 1664 mortuo,
2843 1593 3232 1650 Constantinus
3273 1592 3510 1662 imperat
3548 1605 3644 1643 an-

2032 1692 2117 1745 nis
2146 1689 2233 1745 30.

1955 1736 2233 1834 ΒΜ
2551 1780 2605 1831 ..
2933 1776 2985 1830 τ,
3313 1773 3366 1827 .,

2103 1871 2370 1941 (Ιιιυυριι.)
2400 1868 2601 1943 Ungari
2631 1867 2806 1922 victos
2849 1866 3051 1921 Grecos
3089 1863 3191 1919 sub
3234 1862 3442 1918 tributo
3495 1858 3647 1914 redi-

2030 1973 2184 2039 gunt.
2217 1961 2373 2033 Apud
2400 1961 2602 2015 Grecos
2628 1959 2905 2014 Romanus
2927 1955 3154 2011 humilis
3175 1954 3398 2026 quidem
3416 1966 3647 2026 genere,

2032 2056 2131 2110 sed
2161 2053 2291 2124 quia
2312 2052 2527 2108 leonem
2556 2050 2794 2106 ferocem
2827 2048 3128 2115 occiderat,
3159 2053 3398 2117 experta:
3427 2043 3651 2099 fortitu-

2035 2143 2181 2198 dinis
2210 2141 2450 2207 habitus,
2479 2148 2529 2194 et
2564 2156 2657 2211 per
2712 2139 2813 2193 hoc
2866 2154 2897 2191 a
2930 2137 3113 2192 Leone
3163 2135 3496 2206 imperatore
3543 2131 3655 2185 dux

2037 2235 2245 2291 navalis
2304 2234 2577 2288 exercitus
2634 2231 2988 2295 constitutus,
3039 2228 3232 2283 volens
3316 2225 3435 2281 ﬁeri
3504 2230 3657 2278 tutor

2038 2324 2378 2381 Constantini
2412 2320 2783 2393 imperatoris,
2825 2320 2920 2389 qui
2975 2316 3272 2371 admodum
3320 2330 3458 2386 puer
3514 2302 3657 2378 erat,

2038 2424 2272 2472 tutorem
2314 2433 2345 2470 a
2372 2421 2524 2486 patre
2578 2413 2656 2466 illi
2688 2412 3007 2481 deputatum
3042 2415 3095 2462 et
3125 2423 3320 2463 omnes
3375 2405 3665 2477 principes

2049 2512 2233 2582 palatii
2264 2511 2331 2565 ad
2357 2525 2416 2564 se
2436 2515 2585 2564 extra
2606 2506 2799 2560 urbem
2832 2511 2947 2559 arte
2976 2508 3235 2557 evocatos
3264 2500 3408 2571 capit
3428 2506 3484 2554 et
3508 2497 3666 2569 pala-

2048 2603 2124 2657 tio
2138 2601 2407 2666 eliminat,
2438 2606 2493 2653 et
2517 2597 2622 2651 sibi
2654 2596 2898 2650 faventes
2927 2590 3127 2648 ofﬁciis
3163 2589 3463 2647 curialibus
3486 2589 3669 2643 hono-

2049 2702 2149 2749 rat.
2206 2694 2373 2748 Focas
2401 2698 2582 2746 autem
2625 2688 2720 2760 qui
2761 2692 3072 2742 terrestrem
3133 2681 3431 2738 exercitum
3472 2690 3667 2736 contra

2051 2787 2377 2858 Symeonem
2438 2782 2732 2853 Bulgarum
2792 2794 2979 2852 regem
3036 2776 3282 2830 duxerat.
3325 2775 3430 2828 hoc
3467 2771 3666 2826 nuntio

2051 2876 2375 2946 perterritus
2420 2871 2557 2943 fugit
2610 2886 2641 2923 a
2692 2867 2842 2923 bello
2874 2875 2929 2921 et
2972 2880 3170 2921 omnes
3230 2862 3416 2937 fugere
3501 2860 3665 2926 fecit;

2051 2966 2242 3036 sicque
2280 2962 2496 3018 animos
2544 2966 2598 3013 et
2638 2958 2782 3014 vires
2840 2952 3168 3027 Bulgaribus
3214 2950 3426 3006 addidit
3466 2949 3670 3003 Grecos

2051 3058 2232 3113 acrius
2266 3051 2604 3109 debellandi.
2639 3049 2702 3104 Et
2730 3048 2849 3118 ipse
2890 3063 2921 3101 a
2952 3045 3198 3100 Romano
3240 3047 3455 3112 captus.
3490 3038 3670 3095 oculis

2055 3151 2318 3222 privatur.

2125 3243 2250 3297 907.
2576 3237 2630 3290 5.
2954 3229 3009 3286 8.
3336 3225 3391 3281 2.

2129 3332 2315 3403 (Mam)
2352 3330 2577 3405 Sergius
2616 3327 2877 3382 Romanae
2916 3320 3182 3377 aacclesiae
3214 3318 3372 3374 123us
3407 3316 3673 3389 presidet.

2062 3425 2292 3493 (Lwnrﬁ)
2318 3422 2425 3475 Iste
2454 3427 2538 3472 est
2555 3414 2782 3488 Sergius
2807 3412 3076 3466 diaconus
3109 3416 3334 3479 propter
3355 3406 3677 3461 Formosum

2062 3532 2093 3569 a
2121 3521 2325 3585 papatu
2358 3506 2703 3579 reprobatus,
2744 3501 2838 3573 qui
2890 3499 2958 3555 ab
2990 3498 3185 3554 eodem
3237 3496 3499 3552 Formoso
3554 3494 3678 3565 epi-

2064 3621 2266 3676 sc0pus
2323 3602 2517 3667 factus,
2558 3598 2625 3651 ad
2687 3595 2923 3649 Francos
2966 3600 3151 3647 tamen
3208 3605 3268 3644 se
3321 3586 3573 3655 contulit,
3626 3593 3682 3640 et

2066 3717 2254 3756 eorum
2288 3695 2491 3751 auxilio
2521 3689 2878 3749 Cristoforum
2920 3688 3226 3740 invasorem
3281 3683 3509 3752 capiens
3537 3690 3592 3736 et
3624 3682 3680 3735 in

2069 3807 2347 3850 carcerem
2403 3786 2654 3850 trudens,
2695 3784 2929 3837 latenter
2958 3780 3183 3833 Romam
3226 3776 3528 3851 ingressus,
3584 3790 3685 3844 pa-

2072 3890 2257 3953 patum
2317 3876 2543 3937 invasit;
2597 3879 2649 3927 et
2701 3872 2977 3926 Romanos
3032 3865 3198 3920 minis
3255 3874 3310 3918 et
3374 3862 3685 3918 terroribus

2070 3970 2330 4044 perpulit,
2383 3975 2441 4022 ut
2497 3981 2691 4021 omnes
2765 3960 3146 4018 ordinationes
3212 3955 3459 4010 Formosi
3502 3953 3687 4008 irritas

2070 4041 2366 4123 haberent;
2407 4063 2462 4111 et
2491 4055 2547 4108 in
2587 4053 2854 4108 ultionem
2901 4065 3015 4104 suae
3046 4046 3303 4117 repulsas.
3347 4043 3500 4115 quod
3535 4041 3689 4097 dictu

2077 4246 2428 4322 pontiﬁcatus
2458 4236 2873 4297 sacerdotaliter
2899 4235 3152 4289 indutum
3196 4227 3460 4285 decollari
3497 4241 3690 4298 prece-

2076 4317 2178 4414 pit,
2232 4347 2287 4394 et
2324 4337 2552 4405 insuper
2598 4331 2772 4386 tribus
2829 4326 3015 4399 digitis
3069 4322 3297 4378 abscisis
3339 4321 3395 4375 in
3445 4317 3687 4373 Tiberim

2072 4433 2265 4508 jactari
2298 4431 2446 4497 fecit,
2482 4437 2536 4484 et
2585 4440 2781 4483 omnes
2810 4430 2966 4494 Equos
3012 4420 3105 4474 ille
3137 4416 3429 4484 ordinavit,
3484 4414 3692 4483 injuste

2079 4523 2444 4585 exordinavit.
2479 4528 2533 4576 et
2571 4517 2830 4587 injustius
2858 4512 3216 4569 reordinavit.
3253 4510 3421 4573 Quem
3444 4523 3476 4561 a
3505 4504 3691 4577 pisca-

2078 4616 2291 4674 toribus
2317 4614 2600 4668 inventum
2658 4616 2713 4663 et
2743 4606 2799 4660 in
2829 4604 3060 4659 basilica
3115 4598 3488 4673 apostolorum
3532 4596 3694 4668 prin-

2080 4707 2221 4777 cipis
2252 4702 2432 4759 loculo
2465 4701 2836 4771 deportatum,
2869 4692 3123 4764 quaedam
3154 4694 3470 4744 sanctorum
3500 4683 3695 4756 imagi-

2082 4816 2180 4855 nes
2209 4798 2468 4854 adorasse
2526 4799 2582 4847 et
2607 4786 3000 4844 venerabiliter
3030 4782 3299 4838 salutasse
3337 4778 3517 4850 palam
3568 4792 3695 4832 om-

2081 4888 2244 4943 nibus
2271 4886 2403 4941 visae
2448 4887 2595 4937 sunt.
2639 4878 2763 4950 (1b.)
2804 4873 2959 4946 Apud
3000 4872 3201 4926 Grecos
3233 4869 3512 4923 Romanus
3542 4869 3699 4935 pater

2080 4978 2324 5033 Basileos
2374 4974 2571 5040 factus,
2621 4975 2681 5024 ut
2734 4965 2985 5021 securius
3025 4968 3235 5037 ageret,
3284 4967 3515 5014 matrem
3554 4956 3697 5012 Lon-

2080 5068 2307 5127 stantini
2340 5060 2687 5136 imperatoris
2713 5071 2938 5113 uxorem
2982 5052 3156 5117 duxit,
3185 5065 3341 5105 suam
3369 5062 3503 5104 vero
3525 5044 3695 5100 ﬁliam

2083 5158 2189 5232 ipsi
2240 5134 2594 5211 Constantino
2626 5145 2942 5219 despondit.
2979 5141 3103 5212 (1b.)
3158 5137 3393 5214 Ungaris
3438 5134 3701 5211 Bulgares

2083 5249 2259 5306 victos
2286 5240 2604 5299 tributarios
2634 5236 2741 5293 sibi
2767 5234 2996 5291 faciunt.

2089 5480 2169 5536 Cf.
2202 5474 2374 5533 Mansi
2403 5468 2609 5528 Concil.
2645 5462 2842 5536 XVIII,
2869 5457 2989 5536 =82.

2158 5524 2764 5621 ξίῦέξῑνλίξνὸῥὸςήεΐ.
2818 5524 2887 5589 de
2932 5533 3035 5586 hac
3088 5526 3302 5600 synodo
3356 5524 3556 5579 Baron.
3614 5536 3701 5591 xv,

2089 5610 2214 5680 520.
2248 5610 2415 5676 Μειηεὶ
2456 5630 2609 5681 xvut,
2634 5610 2759 5664 221.
