3924 6080
295 285 403 340 177

363 405 489 460 908.
668 404 726 458 κ’
770 403 822 458 6.
1011 401 1063 455 F.
1098 400 1151 456 9.
1183 401 1269 453 1".
1446 398 1482 454 C
1533 396 1587 453 3.

366 496 601 566 (LIUDP.)
657 495 960 559 Romanus,
1018 493 1310 564 impetrato
1349 508 1380 546 a
1434 487 1799 562 principibus,
1855 491 1916 540 ut

291 589 460 645 etiam
501 589 828 643 indumenta
849 585 1160 656 imperialia
1189 592 1243 640 et
1259 583 1517 638 diadema
1541 579 1760 652 imperii
1777 578 1917 634 acci-

291 686 474 748 peret,
503 691 616 732 non
639 676 752 745 jam
776 681 930 735 tutor
985 672 1354 745 imperatoris,
1411 671 1511 726 sed
1541 685 1710 741 super
1739 668 1914 738 impe-

291 777 530 825 ratorem
557 769 856 840 imperator
884 766 1172 822 videbatur
1217 780 1340 820 esse
1366 782 1380 830 ;
1409 763 1506 836 qui
1553 763 1718 817 etiam
1751 759 1909 814 Chri-

289 860 558 916 stot'orum
590 860 762 914 filium
794 874 956 914 suum
987 859 1044 912 in
1075 857 1311 928 imperio
1349 856 1607 921 ascitum,
1640 854 1910 910 Constan-

288 953 414 1008 tino
462 950 780 1022 imperatori
845 949 900 1004 in
963 949 1321 1020 procedendo
1399 946 1728 1018 preferebat.
1800 945 1908 1000 Sed

291 1047 670 1103 (Lhristoforus
709 1062 820 1102 non
851 1045 1021 1100 multo
1053 1053 1178 1116 post
1215 1044 1377 1099 obiit.

368 1156 501 1210 909.
777 1154 832 1207 7.
1093 1151 1176 1206 16.
1471 1150 1519 1203 4.

371 1249 492 1317 (1b.)
519 1247 752 1320 Ungaris
819 1245 1028 1300 ltaliam
1085 1242 1554 1315 depopulantibus
1585 1258 1674 1296 rex
1705 1241 1914 1296 Beren-

290 1339 484 1412 garius
541 1337 689 1392 bello
765 1351 1118 1411 congressus,
1201 1332 1596 1388 miserabiliter
1647 1331 1906 1387 vincitur.

293 1430 576 1485 Romanus
631 1429 930 1484 Grecorum
985 1428 1288 1498 imperator
1361 1427 1646 1500 Bulgarcs,
1711 1424 1912 1480 Grecos

291 1522 504 1582 fortiter
532 1521 896 1586 debellantes,
921 1518 1062 1575 facto
1097 1519 1305 1574 l'ucdere
1335 1518 1629 1590 mitigavit.

371 1632 496 1687 910.
765 1632 818 1687 8.
1101 1631 1189 1683 11.

368 1721 490 1789 (Ιὸ.)
557 1719 816 1774 Saraceni
874 1734 938 1773 ex
995 1718 1170 1772 Africa
1217 1735 1246 1772 a
1308 1734 1436 1792 rege
1497 1733 1598 1773 suo
1668 1717 1818 1771 missi
1851 1706 1986 1775 inB

300 1809 532 1875 Italiam,
560 1818 621 1864 ut
643 1809 894 1880 Apuliam
949 1816 1003 1863 et
1034 1807 1354 1878 .Calabriam
1387 1816 1579 1864 contra
1607 1809 1912 1863 Romanum

297 1905 589 1977 imperium
624 1903 977 1969 rebellantes,
1011 1902 1112 1957 sub
1158 1903 1380 1958 dicione
1409 1903 1555 1958 illius
1597 1903 1914 1978 redigerent

295 1999 620 2073 pugnando,
673 1998 862 2070 Apulis
917 2004 970 2052 et
1026 1997 1266 2052 Calabris
1322 1996 1534 2052 fortiter
1599 1996 1910 2065 debellatis,

299 2089 528 2144 Romam
559 2103 751 2143 versus
779 2087 1025 2160 girantes
1079 2086 1424 2140 Garelianum
1479 2093 1720 2141 montem
1749 2101 1913 2141 occu-

298 2184 472 2248 pant;
504 2177 694 2247 ibique
746 2175 1054 2230 munitione
1107 2174 1213 2228 sibi
1263 2173 1427 2240 facta,
1495 2174 1694 2229 multas
1743 2173 1914 2228 Italiae

299 2270 466 2325 urbes
491 2266 1156 2341 debellaverunt.Regino
1185 2266 1356 2321 abbas
1385 2265 1721 2322 Prumiensis
1751 2267 1915 2321 chro-

301 2361 485 2416 nicam
525 2376 678 2414 suam
737 2375 768 2413 a
801 2359 1082 2415 nativitate
1126 2358 1341 2414 Domini
1377 2359 1684 2413 inchoatam
1739 2374 1914 2429 usque

295 2456 364 2510 ad
409 2456 557 2508 hunc
587 2469 792 2508 annum
826 2452 1081 2524 perduxit
1110 2451 1178 2486 “3
1207 2451 1378 2522 (l96.)
1409 2451 1528 2518 Πὸ.)
1583 2449 1916 2505 Adelbertus

295 2543 523 2614 quidam
555 2558 622 2596 ex
655 2540 992 2612 primoribus
1016 2540 1421 2595 Austrasiorum
1439 2555 1536 2610 per
1561 2539 1914 2610 septennium

303 2637 605 2692 Ludowico
664 2634 781 2710 regi
825 2633 1072 2698 rebellis,
1127 2634 1256 2688 dolo
1315 2632 1562 2688 Hattonis
1610 2632 1916 2708 Moguntini

301 2726 710 2798 archiepiscOpi
744 2726 812 2780 ad
839 2741 1024 2798 regem
1056 2724 1328 2779 deductus
1359 2723 1686 2779 decollatur.

318 2873 329 2878 -
379 2839 505 2892 911.
799 2836 853 2890 9.
1148 2835 1231 2889 12.
1521 2835 1574 2890 6.

383 2928 653 2997 (.-l.Lob.)
715 2927 912 2999 Ungari
999 2925 1341 2980 Germaniam
1400 2931 1633 2980 vastant.
1690 2925 1921 2995 (ιιυορ.)

309 3016 686 3081 Ludowicum,
715 3013 890 3068 tilium
922 3014 1153 3068 Bosonis
1209 3030 1275 3068 ex
1309 3013 1417 3068 ﬁlia
1447 3013 1718 3068 Ludowici
1749 3013 1924 3084 impe-

309 3109 529 3173 ratoris,
557 3108 627 3163 ab
661 3109 1012 3163 ltaliensibus
1076 3124 1106 3162 a
1155 3107 1474 3181 Burgundia
1523 3107 1808 3162 invitatum
1872 3109 1926 3163 in

307 3219 504 3274 regno.
562 3203 927 3276 Berengarius
965 3201 1248 3272 excipiens
1299 3201 1468 3266 bello,
1524 3201 1709 3270 jurare
1772 3201 1925 3256 illum

307 3295 600 3366 compulit,
627 3301 686 3348 ut
737 3295 784 3349 si
835 3294 1013 3350 redire
1079 3294 1512 3364 permitteretur,
1547 3308 1655 3348 non
1700 3293 1838 3348 ultra
1868 3293 1923 3348 in

313 3387 525 3441 Italiam
564 3387 796 3441 veniret.

382 3493 510 3546 912.
804 3493 888 3546 10.
1149 3491 1215 3546 13
1498 3492 1550 3545 7.

385 3589 481 3653 (A.
514 3586 667 3656 Lob.)
694 3585 1020 3641 Ludowicus
1059 3603 1153 3642 rex
1194 3587 1500 3642 Germaniae
1548 3586 1795 3652 moritur,
1830 3586 1926 3658 qui

314 3684 542 3747 propter
567 3683 923 3747 tyrannorum
957 3676 1010 3730 in
1033 3677 1240 3731 ltaliam
1263 3677 1616 3733 insolentiam
1629 3679 1925 3732 etmultam

311 3767 583 3820 malorum
619 3767 988 3842 ingruentiam
1019 3782 1129 3822 non
1150 3769 1352 3823 meruit
1385 3768 1726 3839 imperialem
1753 3768 1922 3824 bene-

313 3857 636 3919 dictionem.
671 3858 763 3913 Cui
795 3858 1105 3914 succedens
1151 3859 1437 3915 Conradus
1485 3860 1736 3934 regnavit
1761 3860 1924 3914 annis

317 3949 345 4001 7
381 3966 398 4014 ;
430 3947 524 4019 qui
557 3954 613 4002 et
639 3946 757 4017 ipse
784 3947 958 4002 caruit
988 3947 1379 4003 benedictione
1410 3947 1702 4020 imperiali.
1722 3949 1920 4019 (Testa.

1809 275 2023 332 CHRON
2033 277 2154 332 lCA.

1937 401 1993 466 Α
2088 396 2216 451 914.
2508 395 2562 448 2.
2812 395 2899 450 15.
3187 399 3240 450 9.

3536 279 3634 336 178

2088 491 2270 561 (ιιυυρ
2298 495 2316 560 )
2341 490 2535 547 Contra
2567 490 2874 547 Conradum
2908 508 3093 567 regem
3123 479 3634 568 potentioresregni

2019 579 2300 652 principes
2333 581 2696 637 rebellionem
2724 581 2998 647 meditati,
3030 582 3244 638 scilicet
3275 583 3547 638 Arnoldus
3561 584 3631 639 de

2016 677 2284 746 Bajoaria,
2343 676 2689 733 Burchardus
2744 678 2818 732 de
2888 677 3108 743 Suevia,
3191 678 3504 735 Everardus
3558 679 3629 736 de

2017 767 2264 834 Francia,
2293 768 2616 823 Gisilbertus
2665 769 2733 823 de
2767 768 3142 841 Letharingia,
3176 777 3231 824 et
3285 771 3476 826 horum
3505 787 3630 828 om-

2013 859 2166 914 nium
2215 860 2622 932 praecellentior
2677 861 2964 916 Heinricus
2993 861 3103 916 dux
3161 862 3231 917 de
3289 863 3526 919 Saxonia
3573 873 3632 919 et

2015 948 2293 1024 Turingia,
2328 957 2435 1004 tam
2467 950 2741 1020 sapientia
2797 967 2961 1022 quam
3005 950 3329 1006 fortitudine
3381 953 3529 1026 regis
3557 954 3629 1009 ad

2017 1039 2245 1114 gratiam
2289 1041 2409 1109 ejus
2438 1041 2794 1096 reducuntur.
2847 1040 3008 1096 Solus
3039 1042 3315 1098 Arnoldus
3345 1043 3414 1098 ad
3447 1043 3630 1118 Unga-

2018 1129 2128 1185 rios
2153 1146 2277 1185 cum
2309 1145 2476 1185 uxore
2505 1139 2560 1184 et
2603 1128 2733 1184 filiis
2784 1129 3026 1204 fugiens,
3081 1147 3260 1202 usque
3289 1132 3360 1186 ad
3391 1140 3625 1188 mortem

2017 1223 2165 1296 regis
2186 1223 2263 1277 ibi
2295 1224 2516 1278 mansit.

2084 1314 2210 1370 915.
2501 1312 2554 1366 3.
2847 1312 2938 1366 16.
3231 1313 3314 1375 10,

2094 1404 2216 1472 (1b.)
2249 1401 2570 1458 Ludowicus
2617 1401 2841 1456 Veronae
2889 1407 3104 1470 captus,
3157 1419 3188 1456 a
3227 1403 3560 1478 Berengario
3594 1419 3627 1459 a

2013 1498 2336 1554 custodibus
2364 1496 2516 1550 urbis
2547 1511 2679 1550 auro
2713 1495 2988 1566 corruptis
3034 1495 3095 1550 in
3129 1496 3324 1551 urbem
3373 1497 3623 1554 immisso

2013 1589 2190 1644 oculis
2219 1587 2657 1658 privatur(Mxn.)
2690 1587 2891 1662 Ungari
2931 1587 3262 1660 Berengario
3330 1588 3624 1645 confoede-

2015 1680 2114 1734 rati
2145 1679 2522 1734 Alemanniam
2551 1685 2786 1745 vastant,
2834 1685 2888 1733 et
2933 1695 2963 1732 a
2987 1678 3256 1750 Bajoariis
3282 1685 3337 1735 et
3375 1679 3630 1735 Aleman-

2015 1771 2101 1825 nis
2137 1771 2376 1842 graviter
2403 1769 2709 1826 caeduntur.

2060 1860 2207 1915 σ916.
2461 1861 2515 1914 4.
2772 1859 2856 1914 17.
3150 1861 3239 1915 11.

2087 1954 2180 2018 (.1.
2215 1951 2370 2021 Lob.)
2399 1950 2627 2006 Karolus
2658 1966 2750 2005 rex
2809 1950 3140 2006 Francorum
3167 1966 3400 2024 regnum
3425 1951 3626 2007 Lotha-

2014 2043 2206 2118 ringiae
2256 2042 2482 2112 recepit.
2533 2041 2766 2112 (Lmen)
2829 2041 3088 2096 Saraceni
3157 2058 3190 2096 a
3247 2041 3538 2099 Fraxineto
3576 2047 3634 2097 et

2016 2131 2302 2186 Gareliano
2357 2137 2542 2184 monte
2593 2135 2880 2194 exeuntes,
2943 2127 3270 2196 Calabriam,
3355 2129 3628 2201 Apuliam,

2017 2227 2414 2291 Beneventum,
2446 2225 2814 2280 Romanorum
2864 2239 3086 2296 quoque
3138 2224 3306 2279 urbes
3353 2224 3432 2279 ita
3463 2239 3631 2280 occu-

2018 2325 2169 2389 pant,
2227 2323 2286 2370 ut
2331 2331 2778 2387 unamquamque
2819 2315 3056 2371 mediam
3097 2314 3350 2382 Romani,
3385 2314 3640 2370 mediam

2017 2409 2275 2464 Saraceni
2299 2414 2592 2463 tenerent:
2626 2413 2681 2462 et
2719 2407 3268 2480 gravissimeltaliam
3287 2404 3634 2478 premebant.

2087 2502 2212 2554 9l7.
2507 2501 2561 2554 5.
2879 2501 2968 2554 18.
3224 2499 3311 2554 12.

2087 2592 2231 2663 (Man
2259 2593 2274 2662 )
2301 2591 2618 2647 Anastasius
2637 2591 2799 2646 124118
2841 2600 2897 2645 et
2927 2599 3054 2662 post
3079 2590 3228 2645 hunc
3258 2589 3441 2645 Laudo
3475 2587 3636 2645 125ιι³

2022 2685 2281 2740 Romanae
2305 2683 2568 2739 recclesia:
2624 2683 2928 2754 president.
2969 2684 3097 2752 (1b.)
3139 2682 3340 2758 Ungari
3371 2681 3633 2738 Aleman-

2023 2778 2168 2832 niam
2199 2784 2365 2832 totam
2395 2776 2762 2842 devastantes,
2796 2791 2970 2846 usque
3007 2773 3234 2829 Fuldam
3277 2773 3633 2844 perveniunt.

2091 2870 2215 2924 918.
2472 2868 2527 2924 6.
2785 2868 2873 2924 19.
3157 2866 3243 2920 13.

2098 2960 2368 3030 (Ιιιυυρρ.)
2427 2961 2706 3015 Romanus
2767 2959 3062 3013 Grecorum
3137 2957 3438 3027 imperator
3496 2955 3641 3013 ﬁlios

2027 3071 2157 3110 suos
2186 3055 2528 3124 Stephanum
2555 3060 2610 3107 et
2660 3051 3105 3116 Constantinum,
3135 3065 3258 3105 cum
3291 3049 3517 3106 domino
3537 3065 3638 3104 suo

2028 3146 2387 3202 Constantino
2457 3145 2786 3214 imperatore
2825 3143 3099 3212 imperare
3150 3141 3437 3197 constituit
3469 3159 3484 3206 ;
3517 3141 3639 3211 ipso

2027 3237 2386 3294 Constantino
2405 3237 2737 3306 imperatore
2768 3249 2937 3305 opere
2966 3249 3232 3288 manuum
3281 3249 3527 3301 suarum,
3556 3233 3638 3304 pi-

2027 3341 2235 3388 cturam
2258 3331 2468 3386 scilicet
2490 3330 2717 3402 pulchre
2745 3329 3080 3394 exercendo,
3119 3327 3227 3382 sibi
3253 3328 3456 3384 victum
3486 3343 3642 3401 quae-

2030 3430 2203 3476 rente.
2265 3421 2452 3491 (\Vm.)
2509 3419 2796 3474 llattonem
2855 3417 3236 3490 Moguntinum
3290 3417 3640 3490 episcopum,

2028 3514 2183 3581 cujus
2202 3513 2330 3568 dolo
2385 3511 2518 3566 olim
2558 3509 2884 3564 Adelbertus
2925 3510 3184 3578 perierat,
3241 3525 3333 3564 rex
3360 3508 3644 3566 Conradus

2027 3601 2287 3656 sollicitat
2313 3599 2480 3653 etiam
2518 3603 2708 3652 contra
2734 3596 3045 3652 Heinricum
3092 3597 3370 3651 Saxonum
3419 3597 3641 3663 ducem,

2029 3700 2255 3763 pr0pter
2283 3688 2584 3760 potentiam
2640 3686 2814 3758 ipsius
2837 3685 2946 3742 sibi
2989 3694 3334 3756 suspectum.
3383 3685 3463 3741 Ad
3492 3686 3643 3758 quod

2023 3801 2145 3840 cum
2191 3785 2305 3852 jam
2357 3789 2612 3852 torquem
2661 3793 2882 3834 auream
2934 3777 3232 3848 episcOpus
3296 3775 3641 3843 fabricasset,

2025 3889 2146 3945 quae
2162 3871 2304 3927 collo
2325 3869 2482 3925 ducis
2511 3884 2696 3924 secum
2729 3866 3073 3922 convivantis
3128 3865 3473 3936 injiceretur,
3511 3865 3640 3921 dolo

2031 3964 2249 4036 prodito
2305 3961 2598 4017 frustratus
2655 3967 2738 4015 est
2769 3977 2784 4024 ;
2813 3967 2869 4014 et
2907 3965 3032 4029 post
3061 3957 3304 4012 triduum
3353 3955 3547 4013 morbo
3587 3966 3646 4014 et

315 4039 504 4108 Bern.)
539 4038 716 4092 Berno
771 4037 945 4093 abbas
990 4037 1293 4094 moriturus
1322 4038 1568 4094 Odonem
1599 4038 1732 4094 olim
1759 4039 1919 4094 musi-

2033 4065 2261 4125 angore,
2311 4048 2397 4104 vel
2449 4055 2510 4103 ut
2565 4047 2656 4102 alii
2741 4045 2932 4100 dicunt
3003 4043 3251 4100 fulminis
3297 4044 3408 4100 ictu
3458 4043 3641 4115 periit.

318 4144 444 4183 cum
476 4127 764 4184 constituit
813 4126 1070 4182 abbatem
1132 4126 1510 4183 Cluniacensis
1583 4127 1824 4206 coenobii
1867 4143 1919 4182 ea

2034 4143 2344 4215 Complices
2375 4140 2592 4196 consilii
2655 4139 2821 4194 etiam
2878 4153 2910 4192 a
2956 4137 3099 4192 duce
3153 4137 3330 4209 patria
3375 4135 3644 4193 eliminati

317 4218 665 4284 conditione,
698 4225 759 4272 ut
781 4216 1030 4272 ascelesia
1051 4215 1426 4274 Cluniacensis
1454 4215 1692 4271 solveret
1719 4232 1934 4271 annua-

2034 4244 2183 4292 sunt.
2221 4235 2384 4290 Misso
2403 4240 2584 4288 autem
2615 4230 2858 4286 exercitu
2885 4246 2917 4284 a
2961 4245 3092 4304 rege
3119 4235 3308 4286 contra
3329 4229 3642 4297 Henricum,

315 4310 412 4363 tim
439 4307 703 4400 ecclesiae
743 4305 1092 4380 Gigniacensi
1141 4321 1368 4362 censum
1423 4305 1721 4362 duodecim
1755 4305 2178 4400 dena-Dm,“a
2235 4324 2386 4380 caede
2425 4325 2669 4378 Saxones
2717 4318 3000 4375 debaccau
3048 4325 3176 4373 sum
3234 4318 3291 4372 in
3345 4332 3462 4384 eos,
3523 4327 3582 4374 ιιι
3610 4335 3644 4374 ε

318 4402 524 4457 riorum
549 4399 694 4469 (1.99)
726 4401 811 4454 ηδ.

385 4510 512 4566 913.
811 4512 858 4563 1.
1148 4509 1233 4563 14.
1525 4507 1578 4562 8.

2031 4415 2214 4470 mimis
2242 4413 2661 4476 declamaretur,
2692 4408 2918 4463 ubinam
2951 4415 3097 4462 esset
3129 4413 3314 4462 tantus
3341 4405 3434 4461 ille
3461 4406 3642 4462 infer-

2034 4522 2158 4572 nus,
2191 4503 2284 4576 qui
2312 4511 2515 4556 tantam
2547 4513 2811 4554 caesorum
2845 4494 3254 4550 multitudinem
3287 4509 3488 4566 capere
3517 4511 3641 4567 pos-

393 4601 722 4656 Ludowicus
759 4599 827 4654 ab
853 4599 1202 4656 ltaliensibus
1240 4597 1306 4652 ad
1349 4599 1692 4673 regnandum
1726 4596 1934 4652 reinvi-
2034 4606 2137 4650 set.
2181 4594 2363 4664 (Mam)
2397 4589 2596 4662 Ungari
2625 4604 2723 4659 per
2769 4585 3148 4640 Alemanniam
3199 4585 3256 4640 in
3278 4584 3556 4654 Alsatiam,
3589 4596 3646 4643 et

317 4702 482 4756 tatus,
515 4700 628 4747 tam
654 4693 764 4746 cito
803 4691 1006 4746 oblitus
1066 4690 1361 4760 juramenti
1393 4691 1449 4744 in
1508 4690 1718 4746 Italiam
1744 4698 1936 4745 contra
2037 4701 2214 4758 usque
2234 4683 2303 4739 ad
2333 4679 2736 4752 Lotharingiam
2764 4676 3117 4748 perveniunt.

321 4782 716 4856 Berengarium
763 4781 934 4849 vadit,
981 4789 1130 4837 eteo
1197 4781 1424 4853 expulso
1476 4797 1708 4856 regnum
1763 4781 1933 4836 Italiae

321 4878 573 4941 usurpat.

2106 4779 2228 4832 919.
2519 4774 2574 4830 7.
2861 4770 2952 4824 20.
3246 4770 3333 4824 14.

2108 4871 2230 4939 (Ιὸ.)
2277 4868 2557 4924 Johannes
2613 4865 2904 4921 Ravennas
2945 4861 3244 4934 episcopus
3307 4863 3470 4919 126ιι¹11
3532 4863 3645 4922 Ro-

1668 4969 1888 5024 VARl/E
1918 4967 2291 5030 LECTIONES.

401 5073 470 5108 1"
501 5072 613 5126 Vlll
637 5086 813 5126 errore
844 5071 892 5125 1.
927 5074 976 5124 et
999 5071 1076 5124 sic
1107 5069 1352 5142 deinceps
1399 5086 1594 5126 errans
1625 5087 1792 5141 usque
1839 5088 1894 5126 α.
1951 5071 2076 5126 927.
2130 5070 2196 5103 “3
2230 5066 2558 5142 Reginop—
2612 5063 2869 5142 perduxit
2895 5064 3090 5142 desunt
3113 5061 3172 5115 Ι).
3209 5061 3275 5141 1⁷⁸
3317 5063 3414 5132 qui
3443 5070 3498 5118 et
3525 5063 3648 5134 ipse

324 5176 398 5186 —
437 5144 791 5199 denariorum
815 5146 873 5196 in
903 5157 1106 5195 rasum
1129 5130 1376 5194 dimidia:
1411 5143 1565 5197 linem
1579 5130 1839 5210 Sigfeur.
1853 5146 2049 5207 tertiis,
2077 5141 2195 5212 rell.
2213 5130 2363 5212 Unus
2391 5130 2694 5212 C‘2f.vefbn
2715 5136 2935 5212 :ABerno
2960 5165 3037 5212 —_
3037 5130 3390 5212 denariorum
3416 5130 3646 5212 prorsus

323 5219 528 5272 omittit
556 5232 571 5280 ;
605 5217 664 5268 A.
693 5215 877 5268 eadem
905 5213 1155 5267 subamto
1181 5204 1870 5279 demum914,ita'ewhibet
1899 5204 2106 5268 :Berno
2131 5211 2304 5266 abbas
2316 5207 2711 5282 Gygniacensis
2727 5204 3645 5282 fundatortlluniacensisAccenobii

323 5274 574 5343 Odonem
614 5285 882 5340 musicum
912 5290 967 5338 et
991 5299 1056 5336 cx
1084 5283 1233 5338 clero
1259 5274 1562 5339 Turonensi
1591 5286 1925 5340 monachum
1983 5282 2266 5339 constituit
2297 5274 2427 5352 post"
2465 5296 2522 5335 se
2551 5274 3116 5352 abbatemmCluniaci,
3172 5280 3457 5352 eo.pacto‘
3481 5284 3540 5352 ut
3591 5293 3646 5332 a.

325 5359 387 5414 G.
423 5375 472 5412 s.
507 5373 557 5411 a.
583 5373 628 5410 a.
668 5357 726 5411 G.
765 5371 812 5410 c.
845 5355 900 5409 d.
924 5353 1305 5426 denariorum,
1337 5357 1532 5424 quibus
1559 5361 1830 5426 prwpomt
1861 5373 1874 5409 :
1909 5355 2018 5410 Hoc
2045 5343 2312 5426 tempore.
2341 5367 2542 5426 corpus
2559 5356 2764 5406 sanctae
2793 5347 2940 5401 Fidis
2960 5353 3024 5426 et.
3039 5343 3302 5426 martyris
3332 5345 3400 5399 ab
3431 5345 3648 5426 Aginno

325 5431 466 5484 urbe
508 5427 833 5483 transfertur
871 5425 938 5480 ad
968 5418 1364 5498 monasterium
1397 5418 1795 5498 quod-dicitur
1852 5427 2116 5482 Conchas.
2167 5418 2246 5480 Ἰη
2295 5427 2343 5478 1.
2377 5418 2587 5483 nullum
2648 5433 2860 5475 rasum
2911 5418 3220 5484 vestigium,
3273 5431 3442 5486 quare

322 5501 591 5556 monacho
624 5500 956 5554 Virdunensi
981 5497 1174 5552 addita
1198 5497 1470 5554 videntur.

3559 5435 3650 5473 ca

1889 5567 2099 5623 NOT/E.

399 5657 573 5728 (196.)
596 5656 671 5711 Ad
703 5673 753 5710 a.
775 5654 958 5726 potius
985 5655 1108 5709 906.

2115 5655 2251 5725 {197)
2276 5656 2336 5711 A.
2362 5653 2506 5720 926;
2535 5651 2608 5708 cf.
2643 5649 2780 5704 Μαι).
2815 5651 2944 5703 Acta
2975 5647 3071 5702 SS.
3105 5645 3238 5702 Ben.
3277 5663 3333 5715 ν,
3362 5647 3452 5703 88.
