3894 6070
1258 9 1569 29 υιυυυμιιι
1586 7 1602 28 ι
1642 0 2154 28 υυιιιυυηυιῖιηοω,

51 120 226 160 mana:
267 105 533 160 iecclesiie
574 107 839 176 presidet.
892 106 1079 175 (\V'm.)
1104 105 1382 161 Conradus
1411 120 1502 159 rex
1532 85 1655 160 mo-
1685 107 1732 173 Α
1758 103 1874 177 regi
1914 117 2147 175 regnum
2202 97 2599 172 Lotliaringim,
2667 98 2947 169 episcopis
2974 105 3029 152 et
3085 97 3386 153 comitibus

52 194 201 248 riens
228 208 412 248 coram
442 193 790 264 principibus
830 194 981 265 regni
1014 210 1196 266 regem
1230 193 1481 265 designat
1515 192 1658 248 Hen-
1760 193 2019 262 utrinque
2052 190 2291 261 jurando
2338 205 2398 245 re
2422 206 2470 243 m
2530 188 3004 249 conﬁrmantibus.
3035 190 3211 259 (Mm)
3244 190 3386 244 San-

54 286 251 351 ricum,
307 282 480 339 ﬁlium
538 285 760 340 Octonis
814 285 1088 338 Saxonum
1145 284 1321 339 ducis.
1389 283 1483 338 Hic
1529 298 1660 355 ergo

57 385 248 448 regnat
268 376 429 432 annis
471 377 552 432 I7.
1079 427 1083 431 .

129 470 257 527 920.
476 471 540 524 R.
574 472 624 524 I.
808 467 865 521 F.
910 468 1001 522 21.
1188 468 1245 523 C.
1289 470 1376 523 I5.

133 561 368 631 (Inuum)
415 559 681 614 Henricus
739 575 831 613 rex
894 566 1083 615 contra
1124 560 1420 616 Arnoldum
1453 560 1522 614 ab
1556 560 1668 615 Un-

60 651 205 723 garis
229 665 535 723 regressum
568 664 693 703 cum
743 647 987 703 exercitu
1039 649 1096 703 in
1147 649 1449 719 Bajoariam
1482 649 1670 722 profe-

62 750 201 806 ctus,
230 756 355 795 eum
389 738 587 793 virtute
620 744 676 793 et
704 738 978 809 sapientia
1027 755 1127 794 sua
1166 740 1233 794 ad
1265 740 1492 814 gratiam
1517 756 1669 794 suam

63 832 297 898 inﬂexit,
326 831 539 886 addens
566 839 622 885 et
643 831 1048 886 ordinationem
1078 831 1465 903 episc0porum
1507 833 1675 888 totius

66 921 351 989 Bajoariaa.
415 918 600 989 (Win.)
656 920 1031 975 Burchardum
1090 920 1254 975 etiam
1307 921 1503 976 ducem
1552 922 1676 975 Ale-

66 1013 306 1067 mannize
335 1012 482 1068 bello
532 1013 852 1069 deterritum
903 1013 971 1067 ad
1025 1029 1085 1068 se
1142 1012 1351 1067 inﬂexit
1399 1012 1675 1084 (A.Lob.)

70 1105 365 1160 Rotbertus
385 1105 517 1171 dux,
542 1104 707 1160 frater
730 1104 935 1161 Odouis
953 1104 1120 1177 regis.
1154 1111 1424 1176 appetens
1446 1120 1674 1179 regnum

72 1195 403 1249 Francorum
430 1203 621 1249 contra
679 1194 955 1261 Karolum,
996 1193 1342 1265 inquietabat
1372 1194 1677 1261 Franciam,

71 1284 302 1355 ejusque
350 1283 611 1338 instinctu
670 1298 865 1339 omnes
912 1298 1069 1355 paene
1119 1283 1392 1355 primores
1436 1282 1678 1338 Francia:

71 1371 464 1427 adversabatur
484 1370 701 1426 Karolo.

140 1464 268 1518 721.
556 1463 612 1517 2.
828 1459 834 1465 ’
865 1461 955 1519 22.
1260 1464 1340 1519 I6.

144 1555 264 1625 (1b.)
296 1554 579 1625 Stephano
611 1553 1029 1609 Leodicensium
1087 1555 1350 1627 episcopo
1400 1555 1679 1621 defuncto,

75 1644 362 1700 Ricbarius
390 1644 472 1699 vir
496 1642 801 1699 catholicus
840 1659 871 1698 a
904 1642 1100 1699 Karolo
1154 1660 1253 1715 per
1308 1646 1683 1701 auctoritatem

76 1754 233 1808 papae
268 1735 497 1791 Romani
543 1735 831 1791 ordinatur
878 1736 1195 1808 episcopus,
1246 1737 1534 1809 repudiato
1580 1738 1687 1791 Hil-

78 1828 275 1893 duino,
307 1826 401 1898 qui
434 1826 672 1897 pecunia
724 1825 850 1880 data
875 1825 1001 1881 duci
1057 1827 1382 1895 Gisleberto,
1415 1829 1691 1883 ambiebat

76 1919 145 1975 ab
175 1935 241 1973 eo
270 1917 378 1972 sibi
412 1917 525 1972 dari
570 1918 971 1989 episcopatum.
1021 1921 1174 1986 (Vita
1196 1918 1379 1986 Guib.)
1403 1920 1513 1975 Hoc
1552 1927 1690 1974 tem-

78 2026 209 2081 pore
253 2008 498 2063 clarebat
552 2008 697 2062 inter
754 2007 970 2062 nobiles
1050 2008 1412 2081 Lotharingize
1469 2019 1691 2068 sanctus

79 2108 233 2172 pater
281 2107 470 2154 noster
494 2098 837 2165 Guicbertus,
893 2099 986 2170 qui
1050 2108 1320 2165 nostrum,
1377 2102 1688 2158 Gemmela-

78 2207 240 2246 cense
280 2188 490 2243 scilicet
531 2188 598 2221 ³⁷⁸
637 2186 953 2242 ccenobium
998 2186 1281 2254 fundavit,-
1315 2191 1408 2262 qui
1456 2191 1686 2260 divitiis,

78 2279 366 2335 nobilitate
418 2285 473 2332 et
523 2279 771 2350 potentia
823 2278 1026 2346 clarus,
1077 2279 1360 2354 cingulum
1396 2283 1688 2338 mundanae

75 2368 285 2423 militiae
338 2368 645 2439 deponens,
697 2368 920 2442 cingulo
1005 2376 1206 2424 sancta:
1288 2370 1573 2445 religionis
1630 2372 1689 2427 in

75 2462 400 2517 monachico
454 2460 645 2515 habitu
699 2477 757 2516 se
807 2461 1061 2516 accinxit.
1116 2462 1205 2531 (V.
1260 2464 1466 2535 Wme)
1523 2463 1688 2534 Zipti-

77 2570 212 2608 neus
242 2554 352 2607 dux
378 2553 613 2607 Boemia:
642 2553 711 2607 ad
751 2552 915 2606 fidem
949 2552 1142 2608 Christi
1193 2570 1513 2621 conversus,
1541 2557 1687 2625 juste

75 2656 129 2701 et
152 2648 482 2720 re'igiosein
516 2646 737 2701 Boemia
793 2647 1232 2718 principabatur,
1300 2660 1351 2703 et
1409 2659 1531 2721 post
1562 2669 1686 2707 eum

77 2735 370 2795 Watizlaus
400 2734 546 2788 filius
576 2734 697 2802 ejus
722 2752 737 2799 ;
792 2743 915 2804 post
934 2735 1296 2791 Wantizlaum
1330 2738 1689 2794 Wencezlaus
1713 2775 1758 2804 ρ

1712 2779 1760 2842 C

75 2826 384 2895 ﬁliuscjus,
411 2826 621 2895 jUstitia
644 2834 700 2881 et
721 2826 1006 2881 sanctitate
1050 2828 1350 2898 preclarus,
1401 2832 1487 2885 cui
1519 2830 1687 2886 frater

76 2934 211 2972 suus
245 2916 516 2972 Bolizlaus
543 2917 706 2972 nimis
731 2918 1141 2975 adversabatur.

145 3011 265 3065 922.
559 3010 613 3067 3.
902 3011 991 3065 24.
1280 3014 1365 3069 17.

145 3100 313 3168 (Msa.
362 3100 572 3166 Lwnr.)
633 3102 865 3175 Ungaris
910 3102 1210 3158 Franciam.
1256 3104 1533 3172 Alsatiam,
1562 3106 1689 3161 Ale-

73 3192 375 3258 manniam,
408 3193 813 3264 Saxoniamque
870 3193 1361 3265 depopulantibus,
1402 3196 1691 3252 Heinricus

75 3298 169 3335 rex
196 3282 351 3349 juxta
417 3280 609 3335 urbem
672 3280 1028 3336 Meresburhc
1088 3297 1442 3355 congressus,
1484 3300 1691 3339 vovens

76 3370 209 3435 Deo,
239 3385 337 3438 pro
368 3367 733 3437 adipiscenda
774 3368 1002 3424 victoria
1054 3385 1113 3424 se
1140 3370 1379 3425 heresim
1411 3374 1692 3443 symonia-

72 3478 192 3517 eam
228 3462 295 3516 de
318 3477 489 3536 regno
533 3476 634 3515 suo
689 3459 1117 3527 cradicaturum,
1151 3460 1511 3517 inestimabili
1540 3465 1691 3520 caede

72 3569 168 3608 eos
207 3567 382 3642 usque
437 3550 504 3603 ad
557 3548 990 3604 internetionem
1045 3564 1201 3619 paene
1244 3550 1465 3606 delevit.
1505 3553 1688 3631 (Win)

72 3646 185 3699 Rex
219 3643 508 3698 Heinricus
531 3657 897 3714 quoscunque
928 3642 1098 3710 fures,
1157 3644 1400 3701 latrones
1427 3655 1522 3702 aut
1552 3649 1694 3704 sica-

70 3738 183 3793 rios
213 3753 378 3791 manu
409 3735 576 3792 fortes
600 3743 655 3789 et
680 3734 846 3789 bellis
862 3743 1021 3805 aptos
1037 3752 1160 3792 esse
1199 3738 1444 3806 videbat,
1480 3740 1696 3796 indulta

68 3833 151 3887 eis
173 3832 335 3887 venia
362 3846 523 3903 agros
573 3839 627 3883 et
654 3845 807 3882 arma
864 3828 1049 3893 dabat,
1090 3838 1144 3885 et
1203 3832 1477 3907 legionem
1514 3852 1582 3890 ex
1614 3838 1695 3891 eis

66 3922 275 3977 faciens
304 3919 373 3973 ad
404 3916 770 3971 debellandos
806 3915 1077 3971 barbaros
1098 3920 1429 3989 exponebat,
1465 3924 1699 3990 edicens

66 4017 320 4081 omnino,
359 4021 420 4068 ut
448 4011 665 4067 civibus
699 4012 1081 4068 tantummodo
1116 4026 1418 4084 parcerent.
1443 4012 1694 4088 (A.Lob.)

69 4110 297 4167 Karolus
328 4122 420 4160 rex
444 4104 772 4158 Francorum
804 4120 926 4158 cum
983 4106 1186 4162 auxilio
1235 4109 1672 4170 Lothariensium
1705 4085 1759 4154 ί)

58 4202 214 4270 juxta
242 4196 435 4251 urbem
465 4192 777 4248 Suessionis
825 4210 1078 4267 pugnans
1126 4204 1319 4252 contra
1353 4199 1674 4257 Rotbertum

68 4292 288 4345 fratrem
322 4286 530 4342 Odonis
563 4283 729 4359 regis,
772 4284 866 4356 qui
924 4293 1114 4340 contra
1142 4303 1201 4342 se
1251 4304 1479 4362 regnum
1512 4292 1677 4348 Fran-

63 4396 257 4435 corum
289 4375 607 4443 invadebat,
654 4374 799 4445 (Wto
830 4374 847 4445 )
879 4390 1004 4430 eum
1048 4392 1171 4431 cum
1204 4380 1391 4433 multis
1422 4383 1676 4450 peremit,

64 4475 123 4522 et
152 4484 209 4521 se
232 4476 287 4521 et
325 4466 607 4521 Franciam
662 4466 894 4523 Henrico
954 4468 1068 4540 regi
1113 4469 1406 4538 submittit,
1440 4472 1604 4545 eique
1622 4475 1676 4529 in

64 4555 269 4628 pignus
303 4554 552 4625 perpetui
619 4553 846 4610 fmderis
907 4565 961 4611 et
1008 4557 1211 4612 amoris
1260 4559 1423 4614 mittit
1455 4577 1675 4617 manum

62 4649 301 4723 preciosi
341 4648 591 4718 martyris
645 4649 872 4705 Dionisii
932 4651 1279 4720 Harisiensis,
1339 4671 1475 4711 auro
1521 4674 1675 4731 gem-

62 4741 281 4812 misque
310 4741 599 4795 inclusam.

136 4834 260 4887 923.
540 4833 594 4886 ι.
867 4836 956 4889 24.
1231 4838 1317 4905 I8,

138 4926 232 4995 (Α.
262 4924 373 4979 Lob
402 4924 418 4994 )
448 4923 625 4997 Reges
658 4923 924 4979 Henricus
975 4934 1030 4981 et
1058 4928 1284 4983 Karolus
1317 4929 1463 5001 apud
1525 4932 1675 4985 Bun-

66 5030 192 5071 nam
219 5014 286 5048 ¹⁷⁶
314 5013 812 5080 conftederantur;
845 5019 900 5067 et
954 5013 1178 5070 Karolus
1222 5017 1402 5071 reddit
1445 5018 1678 5075 Henrico

1708 1430 1759 1498 B

1762 286 1887 361 guis
1912 284 2127 339 Domini
2182 281 2426 338 crucifixi
2489 282 2645 337 venit
2697 282 2749 335 in
2804 282 3034 349 Augiam
3070 301 3084 347 ;
3117 282 3258 337 forte
3290 282 3384 336 ille

1763 372 2009 445 sanguis,
2042 372 2136 443 qui
2165 371 2235 425 de
2269 370 2508 444 imagine
2530 370 2747 425 Domini
2777 369 2955 437 ﬂuxit,
2987 386 3106 424 cum
3140 371 3386 426 secundo

1766 463 2031 517 Dominus
2069 461 2125 516 in
2168 460 2409 536 imagine
2446 477 2546 515 sua
2590 476 2620 515 a
2648 461 2856 515 Iudaeis
2883 461 3066 531 priora
3116 469 3391 532 pateretur

1770 552 1858 604 “7.
1895 551 2419 623 (I.Iunp.)Africani,
2455 552 2550 623 qui
2592 567 2692 621 per
2720 552 3086 606 munitionem
3120 552 3390 606 Gareliani

1772 640 1977 696 montis
2007 648 2178 695 totam
2211 640 2420 694 Italiam
2446 638 2750 706 laniabant,
2783 655 2885 709 per
2913 639 3163 693 militiam
3196 639 3395 695 Johan-

1774 734 1862 789 nis
1890 750 2046 806 papze
2075 740 2129 789 et
2167 750 2266 805 per
2296 734 2559 789 auxilium
2631 734 2862 790 Romani
2892 734 3186 789 Grecorum
3221 735 3394 805 impe-

1775 827 1973 882 ratoris
2006 834 2259 883 conserta
2308 842 2434 881 cum
2485 826 2567 881 eis
2597 842 2784 901 pugna
2836 826 2909 881 ita
2974 833 3305 891 atteruntur,
3338 836 3399 881 ut

1779 934 1846 973 ne
1881 934 2027 973 unus
2056 918 2278 990 quidem
2341 917 2696 988 superfuerit,
2739 918 2834 991 qui
2876 934 2984 974 non
3025 927 3117 974 aut
3155 919 3401 974 trucida-

1778 1016 1931 1064 retur
1963 1016 2058 1065 aut
2097 1018 2426 1081 caperetur:
2475 1010 2665 1066 multis
2717 1012 3064 1079 testantibus,
3116 1011 3399 1082 apostolos

1781 1104 1872 1160 Dei
1907 1105 2125 1160 Petrum
2154 1112 2208 1159 et
2250 1104 2477 1159 Paulum
2531 1105 2587 1159 in
2637 1105 2730 1161 illo
2770 1106 2917 1162 bello
2947 1106 3096 1163 visos
3126 1106 3295 1161 fuisse
3328 1106 3397 1161 ad

1780 1195 2039 1250 auxilium
2067 1194 2515 1249 christianorum.

1849 1306 1976 1363 924.
2263 1308 2319 1359 5.
2572 1306 2663 1361 25.
2960 1309 3051 1364 19.

1855 1398 2044 1468 (\Viu.)
2129 1398 2240 1453 Rex
2305 1398 2568 1453 Henricus
2619 1415 2812 1469 pacem
2866 1416 2992 1455 cum
3054 1399 3287 1474 Ungaris
3344 1400 3402 1455 in

1785 1506 1985 1546 novem
2016 1505 2192 1545 annos
2217 1488 2415 1545 ﬁrmat.
2448 1491 2536 1558 (A.
2598 1491 2749 1561 Lob.)
2811 1490 3037 1547 Karolus
3076 1508 3170 1547 rex
3231 1493 3404 1547 Fran-

1786 1597 1974 1636 corum
2031 1597 2061 1635 a
2101 1580 2301 1636 comite
2370 1580 2656 1635 Heriberto
2714 1588 2932 1653 captus,
2986 1581 3038 1635 in
3095 1581 3402 1636 custodiam

1778 1672 2046 1726 [Perronae
2078 1669 2337 1738 truditur,
2369 1669 2439 1725 ob
2482 1685 2670 1724 necem
2725 1670 2971 1725 Rotberti
3025 1670 3185 1725 ducis
3214 1670 3284 1724 ab
3334 1686 3402 1726 eo

1792 1761 2085 1833 perempti.
2120 1760 2332 1831 Liunp])
2392 1759 2658 1815 Rodulfus
2704 1776 2796 1814 rex
2847 1760 3297 1834 Burgundionum
3329 1761 3400 1818 ab

1794 1850 2146 1906 ltaliensibus
2172 1850 2239 1904 ad
2281 1849 2624 1921 regnandum
2669 1856 2861 1904 contra
2893 1850 3285 1925 Berengarium
3320 1850 3403 1904 in-

1790 1941 2011 2003 vitatus,
2071 1945 2322 1996 conserta
2378 1954 2502 1993 cum
2584 1939 2912 2011 Berengario
2972 1955 3179 2014 pugna,
3229 1954 3408 2011 eoque

1790 2032 1967 2088 victor
1994 2031 2246 2103 expulso,
2271 2047 2501 2103 regnum
2522 2031 2689 2085 Italiae
2720 2030 2931 2087 3annis
2962 2031 3154 2086 tenuit.

1859 2142 1983 2195 923'
2239 2140 2293 2194 6.
2583 2140 2672 2195 26.
2994 2139 3081 2195 20.

1861 2232 1976 2285 Rex
2009 2229 2279 2285 Henricus
2308 2228 2502 2284 urbem
2537 2228 2850 2285 Sclavorum
2900 2230 3290 2286 Brennaburcli
3322 2246 3415 2284 ca-

1790 2322 1890 2392 pit,
1925 2326 1979 2374 et
2033 2319 2190 2374 victis
2238 2318 2416 2373 Slavis
2461 2317 2723 2373 tributum
2782 2318 3018 2389 imponit
3072 2318 3258 2388 (\Vio.)
3300 2318 3411 2373 Rex

1794 2412 2057 2467 Henricus
2081 2410 2328 2485 agrarios
2383 2409 2587 2464 milites
2634 2425 2949 2474 recensens,
2995 2409 3168 2464 edixit
3196 2414 3255 2463 ut
3284 2416 3410 2464 octo

1790 2516 1980 2555 eorum
2010 2499 2066 2553 in
2088 2499 2256 2572 agris.
2289 2513 2469 2553 nonus
2511 2514 2643 2553 vero
2693 2499 2749 2551 in
2795 2498 2930 2552 urbe
2965 2505 3269 2552 moraretur
3302 2515 3316 2562 ;
3353 2506 3412 2551 ut

1789 2600 1914 2649 octo
1937 2602 1993 2646 et
2013 2591 2118 2646 sibi
2142 2599 2197 2646 et
2238 2606 2385 2646 nono
2441 2591 2495 2644 in
2527 2590 2673 2665 agris
2703 2589 3038 2655 laborarent,
3068 2605 3250 2645 nonus
3279 2605 3411 2645 vero

1788 2682 1846 2735 in
1869 2680 2003 2735 urbe
2036 2679 2251 2735 tertiam
2282 2686 2493 2750 partem
2536 2678 2783 2733 omnium
2826 2677 3041 2752 frugum
3076 2678 3296 2732 illorum
3331 2695 3412 2732 re-

1784 2774 2026 2824 servaret
2059 2768 2114 2821 in
2142 2767 2391 2821 edibusa
2423 2783 2482 2821 se
2503 2766 2573 2819 ad
2607 2767 2710 2820 hoc
2752 2766 3017 2821 extructis
3040 2783 3054 2830 ;
3078 2774 3137 2820 ut
3167 2766 3223 2819 in
3256 2766 3409 2821 bello

1787 2857 1924 2912 nihil
1964 2855 2126 2911 alicui
2160 2871 2352 2911 eorum
2409 2856 2652 2921 deesset,
2693 2854 2972 2926 urbesque
3001 2855 3169 2909 rebus
3193 2863 3249 2909 et
3280 2855 3415 2909 viris

1788 2952 1965 3021 plenae
1988 2957 2194 3005 essent.
2219 2950 2450 3021 (LIUDP.)
2498 2950 2860 3023 Berengarius
2911 2966 3003 3019 rex
3032 2949 3099 3003 ab
3140 2949 3411 3005 ltaliensi-

1786 3042 1891 3097 bus
1929 3042 2099 3113 impie
2139 3041 2448 3113 perimitur.
2508 3042 2705 3114 Ungari
2758 3042 2985 3097 Salardo
3018 3042 3158 3097 duce
3195 3041 3404 3097 Italiam

1791 3138 2172 3204 pervagantes,
2198 3130 2419 3202 Papiam
2448 3131 2707 3186 obsident
2728 3140 2782 3186 et
2822 3132 3129 3186 incendunt
3200 3140 3211 3145 ‘

1859 3239 1982 3295 926.
2260 3239 2312 3291 7.
2566 3239 2656 3292 27.
2948 3240 3040 3294 21.

1864 3328 1949 3398 (Α.
1994 3328 2094 3382 Lob
2126 3328 2139 3394 )
2171 3327 2397 3381 Karolus
2445 3343 2535 3381 rex
2601 3328 2930 3383 Francorum
2990 3328 3092 3383 sub
3152 3330 3405 3384 custodia

1795 3416 2063 3472 Heriberti
2084 3416 2209 3470 exul
2240 3423 2295 3469 et
2323 3423 2526 3487 martyr
2546 3417 2791 3471 moritur.
2826 3416 3093 3471 Rodulfus
3123 3425 3318 3491 regnat
3346 3418 3401 3472 in

1794 3510 2019 3567 Francia
2044 3508 2273 3565 annisﬁ.
2319 3508 2545 3577 (LIUDPJ
2570 3508 2807 3579 Symeon
2833 3507 3156 3579 Bulgar,qui
3190 3524 3254 3562 ex
3282 3509 3408 3578 phi-

1792 3605 2027 3676 losopho
2056 3602 2380 3669 monachus,
2412 3616 2478 3655 ex
2495 3600 2764 3654 monacho
2819 3599 2976 3652 miles
3007 3598 3185 3653 factus
3227 3599 3406 3655 domi-

1794 3695 2035 3750 nabatur
2062 3692 2408 3765 Bulgaribus,
2437 3692 2635 3745 Grecos
2654 3690 2892 3745 hraviter
2912 3690 3097 3744 atterit
3130 3708 3143 3757 ;
3179 3691 3277 3745 sed
3295 3691 3404 3746 Ro-

1794 3802 1990 3842 manus
2044 3786 2341 3839 Grecorum
2399 3782 2696 3852 imperator
2753 3781 2873 3852 ejus
2929 3780 3199 3836 insaniam
3264 3781 3405 3838 facto

1795 3880 2005 3935 foedere
2042 3876 2331 3951 mitigavit.
2401 3902 2405 3907 ν

1866 3991 1992 4047 927.
2280 3989 2333 4043 8.
2616 3993 2663 4045 1.

2572 1306 2663 1361 25.

2951 3988 3039 4043 22.

1850 4101 2034 4171 (Win)
2074 4099 2202 4154 Post
2227 4097 2456 4153 morlem
2500 4098 2677 4154 Karoli
2735 4099 2882 4172 regis
2930 4098 3251 4154 nolentibus
3281 4099 3391 4154 Lo-

1782 4194 2050 4266 tharingis
2081 4191 2313 4247 Henrico
2346 4193 2460 4263 regi
2493 4192 2742 4259 subesse,
2774 4192 2997 4263 quidam
3031 4192 3406 4266 Lotliaringus

1781 4286 2003 4342 nomine
2033 4284 2333 4339 Cristianus
2363 4284 2620 4338 simulata
2674 4281 2992 4339 inﬁrmitate
3023 4284 3421 4339 Gislebertum‘

1781 4380 1976 4435 ducem
2009 4379 2076 4433 ad
2116 4394 2175 4432 se
2213 4378 2341 4433 dolo
2370 4387 2656 4433 evocatum
2698 4379 2845 4449 cepit
2872 4378 3103 4453 regique
3134 4379 3307 4443 misit,
3340 4386 3401 4434 ut

1782 4488 1879 4543 per
1904 4488 2027 4526 eum
2073 4471 2480 4544 Lotharingiam
2511 4470 2617 4525 sibi
2648 4471 2932 4526 subiceret
3002 4473 3066 4526 At
3089 4488 3179 4526 rex
3216 4472 3399 4542 inspe-

1778 4573 1861 4622 cta
1894 4565 2163 4621 industria
2188 4572 2243 4619 et
2265 4565 2514 4636 potentia
2543 4565 2857 4632 Gisleberti,
2878 4565 3043 4621 filiam
3072 4582 3228 4620 suam
3262 4566 3400 4620 Ger-

1780 4660 2005 4733 bergam
2032 4660 2083 4714 ei
2138 4659 2472 4730 despondet,
2522 4667 2578 4714 et
2632 4675 2758 4714 eum
2808 4660 3005 4714 iterum
3037 4659 3404 4733 Lotharingiaa

1779 4748 2013 4820 preﬁcit.
2066 4749 2136 4816 (A
2184 4749 2340 4819 Lob.)
2396 4746 2740 4811 Ludowicus,
2807 4746 2952 4801 filius
3015 4746 3192 4801 Karoli
3238 4748 3399 4822 regis,

1780 4841 2107 4896 insidiantes
2165 4839 2269 4895 sibi
2330 4840 2570 4914 fugiens,
2623 4854 2722 4910 per
2752 4854 2902 4893 mare
2943 4839 3136 4894 transit
3178 4839 3253 4911 [in
3299 4841 3409 4893 An-

1778 4930 1963 5006 gliam.
1999 4929 2172 4984 Mater
2223 4930 2372 4987 enim
2427 4929 2548 4998 ejus
2604 4928 2783 4983 fuerat
2844 4927 2954 4981 Iilia
3004 4928 3153 5002 regis
3200 4927 3408 5003 Anglo—

1781 5037 1902 5075 rum
1932 5019 2042 5092 ¹⁷⁸.]
2074 5020 2305 5093 (ιιυυρ.)
2340 5019 2607 5076 Rodulfus
2638 5034 2729 5073 rex
2768 5018 2837 5073 ab
2857 5018 3216 5075 ltaliensibus
3241 5034 3405 5090 repu-

1418 5119 1639 5175 VARI/E
1681 5121 2052 5177 LECTIONES.

137 5216 204 5250 "5
239 5225 394 5286 pater
424 5224 613 5272 noster
641 5221 689 5269 et
720 5222 969 5271 nostrum
1000 5219 1051 5269 et
1076 5215 1291 5271 scilicet
1321 5218 1407 5271 hic
1427 5223 1475 5273 et
1509 5220 1688 5275 ubivis
1742 5222 1800 5274 in
1829 5221 2029 5275 talibus
2095 5222 2349 5274 omittunt
2377 5220 2435 5272 Α.
2494 5217 2589 5271 ΓΙ.
2631 5217 2719 5270 4*.
2757 5217 2796 5270 D
2843 5216 2913 5251 ¹⁷⁶
2934 5216 3179 5270 hunnam
3212 5214 3307 5269 CI.
3341 5214 3394 5269 3.

76 5289 154 5361 ι’.
171 5286 253 5361 Δ1).
283 5288 427 5341 deest
456 5287 583 5353 83*,
618 5287 683 5322 ¹⁷⁷
715 5288 771 5357 d)
799 5286 1035 5360 Sanguis
1064 5317 1124 5326 —
1155 5296 1435 5357 pateretur
1451 5290 1595 5345 deest
1619 5292 1676 5345 Ι).
1716 5291 1781 5325 ίτθ
1811 5294 1929 5360 Sig,
1976 5294 2153 5361 primo
2216 5291 2464 5361 ediderat
2497 5306 2509 5342 :
2544 5288 2766 5361 fugiens
2804 5303 2958 5341 mare
3028 5287 3241 5342 transit.
3297 5286 3409 5342 Ro-

80 5357 370 5434 lulfus_etc.
406 5361 683 5434 Atpostea
722 5363 792 5415 Ιδ.
818 5357 944 5434 ante
965 5374 1115 5413 mare
1155 5361 1622 5434 interposuitgper,
1656 5367 1705 5417 et
1733 5357 1902 5417 erasis
1928 5357 2149 5418 vocibus
2185 5360 2453 5416 Rodulfus
2483 5391 2552 5400 —
2577 5357 2932 5434 subrogatum
2963 5374 3177 5434 rasura:
3212 5374 3402 5427 super-

89 5431 283 5499 cripsit
313 5428 366 5484 in
403 5429 651 5505 Angliam
674 5460 740 5471 —
770 5429 1125 5505 subrogatur.
1154 5432 1238 5487 Ita
1269 5433 1441 5499 igitur
1465 5428 1582 5501 Sig.
1616 5434 1786 5490 locum
1803 5434 2185 5504 ampliaverat,
2217 5448 2383 5504 quam
2421 5432 2713 5489 secundum
2740 5428 3301 5501 Editionemfpararet.
