3924 6080
101 215 194 270 181

1598 211 1949 270 CHRONICA.

3335 229 3440 285 182

91 337 302 404 diatur,
335 347 392 393 et
412 336 568 409 Hugo
599 350 787 392 comes
821 335 1225 392 Arelatensium
1254 335 1309 390 in
1338 349 1566 408 regnum
1589 335 1720 391 sub-
1747 343 1794 410 Α
1823 339 1953 410 quia
1981 339 2248 408 Bajoariis
2268 341 2496 409 faverat,
2531 344 2712 416 Papim
2747 347 3130 416 exiliatur,ubi
3161 358 3216 406 et
3237 351 3436 408 librum

95 437 346 506 rogatur.

160 523 291 579 928.
485 521 544 576 R.
579 521 636 576 9.
856 519 914 575 F'
941 519 998 574 2.
1185 518 1240 574 C.
1267 519 1338 573 23

161 617 254 680 (A.
285 614 446 685 Lob.)
501 611 828 668 Ludowieus
885 612 940 666 in
1003 610 1284 667 Franciam
1342 626 1618 678 reversus,
1661 618 1714 666 et

93 708 218 762 licet
244 722 574 773 erumnose,
607 712 790 758 tamen
845 703 902 758 in
933 719 1104 778 regno
1165 703 1468 763 restitutus.
1520 709 1714 778 regnat

89 797 248 850 annis
290 795 384 850 26.
427 792 660 865 (LIUDP.)
695 792 806 847 Rex
860 792 1012 866 Hugo
1067 791 1336 863 quosdam
1369 789 1709 844 Italieusium

87 893 382 956 suspectos
408 883 515 938 sibi
556 881 789 938 consilio
817 889 873 937 et
926 882 1130 937 virtute
1179 879 1465 937 Samsonis
1491 877 1712 934 comitis

85 978 499 1031 circumventos
525 974 631 1029 sibi
674 973 990 1029 substravit.
1055 973 1239 1044 (Ibid.)
1273 970 1564 1026 Ratherius
1609 970 1710 1025 Lo-

87 1065 303 1120 biensis
335 1063 663 1126 monachus,
694 1061 777 1116 vir
803 1061 988 1116 nimiae
1014 1060 1402 1132 simplicitatis,
1419 1059 1514 1115 sed
1543 1075 1709 1129 expe-

88 1160 286 1214 rientia
316 1158 629 1214 liberalium
670 1157 872 1212 artium
899 1157 1240 1223 nominatus,
1264 1172 1388 1212 eum
1425 1155 1706 1220 Hilduino,

88 1252 240 1323 quiin
257 1249 614 1324 Lotharingia
638 1249 1018 1320 episcopatum
1036 1248 1431 1304 Leodicensem
1447 1247 1576 1302 olim
1593 1263 1710 1300 am-

88 1343 346 1408 bierat,in
359 1341 645 1397 Italiamad
663 1341 944 1416 Hugonem
960 1357 1147 1415 regem
1169 1339 1706 1412 profectus,Veronze

87 1432 386 1502 episcopus
415 1431 484 1485 ab
519 1431 747 1504 Hugone
775 1429 1152 1495 constituitur,
1213 1428 1470 1483 Hilduino
1499 1427 1708 1482 Medio-

87 1525 192 1580 lani
250 1525 675 1596 archiepiscOpo
731 1523 1036 1578 ordinato.’
1070 1522 1256 1594 (Wio.)
1296 1523 1408 1578 Rex
1443 1521 1730 1598 Henricus.

87 1621 322 1674 Granam
353 1619 423 1654 ‘7’
451 1619 644 1673 urbem
677 1617 1034 1673 Dalamantim
1064 1617 1232 1688 capit,
1277 1624 1334 1672 et
1364 1617 1708 1672 Dalamancis

88 1704 355 1758 tributum
385 1703 638 1776 imponit.

150 1793 276 1847 929.

150 1885 388 1955 (Linon)
421 1885 688 1942 Lanceam
720 1886 956 1941 mirandi
1019 1887 1205 1958 operis
1255 1894 1311 1942 et
1368 1886 1540 1941 clavis
1577 1885 1708 1941 Iesu

91 1975 276 2029 Christi
309 1975 556 2029 crucifixi
588 1974 1009 2040 sanctificatam,
1065 1990 1188 2046 quae
1219 1974 1420 2030 dicitur
1457 1973 1622 2045 primi
1653 1983 1708 2029 et

93 2064 266 2135 magni
303 2062 650 2118 Constantini
683 2063 1032 2135 imperatoris
1064 2063 1256 2130 fuisse,
1307 2064 1567 2120 donatam
1598 2064 1708 2119 Ro-

91 2152 232 2207 dulfo
260 2152 382 2226 regi
445 2152 900 2222 Burgundionum
949 2159 1005 2208 et
1047 2151 1213 2206 Italiae
1243 2168 1275 2206 a
1308 2151 1576 2207 Samsone
1605 2168 1706 2208 co-

93 2242 233 2306 mite,
291 2257 389 2294 rex
448 2240 713 2296 Henricus
776 2241 1056 2312 precibus,
1118 2241 1304 2307 minis,
1359 2240 1704 2301 muneribus.

91 2333 274 2388 addita
302 2331 471 2387 etiam
505 2340 656 2404 parte
704 2333 993 2404 provintiae
1046 2334 1369 2399 Suevorum,
1403 2350 1438 2387 η
1468 2333 1706 2389 Rodulfo

89 2426 280 2480 comite
305 2435 604 2496 extorquet
637 2443 652 2491 ;
677 2433 732 2480 et
761 2426 904 2480 hanc
930 2426 998 2480 ad
1031 2426 1251 2501 insigne
1274 2426 1709 2481 ettutamenim-

88 2513 214 2581 perii
249 2513 490 2584 posteris
531 2513 776 2585 reliquit.

151 2601 276 2656 930.
541 2605 595 2656 11
613 2644 624 2656 .
905 2603 941 2655 2
1251 2602 1340 2658 25.

153 2692 348 2760 (Ιὸίἀ.)
373 2691 655 2746 Iohannes
676 2708 820 2764 papa
848 2709 880 2746 a
918 2690 1190 2748 militibus
1249 2691 1516 2746 Guidonis
1556 2707 1704 2746 mar-

91 2779 300 2835 chionis
321 2787 515 2851 captus
544 2788 599 2835 et
651 2781 708 2834 in
738 2781 1048 2836 custodiam
1075 2787 1278 2846 trusus,
1315 2779 1572 2836 cervicali
1605 2796 1703 2835 su-

91 2889 181 2943 per
211 2889 275 2928 os
296 2871 420 2942 ejus
449 2873 627 2943 posito
659 2873 898 2944 pessime
920 2873 1292 2948 strangulatus
1323 2879 1425 2927 est.
1461 2874 1518 2926 In
1543 2873 1702 2941 cujus

87 2965 202 3019 loco
223 2965 366 3018 alter
392 2964 678 3019 Iohannes
719 2965 1051 3038 subrogatus
1103 2973 1207 3032 est,
1232 2964 1399 3019 frater
1429 2964 1696 3032 Alberici,

546 1793 630 1849 10.
885 1799 940 1850 ·1.
1198 1794 1289 1850 21.

1820 426 1890 482 de
1919 429 2034 483 suis
2062 431 2311 485 erumnis
2343 432 2652 488 luculenter
2705 435 2896 492 edidit.
2956 438 3191 510 Scripsit
3245 448 3300 496 et
3329 442 3437 498 alia

1817 516 1991 572 multa
2008 518 2326 590 legentibus
2345 519 2516 576 utilia.

1885 609 2008 664 933.
2269 612 2353 667 14.
2630 615 2683 670 5.
2975 619 3066 676 28.

1885 701 2410 774 (ΜΑΙι.)·δῐΘρΙΙᾶηιι8
2464 705 2726 778 Romanas
2778 709 3042 766 aecclesize
3078 713 3177 768 128
3209 726 3264 756 us
3293 731 3425 786 pre-

1811 791 1975 846 sidet.
2023 793 2249 865 (Liuor)
2314 797 2686 854 Beneventani
2718 807 2910 855 contra
2963 802 3165 860 Grecos
3219 805 3425 862 bellum

1812 888 2062 953 agentes,
2089 889 2361 956 quotquot
2379 887 2691 954 jGrecormn
2747 889 3066 960 capiebant,
3095 895 3425 950 eunuchiza-

1813 973 1966 1027 banL

1885 1063 2010 1117 934.
2279 1066 2370 1119 15.
2631 1069 2685 1122 6.
2975 1073 3045 1128 29

1881 1151 2068 1222 (Wm.,
2102 1153 2217 1208 Msa
2245 1155 2260 1224 )
2287 1153 2486 1228 Ungari
2537 1157 2799 1214 tributum
2831 1177 2862 1216 a
2905 1161 3217 1219 Saxonibus
3265 1181 3427 1237 repe-

1810 1247 2011 1308 tentes,
2053 1243 2121 1295 ab
2154 1244 2398 1298 exercitu
2431 1245 2650 1302 Henrici
2682 1249 2827 1322 regis
2855 1251 3184 1308 occiduntur
3209 1263 3304 1309 aut
3333 1271 3428 1310 ca-

1808 1331 2032 1400 piuntur
2063 1351 2078 1398 ;
2107 1333 2298 1405 eisque
2329 1335 2398 1390 ad
2430 1337 2866 1394 internecionem
2899 1342 3122 1410 deletis,
3150 1344 3418 1400 tributum

1805 1421 1957 1491 quod
1983 1423 2356 1493 repetebatur,
2390 1426 2500 1481 Deo
2535 1443 2633 1497 pro
2663 1435 2960 1500 gratiarum
2991 1432 3208 1487 actione
3233 1434 3287 1488 in
3316 1451 3428 1490 aec-

1808 1509 1996 1564 clcsiis
2023 1518 2076 1565 et
2097 1513 2434 1584 pauperibus
2451 1515 2767 1571 exsolvitur.
2794 1517 2915 1572 Otto
2945 1518 3091 1574 filius
3122 1521 3427 1595 regisHen-

1810 1597 1908 1652 rici
1938 1614 2162 1655 uxorem
2193 1601 2342 1658 ducit
2399 1601 2565 1658 tiliam
2632 1603 2966 1662 Eathmundi
3027 1609 3174 1682 regis
3224 1612 3426 1684 Anglo-

1735 1689 1786 1758 B
1810 1703 1950 1744 rum.

1881 1781 2006 1838 935.
2297 1786 2386 1841 ιδ.
2660 1791 2712 1844 7.
3008 1793 3098 1862 30,

1881 1873 2068 1945 (Ibid.)
2093 1875 2374 1932 Iohannes
2405 1877 2668 1936 Romana:
2687 1881 2954 1938 aacclesize
2973 1885 3129 1939 t29u8
3158 1887 3423 1956 presidet.

1807 1967 2044 2039 (LIUDP.)
2073 1969 2131 2023 ln
2163 1970 2438 2027 Genuensi
2465 1974 2601 2028 urbe
2639 1973 2764 2031 fons
2795 1978 3082 2053 sanguinis
3113 1981 3420 2054 largissime

1806 2058 2037 2127 efﬂuxit,
2071 2063 2409 2132 portenlens
2432 2064 2570 2120 forte
2599 2068 2752 2122 urbis
2807 2069 2982 2140 ipsius
3033 2073 3417 2130 imminentem

1806 2151 2041 2219 ruinam,
2071 2169 2193 2224 quae
2231 2154 2424 2209 eodem
2460 2173 2606 2213 anno
2636 2157 2704 2212 ab
2761 2159 3054 2228 Africanis,
3083 2179 3207 2218 cum
3239 2165 3414 2221 classe

1806 2240 1936 2296 illuc
1999 2243 2374 2311 venientibus,
2429 2255 2609 2316 capta,
2678 2249 2892 2304 cunctis
2919 2251 3130 2306 civibus
3171 2256 3424 2326 exceptis

1810 2331 2052 2400 parvulis
2077 2341 2132 2386 et
2162 2333 2486 2388 mulieribus
2515 2336 2691 2406 captis
2717 2343 2810 2391 aut
2839 2338 3057 2402 occisis,
3093 2341 3258 2396 etiam
3288 2345 3420 2398 the-

1807 2423 1985 2477 sauris
2012 2424 2128 2478 suis
2154 2433 2238 2480 est
2293 2433 2570 2481 evacuate.
2607 2429 2750 2496 (Win
2778 2435 2799 2497 )
2848 2431 2957 2484 Rex
3029 2432 3298 2489 Henricus
3325 2435 3426 2490 Da-

1810 2527 1931 2579 uos,
1965 2513 2058 2584 qui
2088 2529 2188 2584 per
2217 2515 2499 2584 piraticam
2534 2516 2805 2574 Fresones
2833 2520 3217 2589 incursabant,
3249 2525 3423 2581 vincit

1807 2607 1863 2654 et
1883 2600 2201 2657 tributarios
2231 2601 2380 2670 facit,
2413 2611 2468 2658 et
2499 2603 2763 2677 Chiupam
2797 2624 2980 2683 regem
3009 2625 3198 2666 eorum
3231 2613 3416 2686 bapti-

1805 2692 1914 2746 zari
1948 2691 2098 2747 facit.

1872 2781 1998 2838 936.
2250 2786 2333 2840 17.
2657 2789 2712 2843 8.
2963 2791 3053 2847 31.

1875 2873 2056 2943 (Mam)
2135 2876 2238 2932 Leo
2298 2878 2557 2934 Romanae
2607 2881 2870 2938 ascclesiae
2928 2884 3091 2938 140118
3145 2887 3412 2956 presidet.

1801 2961 2324 3034 (Ltuop.)Rodulfus
2384 2985 2476 3023 rex
2539 2969 2866 3044 Burgundiae
2922 2973 3168 3031 moritur.
3221 2979 3420 3050 (Ιὸἱά.)

85 3056 309 3112 Romam
333 3057 564 3126 expulso
595 3055 825 3131 Hugone
872 3057 1139 3130 regentis.
1173 3056 1316 3110 Alibi
1347 3055 1548 3129 legitur
1597 3058 1700 3112 hoc
1725 3043 1772 3112 C
1803 3053 1964 3126 Inger
1994 3072 2086 3109 rex
2118 3055 2436 3127 Hussorum,
2469 3061 2652 3117 sciens
2669 3063 3257 3122 exercitusGrecorum
3289 3086 3413 3126 esse

84 3146 135 3197 in
167 3145 292 3200 loco
341 3146 451 3200 Leo
500 3161 644 3216 papa
691 3147 1024 3216 presedisse.
1089 3144 1280 3214 (Mam,
1337 3145 1506 3216 Win.)
1556 3145 1700 3200 Ven-

81 3237 298 3292 cezlaus
333 3237 594 3308 princeps
625 3238 882 3305 Boemize,
941 3255 972 3292 a
1000 3254 1130 3313 rege
1167 3237 1402 3293 Henrico
1435 3237 1490 3291 in
1528 3237 1696 3310 I’raga

83 3330 212 3384 urbe
228 3329 518 3398 obsessus,
546 3346 605 3385 se
633 3338 688 3385 et
717 3331 912 3386 urbem
947 3331 1062 3404 regi
1083 3329 1258 3398 dedit,
1292 3337 1347 3385 et
1381 3330 1696 3402 impositam

86 3422 318 3476 Boemiae
346 3421 572 3476 multam
600 3421 790 3478 tributi
831 3422 1014 3478 solvit.

146 3514 244 3568 93I
261 3557 274 3570 .
532 3514 586 3570 2.
875 3515 929 3572 3.
1209 3516 1300 3572 26.

144 3607 333 3674 (Mam)
392 3608 656 3664 Henricus
722 3625 816 3664 rex
878 3625 1037 3684 reges
1084 3609 1588 3666 Northmannorum
1641 3618 1696 3664 et

75 3694 459 3750 Abrotidorum
487 3697 820 3753 christianos
851 3697 998 3753 facit.
1038 3699 1100 3766 (Α
1165 3699 1360 3768 Laub.)
1411 3695 1696 3752 Hubaldus

76 3785 451 3839 monachuset
507 3785 874 3858 philosophus
927 3787 996 3842 de
1053 3787 1240 3844 Sancti
1271 3789 1696 3846 AmandiElno-

79 3878 264 3932 nensis
289 3879 435 3934 obiit
465 3879 532 3914 ¹⁸⁰
561 3881 724 3952 (198).
760 3881 950 3953 (Νιυ.)
1000 3882 1220 3938 Redarii
1281 3900 1458 3955 usque
1489 3885 1556 3939 ad
1591 3885 1698 3939 200

79 3969 224 4023 milia
255 3971 547 4025 hominum
563 3973 947 4044 conspirantes
971 3981 1164 4030 contra
1192 3975 1484 4031 Henricum
1508 3993 1692 4052 regem

81 4059 370 4128 rebellant,
403 4070 460 4116 et
489 4080 717 4137 regnum
749 4065 870 4134 ejus
897 4066 1136 4140 graviter
1165 4066 1447 4136 infestant,
1481 4075 1536 4123 et
1556 4069 1692 4124 vici-

79 4169 172 4206 nas
197 4161 400 4224 gentes
420 4153 490 4208 ad
533 4156 913 4212 rebellandum
961 4158 1228 4214 animant.
1263 4160 1369 4214 Sed
1398 4176 1429 4214 a
1455 4161 1691 4216 ducibus

77 4245 218 4316 regis
249 4245 529 4301 Bernardo
561 4263 592 4300 e
643 4245 916 4304 Tietmaro
943 4250 1092 4321 gravi
1125 4249 1274 4306 bello
1313 4251 1464 4316 victi,
1497 4268 1691 4308 omnes

1801 3144 1996 3201 ductos
2029 3156 2219 3203 contra
2245 3151 2547 3208 Saracenos
2583 3163 2640 3210 et
2691 3156 2758 3209 ad
2790 3156 3093 3212 insularum
3128 3162 3412 3216 custodias

1799 3234 2098 3306 dispersos,
2130 3237 2198 3290 ad
2251 3241 2675 3313 expugnandam
2725 3242 3258 3318 Constantinopolim
3293 3267 3416 3306 cum

1800 3327 1950 3383 mille
1979 3337 2035 3384 et
2063 3345 2130 3385 eo
2159 3331 2398 3402 amplius
2449 3335 2680 3390 navibus
2725 3338 2896 3405 venit,
2926 3339 3065 3395 adeo
3096 3343 3166 3396 de
3188 3342 3419 3400 victoria

1791 3420 1905 3489 jam
1932 3437 2178 3489 securus,
2209 3431 2270 3478 ut
2296 3425 2498 3481 Grecos
2528 3442 2639 3482 non
2681 3429 2883 3497 occidi,
2943 3432 3040 3485 sed
3079 3434 3202 3504 capi
3231 3437 3413 3506 preci-

1798 3521 1972 3583 peret.
2005 3513 2216 3577 Quibus
2239 3515 2537 3587 imperato:
2567 3519 2850 3575 Romanus
2879 3537 3004 3576 cum
3035 3525 3227 3594 paucis
3272 3527 3413 3580 viri-

1796 3600 1922 3656 liter
1943 3617 2260 3672 occurrens,
2293 3605 2649 3662 circumcirva
2681 3608 2852 3666 Greco
2880 3610 2993 3684 igni
3028 3611 3230 3680 injecto
3265 3630 3408 3689 pene

1797 3707 1992 3748 omnes
2031 3711 2154 3750 cum
2210 3697 2442 3752 navibus
2494 3700 2722 3767 exussit,
2779 3702 2970 3772 paucis
3021 3703 3408 3770 evadentibus,

1797 3797 2103 3854 omnesque
2143 3786 2390 3856 captivos
2448 3787 2710 3843 decollari
2727 3789 2912 3858 jussit.

1869 3874 1993 3930 937.
2277 3878 2356 3932 18.
2637 3879 2693 3938 9.
2961 3881 3050 3937 32.

1867 3964 2058 4036 (\Vw.)
2091 3965 2200 4020 Hoc
2227 3982 2374 4022 anno
2406 3968 2659 4042 prodigia
2693 3985 3025 4042 apparuere.
3073 3973 3165 4029 Sol
3205 3990 3406 4033 sereno

1795 4058 1930 4114 caelo
1950 4059 2320 4127 obscuratur;
2353 4079 2452 4132 per
2504 4063 2769 4120 fenestras
2819 4083 2950 4124 vero
3001 4069 3288 4124 domorum
3319 4088 3408 4126 ra-

1793 4145 1914 4202 dios
1943 4149 2101 4219 quasi
2137 4149 2475 4221 sanguineos
2535 4153 2822 4208 emittebat
2876 4156 3047 4224 Mons,
3081 4159 3175 4212 ubi
3215 4169 3408 4230 pOstea

1793 4253 1886 4290 rex
1918 4238 2180 4294 Henricus
2221 4241 2472 4311 sepultus
2519 4253 2623 4310 est,
2684 4245 2932 4301 flammas
2971 4250 3233 4304 multisin
3269 4251 3406 4307 locis

76 4348 228 4399 patne
261 4333 632 4402 perimuntur,
662 4343 755 4390 aut
785 4335 1060 4410 fugientes
1087 4338 1142 4392 in
1174 4340 1310 4393 mari
1367 4339 1550 4396 vicino
1589 4322 1766 4394 (λθ-Ι)
1793 4331 2102 4384 evomebat.
2134 4331 2382 4388 Hominis
2437 4335 2722 4404 cujusdam
2759 4337 2982 4392 sinistra
3021 4356 3217 4395 manus
3256 4342 3401 4398 ferro

75 4433 404 4494 merguntur
431 4442 446 4491 ;
469 4431 526 4480 et
565 4427 668 4482 hoc
699 4426 840 4482 facto
866 4427 1062 4484 vicinae
1101 4437 1300 4503 gentes
1329 4447 1360 4486 a
1385 4431 1690 4488 rebellione

73 4511 445 4571 deterrentur.

143 4604 271 4658 932.
498 4635 534 4666 ο
561 4609 642 4662 13.
928 4611 980 4666 4.
1271 4613 1362 4669 27.

142 4691 376 4762 (Linum)
408 4695 680 4750 Arnoldus
738 4698 801 4732 ¹⁸¹
841 4698 946 4752 dux
991 4699 1364 4768 Bajoariorum
1395 4702 1449 4756 in
1476 4703 1683 4761 Italiam

70 4790 258 4836 eontra
313 4783 596 4858 llugonem
663 4804 846 4861 regem
903 4790 1134 4846 veniens
1186 4809 1218 4846 a
1276 4793 1686 4854 Veronensibus

65 4873 383 4943 suscipitur,
413 4883 466 4930 et
495 4893 618 4932 cum
672 4879 894 4953 Hugone
947 4883 1258 4956 confligens
1278 4885 1537 4944 vincitur.
1578 4891 1685 4946 Ra-

67 4961 283 5016 thcrius
308 4965 608 5038 episcOpus
635 4983 665 5022 a
692 4985 820 5042 rege
853 4969 1080 5046 Hugone
1111 4973 1436 5046 episcopatu
1468 4977 1680 5046 pulsus,

1790 4429 2090 4492 amputata,
2123 4431 2244 4495 post
2269 4441 2475 4481 alinum
2509 4443 2666 4497 paene
2694 4427 2964 4503 integrum
2998 4430 3049 4484 ei
3100 4431 3396 4487 dormienti

1791 4515 2041 4570 restituta
2067 4525 2188 4584 est;
2223 4517 2313 4589 qui
2372 4535 2470 4588 pro
2509 4519 2670 4594 signo
2727 4521 2975 4588 miraculi
3033 4521 3180 4577 linea
3240 4525 3395 4596 quasi

1788 4607 2092 4682 sanguinea
2130 4609 2250 4664 loco
2314 4610 2721 4677 conjunctionis
2785 4613 3092 4668 notabatur.
3131 4615 3396 4672 Henricus

1787 4717 1879 4754 rex
1909 4698 2156 4763 moritur,
2186 4699 2426 4770 quilicet
2455 4700 2508 4753 in
2541 4701 2829 4756 vincendis
2861 4702 3390 4777 inimicisgloriosus

1789 4791 1972 4858 fuerit,
1997 4791 2127 4862 quia
2189 4799 2371 4846 tamen
2421 4791 2684 4862 pacificus
2735 4801 2872 4860 erat,
2932 4795 3136 4850 nullam
3168 4813 3392 4868 operam

1787 4887 1961 4954 dedit,
2004 4897 2063 4943 ut
2092 4887 2344 4960 eﬂ'ugatis
2372 4889 2440 4942 ab
2469 4890 2621 4942 Italia
2651 4890 2916 4960 tyrannis,
2952 4892 3042 4964 qui
3075 4894 3230 4964 quasi
3261 4912 3397 4950 con-

1785 4979 1985 5037 ductivi
2011 4981 2374 5036 mercennarii
2435 4981 2573 5036 alter
2627 4982 2785 5037 alteri
2827 4986 3393 5058 succedentesimpc-

1425 5120 1645 5177 VARI/{‘3
1667 5123 2043 5181 LECTIONES.

69 5239 209 5336 Inde.
226 5239 375 5336 {den}
399 5241 838 5336 ξιξξεηξιςειξᾜιξ
857 5259 1035 5336 omnes
1063 5253 1264 5336 pr'mtcr
1292 5254 1376 5336 Α.3
1408 5258 1503 5322 qui
1517 5259 1759 5336 primam
1781 5259 2055 5336 Siggbertf
2102 5261 2392 5336 Eumenem
2432 5262 2691 5336 scqltitiu'.
2716 5259 2989 5336 Rodulfus
3014 5263 3349 5336 —_Msubroga
3367 5291 3388 5302 ο

74 5311 369 5394 tprdgunt
399 5311 528 5367 Βάῆ
563 5312 683 5377 4“,
720 5311 785 5348 ¹⁷⁹
804 5314 947 5370 Cana
991 5323 1006 5370 1
1055 5311 1148 5374 sed
1175 5311 1466 5379 rorreciuin
1499 5311 1638 5390 ;‘Cl.
1681 5327 1732 5382 3.
1767 5311 1949 5394 42.00,
1987 5331 2052 5364 ¹³⁰
2102 5311 2654 5386 Πυιᾶάινᾶὶίέ-έῖώίίί
2692 5311 2992 5388 ἀέέαιέῖὒ.
3054 5311 3388 5390 “rd-rh“;-

73 5381 168 5435 dus
196 5382 316 5448 Sig.

1557 5495 1766 5550 NOTAE.

143 5579 280 5646 (I90;
309 5580 347 5633 Α
405 5579 532 5647 930,
555 5583 860 5638 secundum
892 5586 1132 5644 Annales
1157 5589 1515 5650 Laubienses.
