3894 6070
275 260 381 315 183

1487 256 1828 312 SIGEBERTI
1866 254 2378 315 GEMBLACENSIS.

3497 271 3608 326 184

276 385 423 442 rium
449 382 824 449 dilaniabantﬂ
853 381 1304 439 benedictionem
1359 382 1699 455 imperialem
1729 399 1884 438 acce—
1907 389 1961 452 Α
1984 392 2135 456 gnat,
2165 392 2220 440 et
2266 386 2395 440 inde
2441 402 2539 442 eos
2592 387 2761 463 fugat.
2802 390 2996 460 (Wto.)
3049 393 3406 467 Tangmarus,
3440 397 3617 454 frater

280 481 469 553 pisset.
504 479 627 533 Post
652 493 814 549 quem
865 475 1014 531 ﬁlius
1063 477 1184 546 ejus
1215 477 1336 532 Otto
1365 492 1430 531 ex
1460 476 1739 541 Mathilda,
1773 475 1885 531 ﬁlia

281 570 607 627 Theoderici
630 570 788 624 ducis
825 570 1124 637 Saxonum,
1166 569 1458 640 imperavit
1513 569 1673 623 annis
1698 568 1767 623 36
1797 569 1883 624 ¹⁸¹.

284 660 446 732 ((Win
475 660 491 729 )
520 658 665 714 Obiit
692 666 914 714 sanctus
942 658 1056 713 Odo
1112 658 1321 729 primus
1358 657 1530 712 abbas
1563 656 1887 712 Cluniacen-

283 753 360 807 sis
389 770 403 817 ;
436 751 683 808 succedit
709 751 760 806 ei
786 751 1087 806 Ademarus
1113 750 1220 820 133.]

355 841 480 898 938.
703 841 768 897 R.
799 842 850 897 1.
1068 840 1124 894 F.
1161 838 1248 894 10.
1466 837 1523 893 C.
1554 836 1641 894 33.

358 936 584 1007 (LIUDP.)
649 934 843 990 Contra
894 933 1146 987 Ottonem
1186 932 1583 1003 imperatorem
1625 930 1897 986 rebellant

289 1027 595 1082 Everardus
622 1040 806 1080 comes
852 1023 1039 1095 palatii
1096 1030 1151 1077 et
1197 1022 1535 1077 Gislebertus
1565 1023 1672 1076 dux
1706 1022 1899 1076 Lotha-

289 1122 502 1198 ringim,
526 1121 618 1192 qui
660 1120 990 1193 Gerbergam
1036 1133 1284 1173 sororem
1335 1117 1513 1188 ipsius
1543 1116 1898 1187 imperatoris

294 1229 519 1270 uxorem
550 1211 809 1267 habebat.
840 1210 1028 1282 (Mam)
1081 1207 1283 1283 Ungari
1349 1224 1450 1278 per
1477 1207 1812 1262 Austrasiam
1846 1214 1901 1262 et

291 1305 692 1368 Alemanniam,
722 1302 912 1358 multis
949 1299 1266 1357 civitatibus
1305 1299 1433 1372 igne
1467 1305 1521 1353 et
1545 1298 1727 1370 gladio
1757 1314 1897 1354 con-

292 1396 546 1467 sumptis,
594 1394 918 1450 Wormaciae
970 1393 1163 1447 Rheno
1213 1389 1463 1456 transito,
1505 1404 1681 1461 usque
1703 1389 1771 1443 od
1801 1404 1897 1443 oc-

291 1504 521 1544 ceanum
580 1486 779 1542 Gallias
829 1490 1066 1550 vastant,
1115 1489 1171 1538 et
1220 1499 1321 1554 per
1365 1481 1576 1536 Italiam
1642 1480 1896 1535 redeunt.

296 1581 385 1641 (V.
414 1576 618 1646 Wenc.)
659 1574 923 1644 Princeps
962 1572 1202 1628 Boemiaa
1252 1570 1612 1626 Weneezlaus
1662 1570 1748 1623 vir
1776 1585 1905 1623 san-

1989 472 2202 529 Ottonis
2228 476 2396 549 regis,
2430 476 2498 530 ab
2522 492 2589 531 eo
2644 478 2710 532 ad
2746 480 2934 535 hostes
2983 483 3105 552 ejus
3137 485 3357 551 transit,
3385 493 3440 541 et
3467 486 3617 542 inter

1989 569 2175 617 cetera
2194 564 2337 619 mala
2362 564 2703 622 Heresburch
2744 576 2981 624 castrum
3037 572 3183 646 regis
3213 574 3382 645 capit,
3415 575 3612 647 ibique

1993 673 2024 710 a
2055 673 2185 730 rege
2214 659 2530 727 conclusus,
2596 661 2722 718 telis
2765 662 2906 719 intra
2961 668 3268 724 zecclesiam
3321 671 3617 727 confossus

1979 746 2180 814 periit.

2066 834 2191 889 942.
2462 838 2519 893 5.
2797 843 2883 898 14.
3165 847 3252 901 37.

2072 924 2251 992 (Mam)
2284 926 2523 983 Marinus
2553 929 2812 985 Romauze
2852 933 3118 989 zecclesiae
3160 935 3320 992 131ιιε
3353 937 3603 1007 presidet

1999 1018 2086 1084 (V.
2126 1018 2248 1085 Ud.)
2294 1019 2371 1072 Ad
2403 1019 2549 1075 hunc
2586 1034 2813 1079 sanctus
2848 1025 3137 1081 Udalricus
3167 1029 3235 1063 ’⁸⁸
3264 1029 3494 1084 Romam
3522 1047 3628 1084 ve-

1999 1109 2181 1175 niens,
2214 1111 2282 1163 ab
2310 1127 2375 1166 eo
2407 1115 2631 1186 agnovit
2651 1131 2710 1171 se
2742 1116 2987 1174 futurum
3019 1120 3344 1191 episcOpum
3364 1124 3631 1197 Augustae

1999 1200 2407 1258 Viudelicorum
2461 1208 2660 1277 ;quod
2721 1216 2843 1278 post
2915 1226 3092 1266 annos
3144 1213 3209 1266 15
3261 1211 3462 1267 factum
3521 1222 3631 1269 est.

2002 1290 2227 1360 (LIUDP.)
2254 1293 2591 1350 Gislebertus
2615 1306 2669 1351 et
2720 1298 3025 1355 Everardus
3056 1316 3181 1355 cum
3225 1302 3478 1358 Heinrico
3509 1302 3624 1356 fra-

2002 1391 2083 1439 tre
2115 1385 2644 1458 imperatorisjuxta
2698 1390 2950 1447 Rhenum
2991 1403 3185 1450 contra
3234 1395 3631 1466 imperatorem

2000 1475 2207 1530 bellum
2240 1488 2517 1547 parantes,
2566 1481 2772 1537 milites
2828 1484 3184 1554 imperatoris
3234 1486 3545 1553 ollendunt,
3580 1495 3637 1543 et

2005 1564 2160 1618 mnlti
2188 1581 2312 1621 cum
2346 1568 2538 1637 paucis
2566 1572 2960 1641 congressione
3028 1573 3191 1641 facta,
3250 1575 3472 1630 interim
3535 1578 3634 1630 im-

296 1675 419 1721 ctus
448 1664 827 1735 martyrizatur
869 1679 901 1717 a
946 1661 1112 1716 fratre
1161 1676 1260 1716 suo
1311 1659 1571 1724 Bolizlao,
1603 1659 1903 1713 ambitione
1936 1733 1965 1735 ᾖ
2006 1661 2259 1723 peratore
2281 1656 2337 1709 in
2370 1656 2479 1711 alio
2510 1659 2686 1713 Rheni
2743 1659 2903 1715 litore
2960 1669 3086 1716 ante
3151 1664 3335 1719 clavos
3406 1665 3624 1720 Domini

298 1755 638 1829 preripiendi
694 1753 1035 1825 principatus
1089 1752 1319 1807 seducto
1363 1770 1379 1816 ;

297 1846 562 1901 ultionem
593 1860 686 1899 rex
714 1843 835 1897 Otto
880 1841 1088 1896 bellum
1122 1840 1359 1896 Bolizlao
1392 1839 1609 1905 indixit,
1661 1847 1716 1893 et
1744 1838 1909 1913 longa

296 1938 441 1992 inter
466 1951 563 1992 eos
590 1932 929 1991 concertatio
962 1948 1059 2003 per
1113 1930 1531 2004 quatuordecim
1582 1945 1759 1986 annos
1788 1945 1911 2000 pro-

299 2036 467 2084 tracta
491 2035 592 2083 est.

367 2118 492 2175 939.
771 2116 827 2170 2.
1082 2115 1169 2170 11.
1426 2114 1515 2167 34.

360 2211 592 2281 (Inuum)
636 2207 939 2264 Everardus
968 2216 1024 2262 et
1078 2205 1418 2262 Gislebertus
1475 2206 1766 2261 Henricum
1801 2205 1909 2260 fra-

297 2312 431 2359 trem
458 2299 805 2372 imperatoris
831 2299 1122 2355 obsessum
1144 2296 1392 2368 capiunt,
1453 2312 1694 2367 eumque
1726 2296 1908 2366 pella-

298 2393 373 2449 tia
412 2393 477 2427 ¹⁸⁴
517 2407 618 2447 sua
655 2392 725 2445 ab
752 2389 1104 2460 imperatoris
1154 2386 1419 2443 fidelitate
1479 2388 1787 2456 sejunctum
1830 2386 1912 2440 fa-

297 2484 466 2540 ctioni
499 2499 613 2539 suae
651 2482 950 2553 applicant,
982 2488 1346 2557 suggerentes
1374 2481 1449 2547 ei,
1477 2494 1705 2552 regnum
1735 2476 1911 2551 magis

300 2581 617 2646 competere
664 2574 743 2629 illi
790 2575 844 2628 in
903 2575 1075 2645 patris
1131 2590 1301 2648 regno
1353 2579 1504 2639 nato,
1533 2588 1695 2643 quam
1728 2569 1909 2626 Ottoni

301 2676 428 2724 ante
458 2683 688 2740 regnum
735 2675 883 2721 nato.
938 2664 1115 2735 (Mam)
1172 2664 1372 2736 Ungari
1401 2679 1432 2717 a
1452 2660 1761 2716 Saxonibus
1787 2676 1914 2731 gra-

299 2757 442 2813 viter
465 2756 768 2812 caeduntur.
831 2755 951 2810 Otto
1010 2752 1310 2824 imperator
1334 2751 1558 2805 interim
1585 2766 1617 2804 a
1648 2748 1910 2816 Bajoariis

299 2847 801 2904 sibiresistentibus
820 2847 1060 2912 rediens,
1096 2844 1425 2900 Everardum
1453 2838 1661 2906 exiliat,
1688 2841 1911 2896 iterum-

299 2954 409 3009 que
438 2936 716 3006 Bajoarios
745 2951 1056 3012 aggressus,
1106 2949 1302 2989 omnes
1328 2932 1432 2987 sibi
1480 2931 1749 2997 subdidit,
1781 2946 1912 3001 pre-

296 3041 380 3088 ter
396 3048 565 3087 unum
613 3030 787 3086 filium
828 3030 1070 3085 Arualdi.
1102 3030 1213 3084 Rex
1238 3028 1360 3083 Otto
1413 3027 1686 3083 construit
1718 3027 1910 3081 urbem
1950 3103 1982 3109 _
2014 3030 2115 3085 rici
2137 3031 2440 3102 Moguntini
2474 3032 2746 3104 episcopi,
2773 3035 2887 3106 qui,
2944 3035 3129 3090 animo
3157 3036 3265 3106 jam
3299 3038 3366 3092 ab
3398 3038 3643 3109 impera-
3728 3096 3735 3105 ,

1435 1750 1616 1819 (\Vm.)
1663 1749 1716 1803 in
1749 1750 1907 1817 cujus
1934 1733 1982 1801 Β
2006 1745 2210 1800 lanceae
2241 1763 2353 1802 sure
2382 1748 2579 1804 inﬁxos
2604 1750 2658 1805 in
2692 1752 2943 1808 oratione
2976 1763 3275 1825 prostrato,
3300 1756 3429 1810 victi
3462 1763 3626 1831 terga

2011 1836 2303 1904 dederunt,
2355 1839 2589 1896 Henrico
2645 1843 2700 1896 in
2752 1842 2980 1900 brachio
3033 1845 3420 1902 insanabiliter
3444 1847 3639 1903 vulne-

2013 1937 2146 1984 rato.
2182 1930 2374 2002 (Wio.)
2397 1932 2521 1987 Orta
2554 1933 2908 1991 dissensione
2963 1938 3108 1992 inter
3139 1939 3420 2010 principes
3447 1938 3516 1994 de
3546 1957 3640 1995 va-

2010 2016 2205 2071 rietate
2236 2018 2396 2092 legis,
2436 2029 2621 2075 utrum
2653 2023 2927 2079 deberent
2969 2026 3085 2081 avis
3103 2028 3498 2097 superstitibus
3530 2028 3634 2083 ﬁlii

2011 2107 2246 2164 ﬁliorum
2276 2119 2398 2180 post
2428 2118 2613 2181 patres
2671 2114 2959 2172 defunctos
2990 2116 3330 2185 hereditare,
3367 2136 3437 2173 an
3461 2121 3635 2175 exhe-

2011 2200 2220 2255 redatis
2270 2200 2625 2258 fratruelibus
2677 2206 2910 2263 deberet
2955 2209 3235 2265 hereditas
3293 2212 3359 2265 ad
3412 2220 3643 2282 patruos

2015 2288 2217 2353 redire,
2249 2304 2314 2342 ex
2338 2291 2483 2362 regis
2507 2292 2721 2348 Ottonis
2742 2297 3104 2369 o-nniumque
3162 2299 3477 2370 principum
3509 2317 3641 2356 sen-

2015 2379 2187 2434 tentia
2210 2382 2454 2454 cognitio
2480 2384 2731 2440 veritatis
2757 2388 3051 2443 connnissa
3077 2396 3159 2443 est
3190 2390 3517 2465 gladiatorio
3537 2392 3629 2459 ju-

2012 2473 2179 2528 dicio.
2203 2472 2486 2546 Cessitque
2513 2478 2743 2534 victoria
2792 2481 2899 2548 his,
2934 2483 3029 2554 qui
3056 2484 3364 2541 censebant
3395 2484 3627 2541 fratrum

2017 2566 2161 2622 ﬁlios
2191 2568 2396 2623 debere
2428 2586 2550 2625 cum
2580 2573 2830 2643 patribus
2848 2576 3158 2631 hereditare

2088 2662 2212 2717 943.
2465 2666 2518 2721 6.
2709 2663 2712 2668 ’
2815 2670 2905 2726 15.
3187 2672 3277 2727 38.

2091 2757 2327 2828 (LIUDP.)
2359 2758 2480 2813 Otto
2514 2776 2608 2814 rex
2643 2761 2861 2817 obsedit
2889 2763 3167 2837 Brisagam
3202 2766 3466 2837 Oppidum
3493 2767 3641 2822 Alsa-

2011 2847 2122 2911 tiae,
2151 2848 2299 2918 quod
2355 2848 2680 2906 Ludowicus
2728 2867 2819 2906 rex
2880 2869 2979 2923 per
3030 2854 3231 2911 milites
3285 2857 3537 2912 Everardi
3583 2866 3643 2913 et

2013 2936 2303 2992 Gisleberti
2346 2938 2570 2993 tenebat
2594 2940 2678 2995 ¹⁸⁷.
2711 2942 2767 2994 ln
2793 2958 2903 3013 qua
2940 2943 3231 2999 obsidione
3264 2961 3428 3002 suasu
3456 2946 3645 3000 Fride-

299 3121 747 3197 Magathaburch,
775 3136 899 3192 quae
930 3126 983 3175 et
1018 3118 1459 3189 ParthenOpohs,
1516 3117 1571 3172 id
1604 3124 1690 3172 est
1736 3115 1911 3189 virgi-
1936 3103 1986 3173 C
2014 3127 2131 3175 tore
2150 3119 2450 3187 defecerat,
2484 3123 2637 3176 multi
2667 3103 2735 3177 ab
2784 3103 3117 3195 imperatore
3157 3103 3512 3194 defecerunt;
3544 3145 3642 3183 ea-

303 3227 434 3268 num
461 3211 673 3267 civitas.
730 3209 952 3264 dicitur.
1010 3207 1246 3277 (FULCU.,
1276 3221 1324 3261 c.
1353 3206 1465 3276 ⁸21.)
1506 3206 1712 3260 Italiam
1753 3213 1915 3261 vexat

303 3304 514 3360 heresis
543 3299 1158 3374 andropomorﬁtarum,
1218 3299 1273 3353 id
1323 3307 1408 3353 est
1454 3314 1773 3369 corpoream
1804 3297 1913 3353 lor-

303 3408 447 3448 mam
474 3392 642 3447 Deum
660 3390 864 3445 babere
893 3388 1198 3444 dicentium
1231 3407 1247 3453 ;
1281 3396 1471 3443 contra
1505 3403 1668 3458 quam
1701 3388 1912 3443 Rathe-

304 3485 418 3540 rius
444 3482 842 3539 Veronensium
873 3482 1173 3553 episcopus
1201 3487 1255 3535 et
1275 3480 1458 3535 verbis
1485 3488 1540 3534 et
1569 3480 1789 3551 scriptis
1827 3496 1916 3535 re-

301 3576 575 3634 clamabat
603 3574 670 3609 ¹⁸⁵

371 3666 503 3722 940.
778 3662 832 3727 3,
1110 3663 1194 3718 12.
1503 3664 1590 3717 35.

375 3755 514 3826 (Man
543 3754 558 3824 )
591 3754 710 3808 Otto
740 3752 1039 3822 imperator
1088 3752 1145 3806 in
1201 3753 1606 3827 Lotharingiam
1639 3770 1814 3824 usque
1846 3754 1915 3809 ad

305 3849 726 3918 Capremontem
782 3844 952 3899 venit.
1012 3843 1243 3913 (Inuum)
1314 3845 1672 3917 Berengarius
1705 3847 1912 3916 junior,

306 3934 625 4008 Berengarii
662 3932 900 3988 senioris
953 3949 1018 3988 ex
1072 3933 1185 3988 tilia
1238 3949 1433 4003 nepos,
1489 3937 1688 3989 timens
1728 3952 1913 4009 regem

308 4024 590 4096 Hugonem
630 4037 690 4075 se
712 4027 1135 4093 persequentem
1166 4038 1265 4093 pro
1297 4038 1363 4077 eo
1395 4023 1541 4094 quod
1569 4032 1760 4079 contra
1787 4041 1912 4080 eum

308 4133 537 4192 regnum
593 4114 759 4171 Italiae
830 4113 1129 4183 aﬁ‘ectaret,
1176 4116 1243 4170 ad
1311 4116 1661 4171 l’lerimanum
1707 4118 1914 4173 Suevo-

307 4224 426 4263 rum
452 4207 672 4273 ducem,
719 4214 778 4284 et
807 4221 905 4277 per
933 4221 1058 4260 eum
1115 4206 1183 4260 ad
1234 4206 1485 4262 Ottonem
1538 4224 1723 4280 regem
1755 4208 1915 4282 fugit.

308 4300 491 4372 (\Vin.)
516 4300 625 4357 Rex
656 4299 776 4355 Otto
835 4297 1135 4354 Bolizlaum
1195 4299 1337 4354 bello
1368 4308 1628 4371 superat;
1654 4308 1708 4357 at
1743 4301 1919 4356 Boliz-

2016 3230 2124 3285 que
2180 3230 2237 3268 re
2285 3213 2408 3268 aliis
2452 3215 2672 3270 territis.
2735 3217 2886 3271 solus
2942 3234 3033 3272 rex
3090 3219 3375 3275 interritus
3432 3230 3640 3277 manet.

2018 3305 2242 3359 Interim
2267 3303 2456 3359 fideles
2519 3308 2682 3381 regis,
2746 3308 2862 3363 Udo
2908 3309 3170 3365 videlicet
3218 3318 3271 3366 et
3325 3312 3638 3380 Conradus,

2018 3398 2183 3453 frater
2238 3398 2549 3454 Herimanni
2605 3400 2907 3456 Suevorum
2958 3402 3136 3471 ducis,
3186 3405 3516 3460 Everardum
3578 3415 3639 3461 et

2018 3489 2385 3545 Gislebertum
2411 3491 2694 3560 predando
2757 3509 2931 3565 regno
2973 3511 3167 3550 secure
3200 3495 3461 3557 intentos.
3480 3497 3640 3566 juxta

2021 3582 2271 3637 Rhenum
2324 3582 2607 3654 inOpinato
2683 3585 2949 3657 aggressi,
3007 3588 3275 3643 acerrime
3330 3588 3633 3644 debellant.

2016 3675 2309 3739 Everardo,
2333 3673 2533 3747 gladiis
2552 3684 2862 3747 perempto,
2896 3677 3201 3734 Glsleberto
3233 3686 3414 3735 autem
3457 3680 3637 3736 Rheni

2016 3763 2181 3818 undis
2222 3762 2534 3825 submerso,
2579 3773 2903 3820 creterorum
2950 3768 3037 3822 vix
3096 3768 3300 3840 aliquis
3326 3768 3487 3843 fugit,
3536 3771 3635 3842 qui

2018 3871 2127 3910 non
2174 3861 2268 3909 aut
2306 3854 2669 3911 trucidaretur
2713 3864 2805 3911 aut
2834 3865 3144 3928 caperetur.
3173 3860 3283 3915 Hoc
3314 3860 3509 3916 nuntio
3542 3861 3636 3916 in-

2019 3944 2169 4000 tielcs
2224 3945 2369 4019 regis
2426 3946 2594 4002 corde
2660 3945 3007 4021 franguntur,
3073 3958 3128 4005 et
3185 3949 3513 4006 Ludowicus
3562 3952 3636 4006 ab

2017 4037 2217 4093 Alsatia
2242 4037 2498 4105 discedit,
2528 4049 2582 4094 et
2605 4056 2698 4095 rex
2726 4047 2780 4095 et
2808 4039 3002 4096 ﬁdeles
3038 4041 3158 4109 ejus
3189 4058 3312 4097 eum
3342 4042 3462 4113 ipso
3507 4061 3637 4117 gra-

2018 4134 2217 4182 tantur.
2262 4127 2450 4197 (Wio.)
2482 4127 2712 4184 Uxorem
2755 4128 3046 4185 Gisleberti
3079 4117 3433 4207 Gerbergam,
3473 4149 3635 4189 soro-

2018 4233 2131 4272 rem
2187 4217 2397 4273 scilicet
2451 4217 2664 4273 Ottonis
2721 4218 3102 4289 imperatoris,
3161 4221 3486 4277 Ludowicus
3537 4240 3634 4278 rex

2016 4310 2463 4374 duxituxorem;
2505 4308 2671 4365 ﬁliam
2710 4327 2839 4366 vero
2880 4311 3171 4368 Gisleberti
3213 4322 3434 4385 neptem
3475 4332 3631 4370 suam

307 4396 426 4452 laus
471 4411 571 4468 pro
601 4395 830 4451 victoria
856 4409 1084 4449 securus
1123 4394 1584 4464 circumveniens,
1612 4397 1915 4468 principem
1942 4401 2317 4471 Dimperator
2370 4400 2623 4455 Bertaldo
2671 4400 2793 4456 duci
2852 4402 3222 4471 Bajoariorum
3292 4405 3625 4475 despondet.

309 4488 516 4543 militim
548 4488 693 4561 regis
722 4503 845 4543 cum
902 4486 1091 4543 multis
1152 4488 1405 4543 trucndat.
1462 4488 1572 4544 Rex
1619 4504 1750 4545 vero
1780 4490 1919 4545 Boe-

308 4578 477 4633 miam
507 4579 776 4634 devastat.

382 4671 507 4726 941.
768 4672 824 4724 4.
1087 4671 1174 4725 13.
1434 4672 1524 4727 36.

384 4758 561 4830 (Mam)
590 4759 916 4815 Ludowicus
970 4778 1061 4817 rex
1115 4762 1447 4819 Francorum
1506 4764 1913 4842 Lotharingiam

310 4847 601 4914 invadens,
629 4863 807 4920 usque
837 4848 906 4902 ad
939 4850 1197 4906 Alsatiam
1255 4851 1428 4920 venit,
1459 4852 1630 4908 ductu
1664 4854 1919 4912 Everardi

309 4946 365 4994 et
390 4937 701 4992 Gisleberti.
735 4937 971 5008 (Linum)
1024 4939 1137 4993 Rex
1191 4940 1342 5013 Hugo
1382 4942 1552 4998 misso
1604 4943 1712 4997 sibi
1745 4944 1917 5002 Greco

2021 4490 2223 4553 (LIUDP.
2262 4487 2469 4559 ;Wm.)
2515 4489 2751 4543 Ducatus
2781 4490 2902 4559 ejus
2931 4490 3111 4546 Ottoni
3160 4492 3337 4547 datur.
3383 4493 3637 4564 [Adema-

2022 4599 2114 4638 rus
2167 4581 2612 4637 Cluniacensium
2665 4582 2837 4637 abbas
2882 4582 3169 4638 substituit
3216 4584 3319 4639 sibi
3367 4583 3627 4640 abbatem

2018 4671 2272 4727 Maiolum
2300 4671 2386 4722 “'3.

2091 4762 2217 4816 944.
2512 4758 2563 4815 7.
2854 4761 2941 4815 16.
3258 4757 3348 4816 39.

2094 4853 2275 4925 (Mam)
2309 4851 2428 4907 Otto
2472 4851 2581 4906 dux
2642 4850 3081 4907 Lothariensium
3131 4850 3288 4907 ohiit.
3330 4850 3635 4920 Conradus,

2021 4962 2194 5021 gener
2222 4944 2365 5017 regis
2390 4943 2623 5006 Ottonis,
2656 4943 2917 4998 succedit.
2969 4943 3208 5014 (LIUDP.)
3233 4943 3545 5014 Stephanus
3579 4951 3638 4999 et

310 5027 441 5103 igne
466 5027 535 5083 ab
591 5026 927 5099 imperatore
986 5026 1279 5084 Grecorum
1335 5031 1683 5088 Fraxinetum
1740 5050 1921 5106 Oppu-
2023 5034 2416 5090 Constantinus
2438 5031 2820 5102 imperatores,
2850 5029 2949 5085 ﬁlii
2981 5030 3211 5086 Romani
3264 5030 3637 5101 imperatoris,

307 5125 459 5191 gnat,
499 5124 556 5173 et
586 5115 819 5173 navibus
870 5116 1271 5173 Saracenorum
1320 5122 1529 5177 exustis
1581 5123 1713 5179 illud
1744 5141 1920 5197 expu-

2021 5143 2149 5200 egre
2177 5125 2415 5179 ferentes
2432 5135 2492 5175 se
2515 5119 2663 5189 justa
2695 5119 2866 5190 patris
2898 5119 2982 5173 sui
3015 5119 3311 5176 severitate
3335 5135 3365 5174 a
3398 5118 3635 5188 juvenili

1653 5261 1873 5318 VARIAS
1906 5261 2289 5320 LECTIONES.

381 5353 451 5388 ιε’
481 5354 845 5428 Χχχγιιείρ.
880 5358 1076 5425 primo.
1117 5357 1177 5411 A.
1210 5357 1424 5422 ;xxx1.
1448 5359 1569 5428 jam
1635 5362 1686 5415 1.
1743 5378 1787 5417 e.

1845 5380 2009 5427 corr,
2067 5364 2184 5418 rell.
2246 5360 2313 5395 ⁸⁸³
2360 5359 2491 5414 add.
2535 5358 2616 5411 1ε.
2684 5359 2800 5412 rell.

2859 5361 3057 5427 preater
3083 5355 3235 5421 (12".,
3275 5358 3363 5411 cui
3412 5370 3640 5427 prorsus

309 5425 523 5496 desunt,
547 5430 596 5480 et
621 5427 679 5481 Α.
710 5429 809 5496 qui
861 5428 1018 5482 habet
1059 5432 1269 5483 tantum
1298 5425 1482 5492 ;Obiit
1532 5431 1645 5487 Odo
1676 5433 1851 5488 abbas
1891 5425 2284 5490 Cluniacensis.
2340 5434 2404 5486 In
2444 5431 2469 5484 1
2518 5430 2600 5483 m'l
2645 5425 3016 5495 erasumvfut‘t.
3067 5428 3135 5462 ³³⁸
3171 5425 3531 5482 δριιανὶείω.
3582 5428 3616 5481 3

308 5496 397 5550 4’.
430 5495 578 5571 deest
602 5497 664 5552 D.
700 5495 1009 5571 ls‘ltaliam
1040 5530 1108 5539 —
1142 5500 1473 5555 reclamabat
1499 5503 1614 5570 Sig.
1632 5520 1750 5559 cur.
1783 5510 1996 5571 tertiis;
2028 5509 2148 5561 rell.
2194 5506 2260 5540 ¹⁶⁶
2309 5500 2615 5557 Waldricus
2671 5500 2791 5554 (ψ.
2860 5500 2925 5555 Ι).
2959 5500 3023 5533 ¹⁸⁷

3080 5516 3135 5570 p.
3167 5470 3334 5553 517E"
3351 5470 3425 5553 ἒ.
3547 5470 3641 5552 α’ἑί

307 5566 575 5649 sunt
611 5570 709 5638 qui
730 5569 927 5649 abhinc
950 5586 1121 5649 _us_que
1139 5572 1386 5649 gnem
1406 5566 1670 5649 chronica:
1717 5580 1793 5631 tot
1823 5566 2083 5649 tantaene
2125 5578 2345 5642 omittit,
2378 5580 2436 5630 ut
2463 5589 2528 5630 ea
2549 5573 2793 5628 indicare
2816 5572 2937 5641 jam
2975 5566 3166 5626 inutile
3194 5570 3463 5638 videatur,
3496 5570 3644 5640 quod

306 5637 465 5693 semel
489 5639 576 5694 hic
598 5637 859 5695 monitum
878 5637 1144 5699 voluimus
1172 5637 1256 5678 “3'
1272 5645 1405 5699 add.
1427 5646 1497 5699 lt.
1540 5647 1659 5701 rell.
1679 5653 1878 5716 prater
1892 5650 1952 5705 Α.
1973 5637 2103 5706 (22*.

100 5936 329 6014 Δ
