3924 6080
247 323 354 378 185

1757 325 2105 383 CHRONICA.

3469 325 3576 382 186

243 447 466 505 levitate
485 449 752 516 coerceri,
788 447 1078 520 dispositis
1105 447 1163 504 in
1193 450 1398 522 palatio
1432 449 1671 519 insidiis,
1703 453 1859 526 igno-
1887 457 1938 526 Α
1964 460 2289 528 conregnet,
2319 451 2656 508 Italiensium
2685 451 2815 507 tidei
2832 453 3215 520 commendat;
3249 453 3367 524 ipse
3387 452 3573 508 Arela-

241 543 398 594 rante
455 537 627 594 altero
659 536 1018 595 Constantino
1067 537 1266 594 Leonis
1322 539 1671 612 imperatoris
1720 539 1858 608 filio,

243 633 458 699 patrem
511 627 579 684 de
618 627 814 700 palatii
871 627 1014 684 solio
1059 627 1369 699 deponunt,
1401 629 1450 684 ei
1505 638 1663 685 tonso
1718 629 1860 684 eiut

246 719 420 776 moris
447 726 530 775 est
557 720 762 792 capite,
785 719 854 774 ad
880 719 1117 775 vicinam
1145 719 1402 786 insulam,
1434 720 1489 775 in
1519 737 1628 794 qua
1667 737 1856 776 caeno-

245 809 376 865 bitse
447 808 1004 881 philosophabantur,
1066 809 1464 866 transmittunt.
1514 810 1621 866 Sed
1677 811 1854 866 horri-

245 905 413 960 bilem
444 904 709 976 eclypsim
741 905 807 939 ¹⁸⁹
838 921 1034 976 passus
1073 912 1156 960 est
1187 904 1322 960 feria
1346 906 1402 974 6,
1431 907 1564 963 hora
1605 907 1714 961 diei
1747 913 1860 964 ter-

242 995 333 1049 tia.
366 997 483 1060 Quo
505 993 597 1048 die
628 993 687 1047 in
718 993 984 1064 HiSpania
1007 991 1279 1050 Addaram
1324 1011 1417 1050 rex
1458 996 1856 1054 Saracenorum

243 1102 274 1140 a
310 1085 608 1140 Radamiro
645 1085 1109 1140 christianissimo
1153 1102 1282 1162 rege
1343 1087 1553 1144 Galitiae
1606 1089 1661 1143 in
1715 1091 1859 1147 bello

241 1187 539 1252 superatus
566 1188 654 1236 est
725 1181 786 1234 In
819 1179 975 1236 Italia
1001 1189 1215 1237 cometa
1267 1183 1421 1239 miras
1462 1186 1861 1260 magnitudinis

242 1275 522 1348 apparuit,
557 1276 898 1347 portendens
923 1275 1144 1344 famem,
1171 1293 1293 1348 quae
1315 1289 1503 1336 secuta
1533 1288 1635 1337 est.
1671 1283 1814 1354 (Win
1842 1284 1860 1356 )

248 1367 363 1422 Rex
392 1366 516 1423 Otto
547 1383 748 1440 corpus
789 1367 1097 1424 Innocentii
1129 1370 1380 1440 martyris
1421 1371 1476 1426 in
1513 1373 1705 1429 urbem
1745 1375 1856 1430 Ma.

242 1454 588 1528 gathabnrch
610 1455 890 1512 transfert.

321 1579 446 1636 945.
668 1580 712 1636 R
773 1581 828 1638 8.
1049 1585 1104 1641 Ρ.
1149 1586 1234 1640 17.
1449 1586 1504 1644 C.
1550 1589 1600 1642 1.

319 1671 503 1741 (Mam)
557 1670 678 1729 Otto
723 1673 1024 1745 imperator
1068 1683 1236 1734 totam
1291 1677 1694 1754 Lotharingiam
1752 1679 1860 1735 sibi

245 1761 589 1834 subjugavit,
622 1763 914 1820 resistente
940 1764 1048 1821 sibi
1074 1766 1194 1822 solo
1216 1766 1563 1824 Mettensium
1596 1769 1861 1840 episcopo

248 1855 622 1924 Adalberone,
656 1854 821 1912 fratre
877 1857 1037 1913 ducis
1087 1858 1386 1918 Frederici.
1448 1861 1682 1934 (LIUDP.)
1738 1863 1860 1917 Ste-

246 1951 468 2022 phanus
513 1957 568 2005 et
617 1949 1030 2020 Constantinus,
1080 1953 1352 2018 videntes,
1404 1965 1526 2026 post
1549 1956 1719 2027 patris
1774 1957 1859 2010 sui

251 2042 658 2113 depulsionem,
699 2041 1123 2100 Constantinum
1168 2045 1340 2101 tilium
1381 2047 1576 2103 Leonis
1616 2049 1859 2118 impera-

244 2135 382 2190 toris
412 2133 482 2188 ab
507 2134 772 2190 omnibus
795 2135 902 2190 sibi
936 2136 1190 2208 preferri,
1220 2147 1276 2194 et
1317 2155 1378 2194 se
1403 2139 1514 2207 jam
1547 2140 1634 2194 vix
1682 2139 1738 2195 in
1777 2155 1860 2196 se-

244 2227 446 2282 cundis
472 2227 693 2293 haberi;
721 2243 847 2284 cum
879 2228 1280 2297 deliberarent,
1302 2232 1406 2288 hoc
1435 2233 1585 2304 quod
1616 2233 1686 2289 de
1709 2241 1861 2304 patre

247 2314 517 2383 fecerant,
576 2315 742 2372 etiam
795 2317 864 2372 de
915 2317 1274 2375 Constantino
1319 2321 1535 2386 facere,
1583 2322 1863 2393 publicato

243 2426 442 2466 eorum
482 2409 719 2465 consilio
771 2427 873 2482 per
917 2411 1268 2468 Diabolinum
1307 2414 1649 2471 incentorem
1702 2417 1867 2486 hujus

243 2500 487 2567 consilii,
504 2516 628 2555 cum
651 2499 718 2556 ad
741 2501 1052 2557 convivium
1074 2519 1141 2558 ex
1170 2504 1428 2559 condicto
1455 2505 1862 2572 consedissent,

245 2597 300 2645 et
331 2591 401 2645 de
430 2590 674 2661 prioratu
695 2591 929 2646 sedendi
953 2588 1096 2647 inter
1125 2608 1184 2647 se
1205 2594 1458 2650 consulto
1490 2594 1862 2661 decertarent,

245 2681 377 2738 dato
427 2681 592 2756 signo
637 2698 668 2736 a
707 2682 840 2736 viris
871 2682 1235 2751 Constantini,
1293 2685 1458 2741 ambo
1489 2686 1688 2742 fratres
1721 2686 1862 2741 solio

248 2770 635 2840 deturbantur,
666 2778 721 2825 et
769 2772 945 2827 tonsis
983 2773 1259 2843 capitibus
1295 2775 1364 2829 ad
1404 2776 1550 2830 idem
1585 2784 1862 2831 monaste-

248 2860 411 2926 rium,
433 2861 500 2914 ad
537 2861 685 2932 quod
713 2870 924 2932 patrem
952 2865 1372 2920 transmiserant
1399 2875 1454 2921 et
1494 2867 1597 2938 ipsi
1633 2867 1702 2920 ad
1727 2868 1860 2938 phi-

243 2949 648 3021 losophandum
717 2967 840 3005 cum
890 2952 1177 3008 monachis
1253 2955 1721 3010 transmittuntur.
1781 2957 1859 3011 Ita

244 3053 511 3102 evacuato
538 3047 742 3117 palatio
772 3047 1016 3104 abusivis
1069 3049 1514 3121 imperatoribus,
1550 3051 1668 3123 ipse
1727 3052 1860 3108 Con-

244 3137 521 3234 stantinus
543 3145 598 3234 et
628 3137 908 3194 Romanus
934 3138 1082 3234 ﬁlius
1109 3143 1323 3234 ejusex
1350 3143 1464 3198 lilia
1491 3145 1720 3201 Romani
1753 3147 1854 3202 im-
1881 3138 1930 3207 C

249 3226 521 3296 peratoris
575 3226 849 3298 imperant
899 3230 1062 3284 annis
1119 3231 1186 3286 17
1241 3231 1308 3266 ¹⁹⁰
1359 3234 1541 3304 (\Vin.)
1599 3237 1864 3292 Barbaros

251 3319 542 3374 occasione
565 3318 810 3374 intestini
843 3319 972 3375 belli
997 3321 1242 3393 undique
1271 3323 1566 3392 irruentes,
1598 3326 1737 3381 Gero
1767 3343 1865 3382 co-

249 3424 369 3463 mes
397 3407 610 3463 fortiier
637 3424 702 3463 ac
719 3407 1032 3481 frequenter
1059 3409 1318 3467 debellat.
1351 3412 1564 3484 (BALD.)
1595 3415 1706 3470 Rex
1738 3416 1864 3472 Otto

249 3499 623 3574 Burgundiam
653 3500 759 3554 sibi
798 3501 1072 3571 subjugat.
1117 3502 1302 3572 (Win)
1359 3504 1490 3575 Regi
1536 3505 1866 3562 Francorum

246 3590 543 3645 Ludowico
573 3589 727 3663 Hugo
759 3605 944 3646 comes
969 3591 1294 3648 Parisiensis
1317 3593 1484 3648 nimis
1513 3595 1867 3652 adversatur.

256 3677 373 3752 [llic
394 3678 548 3754 ﬂugo
581 3677 726 3734 filius
753 3677 856 3733 fuit
885 3679 1132 3734 Rotberti
1167 3681 1405 3752 tyranni,
1430 3682 1486 3737 in
1524 3683 1668 3739 bello
1699 3685 1872 3740 Sues-

255 3773 450 3830 sonico
473 3773 748 3846 perempti
769 3789 799 3828 a
815 3773 1012 3828 Karolo
1035 3790 1164 3848 rege
1181 3776 1242 3810 ¹⁹¹
1269 3775 1349 3845 (cf
1393 3777 1581 3849 FlodJ]

327 3882 457 3936 946.
783 3883 835 3936 9.
1164 3885 1248 3939 18.
1576 3885 1630 3942 2.

329 3973 520 4043 (Mm)
567 3973 830 4049 Agapitns
865 3973 1143 4045 |Romanae
1193 3977 1456 4032 ecclesiae
1497 3979 1658 4033 132us
1699 3980 1878 4051 presi-

267 4065 381 4120 det.
414 4071 471 4119 et
501 4064 830 4120 Benedictus
865 4065 1024 4122 133ιι⁸
1059 4067 1146 4122 ¹²³.
1177 4066 1364 4140 (Νιυ.)
1399 4068 1684 4138 Henricus,
1714 4070 1882 4128 frater

267 4154 642 4226 imperatoris,
670 4155 728 4210 in
753 4156 890 4212 urbe
919 4157 1271 4214 Mereshurch
1320 4175 1350 4214 a
1390 4160 1556 4216 fratre
1596 4161 1878 4229 obsessus,

265 4243 532 4316 projeclis
561 4245 729 4300 armis
779 4246 846 4300 ad
875 4246 1047 4316 pedes
1077 4247 1198 4316 ejus
1238 4249 1534 4318 procidens
1561 4257 1616 4305 et
1665 4251 1877 4305 miseri-

267 4341 513 4396 cordiam
538 4340 859 4412 implorans,
887 4341 943 4396 in
961 4343 1266 4398 custodiam
1307 4344 1624 4402 includitur.
1649 4347 1875 4418 (LIUDP.)

269 4431 578 4487 Fridericus
606 4432 768 4487 etiam
801 4433 1253 4505 archiepiscopus
1280 4435 1559 4511 Moguntia
1605 4454 1637 4493 a
1667 4438 1882 4495 civibus

1963 555 2100 614 tum,
2131 546 2282 603 unde
2298 553 2544 613 venerat,
2565 545 2784 617 repetit.

2181 726 2329 800 Rege
2361 643 2585 801 lluggiie
2613 731 2850 792 mortuo,
2885 639 3169 781 Egiliarius
3191 641 3484 794 liliugejus
3512 725 3566 780 in

1961 819 2116 873 Italia
2130 819 2248 874 solo
2264 817 2489 873 nomine
2507 823 2698 892 regnat
2718 834 2733 883 ;
2759 817 3123 892 Berengarius
3139 824 3260 873 actu
3272 825 3328 872 et
3345 824 3578 888 potesta-

1963 916 2015 964 te
2046 927 2160 973 rex,
2195 918 2249 964 et
2277 909 2490 965 cunctis
2531 918 2815 980 acceptus,
2870 926 2970 980 per
3009 909 3214 964 Italiam
3248 907 3574 979 tyrauirizat.

1962 998 2105 1067 (Win
2136 999 2279 1068 )Dux
2297 997 2562 1066 Bajoarize
2582 996 3157 1069 HenricusAquileiam
3173 997 3228 1050 in
3244 997 3395 1052 Italia
3410 997 3578 1068 capit,
3601 1053 3613 1057 _

1963 1093 2212 1164 Ungaros
2242 1093 2329 1148 bis
2357 1099 2604 1164 snperat,
2635 1092 2881 1147 Ticinum
2924 1091 3138 1158 transit,
3171 1100 3225 1146 et
3264 1108 3386 1147 cum
3437 1091 3580 1145 mul-

1963 1185 2032 1240 tis
2061 1184 2341 1239 manubiis
2368 1184 2530 1239 redit.
2565 1186 2640 1248 (V
2671 1184 2828 1239 .Guib
2857 1188 2872 1250 )
2900 1184 3222 1239 lmmunitas
3251 1189 3456 1238 nostrae
3488 1183 3576 1248 “’3,

1962 1275 2426 1332 Gemmelacensis
2443 1275 2672 1342 scilicet,
2696 1275 2959 1330 ecclesiae
2991 1275 3093 1331 hoc
3118 1290 3264 1330 anno
3294 1273 3575 1345 imperiali

1963 1366 2320 1424 conﬁrmatur
2357 1366 2562 1435 edicto,
2597 1373 2650 1421 et
2676 1365 2827 1421 anuli
2861 1366 3227 1436 impressione
3249 1365 3578 1422 corrobora-

1963 1467 2066 1515 tur.
2111 1459 2385 1525 Erluinus,
2417 1459 2630 1530 primus
2685 1458 2806 1527 ejus
2831 1458 2937 1513 loci
2990 1458 3160 1512 abbas
3185 1474 3215 1512 a
3249 1465 3442 1513 sancto
3472 1474 3575 1529 pa-

1963 1561 2046 1608 tre
2070 1558 2259 1607 nostro
2286 1550 2580 1606 Guicberto
2608 1551 2836 1614 electus,
2867 1549 2922 1604 in
2952 1549 3237 1604 sanctitate
3268 1555 3322 1605 et
3349 1542 3578 1623 religio-

1963 1641 2050 1696 nis
2081 1639 2295 1694 fervore
2325 1639 2514 1694 claret.
2557 1639 2696 1708 (Win
2727 1638 3088 1708 )Ludowicus
3113 1653 3207 1692 rex
3239 1638 3572 1692 Francorum

1962 1740 1994 1778 a
2023 1725 2260 1781 ducibus
2284 1726 2399 1780 suis
2429 1727 2858 1794 circumventus,
2911 1742 2940 1780 a
2988 1726 3314 1782 Normannis
3343 1726 3576 1797 capitur,

1893 1832 1942 1901 Β
1963 1820 2017 1868 et
2041 1813 2274 1870 consilio
2307 1814 2549 1886 Hugonis
2589 1815 2912 1888 Lugdunum
2947 1816 3169 1882 missus,
3204 1815 3443 1886 publicae
3475 1831 3573 1871 cu-

1961 1905 2152 1961 stodize
2202 1905 2452 1960 traditur.
2537 1907 2938 1962 Karlomannus
3001 1923 3130 1963 vero
3202 1909 3380 1974 major
3437 1905 3583 1962 ﬁlius

1960 1997 2100 2066 ejus,
2143 2015 2173 2052 a
2203 1997 2533 2054 Normannis
2563 1998 2855 2066 abductus,
2892 2000 3176 2074 Rotomagi
3195 1999 3446 2056 moritur.

2029 2090 2153 2144 949.
2485 2091 2567 2144 12.
2891 2091 2952 2144 2|
2968 2131 2980 2144 .
3310 2092 3362 2144 5.

2036 2179 2260 2248 (Ιιιυορ.)
2288 2178 2448 2233 Taxis
2477 2194 2570 2234 rex
2613 2179 2950 2250 Ungarorum
2997 2178 3052 2232 in
3086 2179 3292 2233 Italiam
3321 2178 3572 2241 veniens,

1964 2269 2158 2325 decem
2190 2271 2408 2326 modios
2456 2286 2804 2326 nummorum
2837 2286 2868 2324 a
2913 2271 3246 2346 Berengario
3279 2286 3375 2341 pro
3405 2271 3583 2325 reditu

1965 2360 2185 2430 accipit.
2219 2361 2363 2428 (Win
2394 2361 2524 2426 )Rex
2556 2361 2677 2415 Otto
2708 2375 2832 2415 cum
2869 2359 3092 2434 triginta
3131 2358 3347 2412 duabus
3403 2355 3580 2430 legio-

1967 2449 2131 2504 nibus
2161 2450 2441 2505 Franciam
2485 2451 2554 2505 ad
2603 2451 2956 2504 liberandum
3011 2449 3358 2504 l.ud0wicum
3389 2462 3578 2521 aggre-

1967 2543 2130 2598 ditur.
2181 2543 2508 2598 I.udowicus
2548 2542 2668 2611 ejus
2701 2550 2846 2597 metu
2897 2559 2928 2596 a
2979 2541 3230 2596 custodia
3282 2540 3576 2595 relaxatur.

1973 2637 2083 2690 Rex
2113 2635 2234 2690 Otto
2266 2635 2588 2708 Lugdunum
2618 2634 2783 2705 capit,
2819 2634 3103 2708 Ilugonem
3154 2634 3298 2688 intra
3341 2631 3582 2686 Parisius

1963 2723 2262 2790 concludit,
2307 2723 2516 2778 Remim
2549 2723 2726 2793 capit;
2788 2723 3030 2796 Hugonis
3081 2732 3306 2792 nepote,
3333 2721 3426 2792 qui
3469 2721 3584 2792 epi-

1963 2822 2248 2885 scOpatum
2312 2819 2694 2884 usurpaverat,
2737 2812 2987 2882 expulso,
3044 2811 3346 2884 legitimum
3379 2810 3590 2881 episco-

1965 2922 2092 2976 pum
2137 2906 2396 2970 restituit;
2455 2920 2627 2976 usque
2685 2905 3084 2975 Rotbomagum
3130 2910 3382 2975 potenter
3413 2918 3576 2957 acce-

1961 2995 2062 3064 pit,
2095 3003 2150 3048 et
2179 2995 2418 3058 castellis
2449 3011 2512 3049 ac
2543 2993 2798 3058 urbibus,
2831 3009 2968 3065 quas
2998 2998 3254 3064 caeperat,
3289 2989 3584 3046 Ludowico

1961 3087 2210 3156 redditis,
2245 3088 2301 3142 in
2333 3086 2626 3142 Saxoniam
2662 3085 2841 3156 redit(
2881 3087 2994 3151 09).

2902 3178 2992 3232 22.
3319 3179 3372 3233 6.

2040 3269 2214 3339 (Μη.)
2265 3269 2366 3323 Per
2415 3269 2531 3324 loca
2577 3269 2762 3323 Gallia:
2813 3277 2868 3323 et
2906 3268 3213 3323 Germaniae
3264 3268 3486 3339 plurimi
3531 3276 3587 3324 et

1966 3362 2150 3434 magni
2181 3369 2525 3416 terraamotus
2580 3360 2704 3416 facti
2735 3370 2864 3416 sunt
2923 3361 3008 3414 '9‘.
3051 3360 3242 3428 (Win)
3305 3361 3415 3414 Rex
3467 3359 3588 3414 Otto

1967 3453 2022 3508 in
2051 3454 2328 3508 Boemiam
2385 3460 2580 3508 contra
2609 3452 2908 3507 Bolizlaum
2966 3449 3370 3522 proficiscitur;
3421 3451 3591 3507 Boliz—

1970 3545 2089 3598 laus
2117 3559 2247 3597 vero
2275 3542 2388 3616 regi
2431 3541 2838 3606 reconciliatur,
2873 3542 3036 3612 eique
3078 3542 3299 3596 tandem
3348 3540 3590 3596 fideliter

1969 3633 2279 3702 subjicitur.
2323 3632 2473 3706 Rege
2514 3632 2708 3687 Ottone
2736 3631 3038 3688 secundam
3079 3632 3492 3702 expeditionem
3535 3632 3590 3684 in

1974 3728 2253 3783 Franciam
2288 3735 2540 3798 parante,
2575 3727 2728 3802 [Iugo
2767 3727 3024 3782 virtutem
3058 3727 3180 3797 ejus
3233 3741 3342 3782 non
3381 3726 3590 3790 ferens,

1974 3823 2022 3877 ei
2047 3823 2201 3890 juxta
2233 3822 2460 3877 fluvium
2517 3820 2748 3876 Charum
2804 3820 3066 3889 occurrit,
3119 3831 3173 3876 et
3225 3827 3386 3892 pacto
3441 3820 3594 3890 pacis

1974 3914 2278 3970 secundum
2359 3922 2550 3970 nutum
2609 3913 2759 3988 regis
2828 3911 2973 3969 facto
3006 3955 3020 3980 ,
3099 3929 3295 3969 manus
3380 3913 3431 3968 ei
3495 3913 3596 3968 de-

1977 4003 2059 4059 dit
2087 4002 2252 4074 (200).

2049 4093 2180 4148 951.
2504 4093 2591 4148 14.
2915 4091 3007 4147 23.
3335 4092 3391 4146 7.

2055 4179 2233 4251 (ΜΑΒ.)
2278 4179 2557 4251 Moguntia
2599 4178 2667 4234 ab
2730 4178 2928 4234 Ottone
2982 4179 3313 4250 imperatore
3367 4179 3594 4234 obsessa

1977 4279 2062 4324 est
2092 4267 2257 4338 (201.)
2313 4269 2497 4337 (WID.)
2554 4267 2866 4323 Fridericus
2921 4267 3374 4338 archiepiscopus
3398 4273 3594 4336 captus

1981 4367 2036 4414 et
2075 4358 2131 4412 in
2162 4357 2468 4414 custodiam
2509 4365 2714 4424 trusus,
2749 4371 2859 4411 non
2900 4355 3070 4410 multo
3115 4361 3237 4424 post
3279 4369 3379 4422 per
3407 4352 3598 4406 indul-

1983 4451 2222 4525 gentiam
2257 4449 2400 4525 regis
2443 4449 2718 4505 relaxatus
2777 4457 2880 4503 est.
2917 4446 3026 4501 Rex
3067 4446 3188 4500 Otto
3219 4443 3390 4498 ﬁlium
3435 4458 3594 4498 suum

269 4524 598 4582 excluditur.
658 4525 768 4580 Rex
826 4525 946 4582 Otto
995 4501 1206 4583 imultos
1255 4501 1447 4583 contra
1495 4545 1555 4584 se
1610 4529 1878 4587 rebellare
1908 4501 2831 4604 imiiai
2865 4501 3010 4612 fegis
3048 4537 3368 4608 Anglorum,
3428 4539 3598 4590 testa-

270 4614 562 4670 molientes
591 4616 738 4685 capit
767 4621 861 4670 aut
896 4615 1100 4670 occidit
1163 4615 1306 4688 (Win
1334 4617 1352 4689 )
1382 4617 1596 4675 Mortuo
1627 4621 1880 4678 Bertaldo

272 4706 436 4772 duce,
469 4721 564 4760 rex
594 4705 720 4760 Otto
748 4705 900 4760 fratri
948 4723 1047 4762 suo
1089 4706 1322 4763 Henrico
1361 4709 1453 4764 dat
1491 4711 1746 4766 ducatum
1790 4713 1885 4768 Ba-

263 4797 482 4867 joariae,
513 4804 570 4854 et
592 4798 677 4854 sic
703 4813 830 4854 eum
856 4799 1106 4870 reprimit
1145 4817 1176 4854 a
1201 4800 1527 4858 rebellione.

341 4912 471 4968 947.
802 4914 888 4969 10.
1213 4915 1301 4972 19.
1629 4918 1682 4972 3.

340 5000 578 5070 (Liuor)
611 5001 1002 5075 Bereugarium
1035 5019 1064 5058 a
1106 5003 1303 5059 Suevia
1351 5003 1406 5058 in
1447 5003 1658 5060 Italiam
1688 5021 1880 5062 rever-

268 5109 393 5148 sum
421 5093 622 5148 videns
651 5109 744 5148 rex
785 5093 940 5169 Hugo
959 5093 1029 5150 ab
1075 5095 1431 5151 Italiensibus
1457 5112 1516 5151 se
1544 5097 1768 5154 deserto
1800 5115 1884 5155 re-

268 5180 405 5252 cipi,
447 5182 760 5238 Lotharium
791 5182 964 5238 filium
995 5199 1175 5250 suum,
1215 5191 1276 5240 ut
1305 5183 1501 5240 saltem
1551 5185 1882 5262 Berengario

1983 4639 2172 4687 mento
2208 4646 2394 4704 regem
2427 4636 2554 4702 post
2576 4646 2637 4684 se
2667 4627 2968 4700 designat..

2054 4727 2177 4781 952.
2505 4726 2591 4778 15.
2917 4723 3010 4788 24,
3332 4719 3390 4774 8.

2059 4824 2239 4893 (\Vln.)
2277 4821 2578 4888 Liedulfus,
2625 4819 2791 4886 filius,
2834 4817 3046 4874 Ottonis
3099 4816 3468 4888 imperatoris,
3514 4815 3598 4870 in-

1983 4915 2186 4970 stinctu
2219 4911 2452 4966 Conradi
2482 4909 2638 4964 ducis
2667 4924 2789 4964 cum
2820 4923 2888 4964 eo
2937 4914 3128 4963 contra
3183 4913 3391 4976 patrem
3438 4919 3597 4959 suum

1984 5005 2299 5069 rebellavit;
2328 5001 2705 5058 Reinesburcb
2736 4999 2906 5071 capit,
2953 5009 3008 5056 et
3039 4999 3240 5054 multas
3263 4997 3400 5050 alias
3430 4994 3600 5050 urbes

1983 5107 2038 5154 et
2078 5097 2359 5168 principes
2383 5111 2415 5149 a
2463 5099 2619 5164 patre
2647 5093 2716 5147 ad
2755 5108 2815 5146 se
2855 5090 3068 5146 avertit.
3114 5089 3226 5143 Rex
3267 5087 3420 5142 illum
3455 5085 3597 5142 intra

1982 5184 2319 5260 Moguntiam
2346 5181 2671 5240 conclusum
2708 5178 2953 5236 obsidet.

1608 5284 1830 5340 VARUE
1869 5285 2249 5342 LECTIONES.

342 5379 427 5452 "'7
447 5381 660 5452 eclysin
707 5383 825 5451 Sig.

268 5450 332 5524 ξοι
353 5451 485 5524 add.
512 5450 593 5524 18.
633 5453 753 5509 rell.
779 5450 991 5524 praeter
1015 5458 1072 5509 A-

942 5381 1010 5416 ¹⁹⁰
1033 5386 1115 5437 ita
1152 5384 1269 5454 Sig.
1323 5386 1398 5448 (at
1450 5389 1638 5454 postea
1693 5391 1984 5442 correctum
2027 5390 2106 5441 est
2146 5385 2327 5452 XVI.),
2381 5385 2474 5438 Al.
2519 5382 2597 5454 ,3.
2637 5381 2698 5436 Ι).

1163 5453 1231 5489 ¹⁹²
1259 5463 1312 5509 et
1341 5455 1397 5509 Β.
1437 5453 1593 5512 Ῐ33ιιε
1616 5457 1808 5512 desunt
1843 5458 1904 5512 D.

2757 5380 2867 5449 (hic
2913 5393 3058 5433 rorr.
3104 5375 3254 5449 χγι.)
3287 5373 3484 5449 “XVIII.
3519 5375 3600 5449 ΔΑ.

2000 5457 2067 5492 19³
2093 5444 2296 5512 ηοω-αξ
2317 5444 2380 5511 ἐί
2435 5453 2645 5510 scilicet
2673 5444 2868 5508 desunt
2923 5450 2982 5502 A.
3019 5449 3112 5502 BI.
3144 5447 3231 5502 3".
3281 5445 3335 5502 5.
3376 5447 3467 5502 C1.
3513 5444 3605 5500 2*.

265 5522 302 5576 3
353 5523 686 5578 lmmunitas
707 5554 770 5564 -
789 5522 973 5580 wclaret
1008 5525 1202 5581 desunt
1223 5523 1349 5582 α’.
1377 5527 1439 5580 D.
1474 5527 1540 5561 ¹⁹⁴
1563 5527 1667 5584 Per
1692 5559 1762 5568 ——-
1785 5536 1914 5583 sunt
1944 5530 2136 5584 desunt
2166 5527 2226 5582 Ι).

1836 5626 2043 5682 NOTAE.

339 5714 495 5784 (199)
529 5715 589 5769 Α.
632 5715 760 5770 946.

337 5784 486 5854 (200)
519 5786 579 5843 Α.
614 5787 740 5843 947.

2059 5722 2203 5794 (201)
2228 5723 2288 5780 Α.
2316 5722 2444 5778 953.
