3924 6080
98 96 196 151 187
1302 96 1647 152 SIGEBERTI

1876 95 2198 151 LACENSIS.
3321 96 3425 152 188

164 223 289 282 953.
508 226 570 281 R.
615 227 701 282 16.
919 227 974 281 F.
1008 225 1106 281 25.
1329 226 1383 282 C.
1427 226 1481 283 9.
1731 231 1784 299 Α
1810 233 1866 282 et
1897 226 2187 295 attenuati,
2230 234 2291 281 ut
2318 225 2460 281 ultra
2481 226 2595 295 jam
2644 242 2748 282 nec
2796 225 3018 281 muttire
3054 225 3169 280 ausi
3201 224 3423 280 fuerint.

168 316 287 385 (ιὸ.)
317 318 523 373 Bellum
566 318 667 373 fuit
694 334 862 388 super
887 316 1090 373 Mosam
1146 317 1289 373 inter
1318 317 1623 375 Conradum
1652 325 1708 374 et
1811 305 1869 371 in
1902 324 2113 372 tantum
2138 315 2344 387 quippe
2384 314 2609 371 contriti
2641 323 2789 382 sunt,
2822 320 2881 369 ut
2909 313 3094 368 nullus
3123 321 3216 368 aut
3271 330 3425 369 rarus

101 409 426 481 Reginorum
469 410 896 482 Haginoensium
945 412 1012 446 ¹⁹δ
1056 410 1336 466 comitem.
1383 412 1474 482 (V.
1513 413 1704 482 Brun.)
1807 394 1998 462 eorum
2036 405 2311 461 evaderet.
2357 403 2640 459 Conradus
2669 412 2852 459 tamen
2902 402 3207 459 secundum
3238 409 3423 458 votum

99 497 306 553 Mortuo
363 498 624 553 Wicfrido
692 498 1101 555 Coloniensium
1169 499 1703 571 archiepiscopatum
1811 518 1970 557 suum
1996 502 2070 555 ibt
2103 501 2381 556 occubuit.
2413 500 2545 554 Tres
2587 500 2763 574 reguli
2805 499 3140 569 Ungarorum
3186 498 3240 552 in
3273 498 3422 553 bello

98 589 342 659 suscepit
391 590 472 663 vir
499 590 773 665 gloriosus
826 592 1028 658 Bruno,
1071 591 1237 648 frater
1291 591 1505 647 Ottonis
1535 592 1711 663 impe-
1812 591 1976 662 capti.
2010 590 2315 661 suspendio
2337 588 2635 660 perierunt.
2663 590 2753 659 (V.
2784 588 2974 658 Brun.)
3003 588 3183 643 Bruuo
3214 586 3424 641 archie-

97 680 328 747 ratoris;
378 681 473 751 qui
502 687 742 752 quantus
796 681 1042 753 qualisve
1074 680 1239 736 fuerit
1265 681 1412 752 apud
1442 682 1612 736 Deum
1656 688 1712 737 et
1812 680 2095 751 piscopus,
2125 687 2176 735 et
2208 679 2467 733 ducatum
2492 677 2931 733 Lothariensium
2956 684 3079 747 post
3108 675 3416 731 Conradum

97 768 370 836 homines,
418 769 591 825 lector
614 770 824 824 ediscat
857 769 911 824 in
938 769 1049 825 vita
1106 769 1307 840 ipsius,
1340 786 1503 840 quam
1537 770 1708 844 Hoge-
1809 774 2063 845 adeptus,
2129 772 2450 829 coenobium
2508 771 2682 826 sancti
2768 770 3121 826 Pantaleonis
3179 768 3419 824 Coloniae

95 876 187 913 rus
243 860 553 916 luculenter
609 861 920 932 descripsit.
970 861 1141 932 Hujus
1206 861 1389 916 studio
1447 860 1705 916 translata
1805 864 2129 923 construxit.
2178 864 2360 936 (th.)
2416 863 2680 920 Henricus
2734 863 2844 918 dux
2908 862 3191 931 Bajoariae,
3252 861 3423 916 frater

94 960 225 1008 sunt
280 971 312 1008 a
344 955 512 1010 Roma
552 954 831 1010 Coloniam
889 970 1121 1027 corpora
1174 963 1488 1011 sanctorum
1536 953 1700 1021 Eliﬁi,
1806 953 1950 1027 regis
1978 952 2212 1020 Ottonis,
2253 951 2520 1019 moritur;
2572 950 2722 1007 ﬁlius
2748 952 2868 1021 ejus
2898 950 3165 1006 Henricus
3202 950 3254 1005 ei
3294 965 3425 1005 suc-

92 1043 372 1109 Patrocli,
438 1043 683 1109 Privati,
740 1043 1031 1118 Gregorii,
1078 1060 1201 1100 cum
1276 1044 1471 1100 baculo
1529 1045 1703 1100 sancti
1805 1042 1970 1098 cedit.

93 1129 235 1182 Petri
269 1130 351 1182 ίθθ.

1873 1130 1996 1188 958.
2323 1132 2413 1186 2t.
2738 1131 2790 1184 3.
3126 1130 3209 1184 14.

112 1236 115 1239 ⁴
164 1218 289 1272 954.
617 1219 702 1273 17.
1029 1220 1118 1274 26.
1448 1220 1532 1276 10.
1876 1219 2445 1291 (A.Leod.)Erluinus
2477 1218 2689 1290 primus
2728 1217 2904 1272 abbas
2957 1215 3426 1271 Gemmelacensis

161 1310 414 1377 (FULCUIN
434 1308 460 1379 )
519 1310 809 1365 Ratherius
873 1311 958 1365 bis
1023 1312 1349 1383 episcOpatu
1394 1312 1701 1369 Veronensi
1805 1313 2010 1368 lumine
2032 1314 2318 1369 oculorum
2349 1311 2864 1383 privatur193.r(V.
2901 1312 3094 1377 Brun.)
3122 1310 3304 1365 Bruno
3333 1325 3423 1364 ar-

93 1399 378 1468 depulsus,
410 1399 825 1454 Leodicensium
851 1400 1149 1472 cpisc0pus
1169 1418 1269 1472 per
1289 1403 1601 1458 Brunonem
1624 1421 1705 1459 ar—
1805 1402 2194 1474 chiepiscopus
2212 1402 2399 1473 plures
2427 1401 2890 1455 Nortmannorum
2922 1414 3047 1453 cum
3082 1398 3423 1469 principibus

92 1491 504 1562 chiepiscOpum
532 1492 819 1546 ordinatur
840 1498 963 1562 post
994 1492 1362 1548 Farabertum.
1398 1494 1489 1564 (V.
1520 1494 1701 1566 Guib.)
1731 1533 1781 1600 Β
1805 1512 1993 1552 eorum
2036 1496 2303 1567 baptizari
2337 1494 2485 1550 fecit.
2533 1494 2720 1563 (\Vte.)
2749 1492 3121 1547 Guicmannus
3148 1492 3374 1547 rebellis
3394 1509 3426 1547 a

94 1586 414 1640 lmmunitas
437 1591 634 1641 nostrae
662 1586 748 1645 “‘7.
775 1586 1238 1643 Gemmelacensis
1258 1589 1486 1655 scilicet,
1514 1590 1704 1646 aeccle—
1733 1584 1780 1600 "
1807 1589 1944 1646 facie
1967 1589 2112 1662 regis
2138 1589 2352 1644 Ottonis
2392 1598 2544 1642 trans
2574 1586 2783 1641 Albiam
2829 1585 3067 1658 fugiens,
3109 1584 3332 1640 Sclavos
3368 1585 3423 1639 in

93 1676 187 1732 site
210 1677 374 1732 etiam
414 1677 715 1748 apostolica
761 1679 1087 1735 auctoritate
1140 1697 1172 1735 a
1214 1681 1510 1737 Benedicto
1563 1699 1705 1754 papa
1808 1701 2038 1760 regnum
2069 1685 2190 1752 ejus
2220 1683 2516 1746 conduxit;
2548 1696 2688 1753 quos
2734 1695 2828 1734 rex
2859 1678 3078 1734 fortiter
3106 1677 3424 1742 debellavit,

99 1767 506 1834 corroboratur,
541 1782 686 1822 anno
727 1768 961 1838 septimo
1009 1770 1279 1840 pontificii
1316 1772 1455 1838 ejus.
1517 1772 1705 1843 (Wto.)
1808 1774 1995 1830 occiso
2037 1772 2228 1848 regulo
2260 1787 2450 1827 eorum
2474 1786 2596 1827 cum
2626 1770 2836 1837 multis,
2862 1775 2916 1824 et
2945 1766 3052 1822 700
3074 1766 3304 1837 captivis
3332 1782 3420 1821 ca-

102 1858 214 1912 Rex
235 1858 355 1913 Otto
382 1875 605 1914 uxorem
637 1860 938 1915 secundam
960 1861 1111 1917 ducit
1141 1861 1388 1918 relictam
1430 1864 1709 1923 Ludowici
1810 1863 1927 1935 pite
1956 1862 2134 1917 caesis.

102 1947 360 2001 Italorum
393 1948 560 2022 regis,
593 1957 648 2003 et
681 1964 780 2018 per
809 1965 928 2003 eam
964 1950 1183 2021 Papiam
1223 1952 1444 2023 accipit,
1878 1958 2004 2011 959.
2328 1953 2418 2008 22.
2744 1952 2796 2004 4.
3126 1949 3213 2003 15.

168 2034 292 2090 955.
623 2037 706 2094 18.
1033 2039 1122 2094 27.
1447 2043 1511 2096 11
1527 2085 1538 2097 .

1881 2047 2024 2117 (Msa
2052 2048 2066 2118 )
2097 2046 2382 2101 Johannes
2410 2044 2670 2098 Romanae
2701 2039 3145 2097 aecclesize134us
3167 2039 3427 2111 praesidet

175 2124 376 2195 (FULC.)
419 2125 667 2182 Liedulfo
709 2126 777 2180 ad
808 2126 1039 2198 gratiam
1080 2128 1249 2198 patris
1291 2129 1540 2196 reducto,
1580 2146 1708 2185 con-
1810 2131 3427 2208 199.(Firmum)BrunoaschiepiscOpusetarchiduxLotha-

99 2214 265 2268 radus
294 2214 424 2279 dux,
464 2215 557 2270 Dei
599 2224 654 2271 et
695 2215 1040 2286 imperatoris
1086 2216 1382 2291 transfuga.
1435 2220 1502 2272 ad
1536 2220 1711 2294 Unga-
1812 2227 2030 2301 ringi-ce,
2063 2224 2340 2280 secundas
2370 2230 2552 2294 partes
2580 2223 2637 2276 in
2662 2237 2834 2294 regno
2862 2220 3045 2276 fratris
3063 2220 3147 2275 sui
3172 2226 3428 2290 potenter

100 2318 191 2356 1‘08
245 2319 306 2357 $0
363 2304 680 2368 conferens.
714 2320 811 2360 €08
866 2304 921 2358 in
973 2305 1379 2380 Lotharingiam
1412 2324 1584 2379 usque
1640 2310 1709 2363 ad
1812 2330 1867 2374 et
1908 2317 2181 2373 industrie
2220 2316 2656 2382 amministrans,
2700 2314 3030 2386 Raginerum
3076 2313 3423 2368 Montensem

100 2393 488 2448 Carbonariam
528 2395 717 2449 silvam
748 2397 1031 2466 perduxit;
1064 2404 1120 2451 et
1176 2396 1376 2453 virtute
1421 2399 1515 2453 Dei
1563 2400 1709 2470 apud
1811 2408 2091 2473 comitem,
2146 2406 2241 2478 qui
2292 2404 2643 2480 Longicollus
2699 2403 3217 2478 cognominabatur,
3277 2401 3424 2473 apud

102 2482 301 2537 Lobias
350 2493 538 2539 contra
567 2500 664 2540 eos
694 2493 936 2552 ostensa,
976 2486 1119 2541 ultra
1168 2487 1390 2558 prodire
1423 2489 1708 2560 prohibiti,
1812 2498 2163 2553 valentianas
2223 2503 2509 2551 evocatum
2586 2495 2736 2565 capit
2789 2502 2845 2549 et
2902 2492 3200 2549 invocabili
3260 2492 3426 2547 exilio

104 2574 330 2643 impune
389 2575 639 2631 redeunt.
696 2577 790 2647 (Α.
844 2578 992 2648 Lob.)
1048 2578 1321 2636 Ludovico
1377 2581 1709 2636 Francorum
1812 2588 2094 2643 damnavit
2124 2582 2333 2658 proeo
2361 2586 2510 2658 quod
2540 2601 2771 2658 regnum
2825 2584 2992 2639 bellis
3042 2582 3425 2654 inquietabat;

104 2681 232 2738 rege
264 2673 500 2733 πηοτιυον
536 2667 843 2736 Lotharius.
876 2667 1024 2724 ﬁlius
1065 2671 1185 2738 eius
1215 2688 1280 2726 ex
1310 2672 1586 2747 Gerberga
1616 2690 1711 2729 SO-
1810 2681 1897 2736 vel
1925 2680 2075 2751 quod
2106 2679 2290 2733 verius
2321 2677 2488 2732 fuisse
2514 2676 2736 2741 dicitur,
2768 2692 2867 2746 pro
2898 2691 2965 2731 eo
2996 2676 3147 2748 quod
3203 2682 3424 2730 mortuo

106 2774 228 2814 rore
279 2760 643 2830 imperatoris,
674 2763 921 2838 regnavit
963 2765 1125 2819 annis
1152 2767 1242 2820 22.
1290 2767 1474 2838 (WID.)
1510 2770 1712 2823 Beren-
1814 2767 2123 2822 Gisleberto
2145 2767 2287 2821 duce
2306 2764 2725 2839 consanguineo
2746 2780 2869 2829 suo,
2901 2780 2966 2819 ea
2989 2780 3112 2836 quae
3144 2763 3426 2818 Gisleber-

104 2848 289 2920 garius
320 2865 413 2903 rex
454 2851 623 2907 Italia:
656 2853 711 2907 in
743 2853 1088 2909 Germaniam
1137 2857 1203 2911 ad
1236 2873 1422 2931 regem
1459 2858 1707 2915 Ottonem
1762 2927 1786 2931 _
1815 2868 1903 2914 tus
1931 2858 2086 2914 uxori
2117 2873 2228 2912 sua:
2246 2856 2538 2930 Gerbergze
2558 2872 2748 2911 sorore
2773 2856 3124 2927 imperatoris
3154 2856 3211 2910 in
3239 2856 3425 2911 dotem

106 2938 275 3025 venit,
305 2938 469 3010 eique
511 2941 627 2996 suis
679 2942 877 3014 suique
932 2943 1029 2998 ﬁlii
1075 2927 1331 3001 manibus
1380 2948 1538 3015 daiis,
1571 2966 1632 3003 se
1663 2951 1714 3005 ei
1744 2927 1792 2996 Ο
1815 2949 2143 3013 contulerat.
2174 2927 2525 3001 ViOIBDleF—ei
2558 2945 2777 3000 ὃυῖθῐτθ
2794 2945 3179 3016 Ρΐδόευιηθῧᾶι·
3215 2944 3380 3015 (ΒΑΜ)
3414 2985 3428 3011 ν

105 3029 419 3084 committit.
453 3031 577 3102 (1b.)
608 3035 648 3086 A
678 3034 940 3103 Bajoariis
971 3044 1159 3092 contra
1199 3039 1421 3095 Sclavos
1450 3056 1714 3112 prospere
1815 3024 1975 3109 1,194)
2007 3038 2173 3093 Bonis
2203 3036 2462 3112 Ragineri
2489 3037 2557 3091 ad
2587 3036 2780 3093 ﬁscum
2826 3036 3139 3107 publicatis,
3176 3036 3273 3090 ﬁlii
3302 3037 3426 3105 ejus

107 3128 402 3191 pugnatum
1816 3130 2122 3202 Raginerus
2153 3137 2209 3183 et
2247 3129 2566 3183 Lambertus
2596 3129 2665 3182 ad
2724 3127 3035 3183 Lotharium
3093 3128 3427 3182 Francorum

175 3210 298 3263 956.
629 3215 713 3269 19.
1040 3218 1091 3271 1.
1422 3221 1509 3275 12.
1815 3236 1999 3293 regem
2028 3219 2417 3294 confugerunt.
2452 3220 2773 3294 Prodigiosa
2803 3235 2892 3274 res
2944 3219 3146 3274 multos
3179 3226 3346 3274 terret
3379 3226 3434 3273 et

175 3304 271 3373 (Ib)
305 3305 363 3358 ln
398 3305 551 3360 [talia
589 3306 729 3378 lapis
772 3310 924 3365 mirae
964 3314 1361 3387 magnitudinis
1391 3317 1597 3372 tonitru
1649 3333 1713 3372 ac
1814 3328 1845 3366 a
1872 3310 2019 3366 vitiis
2041 3319 2280 3375 coercet,
2327 3310 2475 3366 notis
2514 3311 2704 3383 crucis
2749 3311 2805 3364 in
2849 3318 3000 3365 veste
3058 3310 3418 3381 plurimorum

107 3402 432 3466 tempestate
462 3398 777 3456 turbulenta
804 3403 873 3457 de
902 3404 1035 3459 caelo
1068 3405 1262 3473 iactus,
1311 3407 1507 3480 ingens
1546 3410 1711 3464 mira-
1813 3402 2229 3475 apparentibus,
2260 3403 2606 3474 quorundam
2645 3409 2829 3458 autem
2856 3403 3104 3458 vestibus
3143 3402 3303 3474 quasi
3347 3402 3430 3457 lc-

105 3486 287 3542 υιιιυῐη
316 3489 632 3547 videntibus
664 3494 898 3564 prebuit.
931 3497 1155 3569 Templa
1181 3499 1461 3572 plerisque
1490 3501 1544 3555 in
1577 3501 1712 3557 locis
1813 3512 1911 3567 pra
1948 3494 2325 3550 sordentibus.
2360 3493 2528 3567 [Obiit
2565 3502 2789 3551 sanctus
2837 3495 3113 3550 Gerardus
3170 3493 3433 3550 fundator

106 3576 285 3631 valida
314 3584 643 3650 tempestate
666 3598 936 3640 concussa
965 3595 1114 3641 sunt.
1168 3587 1457 3661 Utriusque
1502 3590 1714 3645 ordinis
1818 3583 2133 3639 Broniensis
2160 3582 2403 3638 cmnobii
2435 3581 2548 3655 ²⁰⁰.]

108 3665 424 3722 sacerdotes
462 3669 569 3724 ictu
602 3669 852 3726 fulminis
892 3671 1240 3740 interierunt,
1301 3684 1354 3731 et
1386 3678 1541 3748 plura
1592 3680 1715 3734 hor-
1885 3676 2010 3732 960.
2335 3675 2426 3729 23.
2755 3675 2807 3727 4.
3135 3672 3222 3727 16-

110 3757 437 3813 rendadictu
455 3769 709 3829 portenta
734 3772 1037 3819 monstrata
1053 3776 1197 3821 sunt.
1226 3767 1413 3840 (Mam)
1438 3769 1714 3826 Friderico
1886 3763 2092 3834 (BALD.)
2127 3763 2238 3817 Hoc
2262 3770 2511 3832 tempore
2551 3777 2651 3831 per
2688 3759 3012 3815 industriam
3072 3760 3284 3815 Ottonis
3312 3776 3431 3814 me-

108 3844 400 3920 Moguntize
434 3850 854 3923 archiepiscOpo
886 3861 1123 3911 mortuo,
1171 3856 1514 3923 Guillelmus,
1568 3859 1715 3915 ﬁlius
1816 3851 2011 3907 liorato
2038 3850 2257 3922 imperii
2284 3857 2338 3904 et
2382 3849 2651 3905 tecclesiae
2683 3856 2851 3917 statu,
2892 3849 3062 3904 multa
3094 3851 3430 3905 monasteria

106 3939 318 3995 Ottonis
348 3942 715 4013 imperatoris,
762 3948 1134 4006 substituitur.
1168 3953 1261 4021 (Α.
1317 3955 1476 4019 Lob.;
1523 3954 1712 4028 FULc.)
1816 3946 2135 4003 etccenobia
2160 3945 2229 3999 ad
2249 3943 2467 3999 laudem
2497 3944 2590 3999 Dei
2619 3950 2673 3999 et
2694 3945 2959 3998 honorem
2989 3951 3303 3999 sanctorum
3333 3954 3430 4001 aut

109 4030 366 4087 Hatherio
413 4034 482 4087 ab
507 4035 827 4108 episcopatu
886 4040 1303 4097 Leodiccnsium
1358 4043 1556 4113 ejecto,
1591 4046 1658 4101 Ba

1877 4041 2204 4098 staurantur,
2247 4038 2340 4087 aut
2388 4032 2743 4102 ampliantur,
2782 4041 2878 4087 aut
2907 4032 3271 4089 aediﬁcantur.
3305 4034 3426 4104 (AN-

105 4120 292 4175 dricus
343 4123 627 4179 annitente
691 4129 962 4184 avunculo
1027 4146 1128 4186 suo
1196 4133 1466 4208 Baginero
1510 4136 1653 4191 comi

1881 4123 1991 4193 um.)
2022 4123 2169 4176 lnter
2190 4136 2328 4192 quos
2377 4128 2432 4174 et
2484 4121 2765 4185 Euraclus,
2805 4128 2929 4192 post
2974 4122 3283 4177 Baldricum
3313 4122 3428 4192 epi-

106 4208 392 4266 Montense
422 4213 718 4286 episcopus
745 4217 1117 4276 substituitur,
1279 4206 1299 4208 ⁷
1734 4270 1782 4286 n
1812 4226 2014 4282 scopus
2044 4208 2461 4265 Leodicensium
2490 4206 2684 4273 factus,
2706 4209 2816 4263 duo
2845 4208 2902 4262 in
2932 4209 3068 4263 urbe
3091 4209 3428 4264 monasteria

176 4305 298 4360 957.
457 4270 472 4284 ⁵
615 4270 711 4365 ’2οξ
782 4270 1117 4370 Vim—W2:
1426 4317 1516 4375 23.
1729 4270 1787 4339 Β
1812 4270 2132 4369 construxit,
2164 4302 2234 4355 ad
2291 4301 2504 4355 titulum
2564 4270 2736 4356 sancti
2790 4301 2941 4356 Pauli
2989 4301 3244 4372 apostoli,
3274 4307 3330 4355 et
3356 4300 3426 4355 ad

180 4396 270 4465 (V.
320 4400 515 4471 Brun.)
561 4402 864 4472 Liedulfus,
898 4405 1042 4462 ﬁlius
1091 4407 1303 4464 Ottonis
1344 4408 1712 4478 imperatoris,
1816 4394 2033 4450 ιίῐυιυῐη
2055 4394 2231 4449 sane“
2260 4391 2473 4447 Martini
2503 4392 2753 4464 episcopi
2781 4393 2871 4448 ³⁰¹ο

109 4487 164 4541 in
192 4489 347 4546 ltalia
395 4494 648 4549 moritur.
711 4496 940 4572 Ungaris
991 4499 1187 4575 iterum
1247 4516 1473 4575 regnum
1503 4499 1715 4556 Ottonis
1886 4490 2013 4544 961-
2337 4487 2428 4575 24'
2910 4572 2931 4575 _
3139 4486 3222 4542 Π·

109 4578 458 4650 imperatoris
514 4586 681 4640 ductu
722 4587 952 4644 Conradi
992 4572 1176 4646 vducis
1226 4572 1658 4664 depOpulantibu

1889 4576 2087 4647 (Msa)
2119 4575 2272 4646 Apud
2328 4573 2858 4645 Constantinopolim
2910 4572 3156 4630 Romano
3194 4576 3428 4646 impera-

113 4669 412 4740 imperator
441 4689 537 4728 eos
564 4674 710 4731 bello
746 4679 979 4748 excepit,
1011 4680 1260 4735 Conrado
1291 4682 1358 4736 ab
1386 4682 1614 4756 Ungaris
1643 4699 1662 4735 ε

1877 4684 1931 4724 re
1961 4666 2245 4734 defuncto,
2265 4667 2607 4736 Nicephorus
2623 4665 3033 4736 imperatannis
3055 4666 3137 4721 10.
3159 4666 3426 4736 (Licham)

108 4774 234 4812 cum
266 4761 567 4831 penitendo
625 4764 931 4838 refugiente
963 4776 1017 4823 et
1046 4779 1236 4825 orante
1270 4753 1570 4839 Deumfut
1614 4788 1712 4843 pro
1813 4758 2044 4812 Sanctus
2085 4756 2365 4811 Udalricus
2392 4756 2460 4789 ²⁰²
2490 4760 2746 4828 Augustze
2771 4753 3182 4810 Vindelicorum
3216 4756 3427 4826 episco-

110 4864 269 4916 P‘L'na
300 4848 549 4919 Perﬁditﬁ
576 4868 689 4907 sum
721 4854 775 4908 in
811 4856 929 4926 ipso
952 4856 1098 4913 bello
1120 4859 1188 4912 ab
1218 4859 1448 4935 Ungaris
1471 4862 1714 4932 perime-
1816 4868 1920 4926 ptis
1945 4852 2236 4907 sanctitate
2265 4850 2437 4905 claret
2462 4850 2519 4903 in
2565 4849 2737 4904 Gallia
2777 4856 2833 4904 et
2889 4849 3201 4907 Germania.
3257 4851 3426 4906 Gallia

107 4944 273 4989 retur.
307 4936 496 5009 (\Vto.)
527 4941 643 5005 Quo
672 4941 819 4999 bello
860 4943 914 4997 in
957 4953 1168 5001 tantum
1200 4955 1328 5003 sunt
1364 4948 1562 5022 Ungari
1588 4948 1714 5004 victi
1815 4958 1870 5003 et
1895 4947 2187 5003 Germania
2231 4946 2338 5017 jam
2368 4946 2508 5000 bene
2539 4952 2752 5015 pacata,
2786 4944 3080 5001 intendens
3128 4946 3428 5017 imperator

1463 5113 1680 5168 VARl/E
1708 5111 1975 5168 LECTION
1987 5112 2079 5165 ES.

184 5240 249 5273 ’95
276 5240 698 5314 Baginoensium
734 5246 825 5301 (1.
859 5245 908 5301 3.
942 5247 1002 5301 D.
1037 5248 1103 5282 ¹⁹⁶
1135 5248 1188 5301 Ε.
1236 5248 1291 5303 Ρ.
1328 5249 1386 5313 ρ,
1431 5249 1490 5303 G.
1541 5265 1590 5303 c.
1624 5249 1658 5302 b
1711 5265 1756 5302 s.
1792 5247 1848 5302 P.
1878 5247 2038 5301 addit
2068 5247 2185 5313 Sig.
2217 5262 2331 5300 cur.
2373 5248 2576 5305 tertiis;
2605 5244 2724 5298 rell.
2818 5242 2883 5277 "7
2916 5244 3190 5314 nostra:_ct
3214 5237 3427 5314 scilicet

111 5311 303 5386 desunt
331 5308 735 5386 Eglmmunitas
761 5348 831 5357 —
855 5318 975 5386 ejus
1000 5320 1190 5374 desunt
1222 5320 1312 5374 [31.
1334 5308 1380 5373 '3
1428 5319 1515 5375 C1.
1544 5320 1634 5374 2*.
1675 5319 1830 5374 34*.
1867 5318 1927 5372 E.
1988 5318 2056 5352 ³9⁸
2087 5308 2151 5371 ΕΪ
2172 5334 2227 5386 p.
2265 5333 2311 5370 a.
2340 5316 2397 5371 G.
2432 5316 2467 5370 l.
2510 5332 2559 5371 ο.
2600 5332 2652 5386 p.
2687 5315 2879 5369 desunt
2906 5314 3000 5386 B1.
3030 5309 3213 5386 5._C_|.
3245 5309 3336 5386 2*.

111 5332 303 5364 ursum
331 5332 386 5365 [ι.
418 5332 735 5371 Immunttas
761 5348 831 5357 —
855 5334 975 5386 ejus
1000 5332 1190 5374 desum
1222 5332 1312 5374 li’l.
1346 5332 1380 5373 5
1428 5332 1515 5375 ()1.
1544 5332 1634 5374 2".
1675 5332 1830 5374 3.4".
1868 5332 1927 5372 IS.
1988 5332 2056 5352 "°
2087 5332 2140 5371 ιι.
2172 5334 2227 5386 p.
2265 5333 2311 5370 a.
2340 5332 2397 5371 υ.
2432 5332 2467 5370 ι.
2510 5332 2559 5371 0-
2643 5358 2652 5367 .
2687 5332 2879 5369 (Iesum
2906 5332 3000 5365 ηπ.
3030 5332 3084 5366 θ.
3121 5332 3213 5365 ω.
3247 5332 3336 5362 ιτ.
3369 5332 3422 5363 o.

234 5382 339 5463 Ι)...
374 5384 439 5463 ξ⁹⁹
464 5385 752 5463 Johannes
772 5389 1111 5463 7—_presidet
1150 5391 1342 5463 desunt
1368 5393 1427 5445 υ.
1515 5392 1585 5425 ²⁰⁰
1605 5391 1764 5463 addit
1810 5387 1940 5462 1β.;
1981 5389 2098 5443 rell.
2124 5392 2323 5458 prth
2360 5389 2420 5442 A.
2496 5388 2560 5421 ’9‘
2594 5332 2741 5441 [puter
2768 5415 2835 5424 -
2867 5382 3114 5453 episcopi
3140 5381 3333 5435 desunt
3362 5379 3422 5434 D.

112 5451 181 5485 ²⁰²
200 5454 494 5510 waldricus
523 5458 649 5514 83*.
684 5458 808 5515 C2‘.
838 5451 1069 5517 Sanctus
1098 5492 1165 5502 —
1194 5462 1483 5517 Germania
1511 5463 1703 5517 desunt
1731 5462 1790 5517 D.
