3924 6080
41 0 134 103 78$;
1498 42 1617 98 (ΖΗΕ

1728 41 1846 98 lCA.
3232 35 3333 90 190
3409 111 3412 118 ι

69 175 142 230 Otto
182 174 340 229 etiam
375 173 585 228 Italiam
644 189 860 246 pacare,
895 174 1180 245 presertim
1213 189 1338 230 eum
1397 173 1466 229 ad
1515 173 1621 228 hoc
1645 174 1696 243 Α
1722 170 1912 242 paucis
1968 170 2152 225 Romae
2196 169 2502 222 morantem
2571 162 2758 218 subito
2817 161 3082 238 aggressi.
3138 160 3214 215 ita
3264 159 3334 214 ab

62 265 170 319 anxie
193 261 555 318 evocantibus
593 263 843 319 Iohanne
890 279 1032 334 papa
1079 263 1400 336 caeterisque
1455 261 1621 318 Italiie
1723 263 1963 320 exercitu
1995 258 2345 333 imperatoris
2372 257 2710 324 suntattriti,
2739 263 2800 311 ut
2827 255 2898 290 ²⁰⁶
2927 254 3033 310 nisi
3062 255 3131 309 ab
3161 253 3336 324 impe-

60 359 304 429 episc0pis,
335 364 398 412 ut
429 372 526 412 eos
571 357 833 412 liberaret
870 357 939 412 de
978 357 1237 412 manibus
1263 364 1620 428 tyrannorum
1722 363 1905 412 ratore
1933 362 1988 410 et
2017 369 2158 425 papa
2188 353 2369 408 Leone
2391 350 2594 406 milites
2633 347 2978 420 imperatoris
3007 363 3039 402 a
3069 345 3221 402 caede
3245 361 3334 400 re-

61 449 322 523 Berengarii
351 455 520 518 atque
561 448 868 514 Adelberti;
926 449 1020 519 (A.
1059 447 1212 519 Lob.)
1253 446 1426 502 ﬁlium
1459 463 1618 502 suum
1721 450 2081 508 vocarentur,
2113 456 2288 513 usque
2339 439 2406 494 ad
2452 437 2875 492 internetionem
2911 435 3138 490 Romani
3175 433 3336 488 dele-

61 547 253 594 Uttonem
283 555 520 610 puerum
545 544 877 608 septennem
933 538 1260 612 Aquisgrani
1291 538 1381 593 die
1431 544 1620 592 sancto
1721 547 1930 594 rentur.
1992 535 2256 592 Romanis
2313 549 2410 604 per
2466 531 2703 588 Leonem
2757 545 2955 601 papam
3015 526 3329 598 imperatori

65 637 358 700 pentecostes
383 631 440 684 in
475 646 656 700 regem
690 629 881 703 inungi
901 628 1062 693 fecit;
1095 630 1186 701 (V.
1221 627 1407 700 Brun.)
1438 644 1620 700 eoque
1721 625 2114 691 reconciliatis,
2145 631 2269 695 post
2319 623 2634 678 abscessum
2686 616 3030 688 imperatoris
3053 618 3157 672 Leo
3189 631 3332 687 papa

58 719 390 774 rammendato
420 718 852 789 archiepiscopis
897 717 1049 772 fratri
1095 717 1342 773 Brunoni
1395 723 1451 773 et
1503 716 1620 772 ﬁlio
1717 719 1952 774 insidias
1980 718 2088 773 sibi
2113 718 2293 790 parari
2335 717 2604 780 sentiens,
2645 713 2712 767 ad
2753 713 3138 782 imperatorem
3169 709 3329 781 fugit.

53 807 317 874 Guillelmo,
348 807 416 862 ad
447 806 652 860 Italiam
677 806 876 861 tendit.
1717 811 1996 867 Iohannes
2051 827 2115 864 ex
2145 826 2284 880 pupa
2329 825 2387 864 se
2417 823 2541 862 cum
2580 819 2750 860 uxore
2803 801 3088 872 cujusdam
3141 800 3327 855 oblec-

93 895 187 951 962.
415 895 477 950 B-
519 895 608 948 25.
834 893 892 948 Ρ.
931 894 984 948 7-
1276 891 1334 948 (Σο
1385 893 1429 948 Ι.
1719 907 1859 968 tans,
1897 916 1928 954 a
1958 898 2180 954 diabolo
2221 897 2276 952 in
2322 906 2569 967 tempore
2605 893 2930 965 percutitur,
2959 906 3022 945 ac
3057 888 3178 944 sine
3204 888 3325 942 via-

95 989 160 1053 (V.
191 986 379 1054 Guib.)
413 987 646 1042 Sanctus
677 991 834 1056 pater
877 993 1065 1040 noster
1109 983 1456 1048 GuicbertUS.
1490 982 1618 1039 fun-
1718 991 1827 1047 tico
1858 989 2138 1046 dominico
2169 989 2413 1044 moritur.
2451 985 2680 1042 Romani
2714 989 2904 1040 contra
2927 981 3326 1051 juramentum,

41 1076 156 1128 dator
180 1075 380 1140 nostri,
432 1072 901 1128 Gemmelacensis
940 1072 1170 1128 scilicet.
1227 1071 1298 1107 ’(³³
1353 1071 1616 1140 ccenobii,
1717 1087 1865 1160 quod
1895 1085 2210 1156 imperator;
2241 1083 2504 1150 feceram,
2529 1098 2589 1138 se
2621 1097 2904 1153 nunquam
2935 1079 3212 1134 electuros
3229 1093 3328 1148 pa-

43 1167 149 1236 ίΨυά
171 1167 445 1231 Gallam:
484 1165 578 1220 “bi
619 1166 730 1220 Deo
761 1164 1034 1220 militabat
1083 1172 1308 1236 ιπορίθτ
1367 1179 1612 1220 amorem
1714 1195 1838 1250 pam
1871 1177 1990 1233 sine
2023 1177 2143 1247 ejus
2172 1181 2226 1230 et
2253 1173 2349 1228 filii
2395 1173 2516 1243 ejus
2565 1172 2775 1228 Ottonis
2824 1185 3118 1232 consensu,
3155 1169 3333 1222 Bene-

45 1257 262 1313 icrientis
294 1257 371 1312 ibi
401 1267 608 1312 sanctae
638 1255 946 1329 religionis.
975 1255 1028 1310 in
1063 1255 1278 1312 Christo
1309 1255 1566 1312 dormivit
1594 1276 1610 1322 ;
1713 1271 1923 1326 dictum
1951 1284 2148 1341 papam
2181 1267 2284 1322 sibi
2334 1272 2598 1320 smmum.
2651 1265 2960 1334 Imperator
3006 1261 3176 1315 Roma
3229 1258 3330 1314 ob-

41 1361 80 1405 et
101 1353 174 1424 qui
204 1353 393 1407 omnia
423 1351 738 1422 reliquerat.
792 1352 1113 1421 centuplum
1153 1358 1206 1405 et
1247 1351 1409 1406 vitam
1451 1359 1614 1406 aeter-
1714 1376 1867 1416 scssa
1895 1359 2173 1414 Romanos
2221 1355 2372 1411 caede
2399 1361 2456 1410 et
2485 1353 2630 1409 fame
2683 1353 2824 1408 adeo
2865 1350 3078 1416 afﬂixit,
3109 1356 3168 1404 ut
3201 1349 3336 1405 Leo-

41 1460 128 1496 “m
154 1444 378 1560 Ecel’i:
419 1443 508 1498 ⁵⁰⁶ο
544 1441 750 1560 (ξοπβυε
779 1459 908 1560 νξζξ)
963 1442 1082 1513 eius
1140 1442 1372 1498 relatum
1419 1450 1504 1498 est
1544 1442 1612 1498 ad
1636 1491 1688 1560 Β
1715 1471 1840 1511 nem
1873 1469 2068 1526 papam
2098 1467 2159 1507 se
2199 1458 2518 1522 recepturos
2561 1449 2968 1522 promitterent.
3001 1444 3335 1500 Benedictus

41 1545 158 1560 omna
199 1546 308 1560 unm
366 1547 566 1560 ,Ammn
593 1546 793 1560 nnnnnn
1752 1559 1757 1560 ,
1777 1543 1788 1554 ο
1808 1559 1817 1560 κ
1845 1550 1877 1560 κ.
1931 1559 1943 1560 κ
1982 1557 2008 1560 Α
2029 1557 2087 1560 ,Α
2129 1540 2297 1560 --Ι--..Α
2357 1547 2557 1560 ..-..-ι--
2610 1538 2703 1560 --.ι
2757 1536 2914 1560 -.ΞΑ-ν.
2945 1533 3254 1560 ηηηΑ-ᾹΑΙΞΑ
3306 1549 3332 1560 ιι

41 1529 310 1586 εωηοδίῑιῐη
342 1529 793 1586 (ἶθῐηῐηθιδοθῐιεθ
819 1532 909 1585 ²⁰⁶ο
1636 1529 1688 1560 u
1713 1543 1951 1612 reiectus
1981 1557 2093 1596 non
2125 1540 2302 1595 solum
2357 1547 2581 1610 papatu,
2608 1538 2706 1593 sed
2753 1536 2916 1592 etiam
2945 1533 3256 1590 sacerdotio
3305 1549 3336 1589 a
3363 1567 3366 1571 ι

82 1617 184 1674 963.
506 1619 594 1672 26.
923 1622 977 1676 8.
1307 1621 1360 1676 2.

1728 1631 1894 1688 Leone
1925 1627 2303 1686 exordinatur.

87 1711 249 1779 fchr.)
296 1710 421 1766 Otto
475 1711 776 1782 imperator
829 1711 981 1767 Italia
1043 1721 1364 1789 pervagata,
1422 1722 1478 1770 et
1517 1721 1608 1786 ty-
1781 1719 1910 1774 964.
2234 1715 2326 1772 27.
2682 1714 2736 1770 9.
3065 1711 3118 1767 3.

41 1806 189 1859 ianuis
218 1803 390 1860 ltalim
442 1805 730 1874 majestate
789 1805 1030 1862 nominis
1069 1807 1153 1861 sui
1192 1807 1266 1862 ita
1315 1807 1608 1875 exterritis,
1780 1804 1939 1875 (Vita
1986 1801 2179 1874 Deod.)
2231 1799 2578 1856 Adelborene
2652 1799 3002 1856 Mettensium
3060 1797 3326 1870 episcopo

41 1895 147 1947 utin
171 1895 303 1950 locis
325 1901 520 1949 natura
550 1893 778 1948 munitis
812 1893 1048 1950 laterent
1085 1901 1181 1950 aut
1211 1896 1606 1951 Saracenorum
1709 1902 1926 1952 mortuo
1975 1893 2148 1967 (203),
2207 1892 2538 1948 Deodericus
2579 1891 2948 1948 consobrinus
2987 1889 3199 1946 Ottonis
3231 1890 3329 1944 im-

41 1985 300 2052 patrocinia
322 1992 644 2056 quererent;
678 1985 864 2040 Romae
893 2002 925 2040 a
959 1987 1212 2042 Johanne
1245 2003 1386 2057 papa
1425 1987 1479 2040 in
1512 1986 1610 2041 im-
1711 1985 1978 2060 peratoris
2006 1985 2303 2056 episcopus
2331 1983 2682 2058 subrogatur.
2720 1983 2834 2045 Hic.
2869 1990 2928 2037 ut
2979 1981 3198 2056 legitur,
3241 1980 3330 2036 in-

41 2081 297 2139 perstet-em
330 2071 712 2139 benedicitur;
745 2073 962 2143 tyranni
992 2089 1022 2128 a
1081 2090 1222 2145 papa
1249 2074 1502 2130 Johanne
1555 2084 1611 2132 et
1711 2077 1956 2150 spiciens
1985 2077 2188 2147 primas
2231 2075 2444 2130 litteras
2483 2073 2770 2130 nominum
2811 2073 3060 2129 omnium
3092 2069 3324 2128 M’etten-

41 2178 61 2214 a
87 2163 317 2219 Romanis
362 2163 704 2233 abjurantur.
739 2163 814 2220 Eo
873 2165 1228 2236 repatriante,
1277 2166 1604 2223 Adelbertus
1705 2169 1848 2225 sium
1881 2169 2292 2240 episcoporum,
2325 2182 2462 2239 quas
2485 2165 2716 2240 angelus
2742 2163 2959 2220 Domini
2991 2165 3194 2220 dicitur
3219 2163 3327 2219 de-

41 2267 54 2304 l
80 2269 190 2322 papa
210 2253 466 2308 Iohanne
495 2269 526 2307 e
555 2251 848 2309 Fraxineto
881 2253 1109 2309 Romam
1155 2264 1472 2322 revocatur;
1505 2257 1604 2312 sed
1707 2262 1853 2316 disse
1882 2269 2074 2316 sancto
2105 2259 2370 2315 Clementi
2406 2258 2584 2330 primo
2639 2256 2986 2312 Mettensium
3035 2255 3328 2327 episcopo,

49 2347 314 2410 mperatore
332 2342 601 2396 redeunte
615 2340 914 2416 refugiunt.
945 2341 1186 2398 Collecto
1227 2343 1283 2398 in
1312 2351 1424 2399 tota
1451 2346 1606 2401 Italia

1728 2363 1760 2410 tt
1786 2365 2006 2424 notans,
2035 2355 2169 2410 alias
2197 2371 2352 2421 auro,
2385 2353 2521 2408 alias
2572 2353 2768 2407 viliore
2832 2350 3052 2406 metallo
3087 2365 3184 2421 pro
3211 2365 3328 2404 me-

43 2431 379 2500 ‘pisc0porum
427 2431 691 2497 concilio,
748 2431 1030 2487 Iohannes
1067 2432 1138 2488 de
1198 2433 1422 2489 nefariis
1474 2450 1617 2493 cau-n

1728 2449 1936 2504 'itorum
1965 2447 2226 2520 qualitate
2256 2462 2376 2502 esse
2407 2452 2697 2500 annotatas
2723 2461 2736 2511 ;
2766 2459 2889 2498 cum
2923 2441 3134 2497 videret
3159 2440 3327 2496 etiam

42 2628 118 2665 .um
145 2616 323 2670 venire
354 2623 669 2682 cunctatur,
701 2623 826 2686 post
866 2615 1036 2670 multa
1069 2617 1288 2672 tandem
1323 2632 1388 2672 eo
1419 2634 1450 2672 a
1481 2633 1610 2673 cun-

1728 2628 1884 2684 'ertur
1912 2643 1970 2682 se
2001 2627 2058 2682 in
2083 2626 2406 2698 episcOpatu
2445 2633 2596 2680 tanta
2628 2626 2772 2680 bona
2803 2623 2919 2679 fore
2947 2622 3238 2687 facturum,
3270 2627 3332 2677 ut

42 2700 111 2750 ‘tis
143 2700 501 2771 prejudicato,
547 2700 656 2756 Leo
683 2702 866 2758 adhuc
914 2702 1110 2766 laicus,
1165 2705 1436 2760 electione
1485 2721 1611 2762 om-

1733 2733 1830 2790 psa
1863 2717 2104 2772 nominis
2155 2717 2241 2772 sui
2285 2716 2467 2772 littera
2500 2717 2692 2783 merita
2733 2715 2963 2770 deberet
2990 2728 3124 2768 auro
3150 2727 3328 2768 anno-

41 2792 241 2904 λίυιιξξι
264 2792 409 2862 (202)
437 2807 716 2904 ξεοοιξεεξιειι
770 2793 1120 2904 imperatoris
1149 2796 1612 2904 papafubstitu‘i-
1634 2837 1684 2904 Ο
1714 2809 1838 2864 tari.
1872 2810 2040 2878 Cujus
2069 2809 2230 2866 bona).
2258 2810 2582 2865 intentionis
2608 2808 2824 2864 initium
2860 2805 3102 2862 ostendit
3126 2804 3183 2858 in
3223 2821 3331 2860 coe-

42 2884 453 2984 ιιτςωεειειικξι.)
493 2883 726 2984 Siclef}
757 2885 1048 2956 presidens
1098 2887 1418 2984 apostolifae
1465 2888 1610 2984 sgdi.
1635 2883 1684 2904 ν
1714 2901 1883 2958 nobio
1913 2903 2088 2957 sancti
2115 2903 2368 2974 martyris
2398 2909 2453 2957 et
2484 2901 2664 2958 levitas
2684 2897 2980 2963 Vincentii,
3014 2896 3243 2952 fundato
3273 2896 3326 2951 in

41 2973 533 3030 “i‘ardina‘iones
561 2982 618 3030 θι
644 2974 752 3030 alia
781 2992 905 3048 αυεε
946 2985 1104 3033 erant
1130 2979 1455 3050 θροδῑοιίοίὶο
1504 2980 1614 3036 Nec
1713 2991 1890 3062 ipsius
1927 2991 2084 3046 urbis
2111 2973 2308 3046 insula.
2353 2992 2540 3060 (ΒΑΜ).
2567 3008 2604 3056 ι,
2635 2989 2726 3056 99)
2751 2986 2976 3044 Arnulfo
3008 3001 3144 3042 sene
3175 2985 3328 3040 Flau-

41 3076 243 3133 ουὲυῐηι
274 3063 510 3119 Romani
569 3063 799 3120 altera”
850 3063 961 3122 ﬁde
1000 3068 1148 3138 apud
1191 3068 1610 3140 imperatorem.
1713 3080 1994 3136 drensium
2027 3080 2228 3136 comite
2260 3087 2498 3145 mortuo,
2529 3078 2817 3134 Lotharius
2860 3093 2952 3132 rex
2996 3076 3326 3132 Francorum

45 3165 189 3248 apem
217 3152 844 3224 recipiuntJohannem.
869 3155 968 3211 llle
991 3157 1206 3227 synodo
1229 3157 1460 3214 collecta
1485 3158 1615 3215 Leo-
1712 3172 1950 3248 graviter
1976 3171 2258 3227 Flandrias
2289 3170 2511 3226 ίητεειεη
2541 3177 2596 3226 ει
2621 3177 2796 3226 vastat
2826 3169 2917 3222 ποτ.

46 3261 124 3298 em
147 3247 426 3320 deposuit,
457 3254 512 3303 et
539 3248 663 3318 ejus
711 3257 868 3324 gesta
926 3251 1181 3306 cassavit.
1231 3251 1614 3326 Statutumque
1722 3247 1735 3248 ί
1787 3263 1912 3320 965,
2235 3262 2325 3320 28.
2661 3262 2740 3315 I0.
3067 3261 3122 3316 4.

41 3345 94 3388 σει
119 3339 333 3407 publico
361 3341 612 3396 omnium
647 3340 884 3410 judicio,
915 3343 1186 3414 synodum
1219 3361 1249 3399 a
1307 3345 1489 3400 Leone
1519 3347 1620 3402 ha-

41 3429 160 3485 titam
190 3449 296 3489 nec
335 3435 732 3490 nominan-lam
774 3437 1068 3508 synodum,
1099 3439 1198 3493 sed
1249 3441 1616 3510 prostibulum

41 3533 181 3575 ivens
225 3523 514 3578 adulteris.
560 3523 901 3598 Quicumque
965 3526 1134 3597 igitur
1190 3543 1258 3584 eo
1317 3529 1620 3586 ordinante

41 3623 153 3666 rant
177 3613 448 3677 damnati,
485 3616 628 3684 jussi
683 3625 812 3672 sunt
865 3634 1018 3673 suam
1075 3619 1319 3690 ipsorum
1379 3620 1621 3690 proscri-

42 3699 246 3757 -tionem
276 3711 605 3774 presentare
637 3704 692 3758 in
718 3714 867 3760 carta
919 3707 1039 3762 haec
1064 3708 1388 3764 continente
1419 3709 1620 3764 verba:

41 3793 167 3846 ἀερτ-
187 3813 339 3851 meus
367 3798 512 3851 nihil
525 3799 628 3852 sibi
659 3799 873 3866 habuit,
904 3803 1046 3856 nihil
1071 3804 1211 3858 mihi
1238 3804 1432 3859 dedit.
1456 3804 1516 3859 Et
1537 3805 1619 3860 sic

45 3884 258 3951 epositi,
299 3895 688 3942 remanserant
721 3887 774 3941 in
806 3887 916 3942 illis
942 3890 1227 3964 gradibus,
1259 3893 1304 3946 si
1347 3909 1486 3964 quos
1520 3895 1619 3950 ha-

42 3984 231 4030 :uerant
283 3976 538 4032 nondum
580 3994 611 4032 a
651 3978 834 4035 Leone
865 3981 1101 4036 ordinati
1179 3983 1234 4036 Si
1295 3985 1388 4056 qui
1429 3993 1614 4041 autem

45 4063 154 4136 igni
174 4067 520 4134 iudicantur,
551 4076 610 4124 ut
645 4085 755 4126 non
779 4082 1004 4144 accepta
1036 4074 1187 4145 prius
1205 4077 1619 4132 consecratione

1793 3359 1884 3423 (V.
1919 3359 2067 3411 Brun
2095 3355 2112 3427 )
2144 3355 2264 3410 Otto
2295 3355 2594 3426 imperator
2636 3361 2994 3424 peutccosten
3036 3351 3334 3423 Aquisgra-

1723 3445 1776 3500 ni
1805 3445 1954 3516 (204)
1983 3445 2298 3506 celebravit,
2337 3441 2890 3499 concurrentibusibi
2924 3457 2952 3494 a
2986 3439 3210 3494 Francia
3237 3453 3333 3493 so-

1723 3535 1940 3590 roribus
1988 3533 2124 3599 suis,
2175 3532 2367 3606 regina
2397 3531 2614 3587 scilicet
2660 3531 2988 3586 Francorum
3034 3529 3328 3602 Gerberga,

1724 3631 1898 3680 matre
1929 3621 2170 3678 Lotharii
2211 3621 2358 3695 regis
2397 3627 2452 3676 et
2490 3619 2669 3675 Karoli
2725 3618 2905 3686 ducis,
2962 3625 3018 3672 et
3059 3615 3330 3670 Hathuide

1723 3729 1892 3770 uxore
1947 3712 2192 3788 llugonis
2229 3711 2558 3766 Parisiorum
2608 3708 2846 3774 comitis,
2897 3722 3130 3779 quorum
3187 3703 3333 3758 filius

1719 3805 1820 3861 fuit
1872 3805 2044 3879 Hugo,
2073 3803 2167 3876 qui
2199 3809 2322 3874 post
2348 3801 2595 3874 regnavit
2623 3800 2678 3854 in
2712 3799 2939 3854 Francia
3005 3797 3103 3854 Ubi
3148 3795 3332 3852 omnis

1718 3897 1812 3952 illa
1844 3895 2043 3970 regalis
2068 3894 2324 3966 prosapia
2354 3901 2502 3948 tanto
2535 3893 2841 3947 atlinvicem
2893 3888 3331 3966 congratulatio-

1723 3990 1810 4045 nis
1826 3988 2008 4060 jubilo
2039 3997 2126 4043 est
2153 3985 2368 4053 aﬁ'ecta,
2401 3995 2462 4041 ut
2492 3987 2546 4040 in
2578 3985 2727 4040 omni
2757 3985 2866 4038 vita
2896 3999 3085 4038 eorum
3108 3981 3196 4036 vix
3225 3981 3331 4036 ali-

1722 4079 1853 4152 quid
1896 4077 2082 4154 gaudii
2131 4076 2260 4132 huic
2298 4075 2500 4131 laetitiae
2551 4074 2796 4146 potuerit
2823 4071 3159 4146 equiperari.
3209 4072 3332 4128 Otto

41 4154 341 4226 rdinantur,
391 4160 604 4216 indicto
660 4161 771 4218 illis
813 4141 1008 4219 eodem
1037 4141 1300 4236 decreto,
1355 4169 1505 4239 quod
1564 4141 1931 4225 etDl'talianvi
1985 4165 2205 4236 repetit.
2256 4165 2435 4220 Bruno
2489 4141 2598 4219 dux
2658 4171 2714 4218 et
2769 4141 3223 4232 archiepiscopus
3274 4159 3330 4213 in

41 4249 266 4303 amnatis
305 4263 338 4302 a
377 4248 742 4306 Constantino
777 4253 1062 4324 neOphito,
1117 4254 1351 4328 (Lwne)
1385 4257 1614 4312 Romani

59 4351 190 4406 papa
227 4339 488 4396 Iohanne
536 4341 774 4412 pecunia
813 4343 1004 4412 illecti,
1047 4345 1437 4418 imperatorem
1490 4365 1614 4405 cum

1721 4259 2003 4314 Franciam
2059 4273 2296 4331 pergens
2333 4257 2402 4312 ad
2451 4253 2824 4327 paciﬁcandos
2889 4259 3120 4324 nepotes
3178 4265 3330 4316 suos,

1720 4349 2034 4406 Lotharium
2089 4365 2275 4424 regem
2319 4357 2373 4404 et
2425 4346 2568 4404 ﬁlios
2621 4345 2884 4420 Hugonis,
2934 4343 3028 4400 ubi
3060 4342 3334 4412 Compen-

1355 4457 1576 4514 VABl/E
1606 4459 1985 4515 LECTIONES.

79 4549 204 4620 "39p
287 4569 324 4608 ιι
405 4560 457 4610 et
505 4557 680 4612 nostri
729 4563 781 4612 et
825 4559 1040 4615 scilicet
1095 4562 1286 4618 desunt
1334 4565 1584 4620 omnibus

1640 4570 1838 4634 prater
1893 4566 1944 4620 1,

2055 4565 2124 4598 ²⁰⁶
2175 4562 2562 4633 et—recepit
2623 4562 2812 4616 desunt
2867 4560 2960 4633 (Ii:
3013 4557 3066 4633 3_.
3129 4557 3220 4633 4f.
3269 4557 3330 4633 D.

41 4619 244 4710 '_‘_C.’v;
278 4640 330 4679 ρ.
361 4642 405 4678 r.
433 4641 496 4710 eL
520 4644 572 4682 a.
601 4645 647 4682 c.
767 4631 928 4710 addit
959 4633 1070 4700 Sig.
1119 4649 1266 4710 curr.
1313 4635 1482 4710 tertiis
1508 4653 1522 4697 ;
1563 4619 1680 4690 reti.
1719 4619 1746 4620 Π
1765 4619 1836 4710 ὀῗ
1863 4637 2045 4710 adhuc
2087 4635 2261 4690 laicus
2291 4665 2356 4674 —
2385 4619 2552 4710 attriti
2575 4633 2872 4710 _ut_pi:imo
2903 4630 3133 4710 duabus
3178 4629 3336 4710 lineis

41 4696 435 4779 πιιρνεῙιιεἺισξεξι.Δ
458 4699 535 4751 ita
565 4696 1081 4779 partimjriraswja,
1109 4707 1316 4774 partim
1338 4708 1397 4760 in
1415 4710 1662 4775 margine
1681 4708 1968 4776 ampliavit
1984 4708 2099 4776 Sig.
2133 4723 2247 4761 cur.
2273 4696 2482 4770 tertiis;
2509 4705 2626 4758 rell.
2655 4696 2950 4779 Obfuscata
2979 4717 3066 4779 ea_
3077 4701 3337 4779 recentim

42 4779 212 4818 mnus
249 4767 625 4835 redintegrare
645 4773 880 4850 _studuit,
922 4775 1016 4828 sed
1048 4767 1230 4844 petitis
1267 4767 1742 4847 corrupit.'Verba
1762 4767 1935 4834 autem
1967 4786 2026 4834 ut
2047 4767 2164 4832 non
2195 4793 2245 4830 a.
2323 4819 2335 4830 .
2376 4767 2795 4832 consecratione
2836 4778 3000 4842 atque
3033 4770 3264 4826 Romani
3303 4786 3334 4825 a

42 4849 158 4902 apa
193 4865 262 4876 —
311 4845 442 4892 sunt
489 4846 656 4894 attriti
686 4848 745 4896 ut
786 4843 1000 4898 abscisa
1031 4850 1174 4903 sunt.
1208 4863 1373 4903 auum
1427 4863 1529 4903 sec.
1570 4851 1741 4903 XVII.
1783 4866 1850 4903 ea:
1879 4866 2056 4903 omnes
2095 4850 2222 4903 bibi.
2263 4793 2654 4903 (Femblacensis
2692 4845 2895 4900 codices
2933 4859 3071 4898 noua
3095 4843 3334 4903 ligatum

41 4849 158 4916 δρᾶ
193 4865 262 4876 -
284 4845 454 4916 sunt
489 4841 656 4894 attriti
686 4848 745 4896 ut
786 4843 1000 4916 abscisa
1031 4841 1174 4914 sunt,
1208 4863 1373 4916 quum
1420 4841 1529 4903 'seC.
1570 4851 1741 4905 XVII.
1783 4866 1850 4904 ea:
1879 4866 2056 4906 omnes
2095 4850 2222 4904 bibi.

2306 4848 2654 4903 emblacensis
2692 4845 2895 4900 codices
2933 4859 3071 4898 noua
3095 4843 3335 4911 ligatum

41 4905 390 4992 ﬁngentur.
421 4911 740 4992 Quartaerant
764 4915 1067 4992 apostolica
1215 4905 1384 4974 attriti
1427 4926 1486 4974 ut
1516 4923 1716 4976 omittit
1739 4919 1832 4977 F3.
1863 4924 2042 4992 spatio
2065 4921 2267 4975 relicto.
2300 4920 2518 4989 Reliqui
2553 4931 2731 4972 omnes
2761 4916 2957 4971 habent
2986 4930 3106 4986 quae
3135 4905 3186 4969 ἰ.
3263 4912 3333 4946 ²⁰⁷
3366 4962 3378 4971 .

41 4977 224 5032 multo
258 5010 322 5020 —
355 4987 534 5036 vastat
553 4983 672 5050 Sig.
695 4977 814 5039 cur:
840 4988 1046 5052 tertiis;
1076 4989 1196 5044 rell.

1551 5061 1765 5118 ΝΟΤᾹζ.

57 5144 210 5232 ςῗρεξ
242 5151 337 5232 ‘Ex
391 5150 629 5232 epistola
695 5154 968 5232 Bernardi‘
1027 5157 1499 5232 Hildeshemensis
1553 5162 1621 5216 ad

41 5217 359 5276 ialbertum
393 5217 450 5276 in
485 5221 798 5280 Ussermani
830 5227 1130 5286 Prodromo
1179 5229 1486 5287 Germaniae
1529 5249 1621 5289 sa-

41 5292 352 5415 lﬁﬁslal
388 5292 486 5347 ubi
520 5295 637 5350 haec
671 5295 863 5352 iisdem
896 5299 1080 5355 verbis
1110 5301 1385 5382 leguntur.

62 5429 211 5500 (203)
236 5436 290 5491 Α.
321 5434 477 5503 962;
535 5435 612 5492 cf.
655 5437 828 5496 Vitam
865 5441 1151 5499 Deoderici
1183 5459 1234 5499 c.
1275 5444 1331 5501 3.
1386 5453 1443 5502 et
1471 5446 1614 5504 Ann.

1724 5163 1961 5230 breviss,
1993 5163 2289 5220 Mettenses
2327 5164 2382 5218 in
2423 5162 2566 5218 Mon.
2626 5161 2718 5216 SS.
2769 5177 2850 5226 ιιι,
2889 5160 3014 5225 155,
3059 5156 3152 5229 qui
3182 5157 3331 5212 Deo-

1723 5235 1970 5290 dericum
1998 5235 2110 5302 jam
2144 5252 2192 5290 a.
2224 5235 2330 5290 963
2355 5232 2689 5290 successisse
2715 5232 2928 5288 dicunt.

1721 5392 1754 5431 η
1793 5305 1940 5387 (ἓοιί)
1973 5299 2124 5434 Figat
2149 5306 2299 5381 Sig;
2351 5305 2593 5363 Coloniae
2629 5303 2766 5372 fuit;
2823 5302 2950 5358 vide
2991 5299 3166 5357 Vitam
3197 5299 3334 5353 Bru-

1759 5393 1884 5433 onts
1910 5393 1941 5432 c
2065 5419 2078 5434 .
