3894 6070
183 283 294 336 193

257 411 386 466 973.
482 393 488 399 ’
567 409 630 464 Β.
663 409 752 463 36.
963 409 1016 462 r.
1051 409 1138 462 18.
1383 408 1512 462 (1.2.

261 503 459 570 (Μλιι.)
489 502 804 573 Stephanus
861 502 928 536 ἰι
987 501 1245 556 Romana:
1297 500 1564 556 iecclesiae
1617 500 1718 554 137
1749 511 1805 542 us

188 597 464 670 presidct.
519 595 728 666 (B.u.n.,
783 611 825 662 1,
873 595 988 661 94)
1059 593 1180 647 Otto
1263 593 1448 647 senior
1513 593 1810 664 imperator

188 689 354 756 obiit,
399 689 559 756 cujus
609 687 775 742 vitam
843 685 1284 741 Guindichindus
1340 685 1646 739 monachus
1701 684 1807 739 de-

190 781 442 854 scripsit,
475 781 570 852 qni
626 781 791 836 etiam
857 781 1158 851 hystoriam
1218 779 1495 834 Saxonum
1531 795 1708 850 usque
1742 779 1810 833 ad

194 871 344 926 hunc
400 885 604 925 annum
668 868 1014 939 conscripsit.
1067 868 1190 923 Otto
1245 867 1524 922 secundus
1580 866 1812 938 imperat

192 968 359 1020 annis
391 964 480 1020 10.
505 966 600 1032 (Α.
637 965 774 1020 Lcod
803 965 818 1034 )
872 963 1200 1038 Raginerius
1229 971 1281 1016 et
1335 961 1684 1028 Lantbertus,
1712 962 1808 1016 ﬁlii

195 1061 461 1134 Ragineri
512 1059 836 1134 Longicolli.
890 1058 1151 1130 paulatim
1199 1057 1496 1128 resumptis
1533 1057 1744 1111 viribus
1782 1073 1814 1110 a

196 1151 426 1206 Francia
455 1150 710 1214 redeunt,
743 1159 800 1203 et
827 1165 952 1203 cum
983 1150 1262 1204 Guamero
1291 1154 1346 1203 et
1375 1147 1668 1214 Hainaldo,
1719 1148 1812 1218 qui

194 1241 520 1297 comitatum
544 1241 716 1312 patris
775 1254 964 1294 eorum
1013 1244 1439 1309 occupaverant,
1493 1237 1642 1293 bello
1666 1238 1812 1308 apud

202 1329 505 1386 Perronam
538 1328 872 1402 conﬂigunt.
912 1342 1116 1399 eosque
1140 1344 1263 1383 cum
1296 1327 1483 1382 multis
1514 1329 1811 1398 perimunt.

196 1429 252 1476 et
281 1436 456 1490 super
483 1419 886 1494 Hagnam(203)
917 1418 1144 1473 ﬂuvium
1175 1419 1403 1474 castello
1419 1419 1641 1474 Buxude
1669 1419 1813 1488 (206)

196 1508 418 1564 munito
450 1507 856 1582 Lotharingiam
907 1506 1184 1562 infestant.
1243 1508 1335 1577 (V.
1395 1509 1599 1576 Wenc.)
1636 1508 1816 1562 Gnen-

200 1599 422 1654 cezlaus
450 1598 716 1668 princeps
750 1597 983 1652 Boemiae
1013 1613 1045 1650 a
1101 1596 1264 1652 fratre
1290 1612 1390 1652 suo
1421 1597 1656 1652 Bolizlao
1696 1614 1820 1670 pro-

1688 276 2035 332 CHRONICA.

1827 412 1880 479 Α
1905 405 2092 460 multis
2123 406 2348 476 insuper
2375 406 2649 460 conducto
2681 407 2990 476 beneﬁciis,
3017 417 3075 465 ut
3105 419 3160 466 et
3190 413 3308 483 ipse
3335 417 3404 472 ab
3430 420 3517 474 in-

3413 287 3516 343 194

1909 493 2160 548 solentiis
2209 493 2460 560 desistat,
2517 501 2571 548 et
2625 494 2810 549 fratris
2848 496 2932 550 sui
2985 499 3221 556 Lotharii
3287 508 3527 564 motibus

1909 583 2136 638 obsistat
2185 583 2303 651 (Ib)
2330 583 2448 637 Filii
2481 584 2742 656 Ragincri
2803 593 2860 639 ut
2900 603 2997 656 pro
3027 605 3086 642 se
3119 591 3356 649 viriliter
3384 613 3520 671 age-

1911 683 2032 730 rent
2059 676 2286 731 animati
2325 677 2656 732 Francorum
2698 678 2902 734 auxilio
2942 688 2996 735 et
3033 681 3298 742 afﬁnitate
3323 719 3394 728 —
3419 690 3527 746 Ra-

1910 768 2138 840 ginerus
2169 768 2374 838 quippe
2434 768 2762 823 llathuidem
2801 768 2970 825 filiam
3039 773 3282 846 Hugonis
3333 781 3522 850 postea

1913 859 2081 932 regis,
2138 859 2461 914 Lautbertus
2514 875 2644 914 vero
2701 859 3032 934 Gerhcrgam
3101 863 3268 922 ﬁliam
3343 870 3524 928 Karoli

1912 951 2068 1006 ducis
2091 953 2298 1008 duxere
2338 968 2534 1008 uxores
2555 952 2768 1024 (2οη-
2797 954 2847 1008 in
2885 961 3027 1010 terra
3058 965 3270 1026 patrum
3301 979 3522 1022 suorum

1913 1043 2139 1097 relocati
2171 1050 2317 1098 sunt.

1984 1155 2108 1211 978.
2903 1159 2992 1214 23.

1987 1245 2171 1311 (ΒΑιυ.
2202 1262 2238 1309 ι,
2268 1245 2380 1316 96.)
2429 1246 2626 1301 Pacato
2673 1247 2924 1318 undique
2982 1265 3172 1326 regno,
3219 1271 3341 1311 cum
3409 1259 3528 1319 Otto

1915 1333 2215 1402 imperator
2291 1334 2620 1408 Aquisgrani
2689 1344 3013 1404 moraretur,
3083 1339 3372 1400 Lotharius
3436 1365 3529 1405 rex

1917 1420 2251 1477 Francorum
2311 1423 2496 1478 subito
2559 1424 2626 1478 ad
2689 1425 3056 1481 invadendam
3119 1429 3526 1511 Lotharingiam

1917 1513 2240 1578 contendit;
2273 1522 2328 1569 et
2359 1515 2592 1571 cedente
2646 1515 2998 1588 imperatore,
3031 1521 3162 1591 quia
3191 1524 3258 1578 ad
3288 1541 3525 1602 pugnam

1919 1605 2220 1676 imparatus
2263 1615 2397 1676 erat,
2439 1625 2531 1664 rex
2557 1611 2930 1680 postmultam
2980 1616 3336 1673 vastationem
3371 1638 3536 1692 repa-

209 1695 336 1760 pter
361 1687 781 1758 preripiendum
800 1685 1174 1756 principatum
1200 1687 1600 1756 martyrizatus,
1623 1687 1817 1743 urbem

1940 1698 2124 1754 .riavit.
2157 1699 2328 1763 Quem
2359 1717 2482 1755 cum
2532 1701 2889 1758 inestimabili
2946 1707 3186 1762 exercitu
3237 1685 3536 1782 imperator

205 1777 463 1848 Pragam,
489 1777 586 1830 ubi
615 1774 933 1847 requiescit,
962 1774 1150 1830 multis
1179 1775 1460 1830 miraculis
1491 1776 1751 1832 illustrat.

1940 1801 2274 1858 )rosecutus,
2303 1794 2556 1849 condicto
2597 1795 2708 1860 die,
2733 1796 2944 1852 scilicet
2975 1798 3234 1855 Kalendis
3264 1765 3534 1874 octobris,

279 1869 411 1924 974.
671 1870 718 1923 1.
940 1867 1030 1922 19.
1247 1867 1299 1921 3.

275 1960 375 2028 (Α.
409 1957 592 2028 Leod.)
625 1958 938 2030 Ratherius,
969 1958 1040 2012 de
1069 1973 1180 2029 quo
1197 1967 1280 2013 est
1311 1958 1416 2014 hoc
1436 1959 1823 2015 monosticum:

361 2053 581 2108 Verona:
593 2052 799 2121 presul,
831 2052 925 2105 sed
951 2056 1030 2105 ter
1060 2051 1348 2107 Ratherius
1375 2053 1521 2119 exul,

203 2141 351 2212 apud
386 2140 586 2196 Lohias
617 2141 866 2206 moritur,
897 2141 1080 2207 (BxLo.
1141 2159 1178 2207 ι,
1209 2140 1319 2210 93.)
1353 2142 1553 2197 Contra
1575 2141 1824 2198 Ottonem

207 2230 600 2301 imperatorem
656 2229 890 2284 rebellat
947 2229 1212 2298 patruelis
1250 2230 1369 2298 ejus
1398 2231 1687 2286 Heinricus
1716 2233 1823 2286 dux

202 2319 600 2388 Bajoariorum.
632 2317 752 2373 Otto
795 2319 1098 2388 imperator
1125 2319 1412 2374 castellum
1448 2323 1693 2376 Auxudis
1724 2321 1826 2376 ob-

202 2409 370 2476 sidet,
401 2418 625 2480 captum
656 2409 846 2476 diruit,
869 2419 1060 2479 captos
1108 2410 1164 2464 in
1195 2427 1262 2466 eo
1309 2411 1520 2470 exiliat.
1580 2415 1691 2468 Nec
1743 2422 1826 2468 ta-

207 2515 338 2554 men
369 2498 726 2571 Raginerusa
756 2498 1060 2554 rebellione
1091 2500 1326 2555 desistit.

278 2585 415 2643 975.
686 2587 722 2640 2
994 2587 1084 2644 20.
1379 2591 1433 2642 4.

281 2680 380 2748 (Α.
423 2679 604 2746 Leod.)
659 2677 794 2732 Gelu
848 2695 1108 2753 magnum
1141 2697 1173 2735 a
1203 2681 1461 2736 Kalendis
1513 2681 1834 2737 Novembris

216 2787 395 2842 usque
425 2771 496 2826 ad
537 2771 932 2842 aequinoctium
990 2772 1232 2828 vernale.
1289 2773 1474 2841 (ΒΑΜ).
1503 2789 1540 2841 ι,
1571 2774 1639 2828 94
1667 2775 1679 2842 )
1712 2773 1832 2830 Otto

218 2867 519 2936 imperator
566 2865 883 2920 Heinricum
955 2867 1151 2922 ducem
1221 2867 1330 2922 sibi
1384 2867 1659 2942 subjugat.
1717 2869 1831 2923 Ma-

209 2957 363 3026 jolus
390 2957 564 3012 abbas
593 2956 975 3013 Cluniacensis
1028 2959 1316 3014 sanctitate
1345 2965 1400 3014 et
1428 2959 1699 3034 religione
1720 2961 1833 3016 cla-

218 3053 323 3103 ret.

287 3141 416 3196 976.
675 3140 726 3196 3.
979 3141 1039 3194 21
1359 3141 1412 3198 5.

291 3231 477 3303 (Mam)
513 3231 658 3287 Obiit
707 3239 928 3287 sanctus
977 3231 1264 3288 Udalricus
1313 3233 1383 3266 ²¹²
1434 3233 1835 3304 Ausburgensis

212 3325 280 3359 ²¹³
305 3324 606 3394 episc0pus
638 3342 652 3388 ;
694 3323 851 3392 cujus
875 3323 981 3378 vita
1012 3323 1192 3395 qualis
1222 3324 1406 3388 fuerit,
1443 3340 1572 3380 mox
1604 3325 1837 3380 miracu-

215 3415 392 3471 lorum
425 3414 603 3488 gloria
624 3414 885 3485 patefecit
919 3415 1104 3482 (ΒΑΜ).
1135 3433 1172 3482 ι,
1193 3415 1342 3481 100.)
1373 3415 1498 3470 Otto
1539 3416 1838 3486 imperator

215 3515 406 3563 contra
448 3507 672 3562 Sclavos
701 3505 1082 3577 proﬁciscitur.
1139 3507 1238 3578 (Ib.
1272 3509 1388 3579 95.)
1422 3509 1540 3563 Filii
1576 3509 1834 3584 Ragineri

226 3599 551 3672 Longicolli,
597 3599 802 3655 auxilio
849 3598 1174 3654 Francorum
1254 3608 1308 3655 et
1361 3601 1599 3656 maxime
1657 3602 1835 3657 Karoli

231 3695 417 3758 postea
457 3687 617 3742 ducis
666 3686 813 3753 freti,
874 3686 1152 3742 lacessunt
1188 3688 1336 3744 bello
1394 3688 1745 3744 Godefridum
1787 3696 1841 3743 et

229 3777 510 3834 Arnulfum
542 3779 792 3834 comites.
839 3779 932 3850 qui
985 3787 1108 3850 post
1140 3781 1477 3836 Guarnerum
1521 3781 1839 3837 comitatum

229 3869 569 3925 Montcnsem
639 3868 973 3927 invaserant.
1039 3869 1276 3923 Montem
1338 3870 1692 3926 Castrilocum
1732 3871 1839 3926 ob-

227 3960 428 4014 sident.
462 3958 647 4013 Multis
676 3958 956 4029 utrimque
1009 3959 1061 4012 in
1121 3959 1379 4015 conﬂictu
1437 3960 1590 4028 fusis,
1624 3961 1840 4017 obsidio

230 4058 443 4107 remota
483 4058 588 4106 est.
633 4050 872 4106 Victoria
920 4066 1128 4122 anceps
1170 4069 1184 4114 ;
1232 4053 1392 4108 datur
1447 4061 1630 4108 tamen
1664 4053 1844 4123 palma

231 4139 556 4195 comitibus.

302 4229 410 4284 977
689 4229 743 4283 4.
999 4230 1092 4286 22.
1382 4232 1416 4286 6

305 4321 400 4386 (V.
435 4318 658 4388 Adalb.)
706 4317 942 4374 Sanctus
989 4319 1283 4376 Gnictheht
1309 4289 1600 4394 Pra‘gensis
1635 4320 1851 4390 episco-

235 4430 364 4484 pus,
395 4421 771 4484 cognomento
801 4414 1149 4481 Adelbertus,
1182 4417 1470 4471 sanctitate
1519 4423 1574 4471 et
1603 4416 1850 4471 doctrina

1899 2621 1904 2626 ’
2005 2618 2128 2671 979.
2515 2618 2569 2674 6.

1926 1878 2206 1934 Franciam
2237 1879 2455 1937 intravit
2481 1898 2495 1944 ;
2527 1898 2690 1952 quam
2725 1900 2900 1954 usque
2920 1885 2986 1940 ad
3017 1886 3286 1944 Kalendas
3319 1892 3540 1948 Decem-

1925 1969 2040 2023 bris
2069 1980 2418 2045 pervagatus,
2451 1972 2588 2028 ﬁnes
2641 1975 3020 2044 Remensium,
3064 1979 3535 2052 Laudunensium,
3593 1975 3601 1983 κ

1925 2058 2306 2127 Suessionum,
2331 2069 2386 2115 et
2418 2062 2809 2117 Parisiensium
2850 2065 3064 2121 diversa
3097 2068 3254 2124 clade
3284 2075 3536 2144 vastavit,

1925 2151 2188 2206 atcclesiis
2217 2157 2422 2204 tantum
2457 2150 2551 2205 Dei
2584 2153 2734 2206 omni
2787 2154 3132 2212 immunitate
3161 2173 3441 2217 concessa.
3478 2165 3539 2218 In

1929 2241 2214 2294 redeundo
2247 2248 2430 2294 tamen
2473 2241 2616 2296 circa
2649 2243 2888 2298 Axonam
2945 2243 3166 2300 fluvium
3203 2259 3410 2318 partem
3445 2254 3544 2308 im-

1929 2331 2372 2400 pedimentorum
2403 2332 2602 2386 amisit.
2672 2334 2935 2403 (Αιρειιτ.)
2967 2337 3039 2392 De
3071 2337 3158 2392 his
3197 2341 3420 2410 quidam
3452 2361 3542 2400 re-

1928 2421 2115 2476 clusus
2143 2420 2396 2490 prodixit,
2430 2421 2579 2492 quod
2623 2437 2817 2478 omnes
2867 2427 3031 2495 hujus
3053 2429 3181 2483 muli
3229 2431 3541 2491 incentores

1930 2515 2056 2562 ante
2085 2508 2437 2577 septennium
2467 2520 2814 2565 morerentur
2841 2512 3008 2583 (208).

2953 2621 3044 2675 24.

2005 2712 2186 2785 lgneae
2215 2711 2367 2766 acies
2404 2712 2534 2767 visae
2573 2721 2702 2768 sunt
2756 2715 2814 2768 in
2839 2715 2973 2771 caelo
3001 2732 3101 2787 per
3130 2723 3296 2775 totam
3323 2731 3542 2779 noctem

1931 2803 1967 2856 5
1995 2802 2264 2857 Kalendas
2299 2803 2645 2859 Novembris.
2682 2806 2792 2861 Hoc
2827 2823 2974 2863 anno
3023 2813 3373 2881 complentur
3394 2815 3544 2871 mille

1931 2895 2061 2950 anni
2083 2912 2112 2950 a
2141 2897 2422 2952 nativitate
2453 2897 2672 2964 Christi,
2731 2900 3034 2956 secundum
3063 2903 3348 2960 veritatem
3377 2924 3549 2964 evan-

1931 2988 2086 3062 gelii,
2148 2989 2250 3058 qui
2295 2987 2600 3042 secundum
2646 2990 2858 3060 cyclum
2893 2992 3121 3047 Dionisii
3165 3010 3312 3052 anno
3343 2997 3550 3054 abhinc

1861 3078 1993 3166 C21
2028 3078 2336 3144 ﬁniuntur;
2370 3079 2564 3151 sicque
2618 3081 2677 3135 in
2735 3099 2880 3137 anno
2939 3084 3230 3141 dominica:
3275 3089 3552 3160 passionis

1935 3167 2152 3222 veritati
2179 3169 2513 3242 evangelicae
2545 3171 2866 3228 contraitur.

2005 3275 2130 3333 980.
2529 3281 2582 3333 7.
2989 3284 3081 3338 25.

2008 3369 2461 3438 (A.Leod.)0tto
2493 3370 2793 3440 imperator
2847 3373 3216 3430 etLotharius
3277 3393 3373 3432 rex
3425 3394 3554 3434 con-

1937 3461 2224 3516 venientes
2249 3477 2415 3532 supcr
2465 3461 2660 3516 Karum
2720 3465 2947 3519 ﬂuvium
2977 3465 3117 3538 (209)
3169 3468 3554 3538 paciﬁcantur,

1939 3551 2082 3606 datis
2106 3552 2340 3606 invicem
2372 3555 2734 3608 sacramentis
2763 3573 2776 3608 :
2820 3563 2874 3610 et
2903 3572 2995 3610 rex
3048 3557 3333 3614 Lotharius
3355 3561 3556 3616 Lotha-

1940 3643 2176 3718 ringiam
2212 3643 2446 3711 abjurat.
2483 3645 2662 3711 (ΒΑΜ).
2699 3662 2736 3713 i,
2770 3645 2868 3701 103
2897 3649 2914 3716 )
2968 3647 3088 3702 Otto
3122 3649 3417 3719 imperator
3449 3653 3555 3706 lla-

1943 3737 2068 3791 liam
2099 3735 2249 3806 petit.
2283 3735 2527 3807 (Transl.
2600 3738 2638 3792 S
2691 3740 2780 3807 L.)
2821 3737 3056 3810 Corpora
3086 3747 3400 3798 sanctorum
3420 3743 3562 3798 Lan-

1943 3828 2146 3887 doaldi.
2179 3828 2424 3892 Adriani,
2451 3829 2755 3884 Amantiiet
2785 3829 3039 3899 aliorum,
3072 3849 3102 3887 a
3135 3833 3556 3899 \V'entreshovo,

1947 3916 2232 3970 llasbaniie
2262 3916 2382 3971 vico
2431 3917 2832 3974 transferuntur
2883 3920 3197 3976 Gandavum
3227 3939 3350 3978 cum
3387 3923 3557 3978 multa

1945 4008 2332 4063 miraculorum
2351 4008 2526 4081 gloria
2558 4009 2727 4080 (210.)

2021 4120 2115 4174 981
2131 4161 2144 4176 .
2521 4121 2575 4176 8.
2937 4123 3025 4178 26.

2019 4228 2205 4298 (Mam)
2231 4229 2543 4300 Stephanus
2579 4229 2839 4286 Romanae
2869 4233 3134 4288 aacclesiie
3171 4234 3332 4289 138118
3392 4237 3570 4306 presi-

1953 4319 2047 4374 det
2073 4321 2160 4375 "5.
2195 4320 2316 4374 Otto
2364 4321 2661 4391 imperator
2691 4324 2938 4394 Apuliam
2971 4333 3025 4380 et
3055 4325 3358 4380 Calabriam
3400 4326 3568 4382 Italiae

1953 4409 2262 4479 provincias
2289 4409 2357 4463 ad
2380 4409 2472 4480 jus
2493 4410 2649 4484 regni
2667 4411 2958 4466 Grecorum
2979 4411 3362 4482 appendentes
3379 4419 3458 4466 tra
3473 4429 3566 4468 ns-

230 4501 1005 4574 apndWinidosclaret.Gens
1025 4503 1368 4559 Liutitiorum
1391 4504 1458 4558 ad
1478 4467 2094 4560 idololatriameerre
2147 4501 2215 4554 ad
2275 4499 2566 4572 imperium
2625 4502 2927 4556 Romanum
2985 4509 3266 4568 conatur;
3321 4503 3562 4559 maxime

232 4593 539 4650 revolvitur
561 4595 651 4648 ω.
701 4594 861 4664 (BAL!)
900 4611 938 4660 ι,
997 4595 1146 4664 100.)
1190 4597 1424 4652 Ducatus
1479 4595 1846 4669 Lotharingiie

230 4683 393 4738 datur
460 4682 654 4738 Karolo
739 4683 892 4739 fratri
971 4684 1210 4740 Lotharii
1279 4685 1425 4760 regis
1493 4686 1843 4751 Francorum,

1949 4603 2174 4668 propter
2202 4595 2548 4664 affinitatem,
2583 4614 2743 4668 quam
2813 4613 2912 4667 per
2941 4613 3166 4652 uxorem
3204 4613 3358 4652 suam
3381 4597 3569 4656 Theo-

1949 4689 2134 4758 phanu
2163 4705 2286 4744 cum
2319 4689 2651 4761 imperatore
2684 4691 3249 4748 Grecorumhabebat.
3385 4679 3388 4682 ’

1592 4790 1813 4844 VARUE
1846 4791 2220 4848 LECTIONES.

314 4887 381 4922 ²¹¹
416 4885 606 4967 potius
635 4886 794 4967 habet
847 4886 1039 4967 D._m
1088 4886 1400 4967 waldricus
1525 4888 1598 4967 _"3
1653 4888 2057 4967 Ansburgensis
2087 4891 2222 4967 113⁸.
2277 4888 2512 4967 ΟΞᾏΑΙ).
2569 4893 2637 4927 ω
2681 4893 2742 4948 G.
2780 4893 2823 4967 L
2889 4912 2920 4950 a
2975 4897 3014 4952 1.
3057 4914 3102 4954 r.
3143 4902 3203 4954 in
3238 4915 3440 4958 rasura
3469 4903 3518 4958 1.
3552 4920 3570 4967 ;

247 4956 687 5046 gemmane:
724 4959 806 5041 Δγ
844 4960 1174 5046 quineon
1193 4960 1346 5046 loco.
1378 4960 1535 5046 habet
1566 4973 1582 5027 ;
1614 4959 1708 5032 qui
1775 4956 1922 5046 apu'd
1952 4961 2197 5046 Brittios.
2225 4961 2612 5046 martirizatus,
2682 4965 2872 5022 multis
2909 4968 3188 5028 miraculis
3214 4956 3571 5046 gloriﬁcatur.

245 5033 334 5086 Ita
372 5032 549 5098 igitur
567 5030 684 5096 Sig.
701 5031 882 5098 primo
907 5029 1170 5084 ediderat.
1193 5030 1261 5065 ²¹⁵
1293 5031 1605 5102 Stephanus
1630 5029 1694 5108 f—
1734 5029 1984 5102 presidet
2009 5033 2200 5087 desunt
2228 5033 2289 5088 Ι).

1807 5132 2018 5191 NOTAE.

316 5229 462 5298 (205)
489 5229 563 5286 La
601 5229 792 5288 Haine.

317 5301 463 5374 (206)
494 5301 934 5374 βου-εεοὶῑρτορθ
965 5302 1190 5359 Binche.

315 5365 621 5445 (207,),ﬂaeé
647 5365 794 5428 unde
838 5365 1078 5445 sumpta,
1136 5389 1246 5430 non
1299 5383 1532 5434 constat.
1591 5377 1756 5435 Error
1779 5377 1859 5432 in-

244 5459 370 5500 esse
397 5444 641 5520 videtur,
663 5459 786 5500 cum
835 5444 1018 5517 neque
1048 5445 1241 5520 fingo,
1265 5455 1426 5504 natus
1476 5458 1600 5520 post
1647 5466 1698 5505 ει.
1730 5449 1856 5514 938,

1202 5517 1334 5593 ,_hoc
1345 5517 1594 5593 tempore
1605 5520 1746 5576 ﬁlias
1762 5536 1860 5576 nu-

247 5531 432 5598 gaeque
449 5515 698 5598 Karolus,
718 5523 882 5598 natus
889 5515 1123 5598 postafi

243 5585 388 5643 biles
421 5586 628 5658 habere
673 5585 971 5658 potuerint.
995 5587 1255 5645 HlRSCH.

320 5658 490 5728 (208.)
519 5657 699 5713 Verba
748 5661 824 5714 De
859 5659 944 5714 his
977 5688 1048 5702 --
1084 5665 1442 5730 morerentur,
1472 5677 1593 5732 quae
1647 5679 1758 5721 non
1789 5663 1862 5718 lc-

1959 5243 2164 5318 guntur
2189 5237 2336 5318 apud
2358 5238 2728 5318 paldericnm.
2757 5242 3100 5318 _§igebertes
3128 5247 3363 5318 sumpsit
3391 5262 3424 5318 e
3463 5247 3572 5302 fra-

1998 5315 2184 5387 nae-nti)
2237 5308 2556 5387 Balderici,_
2585 5329 2624 5387 i_,
2649 5308 2878 5387 93-97;
2898 5317 3046 5387 quod
3076 5333 3118 5371 s.
3149 5321 3219 5371 xI'
3244 5308 3571 5387 inscriptum

1983 5378 2204 5453 uitfolio
2234 5395 2406 5437 vacuo
2435 5381 2644 5453 codicis
2673 5378 3106 5453 Gemblaéensis,
3139 5402 3288 5444 nunc
3331 5378 3570 5445 Bruxell.

1957 5450 2118 5525 5168,
2151 5450 2220 5506 de
2247 5467 2358 5525 quo
2407 5451 2500 5525 eg
2529 5453 2746 5510 Archiv.
2797 5473 2914 5525 vui,
2953 5450 3102 5514 497(
3138 5458 3336 5515 Eadem
3391 5471 3574 5518 narrat

1958 5521 2232 5594 Alpertus,
2263 5521 2406 5594 Mon.
2439 5523 2532 5578 SS.
2565 5541 2642 5594 1v,
2665 5527 2790 5584 697.

2031 5591 2176 5733 (209)
2207 5593 2277 5649 Le
2307 5593 2466 5651 Cher.

2053 5665 2178 5731 210)
2208 5665 2337 5722 Acta
2365 5666 2457 5723 SS.

2053 5665 2178 5731 210)
2208 5665 2337 5722 Acta
2365 5666 2457 5723 SS.
2487 5665 2638 5722 Mart.
2676 5685 2758 5735 Ill,
2789 5669 2877 5724 43.
