3924 6080
371 392 472 448 197

439 517 563 572 993.
891 517 952 572 R.
1012 516 1079 570 10
1404 515 1459 572 F.
1487 516 1542 571 6.

442 608 598 678 (Vita
617 606 744 677 Od.)
779 608 838 660 In
872 605 1188 680 Burgundia
1215 606 1372 661 Odilo
1404 608 1657 660 Arvernze
1688 606 1982 673 oriundus,

371 713 437 751 ex
479 696 678 749 clerico
720 696 1024 750 Brivatensi
1058 696 1392 750 monachum
1453 696 1730 765 professus
1761 697 1813 749 in
1850 695 1982 750 Clu-

372 789 618 844 niacensi
647 789 928 855 coenobio,
952 795 1076 860 post
1129 789 1386 857 Majolum
1418 787 1700 859 preficitu'.‘
1731 789 1835 860 ipsi
1865 804 1984 844 caa-

373 885 543 940 nobio
578 903 591 950 ;
624 884 768 954 quod
826 901 925 955 per
956 900 1132 939 annos
1178 885 1248 938 56
1287 884 1424 939 miro
1457 884 1743 956 religionis
1773 883 1986 939 fervore

376 974 516 1028 rexit
542 979 596 1026 et
627 972 892 1042 provexit.
943 972 1042 1036 Qui
1072 971 1298 1046 egregie
1361 978 1544 1042 preter
1569 979 1753 1026 cetera
1784 971 1986 1042 pietate

374 1065 627 1139 insignis,
664 1079 775 1119 non
806 1064 984 1118 solum
1014 1064 1139 1119 vitae
1173 1064 1465 1134 exemplis,
1495 1066 1589 1118 sed
1622 1065 1787 1119 etiam
1819 1065 1989 1119 mira-

374 1157 515 1212 culis
545 1157 597 1210 in
639 1156 751 1210 vita
779 1173 878 1210 sua
901 1156 1112 1211 claruit.
1172 1156 1270 1220 Qui
1300 1172 1424 1211 cum
1467 1157 1984 1227 reprehenderetur,

376 1249 524 1320 quod
558 1249 612 1302 in
647 1254 939 1318 peccantes
963 1247 1376 1303 misericordior
1425 1248 1573 1316 justo
1605 1265 1729 1302 esse
1770 1248 1988 1303 videre-

375 1350 483 1407 tur,
512 1344 572 1398 Si
600 1343 947 1396 damnandus
999 1357 1137 1407 sum,
1200 1343 1396 1414 inquit,
1450 1344 1592 1397 malo
1640 1344 1900 1398 damnari
1923 1345 1988 1398 de

372 1431 753 1486 misericordia
777 1447 940 1500 quam
961 1431 1026 1484 de
1091 1430 1322 1486 duritia.
1352 1430 1471 1486 Otto
1513 1431 1564 1484 in
1598 1431 1983 1502 imperatorem

376 1521 726 1576 benedicitur
754 1520 919 1588 (913).

445 1617 551 1672 994
937 1618 1022 1671 11.
1388 1617 1439 1671 7.

449 1708 736 1762 Florebant
766 1706 872 1761 hoc
920 1713 1170 1776 tempore
1224 1705 1280 1759 in
1322 1705 1558 1760 scientia
1585 1705 1894 1760 litterarum
1929 1705 1985 1759 in

378 1796 731 1869 Lotharingia
760 1794 1055 1868 Herigerus
1094 1794 1265 1848 abbas
1309 1793 1613 1858 Lobiensis,
1651 1793 1988 1849 Adelboldus

374 1887 670 1957 episc0pus
723 1885 1170 1953 Vultrajectensis
1225 1903 1238 1949 ;
1289 1885 1344 1938 in
1400 1885 1644 1946 Francia,
1697 1885 1988 1939 Fulbertus

376 1976 672 2047 episcopus
722 1975 1094 2042 Carnotensis,
1156 1976 1312 2031 Abbo
1377 1976 1549 2031 abbas
1606 1977 1988 2045 Floriacensis,

375 2068 469 2138 qui
501 2083 670 2138 super
697 2067 968 2122 calculum
1000 2067 1222 2122 Victorii
1251 2073 1653 2123 commentatus
1680 2075 1778 2122 est.

450 2158 574 2216 995.
938 2159 1026 2214 12.
1396 2159 1449 2212 8.

443 2254 757 2316 Gerbertus,
803 2253 896 2324 qui
955 2259 1010 2308 et
1067 2254 1352 2319 Silvester,
1408 2253 1666 2309 Romanae
1720 2253 1986 2309 aecclesiae

367 2341 533 2397 14ουε
570 2342 838 2412 presidet,
865 2341 958 2412 qui
1007 2348 1061 2396 et
1090 2342 1209 2413 ipse
1242 2344 1386 2398 inter
1423 2342 1652 2396 scientia
1679 2342 1979 2397 litterarum

367 2433 548 2488 claros
577 2435 798 2509 egregie
862 2434 1074 2488 claruit.
1137 2435 1366 2498 Quidam
1424 2435 1651 2489 transito
1719 2435 1982 2489 Silvestro

366 2525 656 2597 Agapitum
689 2540 886 2595 papam
947 2525 1050 2578 hoc
1107 2524 1162 2577 in
1210 2524 1330 2579 loco
1374 2531 1628 2594 ponunt;
1666 2523 1812 2594 quod
1875 2539 1982 2578 non

369 2615 546 2670 otiose
565 2614 766 2670 factum
799 2631 918 2670 esse
950 2615 1211 2670 creditur.
1277 2614 1412 2679 Quia
1467 2614 1613 2668 enim
1647 2615 1692 2668 is
1722 2615 1986 2668 Silvester

374 2718 482 2757 non
516 2719 614 2773 per
643 2704 839 2758 ostium
897 2703 1131 2758 intrasse
1187 2703 1388 2758 dicitur
1421 2721 1434 2766 ;
1477 2733 1541 2742 —
1576 2703 1785 2774 quippe
1820 2703 1914 2773 qui
1955 2719 1986 2756 a

375 2792 708 2864 quibusdam
736 2793 901 2847 etiam
934 2793 1354 2848 nichromantiaa
1383 2792 1632 2867 arguitur
1663 2811 1676 2858 ;
1711 2792 1779 2846 de
1810 2799 1985 2846 morte

375 2900 599 2955 quoque
630 2887 750 2953 ejus
789 2901 903 2940 non
932 2893 1085 2940 recte
1131 2892 1394 2940 tractatur
1426 2903 1440 2951 ;
1481 2901 1513 2939 a
1554 2884 1778 2940 diabolo
1837 2885 1987 2938 enim

379 2991 672 3045 percussus
697 2975 900 3030 dicitur
921 2976 1108 3030 obisse
1140 2995 1157 3042 ;
1199 2993 1364 3047 quam
1404 2992 1518 3030 rem
1552 2991 1653 3030 nus
1704 2975 1758 3028 in
1802 2975 1988 3030 medio

377 3063 782 3134 relinquimus;
816 3096 885 3104 —
915 3081 945 3118 a
976 3081 1206 3120 numero
1240 3081 1504 3136 paparum
1552 3065 1806 3119 exclusus
1835 3064 1991 3119 vide-

379 3159 483 3206 tur.
521 3153 674 3208 Unde
701 3153 878 3209 lector
905 3169 1100 3224 queso,
1161 3162 1221 3209 ut
1272 3161 1327 3208 et
1356 3153 1447 3208 hic
1506 3159 1560 3207 et
1590 3153 1744 3220 alibi,
1801 3153 1845 3206 si
1883 3168 1990 3223 qua

375 3240 715 3296 dissonantia
735 3249 788 3297 te
818 3242 1110 3297 offenderit
1128 3243 1194 3296 de
1224 3242 1566 3309 nominibus,
1595 3243 1681 3298 vel
1702 3242 1884 3309 annis,
1903 3243 1990 3296 vel

374 3330 717 3400 temporibus
759 3348 1048 3402 paparum,
1082 3348 1192 3388 non
1245 3332 1380 3386 mihi
1438 3333 1702 3404 imputes,
1753 3332 1849 3404 qui
1875 3347 1988 3386 non

373 3421 507 3486 visa,
540 3423 638 3477 sed
669 3422 858 3478 audita
886 3423 973 3477 vel
1013 3423 1154 3478 lecta
1183 3423 1389 3480 scribo.

447 3513 570 3568 996.
968 3516 1056 3569 13.
1452 3516 1504 3569 9.

444 3603 540 3673 (Α.
572 3603 760 3672 Leod.)
795 3604 1024 3678 Hugone
1055 3605 1386 3661 Francorum
1418 3620 1551 3677 rege
1590 3610 1831 3672 mortuo,
1864 3604 1997 3659 Rot-

377 3691 566 3746 bertus
602 3691 748 3747 ﬁlius
777 3693 899 3761 ejus
933 3702 1129 3767 regnat
1157 3695 1213 3747 in
1242 3693 1469 3749 Francia
1501 3693 1661 3747 annis
1690 3693 1776 3747 35.

454 3780 578 3836 997.
1013 3784 1103 3837 14.
1467 3784 1520 3838 1.

461 3871 611 3938 (Vita
649 3872 808 3942 Her)
863 3871 1190 3927 Heribertus
1243 3873 1534 3928 ordinatus
1587 3871 1997 3927 Coloniensium

380 3959 699 4030 episcopus,
731 3961 908 4016 multa
958 3962 1250 4017 sanctitate
1299 3962 1486 4016 claret.
1522 3962 1771 4033 (ALPERT.
1816 3978 1854 4027 ι,
1881 3960 1994 4031 11.)

379 4050 630 4106 Clarebat
659 4053 822 4107 etiam
847 4054 952 4109 hoc
993 4063 1241 4125 tempore
1271 4054 1414 4109 inter
1453 4053 1634 4108 Gallos
1662 4052 1950 4107 Ansfridus
1975 4071 1991 4117 ;

380 4145 475 4214 qui
507 4161 628 4199 cum
675 4145 869 4201 fuisset
921 4163 1110 4202 comes
1158 4147 1633 4218 Bratuspantium,
1666 4161 1776 4201 non
1809 4146 1995 4200 minus

373 4237 586 4305 justitia
627 4255 790 4309 quam
846 4240 1090 4311 potentia
1151 4240 1387 4295 seculari
1448 4239 1713 4306 famosus,
1741 4238 1994 4308 deposito

383 4329 595 4384 militia:
617 4331 838 4406 cingulo
866 4334 1250 4388 tonsoratusin
1277 4332 1562 4399 clericum,
1589 4347 1656 4386 eo
1709 4337 2001 4402 provectus

381 4430 490 4488 est,
543 4429 602 4476 ut
642 4424 990 4479 ordinaretur
1055 4425 1353 4496 episcOpus
1409 4422 1860 4494 Vultrajectensis
1890 4437 2000 4477 tec-

386 4510 591 4567 clesim.

461 4602 566 4658 998
953 4605 1018 4658 15
1412 4604 1466 4657 2.

459 4691 938 4766 (ΜΑῐι.)Αεειρὶιιι8
981 4694 1242 4748 Romanae
1298 4693 1562 4749 ecclesiae
1626 4695 1782 4748 tuus
1827 4692 2001 4765 presi-

383 4783 478 4839 det
506 4786 594 4839 ’30.
630 4788 783 4855 (Vita
830 4787 955 4858 0d.)
1008 4787 1118 4842 Hoc
1150 4793 1397 4857 tempore
1449 4786 1675 4858 quidam
1711 4786 2003 4861 religiosus

382 4879 453 4933 ab
475 4880 854 4936 Hierosolimis
885 4880 1131 4947 rediens,
1165 4882 1221 4935 in
1249 4881 1435 4936 Sicilia
1477 4882 1677 4936 reclusi
1711 4881 1998 4950 cujusdam

381 4973 722 5027 humanitate
761 4973 1082 5044 aliquandiu
1110 4983 1408 5038 recreatus,
1441 4973 1638 5029 didicit
1667 4975 1736 5029 ab
1769 4990 1835 5029 eo
1859 4975 2002 5028 inter

381 5070 590 5131 cetera,
639 5064 786 5135 quod
842 5064 898 5117 in
945 5064 1038 5118 illa
1077 5063 1284 5119 vicinia
1330 5072 1514 5118 essent
1542 5064 1662 5119 loca
1694 5065 2000 5120 eructantia

386 5154 730 5210 ﬂammarum
758 5155 1036 5224 incendia,
1079 5172 1200 5228 quae
1257 5156 1377 5212 loca
1394 5162 1661 5211 vocantur
1697 5157 1766 5210 ab
1806 5155 2001 5211 incolis

387 5245 522 5301 Ollae
549 5245 776 5302 Vulcani
816 5247 983 5319 (2H),
1036 5247 1091 5302 in
1140 5247 1345 5320 quibus
1400 5248 1597 5304 animae
1637 5248 1998 5320 reproborum

1847 391 2194 447 CHRONICA.

2012 520 2063 587 Α
2086 516 2240 570 luant
2279 514 2494 569 diversa
2523 530 2623 586 pro
2654 515 2978 571 meritorum
3010 519 3275 588 qualitate
3314 521 3606 592 supplicia,
3631 522 3700 576 ad

2013 1837 2062 1904 Β

3601 399 3700 454 198

2085 627 2150 665 ea
2185 611 2507 681 exequenda
2540 610 2814 680 deputatis
2842 611 2917 665 ibi
2950 612 3284 668 dcmonibus
3327 634 3340 681 ;
3371 632 3606 687 quorum
3637 633 3698 671 se

2085 699 2277 753 crebro
2305 714 2492 764 voces,
2526 699 2635 753 iras
2666 708 2718 754 et
2737 707 2996 766 terrores,
3054 717 3184 771 sepe
3242 703 3403 759 etiam
3462 704 3700 771 ejulatus

2086 788 2306 842 audisse
2338 789 2577 855 dicebat,
2621 789 3000 863 plangentium
3053 793 3198 862 quod
3239 794 3436 848 animae
3462 795 3697 848 damna-

2086 892 2265 939 torum
2305 884 2651 955 eriperentur
2680 885 2748 939 de
2779 885 3035 939 manibus
3091 902 3281 942 eorum
3308 905 3405 959 per
3435 889 3697 944 elemosi-

2088 989 2186 1027 nas
2214 981 2267 1027 et
2299 989 2491 1044 preces
2522 973 2789 1040 ﬁdelium,
2847 982 2901 1028 ct
2963 975 3064 1030 hoc
3097 982 3345 1046 tempore
3376 978 3551 1052 magis
3602 993 3700 1047 per

2085 1062 2364 1116 orationes
2411 1062 2876 1127 Cluniacensium,
2936 1063 3210 1117 orantium
3273 1065 3556 1120 indefesso
3599 1081 3700 1135 pro

2088 1150 2474 1206 defunctorum
2515 1153 2783 1222 requiem.
2821 1153 2930 1206 Hoc
2971 1170 3070 1223 per
3134 1154 3284 1207 illum
3317 1153 3491 1208 abbas
3545 1153 3702 1208 Odilo

2087 1247 2391 1310 comperto,
2423 1241 2709 1294 constituit
2738 1258 2836 1310 per
2855 1241 3041 1295 omnia
3072 1243 3404 1296 monasteria
3434 1243 3540 1297 sibi
3571 1244 3705 1296 sub-

2081 1332 2248 1400 jecta,
2278 1338 2336 1385 ut
2373 1332 2513 1386 sicut
2536 1332 2710 1402 primo
2739 1332 2828 1386 die
2859 1332 3184 1387 Novembris
3212 1334 3530 1388 solemnitas
3579 1351 3704 1388 0m—

2089 1425 2237 1478 nium
2280 1433 2593 1478 sanctorum
2646 1425 2843 1496 agitur,
2885 1425 2958 1478 ita
3006 1426 3262 1496 sequenti
3307 1427 3396 1480 die
3437 1427 3702 1481 memoria

2088 1513 2334 1567 omnium
2363 1514 2416 1566 in
2451 1512 2662 1567 Christo
2717 1513 3119 1583 quiescentium
3153 1514 3480 1568 celebretur.
3506 1516 3602 1580 Qui
3628 1516 3703 1568 ri-

2088 1611 2175 1659 tus
2211 1605 2281 1658 ad
2310 1605 2510 1659 multas
2561 1605 2840 1659 (ecclesias
2893 1605 3185 1671 transiens,
3244 1605 3706 1662 fideliumdefun-

2089 1703 2298 1751 ctorum
2328 1695 2646 1751 memoriam
2679 1695 3030 1750 solemnizari
3064 1695 3210 1750 facit.

2158 1788 2282 1843 999.
2646 1789 2729 1842 16.
3081 1786 3133 1842 3.

2160 1879 2339 1950 (Glab.
2395 1880 2529 1934 Red.
2566 1896 2604 1945 ι,
2654 1880 2725 1947 4)
2779 1881 2835 1932 ln
2889 1879 3042 1933 Italia
3097 1879 3362 1933 Crescens
3413 1876 3703 1948 patriciatu

2091 1968 2460 2023 Romanorum
2520 1975 2740 2036 arrepto
2778 1976 2966 2022 contra
3023 1967 3274 2022 Ottonem
3314 1967 3696 2036 imperatorem

2091 2059 2321 2114 rebellat

2162 2151 2322 2206 1000.
2716 2150 2797 2204 t7.
3181 2151 3232 2204 4.

2161 2242 2257 2311 (Α.
2280 2241 2462 2304 Leod.)
2486 2241 2640 2294 Anno
2659 2241 2786 2294 Jesu
2819 2238 3012 2295 Christi
3044 2239 3339 2294 millesimo
3395 2240 3700 2294 secundum

2087 2331 2536 2401 supputationem
2596 2329 2824 2384 Dionisii
2877 2329 3047 2383 multa
3103 2329 3356 2402 prodigia
3396 2330 3510 2382 visa
3541 2336 3691 2383 sunt.

2082 2420 2446 2476 Terraemotus
2478 2420 2652 2474 factus
2683 2426 2766 2474 est
2808 2419 3174 2488 permaximus
3204 2436 3217 2483 ;
3247 2425 3490 2473 cometes
3530 2435 3703 2488 appa-

2086 2515 2232 2581 ruit;
2272 2515 2341 2570 19
2363 2515 2632 2568 Kalenoas
2662 2513 2903 2567 Januarii
2958 2513 3101 2567 circa
3130 2513 3319 2567 horam
3341 2515 3374 2565 9
3407 2510 3534 2567 ﬁsso
3564 2513 3701 2566 caelo

2087 2605 2245 2677 quasi
2287 2605 2464 2660 facula
2489 2605 2690 2658 ardens
2719 2620 2842 2658 cum
2916 2604 3081 2674 longo
3115 2610 3287 2658 tractu
3319 2603 3492 2657 instar
3521 2602 3704 2676 fulgu-

2088 2704 2163 2758 ris
2193 2703 2438 2758 illabitur
2466 2703 2644 2763 terris,
2677 2711 2828 2757 tanto
2856 2702 3176 2772 Splendore,
3204 2711 3262 2756 ut
3294 2718 3404 2757 non
3429 2702 3592 2756 modo
3615 2701 3706 2772 qui

2091 2795 2145 2848 in
2177 2795 2323 2866 agris
2355 2801 2530 2857 erant,
2572 2794 2668 2847 sed
2710 2793 2872 2847 etiam
2934 2792 2988 2845 in
3021 2793 3198 2856 tectis,
3249 2791 3462 2862 irrupto
3497 2791 3705 2844 lumine

2090 2885 2405 2941 ferirentur.
2459 2886 2572 2950 Qua
2627 2884 2744 2939 caeli
2795 2882 2991 2938 fissura
3047 2883 3253 2937 sensim
3313 2891 3707 2950 evanescente,

2091 2976 2315 3031 interim
2355 2977 2471 3032 visa
2486 2983 2570 3030 est
2597 2977 2771 3050 tigura
2811 2975 2964 3046 quasi
3015 2974 3312 3044 serpentis,
3347 2974 3527 3044 capite
3565 2973 3698 3044 qui-

2092 3066 2217 3119 dem
2253 3071 2558 3131 crescente,
2590 3080 2715 3118 cum
2755 3062 2993 3118 ceruleis
3035 3062 3288 3133 pedibus.

2165 3157 2326 3214 1001.
2692 3156 2776 3211 18.
3158 3155 3211 3210 5.

2162 3252 2489 3308 Octavianus
2510 3253 2814 3307 secundum
2856 3250 3122 3322 quosdam
3155 3249 3415 3303 Romanae
3445 3247 3710 3304 aecclesia:

2093 3345 2253 3398 142118
2286 3344 2531 3414 presidet
2583 3345 2648 3377 ²²¹
2702 3343 2794 3412 (cf.
2838 3344 3001 3407 Mar.)
3085 3341 3254 3409 (01.Αο
3336 3340 3474 3394 Roo.
3534 3355 3573 3405 ι,
3631 3341 3711 3405 4.)

2095 3436 2216 3491 Otto
2249 3437 2546 3506 imperator
2597 3436 2782 3489 Romae
2843 3432 3190 3486 Crescentem
3235 3431 3524 3500 patricium
3555 3431 3706 3484 bello

2096 3525 2416 3600 aggreditur
2444 3541 2457 3588 ;
2491 3523 2590 3577 sed
2621 3523 2798 3576 victus
2819 3520 3084 3574 Crescens
3097 3526 3150 3573 et
3178 3533 3244 3574 ex
3264 3517 3392 3590 fuga
3419 3526 3710 3584 retractus,

2097 3613 2329 3682 capitur,
2348 3611 2554 3681 vilique
2589 3609 2840 3677 jumento
2891 3621 3080 3661 averse
3128 3605 3417 3674 impositus
3469 3605 3711 3659 circum-

2100 3704 2334 3772 ducitur,
2353 3709 2407 3759 et
2429 3702 2691 3773 paulatim
2721 3699 2984 3754 membris
3015 3704 3320 3763 truncatus,
3351 3697 3418 3751 ad
3455 3697 3709 3751 ultimum

2099 3803 2230 3850 ante
2251 3795 2442 3849 urbem
2467 3792 2841 3864 suspenditur.

2177 3887 2330 3943 1002.
2696 3885 2781 3937 19.
3120 3881 3168 3935 6.

2170 3980 2290 4034 Otto
2322 3979 2621 4048 imperator
2651 3976 2860 4049 degens
2891 3973 3100 4038 Romae,
3130 3972 3260 4026 dum
3302 3986 3425 4025 cum
3454 3969 3713 4025 Romanis

2097 4065 2459 4120 seremissius
2516 4063 2648 4135 agit,
2699 4069 2939 4116 tractans
2993 4060 3230 4131 qualiter
3279 4059 3404 4127 jura
3462 4057 3616 4131 regni
3661 4064 3713 4111 et

2095 4157 2362 4212 {ecclesiae
2406 4157 2475 4210 ad
2520 4155 2806 4225 antiquum
2857 4160 3056 4208 statum
3105 4152 3445 4215 reformaret,
3480 4149 3713 4205 Romani

2101 4267 2198 4322 per
2226 4251 2332 4305 hoc
2351 4250 2419 4304 ad
2450 4255 2826 4319 contemptum
2881 4247 3000 4315 ejus
3041 4246 3284 4311 adducti,
3313 4245 3498 4299 subito
3527 4251 3717 4299 contra

2101 4356 2225 4394 eum
2257 4338 2594 4408 conspirant,
2623 4343 2676 4391 et
2705 4337 2916 4407 aliquot
2975 4334 3210 4387 militum
3234 4333 3355 4403 ejus
3395 4333 3716 4402 peremptis,

2102 4444 2228 4483 eum
2258 4426 2311 4480 in
2355 4425 2556 4497 palatio
2577 4425 2858 4480 obsident.
2896 4422 3048 4477 Unde
3071 4437 3168 4491 per
3198 4420 3526 4474 industriam
3556 4421 3717 4474 Hein-

2021 4524 2202 4607 Drici
2235 4523 2391 4577 ducis
2432 4519 2694 4590 Bajoariae
2750 4526 2805 4574 et
2864 4517 3109 4591 Hugonis
3172 4515 3506 4570 marchionis
3546 4515 3715 4570 Italiae

2101 4614 2356 4669 simulato
2386 4619 2543 4684 pacto
2562 4611 2650 4664 vix
2681 4616 2973 4674 extractus,
3027 4607 3200 4662 Roma
3221 4607 3438 4662 decedit
3463 4622 3587 4661 cum
3607 4607 3716 4660 Sil-

2102 4711 2286 4760 vestro
2316 4719 2472 4775 papa.
2508 4702 2567 4755 Et
2623 4701 2753 4772 quia
2784 4713 2920 4755 uxor
2974 4696 3280 4752 Crescentis
3327 4696 3714 4766 imperatorem

2103 4812 2198 4868 Spe
2220 4794 2487 4870 regnandi
2518 4793 2586 4847 ad
2639 4806 2882 4846 amorem
2941 4805 3103 4844 suum
3144 4789 3468 4860 pellexerat,
3521 4789 3716 4843 dolens

2103 4900 2200 4955 pro
2223 4884 2343 4952 ejus
2381 4882 2650 4946 discessu,
2683 4895 2956 4935 venenum
2989 4879 3039 4933 ei
3095 4878 3279 4941 misit;
3309 4893 3418 4949 quo
3447 4877 3539 4931 ille
3578 4893 3714 4932 con—

2101 4979 2352 5042 sumptus
2375 4973 2517 5026 inter
2547 4969 2905 5024 remeandum
2938 4968 2992 5022 in
3054 4967 3208 5022 Italia
3236 4966 3483 5020 moritur.
3522 4965 3717 5021 Milites

2103 5059 2427 5132 transalpini
2457 5074 2658 5129 corpus
2687 5057 3038 5128 imperatoris
3055 5054 3298 5111 defuncti
3323 5069 3444 5108 cum
3480 5047 3718 5122 insigni-

2103 5153 2205 5207 bus
2234 5151 2452 5222 imperii
2481 5150 2549 5204 ad
2580 5149 2805 5204 Galliam
2859 5149 3183 5213 referentes,
3213 5143 3425 5200 crebris
3457 5143 3712 5196 Italorum

2105 5245 2440 5301 incursibus.
2475 5242 2739 5311 lacessiti,
2774 5242 2941 5297 armis
2988 5239 3093 5295 sibi
3155 5237 3297 5295 viam
3353 5243 3566 5307 parant.
3609 5234 3717 5288 Sed

1735 5355 1957 5410 VARIIE
1991 5351 2368 5409 LECTIONES.

460 5453 806 5528 noAgapitus
843 5485 910 5494 —
933 5455 1180 5526 presidet
1206 5456 1400 5511 desunt
1428 5456 1487 5510 D.
1522 5456 1588 5491 ³³⁸
1618 5455 1956 5513 Octavianus
1986 5486 2054 5495 —
2085 5452 2331 5525 presidet
2361 5451 2553 5506 desunt
2579 5450 2639 5504 D.

1826 5588 1828 5590 τ
1888 5563 2099 5620 NOTAE.

461 5661 599 5731 (213)
630 5661 688 5714 υ-
711 5661 784 5715 23
813 5661 1080 5718 Ma't.996.

460 5720 607 5803 (214)
641 5732 763 5788 Haec
793 5733 994 5787 desunt
1023 5735 1079 5786 in
1112 5733 1253 5787 Petri
1287 5733 1531 5788 Damiani
1585 5734 1703 5790 Vita
1743 5733 1799 5787 S.
1821 5732 2007 5788 Odilo-

388 5803 498 5869 nis,
533 5818 584 5858 c.
616 5803 704 5857 17.
736 5803 962 5859 Addidit
990 5820 1054 5858 ea
1081 5804 1480 5879 Sigebertusex
1503 5821 1555 5863 a.
1577 5804 1719 5873 532;
1744 5803 1818 5862 cf.
1851 5805 2004 5859 Glab.

2110 5661 2226 5716 Rod
2257 5677 2316 5728 ιι,
2346 5661 2396 5713 7.
2436 5659 2579 5714 Fons
2608 5659 2852 5713 omnium
2891 5654 3208 5725 hujusmodi
3241 5651 3614 5708 narrationum
3636 5658 3720 5706 est

2108 5732 2270 5806 Greg.
2307 5731 2444 5787 Dial.
2482 5730 2565 5797 ιν,
2599 5729 2687 5784 30.
