3924 6080
349 249 452 305 199

1520 248 1866 305 SIGEBERTI
1905 248 2430 312 GEMBLACENSIS.

3567 261 3675 318 200

342 395 467 435 cum
494 378 605 447 jam
638 393 726 431 res
756 378 811 429 in
844 382 958 430 tuto
990 391 1114 431 esse
1172 383 1475 448 putaretur,
1527 377 1635 433 dux
1685 377 1951 446 Bajoaria
1975 384 2030 452 Α
2055 380 2170 450 det,
2199 385 2656 440 concurrentibus
2681 386 2749 441 ad
2780 386 3044 441 auxilium
3080 387 3201 455 ejus
3233 386 3495 443 Rotberto
3540 402 3670 462 rege

343 469 647 535 Heinricus,
676 467 935 535 injuriato
975 467 1265 523 Heribetto
1324 467 1735 524 Coloniensium
1768 471 1951 525 archi-

339 558 626 629 episcOpo,
679 573 710 611 a
739 557 897 626 cujus
937 573 1032 613 ore
1070 574 1265 613 omnes
1312 559 1653 629 pendebant,
1718 560 1959 633 insignia

342 649 498 720 regni
525 648 594 702 ab
630 663 696 703 eo
717 648 989 703 violenter
1018 649 1265 714 extorsit,
1289 649 1443 719 quasi
1456 654 1581 718 jure
1624 650 1959 705 hereditario

340 741 447 797 sibi
479 740 867 811 competentia.
900 740 1021 795 Fuit
1048 741 1255 812 quippe
1312 740 1461 796 ﬁlius
1514 742 1734 797 Henrici
1779 743 1955 809 ducis,

341 832 562 904 quifuit
617 832 837 906 genitus
880 833 952 888 de
1008 832 1262 888 Heinrico
1316 833 1489 888 fratre‘
1537 834 1699 905 primi
1746 834 1958 889 Ottonis

341 924 710 995 imperatoris.
780 924 955 994 (Mam)
1016 923 1301 999 Heinricus
1361 924 1469 978 dux
1514 924 1820 980 conciliatis
1851 926 1956 981 sibi

340 1016 542 1070 animis
564 1015 909 1087 quorundam
945 1015 1256 1087 principum
1291 1017 1468 1090 regni,
1499 1017 1839 1091 unguiturin
1872 1034 1957 1072 re-

338 1126 462 1186 gem
485 1128 516 1165 a
553 1110 821 1185 Willigiso
848 1109 1168 1185 Moguntino
1209 1111 1652 1183 archiepiscopo,
1680 1118 1734 1167 et
1768 1111 1951 1184 impe-

340 1206 423 1254 rat
451 1198 611 1253 annis
646 1198 736 1253 22.

412 1311 567 1379 1003,
898 1311 961 1367 Β.
996 1312 1045 1367 1.
1340 1312 1396 1366 F.
1430 1314 1484 1368 7.

407 1407 663 1473 (ALpsar.
718 1422 755 1468 1,
794 1404 871 1476 5.)
903 1405 1192 1460 Heinricus
1253 1405 1555 1477 imperator
1611 1405 1952 1477 potentiores

341 1493 499 1568 regni
528 1492 704 1561 viros,
734 1492 879 1547 bella
916 1492 1021 1547 sibi
1052 1493 1334 1549 concitare
1390 1494 1665 1558 volentes,
1695 1494 1953 1550 celeriter

338 1582 603 1649 devincit,
636 1589 689 1636 et
721 1597 878 1655 reges
915 1570 1204 1655 gentilium
1253 1582 1309 1636 in
1365 1582 1611 1638 interiori
1662 1583 1951 1638 Germania

338 1680 765 1738 commorantes,
790 1671 885 1744 qui
910 1672 1119 1727 Winidi
1151 1673 1430 1738 dicuntur,
1485 1674 1806 1730 tributarios
1845 1674 1949 1729 sibi

2062 474 2392 532 Francorum
2420 486 2474 534 et
2499 479 2769 535 Richardo
2800 480 3001 536 comite
3047 480 3526 537 Nortmannorum.

2134 566 2290 621 1007.
2654 569 2708 623 5.
3092 572 3177 626 11.

2134 659 2208 727 (Ib
2240 658 2254 727 )
2288 657 2574 715 Heinricns
2607 660 2927 733 imperator,
2962 662 3090 734 quia
3137 662 3205 716 de
3233 661 3526 718 obsidione
3558 662 3669 716 Va-

2060 747 2453 804 lentinianensi
2495 748 2750 805 inefﬁcax
2805 750 3064 819 redierat,
3116 757 3310 806 contra
3341 751 3666 807 Balduinum

2060 837 2360 908 profectus,
2394 845 2633 895 castrum
2672 840 2987 895 Gandavum
3046 841 3277 910 invadit,
3336 849 3391 897 et
3418 842 3668 914 depopu-

2059 930 2165 984 lata
2218 937 2357 985 terra
2410 931 2619 1003 aliquot
2681 931 3097 987 Flandrensium
3168 932 3435 1003 primores
3492 932 3667 1003 capit.

2061 1017 2211 1073 Unde
2254 1020 2553 1075 Balduinus
2619 1022 2943 1092 perterritus
3009 1020 3329 1092 imperatori
3379 1021 3665 1088 satisfacit,

2056 1107 2407 1163 Valentianas
2458 1108 2660 1176 reddit,
2694 1110 2948 1182 datisque
3006 1109 3294 1165 obsidibus
3323 1126 3446 1165 cum
3478 1127 3665 1166 sacra-

2051 1208 2239 1253 mento
2268 1196 2570 1265 ﬁdelitatis,
2598 1215 2795 1254 manus
2824 1199 2875 1254 ei
2902 1198 3075 1254 dedit.
3123 1198 3317 1254 Postea
3370 1200 3669 1270 imperator

2051 1287 2324 1343 seditione
2376 1303 2601 1344 suorum
2667 1295 2909 1356 coactus,
2988 1287 3340 1344 Valentianas
3397 1289 3664 1346 Balduino

2052 1378 2424 1447 beneﬁciavit,
2482 1388 2541 1436 ut
2589 1380 2697 1436 sibi
2743 1388 2933 1437 contra
2979 1388 3163 1437 motus
3193 1397 3420 1438 suorum
3458 1382 3665 1438 auxilio

2054 1475 2216 1523 esset.
2253 1469 2447 1524 Postea
2475 1470 2525 1525 ei
2551 1470 2714 1526 etiam
2755 1469 3069 1525 Walachras
3090 1470 3483 1542 addidit{218')

2082 1569 2092 1578 '
2125 1561 2283 1617 1008.
2678 1564 2734 1618 0.
3133 1564 3218 1618 12.

2124 1654 2217 1724 (Α.
2235 1655 2396 1709 Leod.
2419 1655 2515 1721 ;G.
2531 1655 2652 1710 abb.
2675 1653 2901 1725 Gembl.)
2916 1655 3232 1711 Baldericus
3246 1654 3662 1711 Leodicensium

337 1724 912 1835 1..§;;"['(‘c'.;;.;i'a;..
944 1724 1951 1833 1.13;“)"1a.;“aagagaggegag
1979 1724 2030 1794 Β
2052 1740 2348 1835 episcopus
2377 1743 2682 1835 οπάίηαιιιτ·
2744 1744 3091 1799 Βυτοιτατάυε
3147 1759 3368 1816 quoque
3399 1742 3459 1799 ﬁt
3498 1744 3663 1800 Wor-

338 1855 395 1909 in
413 1855 703 1911 Wasconia
733 1856 1118 1927 martyrizatur
1146 1856 1255 1927 "3.)

408 1963 567 2022 1004.
996 1966 1051 2020 2.
1448 1967 1501 2022 8.

407 2055 676 2110 Gerardus
769 2054 1243 2109 Cameracensium
1314 2055 1610 2126 episcopus
1681 2056 1827 2125 (215)
1894 2063 1949 2112 et

331 2147 673 2203 Adelboldus
702 2148 1146 2217 Vultrajectensis
1193 2150 1490 2220 episcOpus
1540 2151 1726 2225 magni
1759 2152 1813 2204 in
1841 2167 1948 2207 ac-

329 2239 496 2293 clesia
522 2246 575 2293 et
610 2238 666 2292 in
717 2238 920 2309 palatio
950 2239 1243 2295 habentur.
1304 2241 1591 2296 lleinricus
1644 2242 1948 2312 imperator

330 2330 850 2402 Babenbergensem
894 2332 1205 2386 acclesiam
1220 2332 1716 2403 episcopalissedis
1742 2333 1948 2389 honore

329 2421 612 2491 sublimat,
653 2428 708 2478 et
737 2422 867 2493 quia
898 2422 1089 2478 liberis
1118 2423 1361 2491 carebat,
1395 2440 1516 2479 eam
1547 2425 1795 2480 omnium
1821 2441 1947 2480 sua—

330 2529 452 2567 rum
483 2528 665 2567 rerum
724 2513 985 2568 heredem
1017 2514 1164 2569 facit.
1229 2515 1382 2571 Unde
1436 2516 1771 2571 Deodericus
1803 2516 1943 2571 Met-

329 2612 572 2667 tensium
601 2613 917 2684 episcOpus,
984 2614 1181 2669 dolens
1232 2615 1416 2670 dotem
1452 2625 1507 2671 et
1550 2615 1944 2686 patrimonium

329 2703 536 2759 sororis
592 2719 705 2759 sua
763 2704 1102 2778 Cunigundis
1156 2707 1522 2776 imperatricis
1576 2706 1820 2779 delegari
1877 2706 1946 2760 ab

331 2793 661 2865 imperatore
677 2796 945 2851 acclesia
968 2795 1436 2867 Babenbergensi,
1456 2797 1705 2851 rebellat.

404 2904 566 2960 1005.
1002 2905 1052 2962 3.
1484 2907 1537 2959 9.

404 2999 551 3070 (Λιιι.
587 3016 625 3066 1,
657 2998 736 3070 6.)
777 2997 1031 3055 Cometes
1056 3000 1305 3055 horribili
1324 2999 1511 3070 specie
1552 3000 1802 3055 ﬂammas
1839 3001 1949 3056 huc

2052 1834 2392 1889 macensium
2425 1834 2750 1905 episcopus,
2806 1835 2969 1906 quiin
3022 1836 3308 1906 scripturis
3358 1836 3661 1902 studiosus,

2051 1940 2313 2000 magnum
2345 1926 2480 1981 illud
2505 1942 2781 1982 canonum
2807 1926 3067 1983 volumen
3116 1927 3313 1994 edidit,
3363 1927 3666 1998 scriptura-

2049 2029 2168 2069 rum
2201 2015 2489 2069 sententiis
2527 2014 2770 2086 undique
2801 2014 3113 2086 compilatis
3141 2014 3490 2083 deﬂoratum,
3542 2015 3662 2071 col-

2048 2108 2336 2165 laborante
2362 2109 2469 2164 sibi
2494 2110 2547 2163 in
2596 2110 2700 2164 hoc
2742 2108 3001 2181 magistro
3051 2122 3150 2163 suo
3183 2107 3402 2164 Olberto
3436 2106 3660 2175 abbate,

2047 2201 2164 2257 viro
2194 2201 2583 2274 undecumque
2605 2200 2948 2256 doctissimo.

2124 2293 2280 2350 1009.
2712 2292 2766 2345 7.
3106 2287 3191 2347 13.

2123 2386 2302 2456 (Mam)
2359 2385 2465 2440 Leo
2531 2384 2790 2439 Romana
2859 2382 3125 2438 acclesia
3179 2383 3341 2438 1113118
3391 2383 3659 2455 presidet.

2050 2477 2140 2547 (A.
2163 2478 2350 2549 Leod.)
2384 2476 2613 2547 Eclipsis
2639 2476 2774 2530 solis
2788 2473 2932 2530 facta
2977 2482 3062 2530 est
3082 2476 3221 2531 hora
3251 2475 3362 2530 diei
3394 2477 3662 2531 secunda.

2052 2571 2294 2640 (ALPERT.
2320 2588 2356 2632 1,
2381 2571 2460 2637 8,)
2492 2566 2811 2625 Nortmanni
2864 2567 3101 2622 Fresiam
3133 2566 3479 2631 infestantes,
3511 2567 3666 2623 Thile

2047 2659 2316 2731 Oppidum
2372 2658 2693 2713 incendunt.
2753 2655 3041 2711 Heinricus
3099 2656 3397 2726 imperator
3454 2656 3660 2711 Mettim

2048 2750 2241 2803 urbem
2279 2746 2496 2802 obsidet
2536 2753 2761 2817 prepter
2800 2745 3158 2800 Deodericum
3220 2744 3440 2801 fratrem
3474 2745 3664 2801 uxoris

2048 2856 2160 2894 sua
2186 2848 2377 2894 contra
2398 2854 2459 2892 se
2484 2837 2866 2902 rebellantem,
2919 2836 3012 2907 qui
3043 2836 3424 2907 episcopatum
3482 2836 3661 2908 ipsius

2048 2931 2203 2986 urbis
2236 2935 2613 2999 usurpaverat.
2662 2930 2778 2983 Dux
2832 2927 2978 2982 enim
3038 2927 3465 2983 Mosellanorum
3512 2927 3660 2984 Deo-

2049 3019 2270 3074 dericus
2315 3024 2438 3089 post
2478 3017 2699 3072 fratrem
2748 3032 2908 3071 suum
2959 3015 3293 3072 Alberonem
3347 3018 3473 3072 dato
3530 3018 3656 3088 epi-

328 3092 570 3164 illucque
592 3091 826 3159 jactans,
867 3091 939 3165 in.
968 3091 1192 3146 australi
1239 3099 1392 3162 parte
1450 3092 1601 3147 visus
1628 3100 1731 3147 est.
1759 3093 1940 3160 (Bne.
1974 3095 2271 3181 Cscopatu
2300 3108 2646 3163 Μθιιρηείυπι
2694 3106 2809 3161 ﬁlio
2866 3122 2967 3162 suo
3032 3107 3215 3163 adhuc
3260 3124 3455 3179 puero,
3513 3116 3658 3164 ιυιο-

327 3200 408 3251 111,
453 3184 532 3250 7.)
574 3182 785 3237 Mortuo
817 3181 1013 3239 Ottone
1060 3182 1221 3249 duce,
1282 3183 1515 3238 ducatus
1574 3182 1940 3257 Lotharingia

327 3273 490 3327 datur
519 3270 707 3326 comiti
741 3269 1063 3336 Godefrido,
1120 3269 1235 3325 ﬁlio
1266 3269 1551 3325 Godefridi
1610 3270 1939 3324 Ardennan-

324 3361 403 3415 sis
443 3360 603 3427 (216),
658 3357 999 3429 Chilpericus
1056 3357 1259 3413 librum
1311 3359 1380 3413 de
1435 3358 1648 3414 ratione
1697 3359 1939 3429 compoti

326 3451 434 3507 hoc
459 3465 606 3506 anno
635 3449 881 3520 scripsit,
927 3456 987 3504 ut
1016 3458 1244 3521 apparet
1298 3457 1352 3505 et
1403 3456 1727 3524 argumento
1753 3450 1822 3504 ad
1852 3449 1939 3503 in-

322 3538 632 3594 veniendos
657 3553 832 3594 annos
860 3537 1188 3610 Dominiper
1210 3538 1541 3594 indictiones
1573 3555 1586 3591 :
1611 3539 1673 3595 Si
1698 3540 1801 3601 vis,
1844 3538 1938 3591 in-

325 3628 466 3699 quit,
497 3631 633 3683 scire
671 3632 800 3697 quot
812 3629 925 3682 sint
959 3630 1091 3682 anni
1120 3630 1396 3683 incarnati
1434 3629 1656 3695 0hristi,
1688 3628 1759 3682 66
1787 3628 1941 3682 ordi-

324 3717 807 3785 nesindictionum,
837 3720 934 3787 qui
961 3718 1261 3784 ﬂuxerunt
1305 3719 1376 3771 ab
1393 3718 1509 3787 ejus
1535 3719 1936 3783 incarnatione,

328 3810 643 3879 multiplica
663 3825 764 3879 per
792 3810 881 3876 15,
897 3812 1037 3878 ﬁunt
1051 3808 1175 3865 990.
1207 3809 1307 3879 [iis
1327 3809 1778 3875 addeduodecim,
1806 3810 1939 3878 quia

326 3900 489 3951 tertia
516 3897 810 3952 indictione
852 3901 1015 3951 natus
1044 3902 1119 3951 est
1171 3897 1436 3953 Christus.
1478 3898 1637 3951 Adde
1673 3898 1936 3951 indictio-

324 4006 443 4044 nem
476 3991 739 4059 presentis
754 3991 909 4056 anni,
921 3989 983 4043 id
1009 3993 1088 4043 est
1117 3994 1241 4044 tres.
1274 3992 1406 4045 Ecce
1447 3990 1608 4045 habes
1671 3991 1767 4045 hoc
1795 4004 1939 4045 anno

324 4096 497 4136 annos
525 4080 734 4137 Christi
762 4075 899 4135 1005
927 4077 1097 4148 (217).

396 4186 553 4246 1006.
914 4187 966 4239 4.
1419 4186 1503 4243 10.

392 4298 543 4368 (Αιρ.
576 4313 614 4351 1.
644 4296 722 4366 6.)
754 4295 947 4350 Fames
976 4300 1029 4349 et
1059 4295 1363 4350 mortalitas
1412 4304 1521 4350 tam
1550 4298 1790 4370 graviter
1840 4314 1939 4369 per

321 4394 496 4442 totum
520 4385 711 4441 orbem
746 4383 1000 4450 invaluit,
1031 4389 1091 4437 ut
1111 4383 1259 4440 tedio
1281 4384 1670 4456 sepelientium
1701 4386 1809 4442 vivi
1837 4388 1935 4441 ad-

322 4476 432 4530 huc
468 4474 717 4545 spiritum
777 4472 1057 4527 trahentes
1112 4472 1480 4529 obruerentur
1518 4491 1642 4529 cum
1681 4477 1913 4532 mortuis

324 4567 491 4635 (ΒΑιο
544 4582 580 4633 1,
606 4566 750 4635 114)
808 4564 1054 4620 Castrum
1108 4565 1475 4635 Valentianas,
1508 4566 1670 4621 situm
1700 4567 1757 4622 in
1795 4583 1937 4623 mar-

322 4659 424 4713 cha
463 4657 703 4714 Francia
733 4666 789 4713 et
814 4657 1199 4734 Lotharingia,
1250 4660 1397 4731 quod
1425 4659 1724 4716 Balduinus
1753 4675 1939 4716 comes

321 4748 743 4807 Flandrensium
794 4751 1092 4822 invaserat,
1145 4753 1442 4824 imperator
1473 4753 1760 4811 Heinricus
1784 4755 1938 4810 obsi—

1954 4429 2013 4500 D

2043 3218 2154 3258 rem
2178 3202 2229 3256 ei
2254 3200 2742 3271 substituitipsum
2766 3198 3126 3254 Deodericum
3156 3200 3285 3271 ;qui
3316 3216 3486 3271 puero
3517 3200 3657 3255 urbe

2041 3295 2264 3350 excluso
2296 3302 2351 3348 et
2372 3292 2693 3364 episcopatu
2758 3301 3049 3364 usurpato,
3106 3293 3286 3364 ipsum
3321 3294 3485 3349 etiam
3519 3295 3661 3349 Deo-

2042 3383 2287 3439 dericum
2317 3382 2515 3437 ducem
2542 3381 2691 3436 bello
2738 3382 2905 3452 cepit.
2949 3379 3094 3435 Urbe
3126 3395 3257 3456 ergo
3285 3398 3382 3453 per
3410 3382 3661 3439 obsidio-

2042 3490 2166 3530 nem
2188 3489 2330 3546 pene
2356 3474 2621 3540 desolata,
2642 3472 2863 3528 tandem
2895 3488 2997 3544 pax
3023 3473 3298 3529 convenit.

2123 3566 2278 3623 1010.
2642 3565 2694 3620 8.
3130 3567 3214 3620 14.

2112 3656 2294 3728 (ΜΑΒ.)
2327 3657 2508 3713 Bruno
2537 3656 2833 3728 episcopus
2859 3656 3258 3728 martyrizatur.
3300 3658 3450 3729 (ALP.
3502 3675 3542 3725 1,
3573 3657 3654 3728 9.)

2038 3751 2357 3809 Nortmanni
2388 3750 2625 3806 Fresiam
2659 3757 2938 3821 repetunt,
2990 3757 3046 3805 et
3090 3750 3280 3805 multis
3307 3751 3489 3815 casis,
3519 3751 3647 3806 Vul-

2038 3843 2327 3911 trajectum
2358 3840 2588 3912 Opidum
2641 3840 2925 3894 incensum
2968 3847 3070 3893 est.
3131 3838 3273 3894 Gens
3305 3839 3644 3911 Ungarorum

2039 3938 2305 4005 hactenus
2354 3934 2676 3991 idololatria
2706 3933 2913 3998 dedita,
2943 3934 3051 3988 hoc
3095 3940 3345 4004 tempore
3373 3934 3442 3988 ad
3484 3934 3648 3991 fidem

2043 4028 2232 4084 Christi
2252 4026 2592 4083 convertitur
2615 4040 2713 4096 per
2753 4024 2953 4079 Gislam
2999 4038 3247 4081 sororem
3274 4024 3652 4096 imperatoris,

2039 4132 2160 4189 qua
2204 4124 2375 4187 nupta
2420 4114 2759 4189 Ungarorum
2810 4112 2949 4186 regi,
2999 4112 3069 4167 ad
3122 4113 3226 4168 hoc
3275 4128 3374 4169 sua
3439 4113 3653 4169 instan-

2041 4206 2113 4260 tia
2132 4204 2287 4277 (219)
2316 4220 2499 4280 regem
2524 4202 2769 4270 adduxit,
2816 4209 2875 4256 ut
2913 4218 2973 4257 se
3005 4208 3067 4257 et
3103 4208 3269 4257 totam
3304 4202 3650 4278 Ungarorum

2037 4305 2257 4374 gentem
2288 4296 2554 4367 baptizari
2586 4301 2890 4366 expeteret.
2920 4294 3019 4359 Qui
3045 4293 3100 4347 in
3120 4293 3399 4365 baptismo
3417 4294 3652 4366 Stepha-

2039 4403 2145 4441 nus
2184 4394 2269 4441 est
2290 4392 2544 4449 vocatus;
2569 4383 2726 4454 cujus
2767 4383 2962 4438 merita
3020 4398 3121 4455 per
3154 4383 3444 4456 Ungariam
3480 4385 3648 4439 multa

2039 4475 2425 4531 miraculorum
2455 4473 2629 4547 gloria
2658 4471 3027 4528 commendat.

2115 4568 2269 4624 1011.
2613 4564 2667 4617 9.
3064 4563 3149 4616 15.

2111 4662 2290 4731 (ΒΑΜ).
2342 4676 2422 4727 111,
2482 4658 2560 4728 8.)
2611 4658 2669 4710 ln
2705 4655 3058 4730 Lotharingia
3080 4656 3233 4726 juxta
3264 4666 3510 4717 montem
3556 4661 3651 4716 Ca-

2040 4757 2322 4814 strilocum
2355 4748 2654 4808 fonticulus
2712 4764 2867 4819 aqua
2925 4748 3113 4804 multis
3164 4750 3562 4806 saluberrimus
3595 4748 3651 4803 in

1672 4888 1893 4946 unus
1923 4888 2300 4948 LECTIONES.
2340 4862 2343 4867 ⁴

389 4987 459 5025 m
489 4984 649 5045 addit
697 4991 777 5044 us.
845 4987 968 5046 rell.
1003 4992 1202 5059 prater
1227 4986 1437 5047 A.C2*.
1462 4989 1549 5045 ι’.

1883 5115 2093 5176 ΝΟΤιιΕ.

391 5223 544 5307 ςὲςξ)
572 5223 879 5307 Episcopus
910 5222 1014 5307 fuit
1042 5223 1265 5307 demum
1282 5238 1332 5307 al.
1362 5222 1523 5307 1012.

392 5294 539 5368 (216)
571 5294 889 5351 Baldericus
925 5294 1043 5350 hac
1095 5294 1363 5368 suadente
1410 5294 1649 5368 Gerardo
1700 5311 1791 5368 ep.
1834 5294 1934 5351 Ca-

323 5365 652 5430 meracensi,
698 5368 884 5437 itaque
908 5374 1109 5437 posta.
1136 5365 1295 5433 1012,
1326 5372 1445 5421 acta
1464 5366 1649 5437 tradit.

393 5437 533 5511 (217)
564 5437 642 5493 Cf.
666 5435 831 5511 Sigeb
875 5435 949 5493 De
970 5437 1071 5493 vir.
1100 5436 1177 5492 ill.
1209 5452 1258 5492 c.
1291 5437 1413 5492 145.
1432 5436 1713 5494 Mabillon.
1738 5435 1932 5492 Annal.

322 5509 550 5649 ν’(έῗέςῆ
573 5578 701 5634 Post
727 5578 972 5646 a.1012;
1001 5578 1060 5634 cf
1105 5578 1254 5634 Bald.
1288 5578 1381 5645 111,
1408 5578 1459 5633 2.
1488 5577 1753 5635 masca.

395 5648 547 5721 (219)
580 5649 688 5706 Hoc
733 5651 788 5706 ni
828 5650 1045 5714 falsum,
1095 5666 1257 5723 quam
1324 5649 1558 5705 maxime
1598 5658 1779 5706 tamen
1820 5649 1933 5705 du-

2035 5222 2189 5277 bium
2218 5217 2326 5287 ;cf.
2365 5217 2497 5275 Acta
2528 5215 2632 5291 SS.
2678 5213 3096 5291 Septembr.h1,
3150 5216 3274 5291 «190.
3325 5215 3503 5289 Nupta
3546 5210 3646 5273 fuit

2036 5293 2181 5348 Gisla
2198 5291 2480 5363 Stephano
2515 5290 2628 5363 jam
2686 5286 2817 5363 ante
2852 5304 2905 5343 a.
2939 5286 3093 5345 1003.
3149 5286 3645 5363 Caterum'ecom-

2037 5359 2460 5445 memoratiqung
2482 5360 3077 5445 miraculorumuqua
3114 5366 3237 5431 post
3282 5359 3643 5445 elevationem

2036 5435 2188 5511 regis
2228 5450 2279 5489 a.
2324 5433 2462 5491 1083
2517 5432 2861 5511 celebratam
2911 5429 3031 5486 fieri
3082 5429 3370 5502 ceperunt,
3420 5439 3648 5502 apparet

2038 5508 2181 5562 hanc
2200 5505 2478 5563 chronica
2510 5513 2718 5576 partem
2748 5519 2780 5558 a
2809 5502 3099 5575 Sigeherto
3142 5516 3250 5558 non
3279 5508 3408 5558 ante
3438 5519 3488 5557 a.
3516 5501 3650 5557 1085

2037 5577 2403 5649 conscriptam
2437 5591 2579 5631 esse.
