3924 6080
181 218 286 275 201

1681 211 2028 272 CHRONICA.

185 343 523 420 sanguinem
573 357 874 400 conversus
922 349 1024 399 est.
1088 341 1236 414 quod
1293 342 1545 414 probavit
1594 343 1810 409 mulier,
1834 345 1890 416 Α
1916 343 2336 409 intumescente,
2372 358 2486 398 rem
2519 342 2783 416 prodidit,
2807 350 2861 398 et
2895 341 3219 400 filacterium
3263 343 3489 401 domino

187 449 314 505 qua:
335 431 529 488 faciem
567 448 724 488 suam
752 449 816 488 ex
865 432 1030 502 hujus
1059 431 1229 488 fontis
1258 447 1400 504 aqua
1426 431 1590 488 lotam
1619 438 1812 487 osten-

184 521 270 576 dit
297 521 491 576 multis
516 521 1020 595 sanguinolentam.

261 613 431 670 1012.
510 612 576 681 R,
621 612 706 668 10.
787 613 841 667 F.
887 613 954 669 16

263 704 518 762 Olbertus
560 711 784 766 nostrae,
837 703 1300 762 Gemmelacensis
1337 703 1568 771 scilicet,
1609 702 1808 758 aaccle-

185 797 290 852 siae
321 797 610 852 ordinatur
635 796 827 863 abbas,
849 797 934 851 vir
963 796 1234 864 moribus,
1271 795 1560 871 religione,
1584 794 1809 868 gemina

186 886 445 955 scientia,
477 885 640 943 bonis
670 887 956 959 doctisque
995 887 1128 942 viris
1179 895 1273 944 aut
1311 886 1685 944 confcrendus
1709 901 1809 940 au-

189 979 554 1052 prcfercndus
581 980 669 1033 ’33.
711 982 944 1046 (Λιιιειιι
998 997 1057 1041 ιι,
1089 980 1196 1048 10.}
1231 980 1534 1034 Heinricus
1574 980 1812 1050 impera-

189 1084 278 1130 tor
307 1073 667 1130 Codet'ridum
706 1075 902 1128 ducem
936 1090 1060 1129 cum
1093 1074 1334 1130 exercitu
1387 1074 1442 1128 in
1503 1073 1644 1129 fines
1693 1075 1813 1128 Bra-

189 1163 534 1234 tuspantium
562 1163 750 1224 mittit.
796 1161 884 1236 [ad
915 1163 1284 1219 obsidendum
1343 1171 1586 1219 castrum
1634 1163 1810 1218 Leva-

191 1252 369 1316 nium.
401 1251 501 1307 sed
531 1251 786 1307 inefﬁcax
814 1251 982 1308 rediit
1022 1253 1090 1288 ”‘
1119 1254 1133 1324 ]

275 1343 432 1400 1013.
614 1345 704 1399 11.
889 1344 978 1399 17.

266 1439 449 1508 (BALD.
485 1455 565 1505 ιιι,
609 1439 719 1507 17)
771 1439 1056 1495 Heinricus
1096 1439 1401 1510 imperator
1460 1438 1672 1496 italiam
1719 1453 1818 1510 pe-

195 1540 323 1587 tens
351 1540 413 1586 ut
439 1531 764 1587 subveniret
793 1531 928 1596 suis,
963 1545 1103 1603 quos
1133 1531 1287 1587 Greci
1322 1532 1649 1603 premebant
1675 1531 1820 1588 circa

195 1619 595 1689 Beneventum,
649 1620 938 1676 Salernum
1010 1625 1068 1675 et
1123 1618 1362 1691 Capuam
1426 1621 1798 1676 debaccantes

1913 449 2014 490 suo
2047 435 2332 492 Hetheloni
2370 434 2534 507 (223),
2560 434 2712 490 fratri
2743 435 2918 502 ducis,
2953 436 3124 492 dedit.

1986 525 2140 583 1016.
2329 527 2412 582 14.
2597 526 2688 584 20.
3501 559 3538 592 ς

1983 616 2075 685 (ν.
2125 615 2286 684 Sim.)
2332 616 2572 688 Symcon
2622 615 2892 671 Siracusis
2927 615 3126 672 Sicilia
3147 614 3436 684 oriundus,
3467 622 3521 672 et

1909 717 2100 778 postea
2142 709 2446 764 monachus
2468 709 2522 762 in
2554 715 2743 763 monte
2796 709 2962 780 Syna,
2996 710 3101 764 hoc
3132 715 3380 780 tempore
3409 708 3522 765 cla-

1909 800 2078 856 rebat.
2113 800 2212 866 Qui
2245 799 2661 856 llicrolsoimam
2709 801 2963 867 veniens,
2987 800 3209 873 longam
3241 815 3342 872 pro
3370 799 3522 856 Chri-

1908 896 1991 943 sto
2023 889 2524 962 peregrinationem
2551 889 2819 960 suscepit,
2850 899 2904 944 et
2951 905 3074 944 cum
3135 889 3360 960 Popsne
3388 887 3521 944 Tre-

1913 987 2152 1041 virorum
2185 986 2599 1057 archiepiscopo
2631 987 2698 1042 ad
2749 987 2952 1042 Gallias
2977 987 3231 1051 veniens,
3277 986 3526 1043 Treveris

1914 1076 1969 1130 iu
1998 1077 2290 1132 altitudine
2319 1076 2486 1131 turris
2521 1077 2769 1133 inclusus
2799 1085 2883 1133 est
2921 1078 3112 1152 ibique
3160 1085 3286 1153 post
3325 1079 3528 1134 multas

1916 1167 2200 1222 hominum
2275 1167 2712 1239 persecutiones,
2767 1177 2892 1240 post
2963 1169 3164 1226 multas
3229 1171 3527 1225 demonum

1916 1257 2324 1328 temptationes,
2365 1257 2528 1313 beato
2550 1255 2660 1312 fine
2708 1258 2916 1331 quievit
2946 1258 3114 1330 (221).
3149 1257 3310 1328 Cujus
3337 1259 3530 1314 merila

1918 1344 2182 1416 frequens
2200 1345 2589 1402 miraculorum
2619 1346 2794 1420 gloria
2821 1345 3140 1407 declaravit.

1993 1433 2152 1490 1017.
2337 1436 2422 1492 15.
2604 1435 2694 1492 21.

1992 1524 2180 1597 (Mam)
2222 1529 2554 1585 Benedictus
2603 1530 2862 1586 Romanae
2908 1529 3174 1586 ecclesiae
3217 1529 3377 1586 tuus
3405 1543 3534 1600 pre-

1922 1618 2067 1674 sidet
2114 1620 2201 1678 ²²⁶.
2245 1621 2436 1692 (ΒΑΜ).
2496 1638 2576 1687 ιιι,
2625 1620 2733 1690 19.)
2796 1620 3050 1678 Cometes
3085 1621 3248 1678 solito
3306 1619 3534 1676 mirabi-

197 1708 418 1778 Trojam
477 1663 757 1765 civitatem
797 1709 948 1780 capit
1015 1662 1309 1781 (220).r(1b
1341 1753 1356 1776 ,
1412 1711 1486 1781 5.)
1541 1662 1896 1766 Baldricus’tB
1926 1706 2029 1763 lior
2054 1707 2108 1762 in
2156 1662 2379 1766 modum
2422 1663 2592 1764 trabis
2623 1662 2873 1766 maritimae
2905 1725 3006 1782 per
3037 1711 3070 1765 4
3111 1725 3334 1780 menses
3365 1725 3537 1781 appa-

199 1799 502 1870 episcopus
529 1813 651 1854 cum
682 1798 737 1852 in
766 1798 896 1854 villa
928 1798 1240 1874 Huguardis
1267 1799 1416 1855 dicta
1446 1799 1596 1868 (221)
1625 1799 1824 1856 castel-

199 1886 315 1942 tum
379 1886 617 1942 muniret
667 1887 999 1943 Lantbertus
1037 1902 1227 1944 comes
1282 1887 1644 1946 Lovaniensis
1697 1905 1824 1944 eum

199 1975 544 2048 aggreditur,
573 1981 629 2038 et
657 1975 977 2047 episcopus,
1009 1975 1308 2033 Lantberto
1338 1976 1616 2044 vincente,
1642 1977 1828 2032 multis

199 2083 428 2124 suorum
466 2067 643 2138 captis
671 2067 970 2135 etoccisis,
1003 2067 1157 2142 gravi
1187 2069 1440 2125 atteritur
1492 2068 1818 2125 infortunio.

203 2159 376 2226 (Ann.
411 2159 593 2229 Leod.)
643 2159 1006 2216 Termmotus
1043 2159 1219 2216 factus
1256 2167 1342 2216 est
1373 2160 1644 2216 maximus
1682 2161 1827 2217 circa

214 2248 508 2304 meridiem
533 2249 619 2304 14.
651 2249 765 2304 Kal.
788 2249 1127 2306 Decembris.

280 2342 444 2397 1014.
633 2341 714 2396 12.
903 2343 988 2398 18.

275 2429 466 2501 (Metu)
509 2429 797 2486 Heinricus
824 2445 920 2486 rex
944 2431 1003 2486 in
1035 2431 1428 2503 imperatorem
1457 2430 1828 2487 benedicitur.

209 2522 450 2590 (Αιιειιι.)
480 2520 764 2579 Baldricus
803 2522 1104 2594 episcopus
1160 2523 1214 2577 in
1267 2523 1444 2578 insula
1507 2522 1828 2579 Leedicensi

207 2612 501 2668 cenobium
531 2614 708 2670 sancti
727 2613 919 2670 Jacobi
943 2615 1180 2686 apostoli
1205 2615 1475 2684 fundavit,
1504 2615 1600 2671 ubi
1636 2615 1833 2671 Olbcr-

212 2714 302 2760 tus
330 2705 505 2760 abbas
529 2707 742 2776 primus
762 2706 969 2778 prefuit
999 2707 1166 2779 (222).
1226 2707 1408 2776 (BALD,
1451 2725 1532 2774 ιιι,
1575 2709 1690 2776 11.)
1722 2709 1834 2765 Dux

215 2794 551 2850 Godel'ridus
572 2794 870 2852 Gerardum
887 2797 1147 2854 comitem
1172 2797 1360 2853 multis
1390 2797 1572 2854 modis
1602 2813 1834 2871 regnum

215 2883 618 2956 inquietantem
677 2885 827 2941 bello
883 2885 1050 2951 vicit;
1099 2887 1152 2941 in
1206 2901 1318 2958 quo
1383 2884 1500 2942 ﬁlio
1549 2887 1672 2956 ejus
1710 2901 1832 2941 cum

215 2971 404 3028 multis
421 2973 627 3041 occiso,
659 2973 963 3044 complices
993 2974 1116 3044 ejus
1139 2974 1430 3030 deterruit.

290 3063 454 3120 1015.
639 3065 724 3120 13.
913 3065 1004 3121 19.

285 3155 473 3224 (ΒΑω.
519 3171 600 3218 ιιι,
638 3155 748 3224 12.)
796 3153 906 3212 Hoc
961 3163 1214 3227 tempore
1255 3163 1480 3212 sanctus
1521 3154 1838 3226 Guictheht,

213 3251 313 3323 qui
343 3255 399 3304 et
432 3249 782 3319 Adelbertus,
832 3249 1124 3326 Pragensis
1165 3250 1480 3322 episCOpus.
1532 3249 1678 3321 apud
1711 3249 1842 3308 Bru-

214 3340 359 3397 ctios
395 3339 770 3396 martirizatur
816 3341 926 3414 ³³⁸.)
978 3341 1304 3398 Godcfridus
1359 3342 1468 3397 dux
1516 3341 1840 3397 comitatum

213 3432 565 3490 Montensem
597 3432 994 3506 depopulatur;
1033 3452 1196 3508 quem
1231 3436 1536 3510 Raginerus
1578 3451 1702 3490 cum
1744 3451 1842 3505 pa-

217 3529 342 3578 truo
368 3538 470 3579 suo
508 3523 804 3581 Lantberto
833 3524 1163 3581 Lovaniensi
1193 3525 1500 3593 insecutus,
1530 3525 1676 3599 apud
1709 3524 1841 3581 Flo-

218 3613 374 3669 rinas
417 3630 660 3688 pugnam
709 3624 1032 3681 conserunt,
1065 3613 1162 3670 ubi
1203 3616 1328 3686 plus
1359 3630 1523 3686 quam
1573 3614 1848 3687 quadrin-

220 3709 378 3782 genti
407 3709 511 3764 viri
553 3709 724 3767 occisi
747 3717 898 3779 sunt,
945 3718 1000 3766 et
1052 3709 1173 3781 ipse
1203 3710 1530 3765 Lantbertus
1559 3709 1841 3766 occubuit.

225 3801 328 3856 Ubi
393 3818 483 3856 res
527 3801 666 3857 mira
705 3801 958 3876 contigit.
1006 3803 1101 3872 (A.
1173 3802 1373 3868 Leod.;
1463 3803 1645 3871 ΒΑιυ)
1715 3800 1844 3857 Cum

228 3893 560 3950 Lantbertus
597 3910 755 3966 spem
800 3895 1045 3950 victoriae
1077 3893 1190 3964 jam
1241 3894 1471 3949 haberet
1514 3925 1582 3935 —
1611 3893 1854 3950 habebat

228 3987 439 4060 quippe
462 3985 788 4043 tilacterium
829 4003 860 4042 a
897 3986 1041 4043 collo
1066 4002 1240 4058 usque
1267 3986 1336 4041 ad
1360 3993 1554 4057 pectus
1580 3986 1852 4057 pendens,

233 4089 553 4138 sanctorum
595 4081 848 4154 reliquiis
893 4081 1174 4146 refertum,
1243 4096 1478 4152 quorum
1551 4081 1856 4152 patrocinio

233 4192 293 4230 se
337 4176 394 4229 in
427 4173 690 4246 periculis
718 4180 894 4230 tutum
935 4173 1050 4230 fore
1093 4172 1376 4238 credebat,
1429 4204 1497 4214 —
1535 4173 1774 4228 instante
1805 4173 1855 4228 ei

234 4271 479 4326 termino
527 4269 657 4325 Vitae
713 4269 1039 4324 tilacterium
1075 4268 1209 4323 illud
1259 4285 1289 4322 a
1329 4268 1472 4323 collo
1503 4267 1623 4337 ejus
1665 4267 1857 4324 exiens

1863 3042 1914 3112 C

1924 1802 2054 1858 ruit.

1997 1893 2136 1951 1018
2307 1897 2392 1954 16.
2572 1900 2665 1954 22.

2001 1989 2096 2058 (A.
2141 1989 2332 2054 Leod.;
2369 1989 2558 2060 BALD.)
2587 1989 2874 2048 Guolbodo
2914 1991 2974 2046 in
3003 1991 3323 2063 episcOpatu
3344 1991 3541 2048 Leodi-

1926 2080 2174 2136 censium
2232 2081 2482 2136 Baldrico
2531 2083 2801 2138 succedit.
2871 2081 3123 2155 (ALPERT.
3203 2101 3260 2148 ιι,
3312 2085 3428 2153 21.)
3481 2084 3538 2138 In

1929 2169 2184 2225 Fresonia
2213 2170 2516 2226 Deoderico
2544 2172 2768 2239 comite,
2817 2170 2931 2228 filio
2969 2171 3175 2227 Arnulfi
3216 2173 3542 2229 Gandaven-

1929 2261 2024 2326 sis,
2055 2261 2367 2316 debellante
2399 2263 2666 2320 Fresones
2707 2264 2760 2318 in
2805 2263 3104 2319 vindictam
3149 2265 3318 2336 patris
3355 2264 3439 2320 sui
3473 2264 3541 2318 ab

1930 2351 2012 2405 eis
2039 2350 2228 2415 occisi,
2257 2350 2587 2407 Godefridus
2617 2353 2725 2407 dux
2763 2352 2829 2406 ad
2861 2367 2987 2408 eum
3017 2351 3412 2408 debellandum
3472 2352 3542 2406 ah

1933 2445 2264 2516 imperatore
2321 2447 2589 2514 mittitur;
2648 2455 2700 2502 et
2753 2455 3009 2503 conserto
3065 2447 3263 2520 prelio,
3314 2455 3545 2518 repente

1934 2553 2065 2593 voce
2115 2538 2358 2594 nescitur
2407 2539 2558 2594 unde
2599 2540 2819 2606 emissa,
2852 2537 3057 2608 Fugite,
3098 2541 3296 2609 fugite,
3337 2540 3550 2595 cunctis

1933 2627 2298 2701 fugientibus,
2330 2627 2483 2683 multi
2511 2645 2542 2684 a
2575 2629 2766 2699 paucis
2804 2628 3138 2686 Fresonibus
3162 2630 3547 2702 perimuntur;

1935 2726 2044 2782 dux
2073 2741 2204 2780 vero
2235 2725 2468 2796 capitur.

2007 2816 2156 2876 1019·
2351 2816 2436 2872 17.
2619 2816 2710 2873 23.

2007 2910 2128 2973 (ιω
2189 2907 2516 2964 Godefridus
2569 2907 2677 2962 dux
2753 2907 3041 2978 impetrata
3105 2905 3434 2961 Fresonibus
3481 2905 3552 2960 ab

1943 2999 2275 3070 imperatore
2293 2997 2463 3052 totius
2509 2995 2791 3066 injustitite
2815 2995 3164 3067 impunitate,
3189 3013 3218 3050 a
3237 2995 3551 3066 captivitate

1941 3089 2191 3158 solvitur,
2246 3097 2300 3145 at
2330 3104 2440 3144 non
2497 3087 2670 3144 multo
2703 3097 2827 3160 post
2877 3089 3107 3145 moritur
3145 3088 3314 3160 (225).
3368 3087 3554 3144 Frater

1941 3196 2071 3237 vero
2101 3179 2223 3248 ejus
2247 3177 2474 3235 Gothelo
2506 3177 2560 3232 in
2593 3178 2795 3234 ducatu
2825 3177 3203 3234 substituitur.

2019 3272 2174 3328 1020.
2362 3269 2450 3327 18.
2595 3269 2689 3329 24.

2013 3365 2260 3432 (Auram.
2293 3377 2352 3428 ιι,
2412 3359 2520 3426 11.)
2554 3358 2822 3414 Rodulfus
2869 3375 2962 3413 rex
2997 3358 3350 3432 Burgundise,
3405 3358 3556 3415 inso-

1940 3452 2127 3507 lentiis
2156 3449 2609 3526 Burgundionum
2643 3446 2905 3514 irritatus,
2946 3462 3178 3521 regnum
3220 3446 3554 3522 Burgundite

1947 3540 2205 3600 llcinrico
2256 3536 2575 3608 imperatori
2607 3536 2738 3591 dare
2768 3542 2991 3602 tractat;
3043 3535 3144 3591 sed
3197 3551 3324 3590 eum
3355 3534 3424 3590 ab
3455 3535 3559 3590 hac

1945 3627 2252 3684 intentione
2297 3631 2517 3682 revocat
2541 3625 2794 3680 simulata
2851 3623 3305 3697 Burgundionum
3345 3621 3558 3678 satisfa-

1945 3718 2075 3773 ctio.
2137 3715 2318 3784 (Μιιι.)
2381 3713 2712 3770 Benedictus
2753 3728 2896 3784 papa
2960 3712 3017 3767 in
3069 3711 3240 3768 Gallia
3300 3711 3446 3784 (226)
3486 3710 3556 3766 ad

1952 3811 2264 3868 Heinricum
2298 3810 2687 3880 imperatorem
2718 3807 2868 3863 venit
2895 3808 2984 3864 ³³⁷.

2029 3902 2150 3956 1021
2171 3943 2182 3956 .
2365 3898 2453 3952 49.
2635 3896 2725 3952 25.

2027 3997 2182 4066 (Vita
2213 3991 2362 4062 Her.)
2403 3990 2688 4046 lleinricus
2726 3989 3026 4060 imperator
3065 3987 3301 4045 Coloniae
3328 3987 3564 4043 natalem

1958 4082 2175 4140 Domini
2204 4080 2497 4136 celebrans
2527 4077 2674 4152 (227)
2705 4077 3052 4134 Heribertum
3083 4077 3564 4148 archi’episcOpum

1958 4173 2090 4229 olim
2134 4187 2166 4226 a
2208 4187 2269 4225 se
2321 4167 2583 4237 injuriose
2623 4174 2909 4222 tractatum
2951 4165 3146 4221 humili
3186 4166 3566 4222 satisfactione

1958 4263 2156 4334 placat.
2203 4259 2299 4314 Cui
2327 4256 2713 4314 reconciliatus
2737 4255 3193 4328 archiepisc0pus
3251 4255 3573 4326 predixitse

236 4375 410 4430 super
437 4358 709 4414 tumulum
739 4359 922 4430 campi
962 4357 1198 4416 exiluit:
1237 4363 1291 4412 et
1328 4373 1453 4413 mox
1481 4372 1670 4412 comes
1695 4364 1829 4413 ante:

1963 4348 2283 4422 propediem
2315 4346 2667 4408 moriturum;
2701 4353 2757 4400 et
2786 4359 2898 4400 non
2928 4345 3104 4400 multo
3145 4352 3268 4416 post
3303 4351 3574 4411 mortuus,

1965 4440 2178 4462 ,A_-__.:_
2214 4439 2369 4462 -..ηει
2424 4437 2627 4462 ,1---.υι
2674 4435 2967 4462 -.ε-ι..ιέι.....
3039 4435 3362 4462 ηζιηη-ζηι..-
3412 4434 3461 4462 ..ξ
3520 4435 3573 4462 ζ..

238 4446 477 4502 invictus
517 4445 826 4518 perimitur.
859 4444 1092 4510 Quidam
1124 4445 1358 4500 militum
1397 4444 1724 4500 tilacterium
1755 4460 1852 4502 ac-

1963 4440 2182 4517 magnis
2209 4439 2374 4510 caapit
2420 4437 2630 4494 clarere
2674 4435 2990 4493 virtutibus.
3039 4435 3366 4509 Pilegrimus
3411 4434 3463 4490 ei
3520 4435 3576 4489 in

239 4537 482 4609 cipiens,
533 4536 588 4592 in
609 4535 788 4611 caliga
817 4535 1143 4603 abscondit;
1174 4537 1272 4593 sed
1303 4551 1438 4593 coxa
1468 4537 1594 4606 ejus
1618 4545 1675 4592 et
1701 4552 1862 4593 crure
1963 4533 2284 4605 episcopatu
2313 4526 2582 4584 succedit.
2616 4527 2711 4597 (Α.
2744 4525 2938 4592 Leod.;
2975 4527 3126 4596 Epit.
3167 4525 3332 4594 Dur.)
3360 4522 3579 4578 Duran-

1595 4632 1816 4689 VARl/E
1853 4629 2124 4690 LECTION
2133 4629 2227 4686 ES.

318 4727 392 4762 ’³³
419 4735 620 4782 nostrae
645 4733 696 4783 et
725 4728 937 4785 scilicet
961 4729 1154 4786 desunt
1177 4729 1240 4794 A,
1273 4730 1367 4786 85.
1400 4729 1491 4787 C1.
1513 4683 2535 4800 2*.vB-.-‘D-._F2—vi—r"-v—ipreferendus
2571 4725 2767 4800 deamat
2807 4722 2903 4800 (11-Δ
2941 4723 3031 4778 2".
3079 4723 3257 4800 3.21
3293 4723 3360 4800 D.
3412 4724 3501 4800 cui
3535 4683 3587 4778 et

246 4801 532 4869 sequentia
558 4801 618 4853 in
648 4801 744 4856 hoc
763 4816 908 4856 anno
933 4801 1127 4856 desunt
1146 4805 1347 4856 omnia.
1381 4802 1450 4837 ²³⁶
1470 4803 1625 4858 addit
1659 4803 1732 4857 16.
1761 4803 1882 4859 rell.
1905 4805 2103 4869 praeter
2129 4795 2191 4855 Α.
2268 4799 2337 4832 ²²⁸
2367 4799 2427 4852 in
2451 4797 2831 4869 rasura_t_mius
2861 4796 3016 4869 tinea
3041 4797 3263 4866 scripsit
3275 4795 3584 4869 Anselmus.

252 4869 594 4945 utpidetur,
621 4875 671 4926 et
690 4872 808 4945 rell.
838 4877 1038 4945 praeter
1065 4873 1124 4926 A.
1141 4942 1163 4945 _
1201 4873 1271 4907 m
1289 4872 1496 4945 Bcned,
1526 4904 1594 4916 —
1622 4872 1866 4945 presidet

1959 4876 2087 4928 sunt
2112 4871 2178 4925 D.
2245 4869 2313 4903 "7
2343 4871 2470 4924 Post
2495 4868 2604 4922 haec
2633 4866 2725 4921 F3.
2755 4867 3006 4937 continuo
3028 4869 3236 4937 calamo
3264 4867 3585 4937 interponit:

252 4940 472 5016 Relatio
501 4941 766 5016 miraculi
795 4936 858 4996 in
879 4943 1107 5016 regione
1133 4942 1407 4999 Saxonum
1432 4936 1575 5016 facti
1608 4936 1857 5016 {tempore
1895 4942 2168 5016 Heriberti
2195 4939 2540 5016 Coloniensis
2585 4936 2991 5016 archiepiscopi
3047 4936 3310 5016 omnibus
3341 4936 3472 5016 etin;
3502 4939 3590 5016 Ri-

251 5013 424 5085 pinus
464 5027 562 5067 rex
587 5010 717 5069 fecit
741 5005 1076 5070 fontemvctc.
1107 5029 1226 5085 qua
1253 5030 1398 5071 anno
1429 5014 1522 5072 761
1579 5005 1914 5071 addiderunt
1939 5014 2366 5077 Gembtacenses;
2399 5009 2552 5066 Dicta
2583 5005 2830 5085 Gregorii
2880 5005 2952 5085 de
2976 5009 3189 5085 ratione
3217 5005 3588 5085 sacrificiigtc.

247 5076 486 5158 Legebat
503 5098 566 5138 ea
595 5085 988 5158 proculdubio
1030 5087 1088 5140 in
1112 5076 1310 5150 codice,
1345 5102 1499 5157 quem
1527 5087 1834 5158 descripsit,
1859 5089 2068 5143 inserta
2101 5085 2236 5153 folio
2279 5076 2470 5150 uacuo,
2501 5080 2644 5152 quod
2683 5076 2870 5134 i'rrore
2885 5081 2973 5136 hic
3016 5083 3253 5150 positum
3284 5078 3464 5136 scriba
3498 5076 3590 5136 F3.

1815 5227 2029 5285 ΝΟΤᾸΕ.

249 5157 438 5225 inepte
461 5157 524 5209 in
551 5159 758 5211 textum
789 5157 1057 5226 Sigeberti
1079 5160 1297 5227 recepit.

329 5295 472 5374 (220)
511 5295 641 5374 llaec
670 5313 720 5352 a.
753 5298 892 5374 1022
917 5306 1079 5374 gesta
1082 5305 1239 5374 sunt.

325 5365 473 5441 (221)
511 5365 824 5441 ﬂougarde,
851 5365 1036 5441 prope
1073 5367 1407 5428 'Tirlemont.

331 5436 474 5508 (222)
516 5436 970 5506 Gemblacen‘sisf
985 5440 1112 5496 1621
1128 5471 1156 5482 -
1171 5441 1322 5498 1048.

333 5507 475 5584 (253)
515 5509 910 5584 Heriinannum
965 5511 1281 5569 Baldericus
1308 5521 1488 5583 vocat,
1517 5512 1677 5584 cujus
1703 5512 1881 5571 forma

257 5579 537 5635 diminuta
557 5587 646 5636 est
671 5583 882 5637 Hezelo.

331 5649 483 5722 (224)
524 5651 636 5707 Ι).1
672 5651 797 5708 Jun.
840 5651 997 5711 1035.

567 5761 870 5827 PATROL.
923 5762 1120 5827 CLX.

2054 5296 2178 5366 (225
2233 5295 2296 5352 Α.
2328 5293 2486 5353 1023.
2516 5309 2584 5352 ex
2613 5311 2746 5352 ann.
2769 5293 3026 5352 Blandin.

2054 5298 2214 5494 (22θέ
2245 5367 2291 5436 1,
2321 5382 2374 5424 e.
2395 5367 2749 5494 .Frfanfgnia,
2785 5373 2850 5494 Et
2882 5382 2936 5490 ιι.
3001 5369 3018 5421 1

2054 5483 2057 5494 .
2101 5457 2172 5494 en
2217 5454 2364 5494 erm
2393 5453 2450 5493 ιιι
2501 5453 2561 5494 es
2649 5454 2785 5494 nasc
2826 5454 2874 5494 te

2072 5363 2206 5436 226)
2245 5367 2291 5436 1,
2321 5382 2374 5424 e.
2423 5367 2749 5436 Franconia,
2789 5373 2850 5423 ut
2883 5382 2936 5422 a.
3001 5365 3150 5422 1094.
3209 5363 3602 5423 Convenerunt

1981 5435 2454 5512 Babenbergaein
2474 5435 2621 5512 festo
2649 5439 2897 5512 paschae.

2056 5502 2326 5593 (227)}:
2557 5502 2684 5566 nam
2729 5509 3052 5582 Sigebertus
3095 5507 3150 5563 in
3188 5505 3357 5564 natali
3386 5502 3604 5564 Domini

1981 5598 2188 5642 annum
2218 5587 2432 5652 incipit.

3236 5763 3275 5788 Η

3248 5781 3270 5827 l
