3894 6070
336 160 444 217 203

1544 150 1886 206 SlGEBERTl
1937 150 2457 208 GEMBLACENSIS.

3555 168 3669 224 204

335 292 439 345 dus
469 290 527 345 tit
557 289 856 360 episc0pus
886 284 1333 350 Leodicensium;
1379 284 1527 356 quod
1574 284 1731 356 quasi
1762 283 1947 338 fabula
1973 289 2021 354 Α
2050 285 2242 338 orandi
2274 262 2478 359 genere
2523 287 2807 354 laboravit,
2840 290 3016 345 donec
3042 292 3148 346 sibi
3207 294 3566 364 revelaretur,
3615 315 3679 354 se

338 379 394 433 in
421 379 632 433 theatro
664 375 853 431 mundi
881 373 1002 440 fuit,
1039 374 1187 446 quod
1208 390 1290 429 vir
1314 388 1379 428 ex
1396 372 1706 428 humillimo
1734 381 1789 427 et
1819 388 1949 443 pau-

340 472 578 543 perrimo
621 469 836 524 servilis
888 468 1227 524 conditionis
1276 482 1479 539 genere
1536 464 1776 522 dominis
1833 463 1949 520 suis

340 552 657 619 carnalibus
685 561 1074 617 dominabatur
1103 560 1267 629 (228).

414 658 569 714 1022.
649 657 713 713 Β.
757 655 845 710 20.
926 655 980 710 F.
1023 655 1111 709 26.

408 751 596 820 (ΒΑιι).
656 765 736 815 ιιι,
794 747 909 814 36.)
967 744 1291 820 Aquisgrani
1351 749 1622 801 conventu
1671 743 1842 818 regali
1901 750 1956 798 et

339 840 591 912 synodali
626 856 725 911 per
753 839 962 909 aliquot
992 838 1111 891 dies
1142 837 1440 901 celebrato,
1468 843 1618 891 tanta
1646 836 1863 891 siccitas
1902 841 1956 889 et

308 932 697 1003 ‘intemperies
748 930 891 985 aeris
930 929 1245 994 excanduit,
1305 936 1363 984 ut
1407 928 1563 983 multi
1618 945 1727 999 pra:
1782 927 1954 981 nimio

342 1021 538 1075 ardore
569 1018 893 1084 deficerent,
943 1018 1112 1073 multa
1154 1017 1316 1072 etiam
1346 1017 1606 1072 animalia
1634 1016 1818 1081 subito
1848 1016 1951 1069 de-

342 1118 589 1181 ficerent,
633 1114 948 1185 pavimento
1010 1121 1064 1168 et
1114 1112 1441 1169 marmoreis
1481 1110 1756 1168 columnis
1805 1118 1955 1193 tanto

342 1208 567 1263 madore
592 1206 941 1272 sudantibus,
972 1212 1031 1260 ut
1051 1222 1191 1278 aqua
1213 1221 1336 1260 esse
1366 1220 1617 1276 reapersa
1637 1203 1957 1260 crederetur

342 1313 372 1350 a
404 1294 805 1351 nescientibus.

420 1388 579 1445 1023.
758 1387 848 1442 21.
1031 1386 1122 1441 27.

412 1480 537 1549 (Ιὸ.)
605 1478 889 1533 Heinricus
935 1476 1257 1548 imperator,
1313 1477 1606 1532 Rotbertus
1659 1491 1752 1532 rex
1792 1477 1954 1532 Fran-

344 1587 530 1627 (orum
557 1586 723 1641 super
762 1568 957 1623 Karum
1004 1568 1230 1622 ﬂuvium
1260 1568 1404 1638 apud
1438 1567 1692 1623 Evosium
1748 1584 1953 1623 conve-

346 1663 525 1728 niunt,
556 1662 625 1716 de
655 1668 797 1716 statu
830 1660 1115 1725 teeclesiae,
1137 1659 1293 1734 regni
1323 1666 1375 1713 et
1402 1659 1616 1730 imperii
1640 1659 1952 1725 tractaturi;

2051 396 2147 449 pro
2200 380 2295 435 illo
2347 382 2663 436 exauditam
2719 399 2861 439 esse.
2932 386 3022 451 (Α.
3089 388 3274 460 Leod.)
3333 390 3678 464 Raginardus

2052 471 2470 527 Leodicensium
2525 475 2816 530 ordinatur
2863 478 3177 548 episcwpus,
3230 481 3323 551 qui
3372 482 3558 538 Leodii
3619 486 3676 539 in

2052 568 2237 615 monte
2272 561 2488 631 publico
2538 564 2831 618 cenobium
2864 568 3040 621 sancti
3093 567 3370 625 Laurentii
3406 572 3669 640 instituit,

2060 650 2221 721 eique
2251 651 2587 721 Stephanum
2639 653 2813 708 virum
2857 662 3060 711 sanctae
3100 661 3382 715 memoriae
3406 662 3669 718 abbatem

2060 741 2297 811 primum
2328 742 2577 813 prefecit.

2132 832 2285 888 1026.
2320 860 2323 863 ν
2508 837 2561 890 2.
2785 839 2869 894 30.

2132 922 2422 978 ltotbertus
2470 942 2560 979 rex
2603 926 2931 983 Francorum
2965 931 3033 984 ad
3066 932 3431 989 invadendam
3476 934 3678 992 Letha-

2059 1014 2290 1087 ringiam
2346 1017 2590 1072 animum
2624 1019 2878 1085 intendit,
2934 1024 3033 1078 sed
3063 1025 3171 1080 cito
3211 1026 3279 1080 ab
3316 1027 3422 1082 hoc
3469 1040 3676 1084 conatu

2056 1104 2266 1159 destitit
2320 1106 2485 1175 (232).
2520 1107 2821 1164 Gothelone
2863 1111 3025 1182 duce,
3057 1115 3176 1185 'qui
3209 1124 3434 1187 propter
3490 1135 3681 1189 priva-

2056 1207 2169 1253 tum
2198 1200 2386 1254 odium
2417 1202 2562 1271 (233)
2610 1206 2867 1277 gravabat
2900 1222 3125 1278 regnum
3169 1210 3427 1277 Conradi,
3462 1219 3516 1267 et
3549 1212 3679 1268 aliis

2060 1286 2404 1357 principibus
2440 1290 2507 1343 ad
2558 1292 2710 1360 pacis
2743 1293 3009 1349 unitatem
3050 1297 3303 1353 adductis
3360 1298 3522 1370 .1234),
3557 1302 3674 1376 regi

2056 1377 2395 1447 prosperitas
2414 1387 2468 1433 et
2492 1394 2662 1452 regno
2692 1382 2932 1438 accrevit
2963 1386 3356 1456 tranquillitas.

2129 1467 2287 1524 1027.
2504 1471 2558 1524 3.
2780 1474 2838 1528 31
2855 1517 2868 1531 .

2128 1560 2254 1630 (Ιὸ.)
2285 1560 2609 1616 Cuonradus
2639 1578 2731 1617 rex
2754 1564 2927 1618 tilium
2954 1581 3115 1621 suum
3151 1566 3466 1624 lleinricum
3491 1571 3676 1628 adhuc

2058 1665 2290 1719 puerum
2322 1650 2376 1704 in
2423 1665 2653 1721 regnum
2700 1651 2960 1708 sublimat
2988 1656 3159 1726 Aquis
3212 1658 3381 1727 (135).
3440 1660 3568 1731 Ipse
3617 1661 3674 1716 in

344 1759 398 1805 ιιι
428 1750 704 1815 condicto,
737 1758 796 1804 ut
824 1748 1102 1819 superbis
1129 1747 1522 1802 confirmandis
1559 1746 1722 1802 etiam
1756 1763 1952 1818 papam
2055 1738 2259 1808 pascha
2292 1738 2475 1794 30mm
2507 1739 2561 1793 in
2593 1740 2981 1812 imperatorem
3012 1755 3388 1815 consecratus,
3415 1765 3674 1821 quorun-

348 1841 651 1896 llomanum
683 1838 845 1893 simul
876 1837 1039 1892 ambo
1063 1837 1240 1906 Papiae
1270 1844 1540 1907 Oportune
1570 1835 1950 1901 convenirent,
2054 1831 2177 1884 dam
2209 1831 2466 1886 ltalornm
2496 1840 2687 1887 contra
2732 1850 2791 1889 se
2824 1836 3181 1892 sentientium
3213 1847 3393 1895 motus
3444 1857 3674 1913 compe-

347 1935 646 2005 imperator
671 1948 853 2007 regem
906 1938 959 1986 et
998 1948 1150 1997 suos,
1184 1931 1383 1985 multos
1421 1931 1584 1985 etiam
1614 1931 1708 2003 qui
1741 1937 1950 1985 tantum
2052 1920 2172 1975 scil.
2221 1920 2472 1976 Florebat
2503 1923 2605 1977 hoc
2646 1929 2895 1995 tempore
2924 1926 3310 1983 aecclesiastica
3343 1929 3542 2005 religio
3575 1947 3680 2002 per

346 2025 414 2079 ad
445 2023 821 2079 demirandam
859 2020 1265 2092 imperatoriam
1300 2021 1640 2089 maiestatem
1674 2037 1956 2076 conveue-
2057 2009 2287 2064 abbalcs
2315 2011 2706 2067 DominabilGSI
2732 2013 2787 2066 in
2812 2014 3040 2070 Fraude
3068 2017 3291 2088 quidem
3323 2026 3380 2073 et
3410 2019 3670 2095 Burgun-

349 2126 488 2185 rant,
522 2125 668 2172 tanta
725 2115 1051 2171 liberalitate
1097 2115 1343 2181 donavit,
1394 2123 1453 2170 ut
1506 2115 1709 2186 opibus
1764 2131 1994 2201 regum.

353 2212 634 2264 l‘ersarum
694 2218 787 2263 aut
843 2208 1076 2263 Arabum
1136 2214 1321 2278 posset
1359 2207 1664 2278 comparari
1722 2208 1955 2279 impera-

350 2301 483 2357 toris
534 2299 928 2355 munificentia.
984 2301 1039 2353 ln
1099 2300 1298 2369 pascha
1352 2298 1577 2368 eclipsis
1626 2298 1760 2353 solis
1816 2298 1957 2355 facta

350 2398 458 2448 est.

418 2480 578 2537 1024.
764 2479 851 2537 22.
1036 2478 1124 2534 28.

419 2571 707 2627 Heinricus
736 2570 1037 2641 imperator
1065 2570 1486 2626 consulentibus
1528 2587 1587 2627 se
1620 2571 1965 2643 principibus

343 2676 508 2731 super
533 2658 918 2715 substitutioue
961 2659 1430 2733 regnidesignans
1457 2660 1597 2729 (229)
1633 2660 1964 2726 Conradum,

342 2749 519 2804 virum
551 2748 687 2823 regii
717 2748 939 2823 generis
963 2755 1018 2803 et
1047 2748 1285 2823 egregiae
1307 2748 1603 2812 libertatis,
1632 2749 1843 2821 quippe
1869 2749 1964 2820 qui

343 2850 625 2905 nunquam
669 2850 727 2889 se
754 2835 1086 2890 submiserat
1111 2836 1344 2905 alicujus
1388 2837 1656 2900 servituti,
1709 2837 1960 2893 moritur.

2060 2101 2149 2155 dia
2180 2119 2279 2171 per
2322 2102 2609 2158 Odilonem
2673 2105 3087 2162 Cluniacensem
3136 2108 3340 2179 pietate
3374 2111 3678 2186 insignem,

2062 2207 2161 2262 per
2178 2191 2508 2246 Guilelmum
2535 2193 2922 2251 Divionensem
2938 2197 3236 2254 severitate
3266 2203 3631 2259 reverendum
3662 2224 3675 2269 ;

2062 2281 2115 2334 in
2159 2282 2512 2356 Lotharingia
2570 2298 2669 2353 per
2722 2284 3051 2340 Richardum
3094 2287 3518 2359 Virdunensem,
3584 2292 3681 2363 pia

2061 2376 2329 2452 gravitate
2359 2384 2411 2430 et
2438 2378 2589 2451 gravi
2624 2378 2830 2449 pietate
2887 2380 3210 2453 discretum,
3252 2402 3354 2457 per
3396 2387 3680 2458 Poponem

2065 2469 2480 2537 Stabulensem,
2535 2487 2634 2542 per
2692 2472 2898 2528 Heliam
2956 2474 3343 2533 Coloniensem
3404 2478 3473 2512 ’³⁷
3506 2519 3522 2545 ,
3577 2494 3684 2550 per

2064 2562 2346 2618 OILertum
2368 2571 2422 2619 et
2452 2564 2788 2635 Stephanum
2819 2566 3210 2639 Leodicenses,
3240 2586 3340 2641 per
3362 2570 3675 2627 Bernonem

2068 2658 2418 2733 Augiensem.

2138 2747 2296 2802 1028.
2514 2749 2571 2801 4.
2788 2747 2879 2804 32.

2136 2834 2338 2890 Claruit
2388 2836 2494 2890 hoc
2541 2843 2788 2907 tempore
2834 2837 2891 2891 in
2957 2836 3110 2895 ltalia
3168 2837 3345 2895 Guido
3397 2839 3681 2906 Aretinus,

346 2926 514 2996 llujus
562 2927 726 2982 vitam
766 2928 1103 2983 Adelboldus
1166 2930 1461 3001 episc0pus
1507 2930 1961 2998 Vultrajectensis
2004 3001 2025 3003 ξ
2062 2926 2218 2980 multi
2260 2926 2405 2981 inter
2434 2926 2674 2982 musicos
2704 2928 2964 2996 nominis,
2996 2930 3052 2983 in
3083 2930 3185 2986 hoc
3211 2930 3379 2987 etiam
3425 2932 3680 3003 philoso-

343 3019 563 3089 seripsit
647 3018 794 3075 Ceno
840 3021 950 3075 dux
1005 3030 1309 3092 prepotens
1354 3038 1479 3078 cum
1536 3024 1603 3078 ad
1662 3023 1956 3094 imperium
1984 3001 2033 3070 (ἶ
2059 3016 2183 3087 phis
2225 3014 2607 3086 proferendus,
2641 3017 2789 3088 quod
2841 3018 3063 3090 ignotos
3093 3027 3287 3076 cantus
3318 3001 3483 3077 etiam
3517 3023 3679 3094 pueri

343 3110 588 3180 aspirare
616 3111 802 3178 vellet,
827 3111 1148 3181 repudiatur
1174 3113 1438 3168 instinctu
1461 3112 1694 3169 Arbonis
1724 3113 1957 3187 Mogun-

349 3192 447 3256 tin'i
478 3201 881 3274 archiepisc0pi
914 3213 968 3257 et
998 3202 1305 3274 aliquorum
1343 3205 1502 3277 regni
1538 3205 1870 3275 primatum;
1906 3212 1961 3259 et

351 3292 630 3349 Conradus
679 3292 746 3347 ad
779 3294 1070 3364 imperium
1129 3293 1480 3363 sublimatus,
1540 3294 1829 3366 imperavit
1860 3310 1961 3348 an-

352 3383 438 3439 nis
474 3385 557 3438 15.

425 3472 581 3527 1025.
810 3480 854 3528 l.
1072 3474 1159 3530 29.

420 3562 709 3619 Johannes
761 3564 1077 3621 Portuensis
1116 3565 1431 3636 episcopus,
1491 3565 1657 3620 frater
1695 3563 1959 3635 Stephani

354 3671 506 3725 papa:
538 3670 715 3725 nuper
741 3654 986 3709 defuncti
1019 3655 1184 3723 (230),
1213 3655 1457 3726 presidet
1478 3655 1734 3709 Romanae
1766 3654 1959 3708 zeccle-

350 3743 653 3797 31112115118.
697 3744 790 3809 (V,
834 3743 997 3810 Odit)
1040 3742 1175 3797 Huic
1232 3743 1546 3813 Stephanus
1604 3759 1743 3814 papa
1798 3741 1965 3798 frater

352 3845 485 3884 suus
530 3829 675 3899 (231)
733 3845 1028 3899 apparens,
1078 3830 1215 3885 dixit
1260 3847 1318 3885 se
1379 3830 1745 3885 infernalibus
1786 3830 1966 3901 pmnis

351 3921 604 3985 cruciari,
636 3921 735 3975 sed
776 3938 1002 3991 sperare
1031 3938 1090 3977 se
1123 3924 1437 3978 interventu
1481 3922 1727 3979 0dilonis
1750 3921 1967 3977 abbatis

354 4011 570 4066 veniam
604 4027 769 4083 posse
797 4011 1083 4085 consequi.
1119 4013 1221 4070 Pro
1260 4030 1369 4086 quo
1412 4013 1565 4069 Odilo
1597 4014 1787 4069 tandiu
1816 4015 1967 4070 omni

2060 3107 2277 3163 facilius
2306 3107 2528 3163 discunt
2556 3124 2656 3180 per
2684 3111 2805 3178 ejus
2844 3112 3114 3185 regulam,
3144 3128 3309 3184 quam
3342 3128 3441 3184 per
3477 3128 3679 3170 vocem

2062 3196 2309 3268 magistri
2340 3204 2434 3251 aut
2482 3213 2582 3268 per
2617 3214 2779 3253 usum
2826 3199 3062 3270 alicujus
3112 3200 3492 3270 instrumenti;
3550 3202 3684 3257 dum

2062 3301 2157 3340 sex
2189 3285 2381 3340 litteris
2432 3286 2519 3341 vel
2557 3286 2773 3342 sillabis
2820 3287 3144 3343 modulatim
3187 3289 3458 3361 appositis
3486 3290 3555 3345 ad
3585 3306 3683 3345 sex

2062 3390 2243 3429 voces.
2279 3389 2417 3445 quas
2441 3374 2588 3430 solas
2609 3375 2935 3447 regulariter
2968 3377 3178 3432 musica
3227 3378 3444 3449 recipit,
3478 3378 3680 3450 hisque

2063 3466 2290 3522 vocibus
2321 3482 2418 3539 per
2441 3466 2678 3522 ﬂexuras
2726 3467 3022 3542 digitorum
3068 3469 3204 3524 levae
3235 3486 3431 3525 manus
3474 3471 3686 3526 distin-

2063 3555 2186 3622 ctis,
2219 3571 2316 3627 per
2343 3556 2615 3631 integrum
2648 3556 2915 3628 diapason
2944 3573 3004 3613 se
3029 3559 3206 3614 oculis
3253 3565 3307 3614 et
3338 3559 3565 3615 auribus
3604 3562 3686 3615 in-

2062 3658 2262 3722 gerunt
2317 3649 2539 3704 intenta:
2589 3657 2643 3704 et
2698 3651 2939 3706 remissae
2967 3651 3306 3707 elevationes
3342 3651 3428 3707 vel
3457 3652 3682 3724 deposi-

2066 3743 2245 3798 tiones
2272 3744 2570 3798 earundem
2601 3760 2696 3799 sex
2721 3760 2940 3800 vocum.

2137 3835 2294 3889 1029.
2516 3835 2567 3891 5.
2787 3837 2875 3892 33.

2140 3927 2265 3995 (Ib)
2306 3926 2623 3981 Cuonradus
2666 3927 2967 3998 imperator
3012 3929 3410 3986 rebellantibus
3456 3931 3690 4000 Sclavis,

2068 4016 2137 4069 ad
2176 4030 2274 4069 eos
2297 4015 2663 4072 debellandos
2692 4016 3056 4087 proficiscitur
3089 4018 3258 4091 (236.)

1701 4136 1920 4191 VARle
1952 4136 2336 4193 LECTIONES.

428 4207 494 4240 227

586 4206 745 4278 pia—
772 4206 885 4265 Col.
915 4209 1108 4264 desunt
1137 4209 1200 4277 1.,

1916 4308 2122 4366 NOTAE.

426 4419 569 4495 (228)
610 4419 732 4495 llaec
760 4419 997 4495 sumpsit
1031 4414 1454 4495 Sigebertusex
1485 4434 1645 4495 versu
1676 4418 1964 4495 epitaphii,
1991 4423 2047 4491 Ι)
2068 4435 2168 4489 per
2193 4421 2416 4495 speciem
2444 4423 2721 4495 nocturna
2739 4420 2964 4495 uisionis
2989 4422 3253 4495 apparuit
3283 4425 3387 4495 etc.
3438 4425 3492 4495 et
3517 4421 3687 4491 paulo

356 4506 465 4562 quo
492 4491 813 4561 Stephanus
844 4491 1016 4547 abbas
1042 4491 1398 4548 SfLaurentii
1422 4492 1692 4547 tumulum
1725 4491 1969 4546 Durandi
2072 4498 2222 4560 post:
2256 4493 2508 4545 Protinus
2564 4491 2707 4562 idem
2734 4491 2968 4545 Joannes
3006 4493 3320 4546 Portuensis
3370 4494 3683 4561 episcopus,

355 4565 736 4616 decoraverat:

353 4634 613 4700 Pauperis
642 4635 702 4686 in
728 4633 857 4687 nido
881 4635 1185 4703 patrimoni
1216 4638 1377 4688 natus
1405 4638 1456 4689 et
1479 4634 1645 4701 altus,

424 4705 887 4770 Ingeniosummos
918 4706 1092 4760 evolat
1120 4705 1195 4759 ad
1213 4720 1477 4774 proceres.

354 4772 492 4840 Quos
516 4776 718 4829 tulerat
745 4775 1009 4841 dominos,
1041 4772 1250 4831 hisdem
1276 4777 1674 4844 famulantibus
1700 4790 1851 4839 usus.

422 4845 725 4917 lntheatro
736 4847 931 4917 mundi
957 4847 1153 4914 fabula
1172 4852 1377 4917 quanta
1399 4849 1511 4915 fuit
1535 4846 1547 4902 l
1662 4888 1669 4893 -
1698 4844 1959 4901 HlRSCH.

352 4985 390 5040 Κ
422 4915 570 4997 (229)
602 4915 714 5042 11οὲ
740 4916 901 4972 valde
940 4915 1193 4973 dubium:
1226 4918 1303 4974 Cf.
1352 4917 1570 4974 Stenzel
1629 4917 1961 4973 Frankische

395 5002 558 5042 anser.
590 5004 629 5042 ι.
712 5032 722 5041 .

395 5002 558 5050 alser,
590 5004 629 5049 1,
669 5002 722 5042 9.

420 5058 559 5129 (230)
611 5058 844 5140 falsum.
876 5058 1109 5140 _Nequer
1145 5058 1473 5140 Portuensis
1506 5056 1959 5140 episcopus

349 5127 591 5201 Joannes
622 5131 708 5198 IX,
740 5146 844 5185 nec
872 5127 1037 5185 frate'r
1059 5131 1345 5201 Stephani,
1378 5127 1784 5201 sedBeuedicti
1804 5129 1955 5201 AVlll.

354 5200 542 5256 Petrus
570 5202 716 5257 enim
752 5202 1047 5255 Damianus
1084 5199 1301 5255 in'Vita
1332 5201 1387 5255 S.
1421 5200 1669 5256 0dilonis
1697 5217 1747 5257 c.
1795 5199 1851 5267 2,
1880 5201 1961 5255 di-

352 5271 457 5325 cit:
488 5276 624 5327 Huic
664 5272 983 5342 (Benedicto
1011 5270 1149 5339 Vlll)
1182 5272 1350 5341 plane
1372 5287 1499 5326 mea:
1549 5277 1611 5326 ut
1639 5272 1792 5338 obiit,
1836 5287 1960 5340 ger-

350 5357 542 5398 manus
566 5345 683 5412 ejus
711 5346 942 5397 Joannes
971 5352 1031 5397 in
1066 5343 1364 5412 apostolica
1392 5342 1430 5396 ἀ
1454 5346 1659 5409 gnitate
1677 5346 1956 5398 successit.

350 5414 471 5484 Jnm
500 5429 621 5467 vero
640 5418 930 5484 postquam
966 5414 1218 5467 humanis
1236 5413 1393 5467 rebus
1423 5418 1700 5483 exeruptus
1736 5419 1815 5469 est
1836 5415 1956 5484 jam

2061 5344 2183 5409 dus,
2208 5359 2238 5397 a
2298 5356 2309 5397 t

2069 4564 2410 4617 auctoritatis
2430 4561 2737 4631 apostolica
2762 4563 2937 4629 fultus
2975 4564 3236 4632 epistolis,
3268 4566 3475 4618 concito
3499 4564 3682 4631 gradu

2068 4634 2298 4705 Papiam
2326 4648 2495 4703 usque
2514 4635 2787 4705 peremit;
2826 4632 2976 4687 unde
3009 4632 3336 4705 Sigebertus
3365 4632 3552 4689 videre
3583 4649 3689 4705 po-

2068 4649 2298 4703 rapiam
2326 4649 2495 4703 usque
2514 4649 2787 4702 pervenit:
2826 4649 2976 4687 unae
3009 4649 3336 4759 atgenertus
3365 4649 3552 4689 vnuerc
3583 4649 3685 4705 po-

2068 4710 2228 4770 terat,
2274 4703 2541 4759 Joannem
2576 4703 2728 4775 lxiet
2752 4703 3019 4775 Joannem
3103 4711 3424 4761 ortuensem
3456 4705 3685 4775 episco-

2068 4791 2196 4845 pum
2235 4775 2375 4831 duos
2405 4774 2593 4829 fuisse.
2637 4774 2902 4845 Caeterum
2929 4774 3170 4830 Joannes
3192 4776 3306 4845 jam
3340 4774 3533 4831 mense
3569 4778 3680 4831 Au-

2106 4853 2229 4902 usto
2268 4862 2318 4901 a.
2354 4846 2491 4901 1021
2520 4846 2730 4901 electus
2754 4844 2876 4914 fuit,
2909 4861 3021 4902 non
3059 4862 3110 4902 a.
3164 4844 3321 4913 1025,
3376 4854 3437 4902 ιιι
3489 4854 3686 4904 noster

2131 5058 2273 5129 (232)
2308 5060 2369 5112 Λ.
2402 5058 2544 5113 1025

2132 5130 2277 5201 (233)
2313 5129 2599 5186 Conradus
2629 5145 2751 5186 cum
2782 5128 2948 5188 fratre
2978 5131 3099 5201 ejus
3129 5129 3430 5188 Godefrido
3472 5129 3681 5188 bellum

2063 5202 2655 5397 Μὲἒᾶἳδξὲυἱδῇηιηί,
2681 5279 2818 5329 teste
2850 5272 3026 5338 Bald.,
3075 5289 3157 5339 ιιι,
3200 5274 3291 5355 30.
3339 5272 3421 5330 lbi
3470 5272 3681 5331 Conra-

2063 5344 2238 5397 dus.a
2298 5356 2309 5397 t
2398 5345 2449 5397 ὃ.
2527 5346 2668 5397 atale
2694 5345 2911 5397 Domini
2943 5344 3265 5397 celebravit.

2130 5360 2183 5409 ιε,
2208 5359 2238 5397 a
2298 5344 2449 5405 1025,
2481 5344 2668 5399 Natale
2694 5345 2911 5401 Domini
2943 5344 3265 5401 celebravit.

2130 5415 2277 5481 (235)
2302 5415 2411 5471 Hoc
2446 5415 2715 5489 sequenti
2751 5416 2993 5489 demum
3018 5431 3166 5473 anno
3198 5415 3358 5489 1028,
3390 5416 3576 5489 April,
3611 5419 3680 5476 14

352 5482 527 5537 dictus
561 5482 713 5555 papa
741 5482 1134 5554 (Benedictusi,
1165 5486 1366 5539 Joanni
1389 5482 1671 5538 Parmensi
1715 5482 1957 5555 episcopo
2061 5485 2460 5555 factum,quem
2478 5482 2683 5541 annum
2704 5487 3088 5545 habentetiam
3114 5489 3252 5542 Ann.
3284 5482 3677 5547 Leodi'censes.

351 5556 400 5607 et
415 5555 545 5608 aliis
584 5554 812 5622 duobus,
844 5571 1073 5624 quorum
1101 5559 1325 5611 nomina
1350 5556 1500 5610 nobis
1529 5561 1653 5610 nota
1675 5572 1778 5611 non
1808 5554 1955 5622 sunt,

2132 5558 2274 5629 (236)
2310 5557 2493 5613 Mense
2524 5557 2708 5614 Junio.
