3924 6080
206 275 318 329 205

293 403 449 460 1030.
745 402 806 456 R.
847 401 900 455 6.
1197 399 1250 453 F.
1278 398 1366 454 34.

289 495 366 559 (ιὸ
395 491 754 563 )Cuonradus
785 489 1084 560 imperator
1134 486 1532 542 rebellantibus
1581 486 1828 560 Ungaris.

220 586 292 642 ad
322 601 419 640 eos
449 582 811 639 debellandos
849 579 1214 652 proﬁciscitur
1241 580 1330 633 ηδ.

303 679 454 736 1031.
966 677 1018 731 7.
1383 673 1472 730 35.

1695 263 2050 320 CHRONICA.

1859 402 1906 468 Α
1936 397 2243 467 privaretur
2271 413 2286 463 ;
2319 402 2374 452 et
2401 404 2691 452 exeuntem
2741 397 2809 452 de
2861 397 3048 453 seculo
3081 397 3266 452 nullus
3297 396 3544 452 visitaret

1938 503 2045 542 nec
2064 487 2363 558 sepultum
2403 485 2664 540 traderet.
2725 487 2843 541 Alia
2898 503 3122 558 quoque
3171 486 3545 558 importabilia

1938 576 2262 646 quamplura
2292 575 2497 629 dedere
2554 575 2828 641 mandata,
2889 592 3012 646 quae
3070 576 3225 631 oneri
3269 576 3385 631 visa
3421 581 3548 630 sunt

3433 265 3542 320 206

1941 665 2223 735 replicare.
2255 665 2401 720 lianc
2427 665 2809 720 mandatorum
2865 665 3163 721 novitatem
3219 681 3342 721 cum
3391 665 3548 720 multi

297 772 418 840 (1b)
449 769 711 826 Rotberto
753 767 1084 822 Francorum
1113 782 1242 840 rege
1288 776 1524 832 mortuo,
1558 765 1842 820 Heinricus
1939 756 2126 826 cupidi
2178 772 2441 812 novarum
2504 773 2686 811 rerum
2744 757 3007 812 libentius
3047 759 3194 827 justo
3247 759 3551 829 amplecte-

222 868 372 923 ﬁlius
406 868 526 936 ejus
550 874 744 939 regnat
776 865 828 918 in
865 863 1090 918 Francia
1121 863 1281 917 annis
1307 862 1376 918 30
1405 863 1493 918 πθ.
1529 863 1719 933 (ΒΑιι).
1757 878 1836 924 ιιι,

1942 857 2147 912 rentur,
2177 849 2450 903 Gerardus
2506 848 2940 916 Cameracensis,
2994 849 3088 919 qui
3145 849 3294 904 solus
3349 849 3549 904 Lotha-

224 959 340 1026 51.)
367 959 477 1012 Hoc
509 955 936 1025 temporejussu
969 953 1242 1007 Cuonradi
1285 952 1636 1022 imperatoris
1667 949 1836 1022 regali
1940 943 2206 997 riensium
2263 943 2612 1014 appendebat
2667 945 2734 998 ad
2816 944 3128 1014 parochiam
3200 943 3550 1005 Francoium,

227 1049 552 1120 etsvnodall
613 1054 887 1101 conventu
937 1048 1080 1116 apud
1136 1045 1421 1098 Trihurias
1474 1045 1618 1097 inter
1643 1051 1838 1096 cxi-tera

227 1140 473 1211 episc0pi
509 1141 611 1194 hoc
639 1138 940 1209 capitulum
976 1137 1274 1191 decernere
1306 1135 1620 1200 voluerunt,
1692 1140 1749 1187 ut
1797 1133 1843 1186 si

227 1231 454 1302 quando
479 1231 750 1299 jejunium
788 1228 947 1298 primi
989 1228 1196 1282 mensis
1228 1228 1474 1282 eveniret
1502 1225 1640 1279 infra
1671 1226 1844 1280 ebdo-

229 1321 471 1383 madam,
503 1336 610 1391 qua
641 1326 804 1388 caput
856 1317 1048 1386 jejunii
1108 1317 1161 1370 in
1199 1324 1390 1388 quarta
1444 1315 1580 1370 feria
1612 1320 1847 1380 constat,

230 1416 518 1470 amborum
545 1413 880 1484 jcjuniorum
922 1411 1214 1467 celebritas
1255 1411 1420 1465 unius
1446 1408 1613 1464 ofﬁcii
1645 1407 1843 1478 exple—

232 1507 385 1561 tione
417 1503 810 1574 compleretur.
855 1501 960 1555 Sed
1009 1499 1282 1555 Gerardus
1339 1496 1748 1553 Cameracensis
1792 1503 1846 1550 et

230 1594 392 1665 pauci
415 1609 540 1648 cum
568 1607 635 1646 eo
667 1591 806 1660 (237)
864 1590 993 1644 huic
1035 1589 1330 1644 multorum
1372 1588 1594 1642 decreto
1625 1590 1846 1640 contra-

232 1687 509 1757 dicentes,
544 1686 927 1758 Optinuerunt,
957 1692 1016 1740 ut
1049 1684 1321 1755 jejunium
1372 1682 1532 1753 primi
1555 1680 1760 1735 mensis
1789 1679 1843 1733 in

230 1783 405 1835 altera
431 1777 762 1842 ebdomada,
795 1776 850 1829 in
873 1791 981 1846 qua
1007 1773 1241 1830 habetur
1297 1771 1564 1836 ofﬁcium,
1596 1767 1848 1826 celebre-

233 1884 323 1930 tur
348 1872 657 1928 secundum
691 1870 1038 1940 antiquorum
1071 1865 1554 1923 consuetudinem.

544 2052 778 2106 Sanctus
825 1962 1006 2104 Eliardo
1073 1960 1364 2105 ordingtur
1417 2043 1711 2116 Moguntize
1754 2057 1844 2096 ar—

230 2140 626 2212 chiepiscOpns
655 2139 819 2210 (238).
894 2137 1187 2193 Rotbertus
1225 2143 1280 2190 et
1319 2133 1676 2197 Richarchus,
1743 2129 1846 2184 mi-

231 2235 472 2291 nuendm
504 2235 670 2289 domo
726 2231 1096 2288 multitudinis
1152 2244 1317 2284 causa
1369 2229 1474 2282 hoc
1528 2235 1777 2296 tempore
1816 2238 1847 2277 a

231 2326 591 2383 Nortmannia
662 2324 993 2380 Francorum
1061 2320 1314 2397 digressi,
1370 2318 1620 2390 Apuliam
1676 2331 1848 2386 expe-

232 2424 351 2472 tunt
381 2432 397 2481 ;
430 2422 483 2469 et
511 2414 665 2469 Italis
696 2413 838 2467 inter
891 2428 950 2465 se
1000 2407 1480 2474 dissentientibus,
1535 2406 1666 2460 dum
1692 2403 1846 2458 alteri

229 2515 421 2565 contra
444 2508 678 2562 alterum
711 2505 976 2560 auxilium
1022 2508 1288 2573 prestant,
1344 2501 1445 2555 hac
1476 2497 1848 2569 Oportuuitatc

233 2599 398 2654 Italos
447 2596 642 2652 callide
697 2601 752 2650 et
806 2594 1020 2649 fortiter
1079 2592 1380 2656 debellant,
1443 2597 1497 2644 et
1559 2601 1848 2642 successus

230 2690 483 2765 urgendo
509 2704 664 2756 suos,
698 2702 898 2743 nomen
933 2701 1091 2740 suum
1142 2685 1395 2747 dilatant,
1429 2689 1482 2738 et
1505 2681 1700 2736 futurae
1719 2694 1846 2750 pro-

229 2785 513 2856 sperilaiis
544 2782 652 2839 sibi
679 2781 823 2838 viam
850 2788 1064 2852 parant.

312 2876 472 2933 1033.
868 2871 922 2927 9.
1352 2869 1408 2921 2.

309 2969 500 3034 (BALD.
533 2982 610 3022 ιιι.
650 2965 764 3035 52.)
806 2962 1040 3034 Eclipsis
1067 2961 1200 3017 solis
1245 2959 1386 3015 facta
1418 2965 1503 3014 est
1558 2959 1702 3013 circa
1735 2971 1854 3011 me-

1949 1032 2152 1085 nullius
2201 1033 2413 1086 hortatu
2460 1035 2637 1102 potuit
2667 1034 2864 1088 adduci
2923 1034 2989 1088 ad
3033 1034 3147 1088 haec
3173 1033 3550 1103 suscipienda,

1946 1120 2043 1173 sed
2072 1121 2289 1191 singula
2319 1121 2560 1190 capitula
2595 1121 2899 1189 refellebat,
2943 1122 3135 1178 dicens
3161 1139 3339 1195 genus
3373 1122 3553 1176 homi-

1947 1227 2075 1264 num
2109 1211 2176 1263 ab
2210 1211 2369 1267 initio
2401 1212 2663 1267 trifariam
2691 1230 2810 1268 esse
2843 1213 3102 1281 divisum,
3136 1211 3193 1267 in
3223 1213 3555 1278 oratoribus,

1947 1303 2371 1375 pugnatoribus,
2403 1305 2828 1378 agricultoribus
2857 1314 2912 1360 et
2950 1321 3120 1360 unum
3187 1305 3446 1364 duorum.
3505 1311 3558 1358 et

1947 1393 2087 1448 duos
2117 1393 2280 1448 unius
2320 1410 2483 1466 cgere
2515 1394 2736 1449 auxilio.
2758 1395 2887 1450 Ideo
2909 1394 3113 1449 debere
3140 1411 3289 1450 arma
3323 1397 3559 1462 lerre,et

1947 1485 2168 1556 rapinas
2200 1485 2356 1542 reddi
2396 1502 2492 1557 per
2518 1487 2898 1542 auctoritatem
2921 1487 3062 1559 legis
3088 1495 3142 1542 et
3171 1489 3359 1561 gratia:
3393 1487 3561 1553 ;ulto-

1947 1592 2062 1631 rem
2106 1579 2350 1647 percussi
2409 1579 2492 1633 vel
2533 1579 2701 1634 occisi
2739 1595 2850 1634 non
2891 1578 3204 1634 exacerbari
3263 1580 3558 1653 cogendo;

1946 1673 2043 1728 sed
2075 1674 2380 1728 secundum
2405 1673 2750 1746 evangelium
2776 1673 2824 1726 ei
2879 1671 3258 1739 reconciliari;
3286 1675 3560 1743 jejunium

1949 1769 2158 1827 ei6vel
2191 1772 2221 1825 7
2255 1772 2389 1827 feria
2422 1788 2523 1828 nec
2578 1771 2838 1827 omnibus
2883 1789 3050 1827 unum
3109 1788 3231 1827 esse
3271 1773 3563 1845 imponen-

1948 1863 2101 1932 dum,
2142 1864 2272 1934 quia
2313 1880 2423 1920 non
2469 1873 2552 1920 est
2606 1880 2715 1919 una
2761 1864 3020 1920 omnibus
3069 1865 3427 1936 possibilitas,
3462 1882 3564 1922 nec

1947 1969 2144 2010 omnes
2198 1957 2303 2011 hoc
2340 1972 2451 2012 uno
2495 1957 2709 2025 jejunio
2754 1963 3042 2012 contentos
3070 1973 3212 2025 esse,
3269 1959 3396 2030 quia
3452 1975 3563 2016 non

1946 2053 2029 2100 est
2057 2063 2168 2100 una
2189 2046 2450 2101 omnibus
2470 2047 2751 2116 penitendi
2783 2047 3038 2118 qualitas.
3066 2049 3187 2103 Haec
3216 2057 3563 2106 sacramento

1948 2135 2165 2192 ﬁrmare
2190 2139 2276 2192 vel
2299 2139 2628 2194 sacramenti
2667 2139 3021 2195 violationem
3046 2141 3288 2211 perjurio
3337 2157 3562 2216 augere,

1948 2243 2056 2283 non
2088 2245 2210 2284 esse
2238 2231 2368 2285 utile
2402 2249 2415 2295 ;
2449 2231 2532 2284 his
2585 2231 3029 2286 contradicentes
3068 2233 3558 2300 excommunicari,

1951 2316 2185 2373 inﬁrmis
2237 2318 2607 2375 visitationem
2667 2321 2754 2374 vel
2813 2321 3041 2376 mortuis
3086 2323 3424 2392 sepulturam
3467 2340 3566 2378 ne-

1949 2408 2086 2482 gari,
2128 2423 2248 2463 esse
2302 2407 2644 2464 detestabile.
2703 2408 2972 2464 Sufﬁcere
3029 2417 3306 2468 autenttca
3350 2421 3564 2482 patrum

1949 2496 2191 2563 decreta,
2220 2504 2276 2551 et
2299 2512 2467 2568 super
2496 2497 2582 2551 his
2614 2496 2879 2570 neglectis
2899 2497 3215 2569 impositum
3253 2512 3568 2571 congruen-

1948 2597 2033 2644 ter
2065 2590 2383 2660 penitcntiae
2414 2590 2661 2646 modum.

2025 2677 2177 2735 1034.
2546 2680 2627 2736 10.
3007 2681 3059 2737 3.

2019 2771 2297 2826 Friderico
2329 2770 2749 2827 Mosellanorum
2791 2771 2933 2827 duce
2965 2780 3180 2828 mortuo
3231 2773 3397 2843 (239),
3429 2775 3560 2847 quia

1956 2875 2135 2914 mares
2161 2860 2305 2916 ﬁlios
2335 2875 2445 2916 non
2473 2859 3567 2934 habebat,quibusducatuscompeteret,

1956 2950 2189 3008 Gothelo
2221 2953 2331 3008 dux
2360 2955 2649 3024 impetrato
2678 2954 2746 3008 ab
2781 2955 3111 3025 imperatore
3143 2955 3308 3010 etiam
3367 2956 3568 3012 Mosel-

236 3057 434 3112 ridiem
463 3055 495 3112 3
523 3055 636 3110 Kal.
667 3053 820 3110 Julii.
869 3049 1185 3107 Istiusmodi
1242 3049 1522 3103 decretum
1555 3064 1583 3101 a
1616 3045 1852 3100 Francia;
1883 3045 1932 3114 ι]
1955 3045 2205 3102 lanorum
2235 3047 2460 3113 ducatu,
2519 3046 2572 3100 in
2639 3047 2989 3122 Lotliaringia
3047 3049 3331 3119 potentius
3363 3051 3568 3120 princi-

233 3145 514 3217 episcopis
536 3144 720 3199 datum
774 3148 860 3196 est
915 3139 1121 3196 servari
1169 3137 1433 3206 subjectis
1472 3134 1577 3189 sibi
1611 3133 1830 3205 populis

239 3237 392 3293 Unus
421 3251 614 3292 eorum
645 3233 803 3297 dixit,
849 3232 1046 3288 celitus
1092 3230 1201 3285 sibi
1237 3229 1444 3282 delatas
1475 3242 1593 3282 esse
1623 3226 1850 3290 litteras,

233 3342 356 3398 quae
385 3341 580 3398 pacem
610 3328 904 3378 monerent
944 3317 1313 3376 renovandam
1373 3318 1430 3370 in
1476 3323 1637 3371 terra.
1683 3317 1851 3378 Quam

236 3435 351 3474 rem
387 3416 668 3472 mandavit
694 3413 928 3478 caeteris,
963 3419 1018 3467 et
1057 3412 1171 3465 haec
1203 3408 1470 3463 tradenda
1501 3406 1654 3462 dedit
1686 3421 1858 3477 pepu-

230 3512 297 3566 lis
334 3528 348 3563 :
385 3512 547 3564 Arma
585 3507 878 3579 quisquam
908 3519 1017 3559 non
1051 3501 1240 3568 ferret,
1275 3501 1493 3570 direpta
1526 3513 1637 3553 non
1695 3513 1856 3568 repe-

232 3611 393 3666 teret,
423 3607 478 3656 et
507 3600 590 3655 sui
619 3595 905 3672 sanguinis
933 3594 1016 3650 vel
1073 3591 1368 3662 cujuslibet
1425 3587 1659 3662 proximi
1710 3588 1858 3642 ultor

239 3694 469 3748 minime
501 3690 761 3758 existens,
791 3685 1210 3758 percussoribus
1241 3679 1852 3759 cogereturindulgere.

237 3782 531 3852 Jejunium
563 3781 619 3835 in
650 3794 795 3851 pane
839 3787 894 3832 et
922 3792 1064 3847 aqua
1125 3773 1272 3829 omni
1328 3773 1362 3826 6
1403 3770 1539 3826 feria
1596 3769 1852 3826 observa-

240 3883 388 3943 rent,
420 3884 475 3929 et
506 3873 561 3928 in
589 3871 857 3926 sabbatho
912 3884 942 3922 a
1007 3881 1171 3922 carne
1202 3874 1256 3920 et
1285 3863 1586 3935 liquamine
1613 3861 1860 3916 abstine-

240 3974 365 4024 rent
399 3985 412 4032 ;
443 3965 677 4034 soloque
710 3963 811 4016 hoc
831 3959 1076 4015 contenti
1125 3956 1340 4026 jejunio
1373 3956 1428 4010 in
1453 3955 1698 4010 omnium
1730 3970 1860 4025 pec-

243 4068 492 4117 catorum
539 4054 942 4117 remissionem,
1021 4050 1226 4105 nullam
1299 4048 1406 4103 sibi
1443 4048 1646 4102 scirent
1699 4047 1858 4101 aliam

243 4152 615 4224 adjiciendam
648 4147 1055 4220 paenitentiam;
1089 4152 1143 4200 et
1167 4146 1287 4200 lizec
1322 4159 1381 4198 se
1430 4157 1649 4198 servare
1680 4158 1860 4197 sacra-

245 4255 437 4303 mento
487 4243 787 4299 ﬁrmarent.
846 4239 1001 4305 Quod
1055 4238 1149 4311 qui
1203 4237 1396 4305 nollet,
1462 4235 1860 4291 christianitate

1954 3145 2084 3209 patu
2093 3155 2132 3194 r.

2031 3234 2182 3288 1035.
2550 3235 2636 3288 11.
2998 3236 3050 3289 4.

2026 3325 2514 3397 Burgundionibus
2580 3339 2689 3380 non
2767 3325 3157 3382 desistentibus
3219 3345 3251 3382 a
3305 3339 3570 3388 consueta

1957 3420 2146 3469 contra
2178 3429 2358 3485 regem
2387 3429 2545 3468 suum
2574 3412 2889 3479 insolentia,
2925 3431 3014 3468 rex
3047 3417 3314 3472 Rodulfus
3335 3435 3565 3493 regnum

1960 3503 2290 3576 Burgundiae
2322 3503 2568 3558 Conrado
2599 3505 2917 3573 imperatori
2960 3506 3185 3562 tradidit
3235 3508 3395 3579 (240),
3420 3513 3569 3581 quod

1956 3613 1986 3650 a
2018 3606 2263 3665 tempore
2290 3593 2493 3648 Arnulﬁ
2529 3594 2877 3666 imperatoris
2921 3611 3019 3666 per
3047 3613 3222 3653 annos
3249 3600 3372 3670 plus
3403 3617 3566 3672 quam

1959 3687 2060 3743 130
2090 3687 2270 3759 gentis
2298 3702 2414 3740 suae
2467 3701 2624 3759 reges
2669 3695 2997 3754 tenuerant;
3033 3688 3222 3760 sicque
3254 3690 3571 3766 Burgundia

1961 3780 2160 3836 iterum
2188 3779 2406 3834 redacta
2433 3785 2516 3835 est
2540 3779 2595 3833 in
2617 3779 2977 3850 provinciam.

2039 3869 2191 3923 1036.
2554 3868 2644 3922 12.
3005 3871 3060 3926 5.

2035 3963 2148 4018 0do
2199 3962 2592 4034 Campanensis
2649 3979 2878 4036 regnum
2937 3964 3150 4021 Rodulﬁ
3212 3967 3357 4042 regis
3409 3985 3578 4025 avun-

1963 4054 2070 4110 culi
2111 4054 2216 4120 sui,
2246 4071 2276 4109 a
2308 4053 2594 4110 Cuonrado
2654 4055 2989 4126 imperatore
3046 4064 3248 4130 nepote
3280 4075 3379 4116 suo
3413 4077 3577 4133 repe-

1962 4149 2104 4206 tens,
2147 4152 2208 4198 ut
2247 4143 2349 4198 sub
2407 4159 2473 4198 eo
2522 4152 2676 4217 regat
2732 4145 3106 4219 Burgundiam
3166 4147 3431 4224 efﬂagitat
3486 4153 3576 4208 πο.

1962 4237 2055 4304 (Α.
2093 4235 2270 4304 Leod.)
2326 4235 2612 4291 lleinricus
2657 4252 2749 4292 rex
2815 4236 2962 4293 ﬁlius
3021 4239 3294 4296 Cuonradi
3352 4258 3577 4300 uxorem

1607 4335 1826 4391 VARIE
1854 4335 2229 4391 LECTIONES.

322 4440 392 4476 ²²⁸
425 4441 567 4496 hunc
595 4453 798 4493 annum
829 4435 957 4490 04⁸⁵.
989 4437 1210 4498 omittit,
1235 4432 1327 4487 CI.
1352 4431 1404 4486 3.
1439 4432 1478 4486 D

966 4437 1210 4520 omittit,
1316 4432 1420 4520 .13;
1439 4432 1842 4520 0:.pcce’c‘eden‘ti
1863 4433 2128 4520 jurigunt,
2150 4437 2855 4520 sequentemmmnnerantes
2881 4432 3018 4492 1030
3045 4439 3096 4490 et
3122 4439 3197 4491 sic
3224 4453 3388 4520 parre
3415 4454 3584 4520 usque

252 4514 330 4568 ad
350 4530 404 4566 a.
437 4516 682 4566 nostrum
709 4508 859 4572 1036,
881 4507 975 4578 qui
1004 4509 1138 4578 ipsis
1183 4503 1440 4578 est1035.
1474 4503 1543 4538 ²²⁹
1565 4503 1692 4578 XXV
1720 4505 1997 4578 habe-md.
2023 4520 2066 4559 e.
2111 4519 2276 4571 corn,
2331 4506 2391 4558 A.

2447 4505 2516 4539 ’³ο
2573 4509 2678 4560 Hoc
2732 4522 2926 4560 novum
2982 4522 3184 4561 annum
3213 4505 3582 4577 incipiunt}.

253 4585 388 4639 B3“.
418 4585 503 4637 μ’.
536 4583 658 4636 4".
692 4581 726 4636 5
768 4579 859 4633 Cl.
889 4575 980 4633 2*.
1006 4575 1040 4634 3
1092 4577 1157 4631 4·
1191 4575 1245 4629 C.
1284 4576 1320 4648 Ε
1351 4577 1593 4648 sequenti
1634 4591 1775 4629 anno
1812 4575 2177 4648 Herimannus
2223 4577 2707 4648 etc.7_inscribentes
2762 4577 2924 4632 Xllll.
2967 4577 3056 4632 V11
3089 4580 3166 4648 (at
3199 4578 3291 4634 C1.
3321 4575 3392 4634 2"
3412 4581 3464 4636 3.
3495 4583 3582 4636 4".

259 4656 301 4709 Ι)
348 4655 407 4708 Β.
442 4656 575 4723 quia
601 4669 768 4721 supra
793 4668 846 4705 a.
905 4652 949 4704 1t
974 4648 1044 4704 30
1085 4647 1412 4723 prmoedenti
1431 4718 1439 4723 Δ
1459 4647 1785 4723 junacerant,
1817 4647 2060 4723 scribunt
2096 4646 2253 4723 ‘Xllt.
2288 4646 2429 4723 V11.)
2473 4653 2522 4702 et
2578 4651 2654 4703 sic
2709 4648 2976 4718 deinceps.
3010 4646 3154 4723 Idem

3264 4654 3368 4707 imo
3404 4655 3589 4719 fuerat

258 4731 320 4780 in
347 4729 424 4790 1.,
448 4717 498 4779 et
528 4717 908 4793 consequenter
938 4717 1162 4775 annofln
1193 4733 1384 4774 mense
1415 4717 1581 4843 Aprili
1609 4723 1706 4772 etc.
1740 4719 1920 4773 scriba
1946 4721 2059 4788 ipse
2083 4721 2139 4772 in
2180 4721 2430 4786 margine
2474 4726 2800 4788 apposuerat
2822 4717 3105 4775 numerum
3130 4717 3283 4776 MXL.
3314 4717 3453 4780 anno
3485 4726 3589 4780 Leo

258 4813 404 4843 naria
426 4802 502 4843 ett:
543 4795 674 4843 ML-
703 4810 845 4843 anno
878 4791 1207 4843 Fridericus.
1241 4795 1337 4843 etc.
1366 4789 1456 4842 ML
1510 4834 1521 4843 .
1555 4793 1603 4843 et
1631 4791 1708 4843 sic
1744 4805 1904 4843 porro
1949 4805 2046 4843 per
2092 4794 2261 4843 totum
2306 4791 2575 4843 Siaeberti
2602 4806 2734 4843 onus
2773 4791 2929 4843 (anni
2957 4795 3101 4843 enim
3133 4797 3348 4843 Domini
3370 4811 3467 4843 ner
3494 4798 3589 4843 ηιρ-

256 4789 502 4868 papaetc
542 4789 845 4859 ML.,—anno
878 4791 1207 4868 Fridericus,
1241 4795 1337 4868 etc.
1366 4789 1456 4842 ML

1555 4793 1603 4843 et
1631 4791 1904 4866 s_i4_:_porro
1945 4805 2059 4866 per
2092 4794 2261 4866 totum
2306 4791 2575 4866 Sigeberti
2602 4806 2734 4860 opus
2773 4791 2929 4866 (anni
2957 4795 3101 4866 enim
3132 4797 3348 4850 Domini
3367 4811 3467 4866 per
3494 4798 3592 4851 de-

261 4861 460 4922 cennia
491 4872 703 4921 tantum
733 4869 992 4918 notantur
1012 4867 1072 4918 in
1102 4864 1523 4936 margineluqnte
1561 4876 1593 4936 α
1635 4861 1767 4936 072,
1805 4877 2007 4936 manus
2035 4863 2159 4931 ipsa
2187 4862 2468 4936 Sigeberti,
2489 4866 2607 4930 post
2636 4878 2671 4914 ιι
2698 4862 2931 4931 scribis).
2955 4864 3061 4918 Sed
3102 4869 3206 4926 1η..
3239 4869 3338 4936 qui
3366 4861 3595 4923 scribere

263 4943 426 5010 ccpit
444 4955 500 5001 a,
529 4937 689 5002 1137,
721 4951 967 4990 numeros
997 4937 1127 4989 istos
1147 4933 1297 5010 11111.
1341 4931 1452 5010 ιρι.
1488 4935 1611 4986 ante
1635 4931 1924 4987 Heinricus
1953 4948 2082 5010 res,
2096 4939 2194 5010 etc.
2234 4934 2452 5010 delevit,
2484 4939 2532 4986 et
2560 4939 2834 5010 sequentes
2866 4938 3098 5010 correxit
3127 4939 3207 4991 ita
3235 4931 3296 4992 ut
3315 4954 3409 4993 nos
3441 4939 3597 4994 dedi-

258 5003 402 5075 mus,
432 5013 791 5065 Romanorum
816 5023 983 5076 usque
1021 5024 1074 5060 a.
1143 5005 1296 5067 1039,
1357 5003 1688 5058 Francorum
1742 5019 1910 5073 usque
1939 5019 1973 5058 α
2020 5003 2179 5060 1060.
2243 5004 2528 5076 Idem_1n_,
2555 5019 2721 5059 annos
2779 5007 2994 5060 Domini
3044 5008 3101 5062 in
3151 5011 3398 5076 margine
3452 5012 3599 5065 erasi

262 5073 468 5147 omnes,
501 5073 1088 5152 ipseque‘anndcuiqis
1111 5076 1357 5152 sequenti
1382 5076 1655 5144 apposuit,
1710 5076 1877 5152 itu_ut
1923 5091 2066 5152 nunc
2106 5073 2953 5152 annus_ﬂeinrieus__i_mperator
2981 5082 3076 5133 etc.
3112 5081 3184 5133 sit
3212 5073 3392 5143 MXL.,
3417 5095 3598 5136 annus

267 5144 850 5208 Sanctus'Tie'tbaldus
878 5154 976 5203 etc.
1018 5147 1107 5202 ML
1139 5188 1152 5211 ,
1176 5144 1233 5200 et
1262 5148 1340 5201 sic
1355 5160 1523 5215 porro
1555 5160 1721 5218 usque
1750 5147 1839 5200 ad.
1871 5162 1924 5199 a.
1959 5145 2190 5216 Eclipsis
2213 5146 2344 5201 solis
2361 5150 2459 5201 etc.
2521 5144 2714 5201 MCXL.
2735 5144 2906 5214 Ὠιιοά
2934 5164 3098 5218 quum
3125 5153 3282 5206 unice
3305 5155 3506 5207 rectum
3527 5154 3601 5208 sit

262 5240 360 5279 nos
390 5238 603 5294 quoque
630 5222 914 5287 dedimus;
947 5225 1004 5273 at
1032 5233 1276 5273 numeros
1299 5219 1394 5287 qui
1412 5231 1572 5288 prius
1599 5217 1822 5284 fuerant
1851 5219 2045 5290 scripti
2071 5219 2132 5272 in
2172 5219 2245 5285 1.,
2278 5219 2502 5273 uncenis
2527 5218 2764 5274 inclusos
2793 5217 3164 5291 apposuimus.

1839 5315 2059 5372 NOTAE.

348 5423 494 5492 (237)
519 5424 605 5479 Et.
626 5437 696 5492 γρ.
725 5437 773 5486 c,
803 5435 860 5474 eo
891 5419 970 5492 de
1003 5432 1100 5473 suo
1132 5416 1285 5492 add_it
1316 5416 1634 5488 Sigebertus
1671 5414 1728 5492 cf
1755 5415 1892 5492 _ejus
1993 5417 2048 5472 S.
2073 5416 2345 5492 bardqnis
2383 5431 2430 5471 c.
2457 5416 2544 5473 11.

276 5487 574 5568 epistolam
608 5487 675 5548 de
702 5490 1189 5568 jejunio__Quatuor
1216 5487 1546 5568 Temporum
1571 5487 1724 5568 apud
1754 5487 1893 5541 Mar-

275 5559 402 5624 téne
445 5566 613 5619 Thes.
651 5581 690 5626 ι,
721 5562 849 5617 208.
909 5562 1273 5617 llcrimannus
1328 5559 1616 5632 Augiensis
1640 5560 1778 5613 hanc
1805 5575 1892 5630 sy-

280 5638 490 5695 nodum
517 5652 567 5690 a.
602 5633 743 5704 1035
767 5633 941 5704 ponit.

370 5707 500 5777 238)
534 5707 644 5763 Hoc
697 5699 918 5763 factum.
977 5704 1031 5759 (ι.
1071 5703 1142 5758 29
1206 5702 1333 5759 Jun.
1370 5701 1499 5758 1031
1537 5718 1552 5766 ;
1586 5699 1654 5756 cf.
1695 5700 1893 5758 Vitam.

2065 5451 2582 5558 (2307U0emte‘mpdre
2632 5451 2702 5544 cf.
2739 5488 2980 5544 Stenzel.
3035 5488 3230 5543 Frank.
3297 5488 3488 5560 Kaiser
3546 5510 3604 5560 ιι,

1997 5560 2116 5630 115.
2142 5559 2234 5630 qui
2259 5566 2441 5614 tamen
2474 5560 2657 5616 minus
2679 5567 2824 5617 recte
2859 5561 2970 5615 haec
3000 5575 3146 5616 anno
3187 5559 3318 5616 1033
3347 5561 3539 5618 tribuit

2070 5629 2210 5700 (210)
2242 5632 2302 5687 Α.
2350 5631 2508 5698 1027,
2569 5648 2760 5690 mense
2812 5631 2977 5689 Julio.
3041 5631 3309 5690 Rodulfus
3361 5641 3613 5692 mortuus

1997 5702 2142 5759 est'6
2169 5702 2318 5774 Sept.
2343 5701 2501 5760 1032.
