3894 6070
195 291 310 349 213
1713 289 2056 346 cuneum.
3434 305 3492 358 ες
3507 307 3542 360 4

199 411 267 467 In
305 425 453 485 pago
492 409 847 466 Bracbatensi
880 409 1034 480 juxta
1085 407 1390 464 Tornacum
1434 407 1821 464 multitudines
1846 413 1897 481 Α
1922 409 2028 464 Sed
2060 409 2236 465 hocin
2263 424 2330 466 eo
2345 411 2787 481 reprehensibile
2809 431 2934 470 esse
2951 415 3186 482 videtur,
3210 420 3360 491 quod
3375 421 3540 480 annis

200 501 562 558 colubrorum
593 499 919 555 altrinsecus
958 504 1332 575 congregatae,
1359 500 1681 576 prodigioso
1713 517 1837 576 pre-
1942 500 2235 556 dominica:
2270 501 2668 558 incarnationis
2697 505 2748 560 ei
2777 505 3179 564 inconsiderate
3213 511 3552 583 proscriptis,

199 589 279 651 lio
317 589 466 644 inter
501 603 564 644 se
594 594 972 653 concurrunt;
1015 593 1072 644 et
1102 588 1290 643 multis
1319 588 1580 661 utrinque
1616 593 1833 663 occisis,
1939 589 2220 646 discordat
2249 607 2280 645 a
2305 591 2535 647 veritate
2563 593 2837 666 evangelii
2858 595 2912 648 in
2945 612 3089 652 anno
3109 597 3400 655 dominicae
3423 615 3551 670 pas-

196 689 348 746 victa
376 704 510 762 pars
553 687 774 763 fugiens
815 687 871 742 in
902 702 1038 744 cavo
1067 687 1282 744 arboris
1319 703 1379 742 se
1409 686 1722 752 abscondit,
1753 685 1833 740 δι·
1935 681 2132 748 sionis,
2160 681 2448 753 proterens
2479 683 2545 737 14
2578 682 2764 738 lunam
2819 685 3021 756 Aprilis
3060 702 3126 743 eo
3156 705 3302 745 anno
3343 689 3400 744 in
3433 690 3546 762 pri-

197 789 326 839 tera
353 796 488 852 pars
524 779 864 836 vincentium
918 795 1074 836 more
1103 780 1426 852 insequens,
1486 795 1610 834 cum
1667 778 1831 834 sibilo
1933 785 2021 824 ma
2051 769 2189 824 feria
2237 769 2404 825 fuisse
2433 788 2448 836 ς
2499 771 2647 842 (ιιιοά
2679 771 2906 828 οητηίηο
2937 773 3131 830 falsum
3161 787 3267 842 est.
3300 778 3430 849 quia
3455 795 3549 833 se-

201 868 730 942 circumstrepebat,
773 869 959 926 donec
1005 869 1361 940 circumjecto
1387 869 1457 926 ab
1513 869 1830 926 hominibus
1930 865 2172 921 cundum
2227 865 2392 920 ﬁdem
2449 867 2723 940 evangelii
2783 883 2850 924 eo
2900 885 3047 926 anno
3089 871 3218 925 luna
3267 873 3338 926 14
3383 873 3546 945 Apri-

199 960 336 1034 igne
363 975 564 1016 omnes
589 967 958 1016 concremata;
989 967 1137 1015 sunt.
1929 957 2123 1012 lisfuit
2177 957 2231 1011 in
2277 959 2312 1011 5
2356 957 2514 1022 feria,
2562 967 2618 1014 et
2676 959 2732 1013 in
2781 960 2816 1014 6
2866 959 3003 1016 feria
3039 961 3170 1016 luna
3202 963 3270 1020 15
3320 964 3370 1035 [8
3428 965 3544 1020 Ital.

271 1049 442 1106 1060.
733 1049 796 1104 Β.
837 1049 894 1104 4.
1113 1049 1168 1104 F.
1211 1048 1301 1104 92.
1343 1047 1482 1120 (30.)

271 1137 376 1208 (Cf.
427 1139 584 1208 Har.)
634 1137 914 1193 Gerardus
946 1137 1238 1194 Florentiae
1285 1138 1602 1210 episcopus,
1635 1138 1731 1210 qui
1771 1145 1826 1194 et

195 1228 526 1296 Nicbolaus,
551 1229 814 1286 Romanis
861 1228 1126 1286 aacclesiie
1164 1229 1373 1284 1ὅ1ιιιιιε
1405 1229 1648 1300 presidet
1677 1229 1822 1300 (378)

195 1319 281 1390 (Α.
337 1320 510 1389 Leod.)
573 1319 862 1376 lleiuricus
921 1335 1018 1374 rex
1085 1320 1414 1374 Francorum
1473 1318 1591 1374 obit
1649 1318 1821 1389 (279),

199 1411 502 1484 Philippus
519 1410 668 1467 filius
695 1411 816 1482 ejus
845 1419 970 1483 post
998 1427 1122 1467 eum
1147 1420 1338 1486 regnat
1375 1410 1538 1465 annis
1564 1411 1634 1465 49
1661 1410 1748 1464 ’37.

274 1504 439 1560 1061.
805 1505 860 1560 5.
1219 1505 1272 1560 1.

277 1591 770 1664 (Maa.)ll1arianus
808 1592 1267 1667 crhonographus
1305 1593 1374 1627 ³³⁸
1412 1592 1619 1659 claret;
1655 1593 1751 1664 qui
1791 1609 1823 1648 a

199 1685 418 1741 Scottia
449 1685 508 1740 in
548 1685 753 1740 Gallias
792 1684 1044 1752 veniens,
1103 1683 1344 1740 Coloniae
1401 1683 1582 1739 factus
1628 1700 1819 1740 mona-

201 1775 366 1842 chus,
399 1775 579 1845 primo
608 1775 755 1846 apud
789 1773 1034 1842 Fuldam,
1085 1779 1278 1844 postea
1307 1774 1454 1845 apud
1489 1773 1821 1848 Moguntiam

205 1865 461 1919 reclusus
489 1870 594 1918 est.

278 1957 443 2012 1062.
803 1955 856 2010 9.
1217 1956 1272 2010 2.

275 2049 440 2105 Anno
492 2047 789 2119 episcopus
843 2045 1189 2103 Coloniensis
1239 2046 1471 2104 consilio
1523 2045 1864 2118 primorum’

204 2141 366 2216 regni
410 2143 643 2218 indigne
673 2141 990 2208 ferentium,
1024 2157 1126 2214 per
1171 2143 1436 2216 Agnetem
1463 2149 1694 2198 matrem
1723 2141 1830 2196 im-

205 2236 484 2309 peratoris
517 2235 757 2292 Heinrici
806 2251 1040 2310 regnum
1079 2251 1191 2292 non
1241 2236 1470 2293 viriliter
1503 2237 1826 2311 gubernari,

205 2345 444 2400 puerum
475 2327 754 2384 violenter
781 2333 838 2383 et
864 2327 1136 2384 industrie
1157 2338 1378 2400 captum
1409 2327 1515 2384 sub
1533 2329 1702 2386 tutela
1729 2344 1830 2384 sua

203 2422 443 2494 accepit,
473 2428 531 2477 et.
557 2420 777 2492 imperii
797 2421 1047 2496 regimen
1074 2437 1107 2476 a
1145 2428 1322 2477 matre
1352 2422 1472 2492 ejus
1503 2423 1738 2487 amovit;
1770 2429 1826 2478 et

202 2511 270 2566 de
317 2511 424 2566 hac
467 2526 528 2565 re
553 2525 737 2566 coram
790 2510 1004 2567 cunctis
1059 2511 1274 2568 ratione
1315 2511 1555 2580 reddita,
1589 2511 1824 2585 gratiam

201 2599 415 2656 domini
445 2598 536 2655 sui
563 2598 917 2670 imperatoris
948 2599 1180 2671 recepit,
1203 2607 1262 2657 et
1292 2615 1392 2670 per
1430 2599 1612 2672 ipsum
1647 2599 1821 2656 tilium

203 2689 272 2744 ad
320 2689 558 2764 gratiam
587 2689 774 2745 matris
803 2689 926 2758 ejus
953 2689 1134 2744 rediit.
1173 2692 1239 2744 At
1269 2687 1585 2761 imperatrix
1626 2705 1824 2746 neces-

207 2779 426 2835 sitatem
458 2785 680 2834 vertens
707 2778 764 2834 in
802 2779 1164 2846 voluntatem,
1195 2787 1257 2835 ut
1293 2779 1610 2836 Obstrueret
1646 2796 1708 2836 os
1736 2781 1824 2836 lo-

208 2867 502 2938 quentium
535 2867 702 2936 mue
725 2883 787 2925 se
816 2867 1028 2940 iniqua,
1058 2884 1168 2925 non
1200 2868 1380 2924 solum
1415 2869 1625 2925 honore
1646 2885 1823 2942 regni,

207 2961 306 3015 sed
330 2959 498 3016 etiam
541 2974 709 3016 onere
763 2961 936 3016 seculi
994 2961 1224 3032 rejecto,
1277 2960 1463 3016 Romae
1502 2962 1574 3016 ad
1633 2962 1826 3017 limina

1925 1049 2123 1120 Aprilis
2168 1049 2254 1120 ³⁸³]
2291 1049 2550 1104 Dominus
2581 1065 2773 1120 passus
2827 1057 2930 1106 est.
2965 1051 3246 1107 Exercitus
3281 1053 3486 1108 multus
3517 1071 3549 1109 a

1925 1137 2110 1192 Galliis
2139 1139 2192 1192 in
2227 1137 2514 1208 Hispanias
2543 1139 2611 1193 ad
2662 1139 3027 1196 debellandos
3065 1141 3373 1198 Saracenos
3425 1159 3549 1214 pro-

1925 1229 2214 1294 ficiscitur;
2257 1229 2356 1284 sed
2408 1230 2559 1285 omni
2601 1231 2828 1303 regione
2885 1249 2915 1286 a
2963 1233 3256 1290 Saracenis
3315 1244 3543 1302 vastata,

1925 1327 2159 1390 urgente
2188 1317 2331 1373 fame
2365 1316 2620 1374 inefﬁcax
2663 1320 2972 1376 revertitur.

1994 1412 2154 1468 1661.
2550 1414 2604 1468 8.
3001 1417 3055 1470 4.

1997 1503 2179 1572 (illam)
2213 1501 2390 1559 Ciclus
2418 1519 2649 1578 magnus
2685 1520 2958 1561 annorum
3009 1507 3115 1562 .532
3159 1508 3248 1564 bis
3279 1525 3308 1564 a
3341 1509 3538 1566 Christi

1925 1597 2207 1652 nativitate
2230 1603 2480 1665 exactus,
2509 1597 2671 1654 tertio
2701 1599 2916 1670 incipit.
2947 1601 3253 1657 Alexander
3281 1603 3544 1659 Lucensis

1922 1686 2218 1756 episcopus
2248 1687 2506 1742 Romana:
2537 1687 2807 1743 aacclesiae
2831 1688 2990 1744 153w!
3013 1691 3082 1724 ²⁴²
3108 1691 3350 1760 presidet
3372 1691 3536 1762 (282).

1924 1773 2122 1829 Contra
2151 1791 2315 1846 quem
2349 1775 2550 1832 Cadelo
2596 1777 2914 1832 Parmensis
2952 1777 3248 1850 episcopus
3276 1787 3538 1851 papatum

1925 1865 2198 1934 ambiens,
2224 1883 2424 1940 magno
2450 1867 2714 1923 seandalo
2753 1869 3006 1924 ecclesia:
3035 1869 3164 1934 fuit;
3221 1871 3349 1943 quia
3378 1872 3544 1948 longa

1928 1959 2072 2012 in'cr
2095 1974 2192 2014 eos
2221 1961 2556 2016 concertatio
2583 1961 2747 2015 etiam
2789 1977 2962 2034 usque
2984 1963 3052 2017 ad
3083 1963 3383 2019 homicidia
3410 1980 3542 2036 pro-

1931 2048 2078 2118 rupit
2102 2048 2194 2116 ω,

2003 2139 2163 2199 1065.
2557 2139 2610 2195 9.
3006 2143 3057 2196 5.

2001 2232 2122 2299 (11).)
2153 2231 2432 2286 Friderico
2463 2232 2601 2287 duce
2643 2239 2882 2300 mortuo,
2905 2232 3260 2288 Godefridum
3282 2234 3540 2291 ducatum

1931 2319 2140 2390 recepit
2197 2320 2356 2389 (283).
2411 2319 2686 2376 llerardus
2729 2336 2822 2376 rex
2854 2320 3145 2394 Anglorum
3205 2321 3342 2389 obit,
3378 2323 3544 2394 eique

1925 2408 2152 2464 Araldus
2207 2409 2456 2464 succedit
2533 2409 2687 2464 Multi
2757 2425 2934 2480 usque
2981 2409 3049 2464 ad
3126 2418 3338 2480 septem
3393 2412 3545 2467 milia

1924 2500 2122 2556 orandi
2163 2505 2289 2556 voto
2328 2500 2744 2556 Hierosolimam
2773 2507 3048 2572 petentes,
3101 2500 3169 2554 ab
3203 2501 3438 2556 Arabitis
3485 2503 3542 2556 in

1927 2610 2218 2666 parasceve
2248 2595 2302 2650 in
2355 2595 2595 2666 quodam
2633 2595 2858 2651 castello
2906 2595 3118 2650 obsessi
3162 2601 3310 2662 sunt,
3369 2603 3426 2650 et
3465 2595 3540 2651 ita

1923 2685 2092 2740 occisi
2139 2693 2232 2739 aut
2261 2683 2531 2738 vulnerati
2563 2691 2711 2747 sunt,
2744 2691 2804 2738 ut
2847 2684 2916 2738 de
2947 2691 3162 2753 septem
3221 2691 3274 2740 et
3304 2699 3369 2739 eo
3426 2701 3543 2739 am-

1925 2775 2069 2847 plius
2097 2775 2326 2830 milibus
2353 2775 2445 2830 vix
2465 2775 2574 2830 duo
2606 2775 2756 2830 milia
2796 2774 2996 2830 reversi
3020 2775 3151 2831 sint.

2001 2867 2158 2924 1966.
2565 2867 2650 2922 10.
3049 2868 3102 2922 6.

1997 2961 2121 3030 (1b.)
2153 2958 2404 3016 Cometes
2441 2958 2700 3030 apparuit
2749 2965 2860 3013 tota
2907 2958 3150 3029 paschali
3206 2957 3540 3014 ebdomada.

205 3047 584 3120 apostolorum
609 3065 670 3104 se
698 3050 930 3105 contulit
945 3050 1112 3120 (280),
1143 3048 1332 3121 ibique
1351 3066 1531 3122 usque
1551 3049 1620 3105 ad
1656 3049 1824 3106 tinem
1853 3100 1896 3122 η
1931 3049 2171 3103 llarwicli
2225 3063 2319 3102 rex
2377 3047 2939 3119 Nortdanymbrorum
3010 3047 3152 3117 (281)
3207 3062 3330 3102 cum
3395 3047 3546 3102 mille

209 3100 583 3120 ητ-π-η--η-
611 3100 664 3104 τ-
704 3100 1111 3120 ---παπ---μ
1143 3100 1329 3121 -η-τκ-
1355 3100 1528 3122 -ηη
1554 3100 1620 3105 π
1656 3100 1824 3106 _------
2227 3100 2317 3102 γ
2863 3100 2868 3101 κ
3014 3101 3022 3117 .
3074 3100 3080 3102 τ
3139 3100 3149 3110 .
3221 3100 3312 3102 -
3499 3100 3534 3102 η

207 3141 332 3196 vitae
363 3143 508 3212 (281)
537 3142 794 3198 omnibus
825 3141 988 3198 bonis
1025 3143 1276 3214 exemplo
1315 3150 1370 3198 et
1411 3143 1674 3198 miraculo
1701 3143 1822 3200 fuit.
1849 3100 1898 3170 Ο
1930 3156 2069 3213 pene
2117 3140 2350 3194 navibus
2379 3141 2528 3195 venit
2574 3140 2630 3194 in
2672 3139 2919 3210 Angliam
2967 3145 3318 3211 regnaturus,
3375 3149 3430 3193 et
3489 3138 3542 3192 in

283 3233 444 3288 1063.
809 3234 860 3288 7.
1219 3236 1274 3290 3.

277 3325 393 3380 Hoc
421 3341 570 3380 anno
600 3324 786 3380 linitur
822 3342 1057 3400 magnus
1101 3326 1272 3381 ciclus
1300 3327 1369 3362 ²³⁰
1394 3343 1666 3382 annorum
1700 3327 1824 3392 532,

206 3419 507 3475 continens
561 3419 732 3475 ciclos
760 3419 1280 3476 deccnnovcnnales
1333 3421 1428 3485 28,
1463 3421 1558 3492 qui
1619 3421 1684 3475 ad
1714 3436 1828 3476 om-

207 3525 334 3564 nem
365 3516 640 3565 rationem
675 3508 949 3580 paschalis
979 3509 1220 3579 compoti
1262 3509 1490 3565 omnino
1547 3511 1716 3577 utilis,
1757 3511 1827 3566 ab

206 3617 310 3660 evo
355 3603 414 3658 in
441 3617 605 3658 evum
637 3601 696 3656 in
716 3610 893 3657 semet
921 3601 1101 3673 ipsum
1121 3601 1244 3658 sine
1281 3616 1469 3658 errore
1507 3601 1824 3657 revolvitur.

1929 3232 2068 3287 urbe
2109 3231 2338 3286 Eburaci
2369 3231 2494 3302 plus
2533 3247 2697 3302 quam
2733 3230 2884 3284 mille
2928 3229 3117 3295 laicos,
3173 3238 3393 3284 centum
3428 3246 3547 3300 pre-

1927 3323 2160 3378 sbiteros
2191 3323 2260 3377 de
2300 3321 2488 3396 Anglis
2517 3321 2738 3376 occidit.
2805 3321 2896 3375 Cui
2937 3320 3169 3375 Aroldus
3222 3336 3310 3374 rex
3345 3321 3547 3391 Anglo-

1929 3430 2047 3470 rum
2076 3429 2198 3470 cum
2231 3422 2442 3483 septeni
2471 3411 2785 3485 legionibus
2815 3410 3237 3480 superveniens,
3269 3425 3394 3464 eum
3417 3427 3543 3464 cum

1931 3509 2116 3562 multis
2144 3508 2365 3564 occidit.
2401 3507 2620 3560 Interim
2659 3505 2983 3559 Guillelmus
3036 3519 3226 3560 comes
3255 3505 3543 3560 Nortmau-

1931 3617 2128 3656 norum
2179 3617 2302 3656 cum
2356 3599 2576 3654 Francis
2635 3597 2881 3670 Angliam
2947 3597 3132 3664 intrat,
3175 3604 3232 3652 et
3287 3605 3546 3654 conserto

1565 3699 1784 3754 VARUE
1817 3699 2192 3754 LECTIO‘NES.

278 3801 346 3836 ³³⁷
377 3816 642 3857 numerus
671 3810 862 3858 utrum
887 3804 1072 3858 eadem
1095 3818 1290 3872 manu,
1317 3819 1426 3874 qua
1451 3804 1678 3873 reliqua,
1709 3806 1878 3872 fuerit
1905 3807 2155 3874 scriptus,
2187 3819 2262 3857 an
2293 3809 2470 3872 postea
2497 3803 2790 3872 suppletus,
2817 3813 2928 3855 non
2943 3804 3252 3874 ja-inucerto
3271 3807 3538 3874 apparet;

208 3889 382 3944 quam
431 3879 564 3929 ante
586 3874 692 3930 duo
712 3877 826 3944 fere
861 3877 1062 3930 swcula
1089 3877 1202 3930 haec
1225 3871 1533 3930 atramento
1557 3871 1876 3944 superducta
1902 3871 2158 3930 renovata
2182 3871 2312 3942 sint,
2341 3880 2402 3928 ut
2431 3871 2622 3928 melius
2651 3875 2956 3941 legerentur
3033 3871 3104 3906 ²³³
3136 3875 3216 3926 ita
3259 3874 3321 3944 1.
3338 3871 3434 3944 C1.
3481 3871 3536 3944 3.

208 3943 763 4018 benorograpliusl),
829 3945 896 3980 ’3’
914 3945 1257 4018 leqnentium
1292 3947 1338 4001 1.
1392 3945 1462 3981 ²⁴⁰
1480 3943 1712 4016 posthaec
1735 3946 1959 4000 dionisii
1978 3961 2197 4002 erasum
2223 3948 2284 4000 in
2312 3945 2364 4012 1,
2421 3945 2484 3979 ²⁴¹
2505 3945 2625 3998 add.
2665 3946 2752 4000 16.
2784 3945 2923 4018 rell._
2939 3950 3138 4012 praeter
3166 3945 3225 4018 εξ.
3282 3943 3378 4018 Am
3401 3946 3484 3997 ita
3511 3943 3536 3996 1

211 4018 310 4072 rell
352 4033 373 4084 ;
408 4013 622 4070 CLXZD.
680 4016 750 4050 ²⁴³
777 4022 898 4073 Post
927 4013 1038 4072 Ιιίὲσ
1060 4021 1227 4073 erasis
1257 4019 1413 4072 lineis
1438 4013 1649 4072 duabus
1678 4025 1728 4072 et
1748 4019 1990 4072 dimidia.
2027 4019 2306 4073 Anselmus
2335 4031 2545 4072 rasurae
2567 4019 2878 4086 inscripsit;
2908 4014 3152 4086 Domnus
3172 4013 3540 4086 ilerimannus

171 4104 178 4108 ·
211 4087 389 4143 nobili
422 4087 846 4143 Alemannorum
889 4087 1148 4158 prosapia
1184 4095 1526 4158 procreatus,
1551 4089 1658 4144 huc
1685 4103 1832 4143 anno
1858 4105 2018 4143 suum
2052 4095 2364 4158 compotum
2409 4087 2604 4158 edidit,
2639 4093 2693 4142 et
2731 4083 3167 4158 famosissimum
3194 4085 3262 4139 de
3303 4083 3543 4138 naturali

215 4106 389 4143 nonin
422 4106 846 4143 Alamannorum
889 4106 1148 4158 prosapia
1225 4106 1526 4156 recreatus,
1555 4106 1658 4144 noc
1685 4106 1832 4143 anno
1858 4106 2018 4143 suum
2052 4106 2364 4158 compowm
2409 4106 2604 4151 οωαιι,
2639 4106 2693 4142 ei
2731 4106 3154 4141 IamOSISSimum
3194 4106 3262 4139 ue
3303 4106 3543 4138 natura“

215 4159 364 4214 luna:
383 4158 640 4213 discursu
660 4159 1005 4234 questionem
1035 4106 1822 4234 subtiiisssimeinvestigatam
1845 4159 2104 4234 absolvit;
2139 4159 2232 4234 qui
2251 4159 2487 4234 aprima
2511 4157 2624 4234 10ςο
2663 4164 2822 4234 aetate
2844 4173 2874 4211 a
2892 4157 3120 4234 renibus
3138 4156 3548 4234 deorsum-conf

213 4235 442 4302 tractus,
475 4237 531 4302 et
559 4226 828 4302 totofvittn
861 4245 993 4302 suae
1027 4239 1281 4302 tempore
1326 4226 1673 4302 ambulandi'
1698 4247 1798 4302 usu
1816 4231 2093 4302 privatus.
2122 4226 2399 4302 quiaﬂlioc
2430 4229 2524 4302 Dei
2565 4227 3282 4302 ﬂagellumApatientissime
3313 4226 3456 4302 tulit,
3486 4233 3542 4280 et

213 4301 446 4377 insuper
463 4300 517 4377 ei
551 4301 756 4373 gratias
784 4301 916 4375 egit,
948 4297 1160 4377 absque
1191 4301 1434 4377 humano
1458 4301 1782 4377 magisterio
1812 4297 1869 4356 in
1899 4302 2049 4377 omni
2077 4297 2288 4377 liberali
2318 4299 2548 4377 scientia
2567 4297 2742 4377 novus
2774 4297 3039 4377 Deidono
3071 4297 3432 4377 philosophus
3452 4313 3546 4377 ap-

213 4367 420 4444 paruit.
463 4367 796 4444 gratantem
818 4367 1084 4444 ἵησι-11)οέ
1107 4367 1622 4444 tranquillissimus,
1655 4373 1882 4428 caritate
1910 4371 2164 4444 diﬁusus,
2186 4371 2438 4444 scientia,
2473 4370 2621 4444 quod
2665 4369 2810 4444 apud
2839 4367 2980 4444 alios
3024 4367 3204 4422 rarum
3233 4367 3342 4444 est,
3379 4367 3540 4444 heni-

209 4439 965 4518 volus,raﬁabiligomnibus,
1001 4439 1308 4518 pauperum
1336 4460 1468 4500 cura
1496 4439 1786 4511 sollicitus,
1828 4443 2166 4518 virginitatis
2185 4442 2432 4518 castitate
2473 4439 2880 4518 integerrimus.
2923 4443 3194 4518 Legantur
3243 4439 3445 4518 eadem
3479 4440 3541 4492 in

211 4513 343 4570 83“.
373 4514 464 4570 ιιι.
491 4513 609 4568 4".
650 4513 688 4570 F
699 4518 743 4569 1.
771 4515 826 4568 2.
855 4514 908 4570 3.
938 4509 1083 4570 017ιῦ
1112 4509 1224 4569 alia
1250 4532 1425 4571 manu
1454 4519 1696 4586 margini
1731 4509 1992 4586 inscripta
2018 4519 2078 4570 in
2107 4515 2171 4571 Bl
2189 4532 2232 4580 .;
2261 4520 2320 4568 at
2351 4509 2788 4586 desuntreliquis
2816 4509 3288 4586 omnibus._Qunre
3313 4509 3540 4586 dubium

213 4601 324 4661 esse
351 4600 463 4640 non
482 4591 672 4661 potest,
703 4589 836 4661 quin
863 4587 1124 4661 Sigeberti
1151 4601 1262 4642 non
1284 4590 1418 4661 sint
1446 4578 1644 4661 Eorum
1695 4589 1807 4661 £ch
1833 4578 2096 4661 Afhabet,
2115 4578 2243 4661 (quae
2271 4587 2423 4661 infra
2451 4601 2504 4638 a.
2534 4578 2696 4661 1067:
2727 4583 2926 4661 omittit
2945 4598 2962 4633 :
2982 4579 3112 4661 ¹800
3167 4579 3397 4661 Mantuae
3436 4578 3547 4634 col-

219 4656 361 4712 lecta
409 4650 952 4729 synod‘o,mediante
996 4659 1230 4729 Annone
1270 4657 1691 4729 archiepiscopo
1719 4650 2504 4729 Coloniense,'A‘lexander‘se
2551 4651 2919 4729 jurejurando
2963 4650 3316 4729 de_syi_nonia
3350 4666 3547 4729 expur-

219 4743 380 4801 gans,
411 4723 466 4781 in
495 4727 634 4801 sede
664 4728 968 4801 apostolica
993 4728 1346 4801 subrogatur,
1381 4723 1577 4784 Cadelo
1607 4723 1738 4784 vero
1767 4736 1827 4784 ut
1876 4729 2229 4801 symoniacus
2265 4725 2604 4801 repudiatur.
2653 4723 2786 4778 Hrec
2815 4723 3348 4801 igiturhSigeliertum
3371 4725 3546 4801 primo

212 4793 452 4855 ididem!
474 4799 574 4854 sub
625 4793 979 4865 ann01061;
1033 4807 1093 4855 at
1141 4793 1203 4855 in
1259 4793 1433 4855 altera
1461 4803 1720 4856 revisione
1766 4802 1836 4855 ad
1862 4793 1924 4854 αἶ
1955 4799 2086 4856 1067
2131 4793 2460 4866 transposuit
2519 4799 2761 4850 Ceterum
2804 4796 2864 4848 in
2917 4794 3092 4848 codice
3139 4797 3193 4849 S.
3255 4793 3536 4848 Laurenti

213 4871 358 4926 Leod.
393 4885 548 4925 nunc
573 4874 746 4937 Brut.
776 4870 951 4926 10563
982 4873 1154 4926 chart.
1183 4887 1227 4926 s.
1259 4876 1360 4939 XV,
1379 4875 1473 4940 qui
1499 4875 1643 4926 inter
1665 4876 1820 4926 varia
1842 4873 2100 4941 apuscula
2125 4872 2363 4926 continet
2378 4870 2552 4941 etiam
2601 4867 2912 4941 Hermanni
2931 4871 3264 4934 computum,
3293 4867 3420 4920 huic
3441 4881 3532 4941 su-

213 4944 536 5016 perscripta,
699 4944 992 5016 leguntur:
1027 4941 1302 5016 Epylogus
1339 4935 1546 5016 devita
1571 4942 1758 4998 domui
1781 4935 2098 5016 Herimanni
2125 4939 2411 5016 contracti.
2443 4939 2600 4993 Anno
2629 4935 2946 5016 1061.
2977 4945 3178 5010 agente
3206 4935 3544 5016 sanun-inim—

215 5008 362 5094 perii
393 5008 604 5092 annum
637 5008 1125 5094 Henricoﬁquarto,’
1147 5008 1385 5094 démnus
1409 5013 1770 5094 Herimannus
1796 5014 1984 5094 valde“
2011 5012 2180 5094 nobili
2210 5017 2317 5094 etc.
2349 5016 2410 5064 ut
2428 5025 2602 5094 supra
2643 5008 2928 5094 edidimus,
3171 5009 3239 5062 ad
3293 5008 3545 5094 castitate

213 5079 638 5166 integerrimus.
672 5083 784 5166 Ego
843 5079 1109 5166 Henricus
1147 5083 1849 5166 Wiziburgensisecclesie
1890 5102 1922 5140 a
1953 5083 2261 5166 Dogebcrto
2290 5087 2601 5166 copstructe
2629 5079 2937 5136 monachus
2963 5079 3247 5151 indignus,
3287 5079 3381 5147 qui
3408 5090 3536 5130 eum

221 5153 426 5212 vidi'et
456 5155 665 5223 audivi,
698 5153 838 5212 s'cire
867 5154 1181 5212 volentibus
1201 5153 1524 5228 conscripsi.
1557 5157 1706 5212 Num
1728 5159 1816 5213 hic
1839 5163 1918 5212 est
1945 5153 2066 5223 fons
2094 5155 2330 5210 Αγιδείτηὶ
2353 5153 2380 5207 7

1776 5255 1985 5312 NOTAE.

290 5355 437 5426 (2'78)
480 5355 694 5426 Electus
723 5354 781 5411 d.
811 5354 881 5410 28
913 5351 1197 5409 Decembr.
1229 5351 1385 5409 10-38.

289 5428 439 5498 (279)
484 5426 544 5481 u.
575 5425 646 5498 29
669 5425 794 5498 Jun.

289 5493 434 5567 (280)
475 5499 542 5552 A.
595 5497 752 5564 1067,
781 5503 842 5552 ut
865 5495 1128 5567 colligere
1184 5495 1320 5567 licet
1343 5509 1408 5550 ex
1447 5493 1734 5554 Lamberto
1765 5497 1835 5552 ad

221 5585 272 5624 a.
298 5565 480 5625 1071.
513 5567 608 5624 Die
635 5568 669 5622 6
701 5567 872 5624 Martii
913 5565 1072 5635 1067,
1106 5565 1209 5622 fuit
1235 5566 1420 5622 adhuc
1447 5581 1570 5622 cum
1597 5567 1710 5625 tilio
1734 5569 1838 5625 Ra-

223 5641 491 5705 tisbonaa;
522 5637 594 5695 cf.
626 5637 802 5694 Hund.
838 5637 1298 5710 Metropﬁalisb.
1341 5654 1358 5692 ι
1385 5636 1511 5694 213.

290 5712 444 5782 (281)
486 5713 546 5766 1).
584 5711 651 5766 14
684 5710 972 5766 Decembr.
1011 5709 1166 5766 1077.

1947 5353 1981 5426 ’ί
2009 5354 2148 5426 (282)
2183 5353 2511 5426 Consecratu
2533 5351 2634 5426 Δ30
2682 5349 2840 5426 Sept.
2888 5349 3038 5402 1061.
3087 5344 3286 5400 Cadelo
3323 5343 3544 5399 Basilum

1936 5421 2150 5480 electus
2180 5425 2282 5480 fuit
2308 5425 2398 5479 die
2422 5423 2492 5478 21
2523 5421 2638 5477 Oct.
2673 5421 2831 5476 1061.

2008 5497 2154 5570 (283)
2180 5493 2555 5570 Lothariugite
2578 5491 2889 5570 inferioris;
2916 5489 2986 5544 cf.
3015 5506 3054 5570 a_
3075 5487 3232 5570 1018,
3267 5485 3424 5570 1070.

2007 5557 2558 5638 (281')Araldus,71ui
2585 5571 2635 5621 et
2673 5563 2880 5618 Arbaeh
2904 5561 3220 5628 vocabatur,
3247 5574 3344 5615 rex
3372 5557 3538 5613 Nord-

1935 5655 2269 5695 mrmnorum
2322 5639 2614 5694 Marianus.
