3894 6070
308 264 414 323 219

381 390 536 449 1076.
684 392 746 446 Β.
787 391 875 445 20.
1059 390 1116 446 F.
1158 392 1247 446 16.
1426 390 1583 447 A10.

378 484 670 559 Gregorius
705 499 850 555 papa
890 490 1036 539 totus
1066 483 1122 539 in
1156 483 1473 540 Heinricum
1524 484 1912 555 imperatorem

310 573 604 639 invehitur,
654 579 710 626 et
765 586 1127 644 quoscunque
1177 578 1361 643 potest
1411 572 1481 627 ab
1530 584 1597 628 eo
1640 572 1827 629 verbis
1862 581 1918 631 et

306 661 523 732 scriptis
551 661 783 725 avertit;
828 661 1071 715 animum
1116 662 1281 716 etiam
1321 661 1545 733 Agnetis
1597 661 1788 716 matris
1832 662 1917 733 ip-

307 753 422 808 sius
463 752 533 807 ab
564 768 631 808 eo
666 752 893 809 alienat.
942 753 1027 823 (Α.
1063 753 1234 823 Leod.)
1285 753 1527 809 Sicarius
1577 753 1631 808 in
1661 754 1915 810 Fresonia

309 841 669 898 Godefridum
699 842 896 898 ducem
927 842 1150 914 perimit
1174 844 1242 878 ’5’
1270 842 1435 911 (292).
1479 843 1592 899 Hoc
1620 859 1785 909 anno,
1818 843 1913 915 qui

309 941 394 988 est
425 934 491 988 13
550 949 728 989 annus
781 934 944 1005 primi
973 934 1482 991 decennovennalis
1510 934 1633 990 cicli
1668 936 1721 989 in
1754 950 1917 1007 repe-

305 1025 402 1081 tito
433 1040 632 1098 magno
660 1040 805 1081 anno
842 1025 1093 1091 Dionisii,
1134 1024 1353 1081 duobus
1404 1026 1619 1099 magnis
1673 1027 1834 1081 annis
1884 1042 1916 1081 a

304 1118 564 1188 passione
604 1118 819 1174 Domini
850 1118 1135 1183 revolutis,
1170 1118 1358 1173 omnia
1414 1134 1538 1190 quae
1570 1120 1637 1172 ad
1694 1134 1914 1174 cursum

302 1208 436 1263 solis
464 1216 520 1263 et
567 1208 710 1263 lunae
774 1214 1046 1279 spectant,
1096 1222 1242 1263 anno
1300 1207 1593 1263 dominica:
1644 1208 1915 1278 passionis

307 1297 665 1352 concordant.
695 1296 850 1352 Unde
882 1303 1131 1367 apparet,
1154 1296 1303 1366 quod
1326 1295 1600 1351 Dionisius
1626 1312 1737 1352 non
1769 1303 1913 1353 recte

305 1400 482 1441 annos
535 1385 750 1441 Domini
804 1385 941 1440 ciclo
985 1400 1085 1440 suo
1124 1385 1409 1441 annexuit.
1449 1386 1585 1450 Quia
1641 1386 1788 1440 enim
1844 1386 1912 1439 ab

312 1489 461 1530 anno
495 1474 711 1530 Domini
759 1474 863 1527 532
889 1474 1087 1528 ciclum
1136 1489 1294 1529 suum
1325 1474 1538 1529 orditus
1584 1483 1686 1540 est,
1741 1474 1909 1529 nimi-

306 1582 426 1621 rum
458 1565 718 1631 intendit,
755 1564 1026 1619 Christum
1056 1565 1225 1620 fuisse
1256 1574 1442 1621 natum
1484 1582 1630 1620 anno
1668 1566 1912 1620 secundo

306 1661 506 1730 prioris
535 1660 718 1734 magni
750 1661 911 1725 anni;
943 1676 1007 1714 ac
1038 1677 1137 1731 per
1167 1662 1270 1716 hoc
1310 1661 1397 1716 hic
1426 1678 1604 1717 annus
1642 1676 1787 1717 anno
1812 1661 1912 1717 do-

304 1751 525 1806 minicae
558 1751 832 1823 passionis
875 1752 1242 1821 concordans,
1275 1752 1557 1807 debuisset
1583 1768 1703 1808 esse
1728 1751 1914 1825 magni

307 1843 429 1897 cicli
460 1859 638 1898 annus
669 1859 779 1899 non
838 1844 926 1907 13,
960 1844 1058 1898 sed
1086 1844 1174 1912 33,
1204 1844 1332 1916 quia
1361 1844 1407 1899 is
1437 1844 1538 1900 fuit
1579 1861 1758 1900 annus
1790 1860 1921 1916 pas-

304 1934 484 1989 sionis
514 1934 749 1990 Domini.
786 1935 844 1989 Et
879 1951 977 2006 per
1030 1937 1173 1991 hanc
1222 1937 1676 2008 consequentiam
1725 1936 1920 1991 solaris

310 2029 365 2077 et
391 2022 597 2078 lunaris
616 2040 829 2090 cursus,
861 2025 1285 2079 concordantem
1316 2025 1649 2098 evangelicae
1680 2024 1917 2091 veritati,

316 2114 595 2169 Dionisius
622 2116 810 2186 posuit
835 2115 1169 2171 nativitatem
1203 2115 1396 2170 Christi
1439 2117 1653 2190 viginti,
1678 2132 1788 2172 uno
1812 2133 1917 2171 an-

315 2205 401 2259 nis
433 2205 643 2260 tardius
674 2222 835 2277 quam
877 2206 1087 2262 debuit.
1122 2207 1243 2278 (1b.)
1274 2207 1406 2263 Gelu
1438 2224 1693 2283 magnum
1736 2224 1766 2263 a
1795 2208 1922 2293 ’Κο-

315 2300 497 2354 lcndis
555 2300 881 2357 Novembris
966 2316 1142 2373 usque
1207 2301 1295 2356 ad
1350 2301 1740 2374 mquinoctium
1798 2317 1923 2357 ver-

310 2391 439 2447 nale
467 2391 557 2447 πί.

377 2480 539 2534 1077.
794 2480 883 2535 21.
1140 2480 1227 2535 17.
1483 2482 1569 2537 11.

378 2570 570 2640 (Mam)
646 2571 930 2626 lleinricus
978 2571 1276 2643 imperator
1349 2580 1538 2629 coacto
1594 2572 1918 2629 Wormaciie

310 2659 545 2714 concilio
601 2660 670 2713 21
717 2660 1102 2730 episcoporum
1168 2668 1223 2715 et
1274 2662 1567 2725 multorum
1629 2663 1919 2734 primatum

313 2753 468 2823 regni
508 2752 729 2806 decerni
771 2752 930 2820 jubet
969 2752 1138 2825 (293),
1190 2754 1377 2808 omnia
1421 2754 1643 2810 decreta
1674 2761 1729 2809 et
1783 2754 1924 2810 facta

316 2845 655 2901 llildibrandi
697 2848 766 2881 ²⁵²
806 2864 961 2918 papae
991 2848 1141 2903 irrita
1167 2864 1290 2904 esse
1321 2848 1556 2916 debere;
1588 2849 1774 2921 ibique
1800 2866 1923 2905 om-

311 2950 412 2989 nes
440 2942 622 3005 preter
652 2951 857 3006 paucos
904 2937 1320 2993 llildibrandum
1362 2938 1635 3010 abjnrant,
1683 2955 1922 3011 eumque

311 3034 512 3098 papatu
544 3027 911 3083 abdicandum
953 3044 1073 3083 esse
1108 3030 1377 3098 judicant.
1430 3032 1549 3102 (1b.)
1606 3031 1920 3087 Hildibran-

308 3120 414 3176 dus
443 3130 664 3176 econtra
696 3121 1083 3192 imperatorem
1124 3122 1437 3178 Heinricum
1481 3123 1664 3179 Romae
1694 3140 1919 3179 excom-

309 3216 750 3287 municat.(29£),
804 3218 906 3273 sub
950 3219 1055 3274 hoc
1083 3224 1334 3289 optentu,
1378 3226 1437 3274 ut
1468 3220 1729 3290 primates
1766 3219 1922 3293 regni

310 3306 464 3375 quasi
482 3306 629 3373 justa
671 3324 736 3362 ex
790 3324 954 3363 causa
1001 3309 1477 3363 excommunicato
1527 3310 1643 3382 regi
1702 3315 1923 3364 contra-

310 3394 516 3449 dicunt.
553 3396 833 3451 Dominica
866 3398 1167 3467 palmarum
1201 3398 1347 3453 circa
1379 3399 1565 3453 horam
1596 3407 1803 3453 sextam
1835 3414 1924 3453 se-

310 3497 445 3536 reno
468 3484 588 3537 celo
618 3484 777 3538 stella
807 3485 1080 3555 apparuit.
1124 3484 1474 3558 Principibus
1501 3487 1797 3553 Saxonum,
1829 3486 1922 3558 qui

314 3573 368 3627 in
426 3574 713 3631 deditione
757 3576 1105 3647 imperatoris
1143 3586 1317 3642 erant,
1359 3578 1615 3634 relaxatis
1667 3595 1766 3650 per
1828 3593 1926 3634 eos

313 3671 516 3742 quibus
543 3673 821 3728 commissi
852 3683 1029 3739 erant,
1070 3675 1314 3731 Saxones
1365 3676 1633 3731 rebellant
1662 3675 1923 3730 instinctu

316 3760 658 3815 Hildibrandi
703 3778 877 3833 papae.
920 3763 1041 3833 Ipse
1084 3780 1225 3834 papa
1262 3779 1561 3820 occurrens
1609 3764 1926 3835 imperatori
1976 3832 1989 3845 ᾗ

314 3852 372 3906 in
409 3852 807 3927 Langobardia,
838 3853 942 3908 sub
972 3854 1105 3909 falsa
1147 3872 1271 3910 eum
1311 3872 1447 3928 pace
1485 3857 1717 3914 absolvit
1758 3858 1920 3927 (295).

317 3943 518 3999 Omnes
545 3944 693 4000 enim
725 3946 818 4017 qui
850 3946 1003 4017 prius
1057 3948 1470 4003 Hildibrandum
1518 3950 1923 4017 abjuraverant,

316 4036 560 4107 perjurio
597 4037 897 4107 periurium
948 4040 1313 4107 cumulantes,
1347 4042 1733 4111 imperatorem
1762 4044 1925 4113 abju-

313 4135 456 4194 rant,
488 4137 543 4185 et
575 4129 866 4186 Rodulfum
915 4132 1108 4188 ducem
1151 4128 1605 4210 Burgundionum
1663 4154 1833 4210 super
1867 4154 1926 4194 se

314 4232 500 4290 regem
524 4225 770 4274 statuunt
814 4220 1219 4292 (296);corona
1270 4224 1320 4278 ei
1370 4241 1401 4279 a
1433 4241 1573 4296 papa
1603 4226 1789 4293 missa,
1839 4226 1926 4281 cui

315 4314 433 4363 erat
458 4307 808 4380 inscriptum:
850 4316 1007 4366 Petra
1035 4313 1176 4368 dedit
1227 4320 1398 4383 Petro,
1447 4321 1632 4373 Petrus
1680 4319 1929 4373 diadema

314 4397 554 4466 Rodulfo.
612 4400 798 4471 (111111.)
870 4401 1024 4457 Hunc
1112 4403 1405 4478 Sigifridus
1476 4406 1929 4478 archiepiscopus

1462 279 1466 282 ‘
1533 262 1872 319 SIGEBERTI
1913 257 2427 317 GEMBLACENSIS.

3531 256 3641 315 220

1935 393 1992 462 Α
2015 385 2308 462 Moguntiee
2340 384 2396 440 in
2427 399 2614 459 regem
2636 383 2956 451 benedixit;
3003 383 3215 441 etfacta
3251 399 3283 439 a
3302 384 3644 460 Moguutinls

2017 479 2294 535 seditione
2324 485 2516 535 contra
2547 492 2664 545 eos,
2716 476 2987 533 Rodulfus
3042 493 3166 534 cum
3219 477 3641 550 archiepiscopo

2018 581 2181 631 noctu
2211 574 2444 649 aufugit.
2493 572 2886 629 Hildibraudus
2917 588 3060 644 papa
3086 588 3284 629 omnes
3332 572 3638 628 adversan-

2018 672 2101 719 tes
2162 663 2480 735 imperatori
2509 662 2747 719 absolvit
2778 661 2847 716 ab
2897 660 3225 718 infidelitate
3257 668 3313 718 et
3366 662 3633 734 perjurio.

2020 755 2346 825 Imperator,
2374 751 2593 822 Alpium
2624 750 2866 806 aditibus
2896 758 3086 806 contra
3116 766 3176 805 se
3208 750 3416 823 ubique
3444 751 3634 806 muni-

2018 842 2106 909 tis,
2163 856 2361 896 omnes
2409 855 2600 896 eorum
2644 838 2875 894 insidias
2925 838 3239 904 frustratus,
3297 839 3484 895 statim
3540 855 3638 910 per

2016 932 2322 1005 Aquileiam
2388 930 2541 987 venit
2589 930 2962 1002 Radisponam
3013 930 3178 1001 (297),
3218 936 3275 986 et
3343 929 3633 986 Rodulfum

2016 1024 2261 1091 adortus,
2298 1039 2424 1079 eum
2478 1022 2669 1095 fugere
2717 1022 3007 1093 compulit,
3054 1028 3109 1078 et
3160 1022 3352 1077 iterata
3408 1020 3638 1093 expedi-

2014 1119 2167 1175 tione
2194 1118 2449 1174 Sueviam
2480 1118 2870 1190 dep0pulatur.

2085 1211 2249 1267 1078.
2502 1210 2593 1265 22.
2848 1208 2936 1264 18.
3194 1209 3282 1264 12.

2085 1300 2271 1371 (Mam)
2303 1300 2593 1355 Heinricus
2640 1299 2940 1370 imperator
2967 1298 3220 1354 Sueviam
3273 1305 3632 1373 pervagatus,

2013 1392 2235 1448 castella
2262 1390 2484 1463 frangit,
2507 1399 2561 1446 et
2590 1391 2778 1446 omnia
2806 1390 3218 1461 depopulando,
3246 1390 3490 1447 inimicis
3513 1391 3633 1446 suis

2015 1481 2389 1548 formidinem,
2424 1480 2616 1535 amicis
2665 1479 2817 1535 addit
2867 1479 3272 1547 fortitudinem,
3301 1488 3357 1535 et
3411 1479 3636 1544 multos,

2014 1574 2109 1645 qui
2156 1589 2221 1628 ex
2275 1573 2670 1644 desperatione
2719 1588 2898 1628 rerum
2937 1589 2967 1627 a
3006 1589 3066 1628 se
3106 1571 3442 1639 defecerant,
3470 1572 3540 1627 ad
3578 1588 3639 1627 se

2016 1663 2259 1717 retrahit.
2304 1663 2670 1718 Herimannus
2723 1662 3042 1733 episc0pus,
3095 1661 3449 1717 Hildibrando
3483 1676 3639 1733 papae

2019 1754 2086 1810 ad
2119 1753 2359 1809 animam
2405 1753 2795 1810 confederatus
2822 1768 2887 1809 ac
2924 1770 3025 1824 per
3067 1755 3174 1809 hoc
3204 1753 3528 1825 imperatori
3558 1767 3643 1807 re-

2020 1845 2207 1911 bellis,
2236 1845 2487 1899 Mettensi
2523 1844 2661 1899 urbe
2691 1843 2938 1916 pellitur.

2094 1938 2249 1993 1079.
2294 1936 2504 2007 (1080.)
2543 1936 2635 1992 23.
2890 1937 2977 1991 19.
3233 1937 3322 1994 13.

2092 2026 2277 2098 (Mam)
2340 2026 2451 2080 Hoc
2481 2032 2729 2095 tempore
2771 2025 2828 2080 in
2861 2025 3092 2081 'oriente
3127 2026 3285 2081 Turci
3316 2040 3485 2097 super
3513 2027 3644 2081 Ara-

2021 2118 2121 2173 bes
2145 2125 2201 2172 et
2245 2118 2545 2172 Saracenos
2576 2116 2943 2183 invaluerant,
2977 2123 3030 2172 et
3078 2117 3389 2171 Armeniam
3448 2124 3504 2173 et
3553 2116 3644 2171 Si-

2022 2207 2157 2262 riam
2185 2206 2551 2274 incursantes,
2585 2209 2786 2264 multas
2813 2210 2981 2264 urbes
3011 2217 3066 2264 et
3088 2209 3265 2280 ipsam
3296 2208 3640 2263 Antiochiam

2021 2296 2264 2366 capiunt.
2285 2298 2409 2367 (1b.)
2443 2297 3047 2368 Heinricusimperator
3069 2297 3124 2352 in
3145 2304 3465 2369 pentecoste
3492 2298 3641 2367 (298)

2019 2394 2295 2443 conventu
2332 2387 2520 2443 habito
2558 2386 2881 2462 Moguntize,
2922 2386 3173 2442 decernit
3214 2384 3632 2441 Hildibrandum

2020 2497 2051 2535 a
2079 2489 2281 2553 papatu
2305 2496 2429 2537 esse
2470 2482 2902 2554 deponendum;
2943 2490 2996 2537 et
3055 2481 3487 2553 Langobardiam
3540 2497 3642 2551 pc-

2020 2578 2146 2627 tens
2199 2572 2360 2644 (299),
2418 2572 2778 2628 Guicbertum
2831 2572 3106 2628 Ravennae
3161 2572 3641 2644 archiepiscopum

2025 2678 2122 2734 pro
2155 2664 2510 2720 Hildibrando
2539 2680 2736 2736 papam
2769 2664 3043 2737 designat.

2095 2754 2252 2809 1080.
2509 2757 2601 2811 21.
2856 2756 2947 2810 20.
3208 2757 3290 2810 14.

2099 2843 2492 2899 Hildibrandus
2530 2860 2671 2915 papa
2702 2843 2859 2915 quasi
2899 2842 3166 2898 divinitus
3201 2842 3501 2897 revelatum
3534 2842 3645 2896 sibi

2025 2932 2280 3003 predixit,
2342 2933 2446 2988 hoc
2499 2947 2646 2989 anno
2708 2932 2906 2987 falsum
2972 2946 3161 3004 regem
3233 2945 3355 2985 esse
3412 2930 3647 2985 moritu-

2023 3038 2142 3076 rum
2172 3022 2335 3093 (300).
2380 3021 2444 3077 Et
2483 3038 2673 3077 verum
2714 3021 2940 3093 quidem
2989 3019 3248 3091 predixit,
3306 3018 3406 3074 sed
3451 3018 3649 3074 fefellit

2023 3127 2148 3167 eum
2179 3112 2251 3167 de
2282 3112 2419 3167 falso
2447 3128 2575 3185 rege
2614 3113 2931 3182 conjectura
2960 3111 3265 3167 secundum
3296 3126 3456 3165 suum
3502 3110 3648 3166 velle

2022 3219 2191 3274 super
2216 3204 2467 3260 Heinrico
2499 3222 2629 3277 rege
2669 3206 3027 3276 interpretata
3064 3203 3153 3258 ³⁸³.
3190 3207 3247 3273 (Α
3302 3203 3476 3274 Leod.)
3519 3203 3637 3259 Rex

2024 3292 2174 3347 enim
2215 3293 2500 3349 Heinricus
2530 3294 2840 3349 Saxonibus
2860 3292 3010 3368 gravi
3045 3291 3224 3363 prelio
3253 3291 3635 3365 congreditur,

2024 3394 2078 3442 et
2130 3388 2187 3442 in
2230 3403 2530 3462 congressu
2581 3388 2752 3443 falsus
2809 3404 2899 3443 rex
2951 3386 3221 3442 Rodulfus
3272 3403 3397 3442 cum
3457 3386 3646 3441 multis

2023 3478 2274 3534 Saxoniae
2303 3479 2646 3552 principibus
2688 3479 3029 3553 extinguitur
3085 3478 3255 3549 (301).
3307 3478 3493 3549 (Mam)
3534 3477 3650 3532 Mo-

2022 3573 2228 3645 guncia
2286 3589 2546 3647 magnum
2620 3578 2992 3630 terraemotum
3057 3570 3335 3643 persensit
3389 3569 3651 3625 Kalendis

2026 3668 2368 3725 Decembris.

2098 3763 2259 3818 1081.
2515 3762 2608 3818 25.
2859 3761 2952 3817 21.
3207 3759 3295 3817 15.

2099 3850 2221 3922 (Ib)
2252 3848 2538 3923 Moguncia
2586 3864 2652 3904 ex
2691 3849 2925 3904 maxima
2952 3856 3106 3920 parte
3145 3847 3404 3903 incendio
3442 3846 3657 3904 conﬂa-

2024 3942 2219 4016 gravit.
2255 3942 2480 4014 Magnus
2504 3948 2849 3997 terreamotus
2886 3957 3012 3997 cum
3042 3939 3194 4015 gravi
3238 3946 3400 3995 terrea
3433 3940 3649 4011 mugitu

2025 4036 2201 4091 factus
2253 4041 2338 4090 est
2386 4034 2422 4091 6
2478 4034 2591 4089 Kal.
2644 4034 2852 4105 Aprilis
2906 4034 2998 4102 (Α.
3060 4032 3234 4105 Leod.)
3281 4031 3459 4105 prima
3510 4032 3650 4087 hora

2027 4128 2223 4197 noctis,
2254 4127 2593 4201 portendens
2632 4127 2773 4184 forte
2815 4126 3111 4182 imminens
3141 4125 3369 4196 malum,
3413 4125 3560 4198 quod
3594 4125 3650 4180 in

2029 4226 2144 4277 toto
2170 4221 2304 4276 orbe
2349 4219 2617 4286 insonuit,
2659 4227 2714 4275 et
2766 4218 2913 4274 unde
2954 4226 3098 4274 terra
3137 4217 3314 4273 doluit
3354 4223 3409 4271 et
3464 4215 3641 4271 dolet.

2029 4318 2147 4386 (1b.)
2183 4315 2471 4370 Heinricus
2496 4315 2642 4369 enim
2677 4315 2973 4385 imperator
3003 4313 3071 4367 ad
3103 4311 3496 4368 debellandum
3549 4327 3650 4381 pa-

2031 4423 2154 4478 pam
2189 4405 2608 4461 IIildibrandum
2640 4404 2849 4461 Italiam
2892 4403 3054 4475 petit;
3087 4409 3279 4459 contra
3303 4418 3470 4475 quem
3504 4416 3651 4473 papa

1667 4511 1885 4566 VARle
1916 4510 2291 4567 LECTIONES.

390 4603 461 4640 ’⁵ο
481 4608 540 4659 in
564 4621 763 4661 rasura
808 4611 972 4664 unius
997 4609 1152 4663 linere
1179 4609 1257 4663 18.
1298 4616 1359 4665 ut
1409 4611 1652 4677 videtur;
1684 4611 1798 4665 reti.

1849 4616 2047 4680 praeter
2098 4613 2158 4662 A.

2245 4609 2309 4643 ²⁵¹
2343 4608 2399 4662 ἱη
2442 4607 2624 4663 medio
2654 4607 2851 4678 Aprilis
2901 4606 3110 4661 mensis
3137 4606 3510 4675 superscripsit
3536 4604 3651 4658 alia

316 4692 517 4731 manus
557 4679 796 4745 (aqualis.
830 4683 911 4733 Ita
946 4682 1132 4748 legunt
1159 4680 1283 4736 83*.
1337 4680 1425 4735 C'l.
1460 4681 1545 4735 2".
1592 4683 1642 4735 3.
1678 4682 1763 4735 [ιι.
1799 4679 2031 4736 Fest/uec
2068 4683 2246 4735 delata
2275 4687 2405 4735 sunt
2446 4681 2694 4749 qua’dam
2744 4694 2862 4748 qua:
2918 4681 3061 4732 inter
3090 4680 3237 4732 hunc
3264 4683 3315 4731 et
3338 4681 3649 4749 seqaeatem

319 4764 537 4802 armum
566 4751 878 4817 interposita
904 4746 1147 4817 fuerant.
1181 4753 1238 4806 A.
1281 4768 1345 4807 ea
1375 4756 1453 4807 ita
1503 4754 1750 4808 exhibet:
1793 4753 2120 4807 Godefridus
2174 4752 2281 4805 dux
2323 4751 2378 4805 in
2413 4746 2667 4806 Fresonia
2720 4746 2972 4804 a'sicario
3028 4748 3335 4819 perimitur.
3415 4746 3487 4782 ⁸⁵³
3516 4746 3654 4802 Gre-

321 4818 536 4893 gorium
565 4820 634 4873 ab
664 4822 759 4875 hoc
787 4822 912 4876 inde
936 4838 1082 4877 anno
1107 4830 1417 4879 wristanter
1440 4832 1591 4879 vocat
1619 4824 1744 4880 B3“.
1835 4825 1905 4859 ἐνδ
1935 4824 2330 4878 Hildibrandus
2359 4854 2428 4863 —
2454 4822 2812 4895 interpretata
2831 4818 3155 4878 desunt’BL"
3181 4819 3300 4878 4".

1868 4922 2076 4978 ΝΟΤᾸΞ.

393 5014 532 5089 (292)
566 5014 955 5089 Androverpia:
989 5016 1041 5070 id
1068 5025 1438 5089 perpetratum
1471 5018 1693 5074 tradunt
1715 5018 1822 5074 alii.

393 5086 538 5156 (293)
570 5087 627 5140 D.
663 5085 732 5139 24
760 5086 979 5143 Januar.
1017 5085 1173 5143 1076.

393 5157 536 5224 (294)
568 5157 753 5212 Mense
783 5157 942 5215 Febr.
987 5159 1146 5214 1076.

395 5228 538 5296 (295)
573 5230 631 5283 υ.
650 5230 720 5284 28
738 5228 859 5284 Jan.
892 5230 1051 5285 1077.

397 5299 534 5368 (290)
567 5300 720 5355 0.15
749 5299 901 5355 Mart.
921 5300 1077 5356 1077.

393 5369 541 5439 (207)
573 5370 755 5426 Mense
786 5370 948 5427 Maio.

394 5439 532 5509 (298)
556 5441 616 5496 0.
660 5441 728 5498 12
757 5441 901 5497 Maii.

394 5510 532 5582 (299)
548 5510 641 5566 Vel
672 5513 858 5582 potius
887 5513 1205 5581 Brixiniam,
1224 5514 1276 5568 d.
1310 5513 1382 5569 25
1402 5514 1530 5570 Jun.
1559 5517 1715 5573 1080.

388 5580 536 5659 (300)
580 5580 879 5659 Gregorius
927 5585 1061 5659 νηὶ
1082 5586 1201 5659 ipse
1233 5586 1454 5656 scripsit
1501 5588 1760 5659 episcopo
1814 5589 1932 5643 Tri-

319 5648 550 5708 dentino
593 5648 834 5720 (Eccard.
884 5672 943 5723 ιι,
1004 5648 1153 5723 176);
1186 5648 1399 5712 Festum
1456 5648 1599 5713 beati
1629 5648 1773 5715 Petri
1821 5676 1934 5715 non

1952 5023 2009 5093 D
2022 5022 2177 5088 prius
2209 5019 2623 5093 transeundum,
2650 5035 2817 5091 quam
2844 5022 2902 5073 in
2932 5025 3253 5074 cunctorum
3298 5016 3495 5071 notitia
3527 5029 3648 5093 eer-

2035 5094 2235 5145 tissime
2263 5090 2487 5157 ctareat,
2529 5091 2685 5145 illum
2722 5093 3024 5160 justissime
3051 5104 3159 5145 esse
3208 5090 3654 5144 emmuniea-

2035 5169 2171 5235 tum.
2204 5160 2404 5214 Bonizo
2451 5167 2599 5216 totus
2628 5162 2890 5235 Gregorio
2921 5162 3009 5215 VII
3050 5160 3303 5216 deditus:
3358 5162 3425 5212 In
3450 5172 3652 5213 secun-

2032 5234 2104 5287 da
2150 5235 2291 5300 feria
2328 5237 2445 5301 post
2496 5249 2662 5302 pasca
2707 5234 2853 5303 apud
2894 5236 2947 5288 S.
3005 5238 3242 5298 Petrum,
3301 5245 3428 5284 cum
3472 5244 3654 5297 regem

2032 5306 2567 5372 exeommunicasset,
2597 5307 2826 5377 adjecit:
2859 5304 3114 5359 Omnibus
3141 5304 3283 5359 vobis
3311 5307 3505 5377 notum
3557 5304 3649 5367 sit,

2034 5377 2172 5445 quod
2197 5378 2245 5429 si
2269 5390 2433 5444 usque
2478 5377 2549 5431 ad
2583 5374 2932 5446 festivitatem
2965 5378 3019 5430 S.
3062 5376 3206 5429 Petri
3236 5374 3500 5446 Henricus
3541 5385 3652 5446 non

2031 5443 2359 5515 resipuerit.’
2392 5443 2641 5504 mortuas
2691 5450 2794 5502 erit
2823 5452 2922 5501 aut
2958 5447 3241 5516 depositus.
3274 5443 3420 5507 Quod
3451 5445 3534 5516 ei_
3547 5445 3653 5516 μσς

2032 5512 2149 5573 ποθί
2192 5520 2380 5586 fuerit,
2407 5521 2545 5573 mihi
2593 5521 2737 5575 credi
2760 5519 2995 5588 amplius
3019 5512 3149 5573 non
3186 5520 3409 5587 oportet.
3442 5512 3651 5583 ((Efele

2031 5589 2128 5658 ss,
2162 5589 2309 5645 Boic.
2341 5590 2382 5656 I,
2415 5590 2565 5658 819)

2104 5660 2244 5729 (301)
2272 5660 2335 5715 D.
2365 5661 2434 5715 15
2464 5660 2576 5717 Oct.
2614 5659 2771 5716 1080.
