3924 6080
350 285 457 343 223

1524 283 1873 340 SIGEBERTI
1911 281 2435 340 GEMBLACENSIS.

3572 279 3682 338 224

349 412 607 479 gentiam,
636 413 767 479 quia
788 411 956 475 ﬁnem
998 412 1126 464 vita:
1146 425 1261 466 sua
1285 410 1594 480 aspiciebat.
1621 414 1688 464 Et
1717 415 1833 464 tam
1853 410 1960 465 cito
1981 412 2037 482 Α
2059 422 2229 483 gnum
2257 412 2313 464 et
2342 406 2713 464 sacerdotium
2765 405 3045 472 dissentit,
3099 405 3230 460 dum
3279 403 3415 460 alter
3442 402 3678 459 alterum

347 499 604 553 induebat
624 514 680 552 se
725 500 1028 567 angelicam
1080 506 1296 567 vestem,
1328 507 1381 555 et
1407 501 1613 555 dimisit
1636 515 1702 554 ac
1723 500 1958 555 dissolvit

346 588 567 642 vincula
612 590 857 641 omnium
903 588 1213 644 bannorum
1256 603 1483 643 suorum
1537 590 1851 658 imperatori
1910 593 1961 641 et

348 681 498 732 omni
548 681 741 749 populo
788 682 1102 747 christiano,
1130 683 1265 735 vivis
1306 687 1357 735 et
1410 681 1700 747 defunctis,
1755 681 1960 735 clericis

350 774 401 821 et
424 768 577 823 (uicis
608 785 627 836 ;
672 774 723 823 et
738 772 905 838 jussit
943 785 1065 825 suos
1116 770 1266 824 abire
1291 770 1355 823 de
1403 770 1554 825 domo
1595 769 1878 825 Deoderiei.
1907 774 1959 823 et

347 862 545 914 amicos
575 864 909 929 imperatoris
935 862 1231 916 ascendere.

420 948 579 1004 1086.
802 949 864 1003 R.
897 949 989 1004 30.
1172 950 1230 1003 F.
1251 949 1342 1004 26.
1528 949 1587 1002 Α.
1615 946 1705 1003 20.

417 1042 662 1097 Saxones
687 1044 877 1097 urbem
914 1043 1256 1099 Wirziburch
1286 1043 1627 1108 obsidentes,
1654 1047 1715 1096 ut
1744 1041 1957 1113 episco-

350 1148 476 1203 pum
505 1131 679 1203 ipsius
735 1133 1063 1188 Alberonem
1119 1150 1150 1187 a
1202 1133 1416 1189 civibus
1450 1131 1740 1202 expulsum
1795 1128 1954 1184 resti-

349 1231 506 1279 tuant
544 1224 662 1279 sedi
714 1240 851 1291 suae,
904 1225 1190 1280 Heinricus
1264 1226 1567 1295 imperator
1616 1221 1951 1296 aggreditur.

346 1316 455 1369 Sed
516 1315 790 1371 exercitus
836 1317 957 1385 ejus
1010 1317 1273 1372 divinitus
1312 1317 1604 1372 exterritus
1662 1314 1847 1379 cessit,
1900 1320 1956 1369 et

342 1404 664 1460 ceciderunt
693 1422 756 1460 ex
784 1406 865 1461 eis
896 1407 1019 1477 plus
1056 1423 1220 1477 quam
1253 1407 1286 1461 4
1336 1406 1506 1471 milia,
1539 1423 1570 1460 a
1593 1412 1749 1476 parte
1780 1402 1954 1456 Saxo-

343 1514 475 1551 num
507 1499 574 1552 14
600 1504 810 1552 tantum
840 1499 1038 1553 occisis
1058 1498 1224 1569 (312).
1270 1498 1463 1552 Niimia
1484 1512 1747 1569 aquarum
1788 1494 1957 1548 inun-

345 1585 497 1641 datio
534 1587 721 1641 multis
749 1587 805 1642 in
834 1587 973 1641 locis
1006 1588 1206 1642 damno
1235 1594 1289 1642 et
1312 1587 1554 1658 periculo
1583 1585 1770 1640 fuitJn
1806 1581 1956 1636 Italia

345 1686 496 1735 tanta
538 1681 771 1736 diluvies
798 1679 919 1746 fuit,
952 1689 1009 1735 ut
1031 1698 1197 1752 rupes
1226 1681 1440 1752 liquore
1474 1693 1739 1751 aquarum
1771 1677 1955 1730 disso-

344 1773 495 1839 lutae,
524 1774 706 1843 plures
747 1775 904 1829 villas
942 1775 1099 1829 ruina
1124 1790 1223 1829 sua
1289 1774 1727 1829 exterminarent
1803 1769 1957 1824 Casi-

343 1865 596 1919 nensium
653 1867 821 1921 abbas
877 1866 1210 1928 Desiderius,
1266 1867 1361 1937 qui
1394 1872 1449 1920 et
1505 1865 1710 1931 Victor,
1765 1870 1957 1919 contra

348 1953 682 2008 Clementem
752 1955 811 2009 ﬁt
880 1972 1038 2026 papa,
1086 1956 1182 2009 sed
1244 1954 1578 2009 dissentcria
1626 1942 1956 2019 dissolutus,

348 2061 457 2100 non
489 2046 660 2101 multo
694 2054 816 2117 post
866 2048 1097 2102 moritur
1149 2048 1315 2118 (313).
1375 2048 1662 2103 Anselmus
1700 2046 1961 2102 Lucensis

347 2135 662 2205 episcopus,
697 2136 1040 2191 llildibrandi
1088 2154 1245 2207 papae
1272 2143 1598 2208 cooperator
1624 2136 1955 2202 indefessus,

346 2225 493 2295 apud
524 2225 794 2279 Mantuam
825 2226 1053 2280 exulans
1080 2227 1311 2281 moritur
1342 2228 1487 2297 (313)
1520 2226 1655 2299 ;qui
1681 2228 1738 2280 in
1772 2226 1961 2280 [liere-

347 2316 512 2370 miam
547 2323 602 2371 et
632 2316 686 2370 in
729 2316 976 2373 Psalmos
1020 2325 1285 2374 tractatus
1337 2319 1532 2386 edidit,
1576 2327 1631 2374 et
1658 2318 1961 2375 doctrinam

348 2405 689 2461 Hildibrandi
723 2406 864 2462 libro
892 2406 1172 2463 luculento
1226 2408 1571 2464 continuavit
1605 2427 1620 2475 ;
1652 2410 1811 2477 cujus
1829 2425 1960 2463 san-

347 2495 504 2550 ctitas
548 2496 826 2550 miraculis
855 2497 1129 2552 declarata
1178 2505 1275 2553 est.
1327 2499 1654 2555 Domestica:
1683 2515 1832 2561 aves.
1862 2515 1960 2569 pa-

350 2600 542 2651 vones,
563 2587 779 2657 gallina:
807 2594 861 2643 et
888 2604 1060 2655 aucae,
1093 2605 1125 2644 a
1144 2590 1403 2646 domibus
1442 2607 1502 2645 se
1546 2598 1956 2661 extraneantes,

350 2674 489 2731 ﬁunt
525 2677 804 2732 silvaticze.

424 2769 579 2825 1087.
870 2774 960 2828 31.
1244 2777 1334 2829 27.
1580 2778 1639 2830 2'
1658 2821 1669 2832 .

422 2858 979 2931 lnterimpcratorem
1029 2870 1084 2917 et
1136 2864 1381 2919 Saxones
1405 2866 1556 2920 vario
1606 2872 1806 2921 eventu
1838 2867 1960 2937 plus

349 2951 470 3006 vice
507 2952 748 3024 simplici
793 2964 1086 3027 pugnatur.
1145 2959 1371 3027 (Transi.
1424 2962 1475 3012 S.
1526 2961 1671 3029 Nic)
1704 2961 1762 3013 In
1807 2959 1962 3014 Italia

351 3040 668 3095 Venelianis
693 3042 1089 3098 meditantibus
1118 3045 1334 3101 auferre
1383 3062 1586 3118 corpus
1650 3049 1823 3104 sancti
1864 3050 1961 3103 Ni-

349 3128 526 3183 cholai
567 3130 790 3201 aMyrea
836 3131 1009 3202 Lyciae
1042 3149 1074 3187 a
1120 3133 1306 3190 Turcis
1335 3136 1606 3203 desolata,
1649 3153 1959 3208 preocupa—

349 3228 544 3273 verunt
573 3234 671 3274 eos
697 3220 966 3275 Varenses
998 3221 1145 3276 cives
1176 3238 1406 3279 numero
1458 3225 1546 3291 45,
1575 3233 1630 3279 et
1656 3225 1725 3279 ab
1754 3226 1953 3283 Antio-

347 3309 729 3381 chiaMyream
779 3312 1089 3377 venientes,
1132 3331 1162 3369 a
1190 3316 1223 3370 6
1267 3316 1556 3372 monachis
1609 3324 1816 3373 tantum
1878 3320 1955 3374 ibi

347 3401 586 3457 inventis
632 3411 981 3459 extorserunt
1025 3406 1135 3461 sibi
1191 3408 1410 3463 ostendi
1465 3409 1706 3465 tumbam
1738 3413 1951 3477 sancti;

346 3510 454 3565 qua
478 3492 719 3563 effracta,
778 3511 903 3551 ossa
952 3498 1126 3553 sancti
1180 3499 1238 3553 in
1286 3500 1394 3556 olei
1442 3501 1657 3573 liquore
1709 3504 1956 3559 natantia

348 3587 564 3661 integro
603 3604 831 3645 numero
886 3597 1254 3660 extraxerunt,
1309 3600 1363 3648 et
1397 3586 1580 3649 Varim
1626 3612 1751 3651 cum
1780 3598 1957 3669 gloria

347 3676 667 3734 attulerunt.
700 3678 858 3735 Facta
897 3687 979 3736 est
1010 3682 1129 3738 haec
1178 3684 1467 3740 translatio
1493 3701 1640 3741 anno
1666 3687 1769 3742 715
1798 3702 1829 3740 a
1856 3687 1956 3743 de-

350 3765 623 3835 positione
650 3768 825 3824 sancti
870 3769 1112 3825 Nicholai
1145 3771 1311 3841 (315).
1345 3772 1531 3828 Pisces
1561 3774 1616 3829 in
1647 3776 1806 3847 aquis
1834 3793 1957 3833 mo-

348 3853 562 3910 riuntur
588 3855 675 3909 ³⁵⁸.

423 3941 580 3997 1088.
832 3944 921 4001 32.
1174 3946 1265 4003 28.
1541 3951 1633 4005 22.

421 4031 479 4083 In
514 4030 787 4102 Hyspania
837 4049 932 4087 rex
985 4033 1224 4090 Galliciae
1255 4036 1430 4091 Amful
1463 4037 1767 4095 Saracenos
1798 4042 1955 4100 forti-

346 4132 428 4179 ter
464 4124 722 4195 debellat,
754 4134 808 4182 et
841 4128 1113 4198 Toletum,
1166 4130 1465 4187 maximam
1513 4149 1701 4189 eorum
1732 4138 1950 4207 urbem,

349 4220 675 4292 peraliquot
724 4237 901 4277 annos
957 4223 1234 4279 obsessam
1294 4225 1513 4281 tandem
1571 4238 1871 4305 expugnat,
1901 4240 1955 4287 et

343 4311 548 4368 cultum
581 4313 993 4371 christianitatis
1025 4317 1081 4371 in
1120 4334 1185 4373 ea
1214 4318 1418 4374 dilatat.
1445 4321 1560 4377 Odo
1590 4339 1656 4378 ex
1682 4328 1953 4381 monacho

1978 1732 2031 1800 Β

2059 500 2519 571 excommunicat,
2572 500 2716 557 alter
2755 501 2984 556 alterius
3040 498 3675 556 excommunicationem

2059 599 2153 646 aut
2174 606 2241 645 ex
2270 606 2450 646 causa:
2475 597 2569 645 aut
2594 605 2660 645 ex
2683 604 2934 661 personae
2975 588 3284 661 prejudicio
3314 586 3583 659 despicit;
3616 593 3678 644 et

2060 685 2189 739 dum
2216 685 2354 739 alter
2398 684 2454 738 in
2501 684 2733 739 alterum
2782 680 3302 739 excommunicandi
3347 680 3675 736 auctoritate

2058 773 2234 844 magis
2262 788 2328 827 ex
2353 787 2452 827 suo
2475 771 2656 838 libitu,
2689 788 2853 843 quam
2892 788 2958 827 ex
2982 770 3212 840 justitize
3244 777 3504 841 respectu
3531 768 3673 822 abu-

2057 861 2210 928 titur,
2238 861 2536 918 auctoritas
2589 860 2756 917 illius.
2798 861 2890 933 qui
2919 860 3075 916 dedit
3103 864 3428 931 potestatem
3464 856 3676 932 ligandi

2058 965 2123 1006 ac
2149 950 2420 1018 solvendi,
2448 950 2675 1006 omnino
2717 949 3017 1022 deSpicitur
3048 948 3143 1021 (cf.
3182 954 3278 1019 Ep.
3311 946 3466 1019 Sig.).
3499 944 3678 1001 Nimi-

2056 1058 2197 1107 rum,
2230 1048 2290 1097 ut
2318 1058 2454 1113 pace
2483 1042 2730 1098 omnium
2775 1042 3044 1098 bonorum
3105 1040 3360 1105 dixerim,
3405 1040 3521 1095 haec
3551 1036 3674 1094 sola

2055 1134 2287 1200 novitas,
2320 1149 2392 1188 ne
2421 1134 2601 1188 dicam
2630 1132 2863 1199 heresis,
2887 1133 3129 1189 necdum
3161 1132 3218 1186 in
3248 1131 3457 1187 mundo
3477 1144 3669 1185 emer-

2055 1230 2222 1288 serat,
2251 1229 2310 1278 ut
2336 1222 2651 1278 sacerdotes
2688 1223 2858 1288 illius,
2908 1223 3002 1293 qui
3055 1221 3190 1276 dicit
3238 1221 3355 1296 regi
3388 1227 3666 1291 apostata,

2053 1325 2109 1373 et
2134 1318 2228 1389 qui
2256 1334 2489 1391 regnare
2518 1317 2647 1372 facit
2695 1317 2995 1387 ypocritam
3045 1324 3272 1387 propter
3298 1322 3522 1387 peccata
3562 1330 3669 1386 po-

2057 1408 2193 1479 puli,
2224 1409 2457 1464 doccant
2506 1410 2793 1479 p0pulum,
2834 1409 2985 1480 quod
3016 1408 3176 1463 malis
3201 1407 3427 1482 regibus
3459 1406 3667 1462 nullam

2055 1500 2737 1569 debeantsubjectionem,
2768 1506 2821 1555 et
2850 1500 3077 1555 licetcis
3106 1507 3511 1554 sacramentum
3528 1496 3672 1553 fide-

2057 1594 2224 1650 litatis
2250 1594 2502 1658 fecerint,
2536 1594 2742 1650 nullam
2787 1604 2974 1650 tamen
3040 1594 3362 1649 fidelitatem
3401 1592 3666 1658 debeant,

2055 1700 2159 1739 nec
2187 1684 2394 1754 perjuri
2431 1685 2706 1751 dicantur,
2734 1685 2828 1756 qui
2882 1692 3074 1740 contra
3123 1699 3314 1756 regem
3340 1681 3620 1738 senserint
3649 1698 3667 1748 ;

2056 1775 2167 1832 imo
2195 1777 2289 1848 qui
2321 1778 2437 1853 regi
2468 1778 2715 1849 paruerit
2739 1793 2836 1849 pro
2866 1776 3342 1833 excommunicato
3375 1775 3666 1838 habeatur,

2057 1866 2151 1937 qui
2180 1872 2369 1921 contra
2393 1884 2579 1940 regem
2608 1867 2819 1933 fecerit,
2841 1881 2872 1920 a
2901 1881 3045 1921 noxa
3083 1863 3365 1937 injustitiaa
3396 1872 3452 1918 et
3481 1861 3668 1934 perju-

2059 1955 2125 2010 rii
2148 1955 2479 2011 absolvatur.

2136 2046 2290 2104 1089.
2310 2047 2514 2117 (1090.)
2556 2047 2624 2102 33
2838 2046 2925 2101 29.
3181 2044 3273 2102 23.

2131 2136 2415 2207 (A.Leod.)
2470 2134 2712 2192 Coloniae
2767 2142 2891 2205 post
2943 2133 3235 2208 Signinum
3296 2131 3667 2188 Hcrimannus

2062 2223 2346 2280 ordinatur
2398 2222 2851 2295 archiepiscopus
2922 2221 3089 2293 (3|7).
3154 2219 3453 2278 Godefrido
3498 2219 3671 2290 (318),

2065 2319 2346 2376 Godefridi
2386 2319 2635 2375 Gimbosi
2691 2335 2759 2374 ex
2787 2334 2978 2375 sorore
3004 2317 3214 2389 nepoti,
3257 2317 3479 2373 tandem
3511 2317 3675 2372 datur

2061 2416 2293 2471 ducatus
2319 2412 2684 2487 Lotharingiae
2724 2413 2847 2484 (1b.)
2878 2413 3065 2467 Annus
3113 2409 3406 2482 pestilens,
3437 2409 3673 2465 maxime

2062 2505 2119 2559 in
2148 2504 2473 2560 occidentali
2521 2509 2675 2574 parte
2704 2501 3071 2575 Lotharingiae
3104 2519 3119 2567 ;
3149 2500 3246 2556 ubi
3284 2498 3467 2567 multi,
3517 2513 3674 2555 sacro

2060 2601 2175 2674 igni
2202 2600 2466 2656 interiora
2517 2604 2879 2655 consumente
2922 2602 3455 2668 computrescentes,
3484 2594 3670 2651 exesis

2060 2693 2308 2749 menbris
2334 2692 2507 2748 instar
2523 2690 2824 2747 carbonum
2851 2688 3315 2761 nigrescentibus,
3348 2695 3441 2743 aut
3490 2687 3668 2742 mise-

2061 2789 2311 2844 rabiliter
2336 2787 2666 2855 moriuntur,
2710 2793 2805 2842 aut
2833 2786 3088 2841 manibus
3132 2792 3187 2840 et
3217 2782 3453 2855 pedibus
3483 2789 3671 2855 putre-

2062 2880 2219 2936 factis
2293 2879 2551 2945 truncati,
2634 2876 3027 2933 miserabiliori
3090 2876 3218 2932 vita:
3297 2880 3669 2940 reservantur,

2062 2970 2217 3025 multi
2246 2985 2375 3026 vero
2416 2983 2710 3024 nervorum
2757 2965 3135 3024 contractione
3184 2963 3401 3020 distorti
3433 2972 3675 3019 tormen-

2060 3068 2264 3116 tantur.

2133 3155 2289 3210 1090.
2508 3154 2597 3208 34.
2843 3151 2932 3211 30.
3150 3150 3241 3206 24.

2130 3246 2417 3302 Heinricus
2448 3246 2750 3317 imperator
2803 3245 2872 3301 ad
2901 3244 3265 3301 debellandos
3313 3243 3673 3299 adversantes

2054 3335 2160 3389 sibi
2192 3336 2399 3390 Italiam
2429 3335 2632 3407 repetit
2716 3335 2877 3403 (3I9).
2937 3333 3303 3389 Herimannus
3356 3341 3671 3403 tyrannusa

2055 3426 2288 3481 Saxonia
2341 3424 2749 3498 Lotharingiam
2803 3431 3063 3495 repetens
3106 3467 3120 3491 ,
3177 3423 3246 3478 ad
3307 3422 3672 3479 concitandos

2054 3513 2209 3584 regni
2236 3513 2666 3568 motuslaborat.
2706 3512 2809 3578 Qui
2844 3512 2975 3566 dum
3006 3526 3162 3567 muro
3215 3510 3425 3566 castelli
3476 3509 3669 3579 cujus-

2056 3606 2183 3662 dam
2215 3607 2435 3662 incaute
2458 3605 2823 3677 approximat,
2868 3605 3017 3674 jacto
3047 3605 3117 3661 de
3154 3604 3289 3659 turri
3330 3618 3463 3660 saxo
3493 3602 3548 3657 in
3579 3617 3672 3659 ca-

2057 3700 2175 3771 pite
2204 3700 2525 3771 percutitur,
2555 3704 2609 3753 et
2635 3699 2868 3754 moritur
2892 3696 3057 3768 (320).
3095 3696 3272 3752 Mettis
3309 3711 3514 3768 corpus
3544 3711 3671 3750 san-

2058 3789 2131 3844 cti
2156 3788 2471 3854 Clementis,
2502 3788 2665 3858 primi
2712 3774 2961 3858 episcopi
2984 3787 3052 3841 ab
3084 3785 3349 3858 apostolis
3375 3784 3487 3841 illic
3514 3782 3669 3839 ordi-

2058 3880 2192 3947 nati,
2220 3881 2504 3936 inventum
2530 3881 2756 3935 levatur.
2824 3879 3186 3935 Herimannus
3216 3878 3512 3948 episcopus
3539 3892 3669 3947 per-

2060 3970 2228 4025 missu
2255 3969 2606 4040 imperatoris
2632 3968 3033 4024 aMettensibus
3052 3968 3191 4023 urbe
3222 3973 3503 4039 receptus,
3537 3965 3669 4021 dum

2056 4069 2180 4132 post
2205 4059 2498 4133 prandium
2530 4060 2831 4115 liberaliter
2856 4060 3190 4115 celebratum
3223 4058 3280 4113 in
3312 4058 3452 4113 lecto
3478 4073 3539 4112 se
3569 4071 3662 4113 re-

2053 4152 2313 4220 clinasse,
2366 4159 2615 4223 mortuus
2641 4151 2920 4207 invenitur
2969 4151 3039 4186 ³⁵⁸
3068 4150 3237 4221 (321).
3308 4151 3366 4205 ln
3423 4148 3663 4204 Saxouia

2056 4244 2326 4318 Egbertus
2353 4258 2558 4311 eomes,
2591 4244 2719 4298 dum
2754 4240 3304 4313 ﬁdelesimperatoris
3331 4239 3477 4296 bello
3509 4240 3667 4296 inse-

2054 4334 2260 4405 quitur,
2290 4340 2346 4389 et
2398 4333 2517 4403 ipse
2565 4332 2875 4403 perimitur.
2926 4330 3197 4386 Sterilitas
3247 4329 3461 4402 frugum
3503 4335 3665 4385 terrae

342 4400 685 4459 Cluniacensi
717 4403 1013 4476 episcopus
1042 4405 1329 4476 Ostiensis,
1344 4418 1534 4466 contra
1562 4412 1949 4485 imperatorem
1973 4464 2029 4498 η
2054 4400 2318 4498 augescit,
2351 4400 2611 4477 et—fames
2639 4419 2901 4492 paulatim
2933 4419 3141 4490 irrepit.

343 4503 399 4550 et
424 4496 775 4554 Guicbertum
820 4497 881 4555 ﬁt
935 4517 1097 4571 papa,
1146 4508 1202 4557 et
1257 4502 1507 4561 Urbanus
1547 4508 1860 4565 nominatur
1884 4511 1950 4546 ³⁵⁷

345 4586 517 4657 (316).
548 4587 682 4643 Hinc
710 4589 763 4643 in
794 4589 1044 4645 tecclesia
1073 4593 1332 4650 scandala
1370 4602 1425 4650 et
1474 4596 1529 4650 in
1560 4612 1730 4669 regno
1773 4613 1951 4674 auge-

345 4688 505 4737 scunt
534 4682 787 4747 discidia,
821 4684 949 4740 dum
975 4685 1113 4742 alter
1140 4688 1209 4743 ab
1234 4688 1404 4745 altero
1432 4690 1682 4760 dissidet,
1709 4692 1839 4748 dum
1866 4711 1955 4750 re-

2126 4514 2285 4569 1091.
2501 4511 2588 4568 35.
2799 4511 2890 4566 31.
3109 4510 3201 4567 25.

2127 4605 2244 4675 (1b.)
2277 4604 2564 4659 lleinricus
2587 4602 2889 4673 imperator
2922 4602 2979 4657 in
3017 4601 3172 4657 Italia
3200 4603 3425 4659 castella
3456 4609 3511 4658 et
3541 4618 3668 4658 mu-

2054 4691 2296 4749 nitiones
2334 4690 2744 4746 adversantium
2775 4690 3195 4767 sibiexpugnat,
3224 4689 3498 4747 Mantuam
3525 4707 3668 4764 quo-

1694 4792 1914 4849 VARUE
1944 4794 2219 4851 LECTION
2227 4792 2322 4848 ES.

347 4883 419 4919 ’δε
442 4887 675 4970 Posthac
702 4890 763 4970 in
791 4885 842 4941 1.
883 4890 1039 4970 inter“
1054 4891 1201 4970 hunc
1228 4900 1287 4970 et
1307 4898 1611 4970 sequentem
1657 4908 1870 4970 annum
1898 4897 2164 4970 quadam
2218 4897 2480 4970 inscripta
2533 4899 2712 4961 erant,
2736 4896 2859 4962 jam
2883 4907 3057 4948 erasa.
3093 4892 3160 4928 ³⁸⁷
3190 4896 3476 4965 Sequentia
3503 4896 3665 4967 hujus

346 4959 487 5011 anni
513 4960 697 5012 omnia
725 4959 919 5014 desunt
937 4960 1062 5015 83*.
1090 4960 1213 5015 (14".
1246 4959 1698 5019 Herimannus—
1724 4959 2004 5022 invenit-ur
2030 4969 2222 5023 desunt
2248 4966 2309 5020 D.

1922 5066 2135 5123 NOTAE.

346 5170 449 5237 nus
476 5155 803 5237 Spirensist
829 5157 1039 5237 Wecilo
1067 5158 1420 5237 Moguntinus
1453 5163 1691 5237 invasor,
1724 5164 1953 5237 Sigefri-

344 5227 450 5301 dus
479 5228 857 5301 Augustensis,
917 5227 1219 5285 Norbertus
1253 5232 1555 5301 Curiensis,
1596 5250 1719 5289 cum
1752 5227 1956 5291 ar'dcn-

344 5298 491 5351 tibus
519 5298 767 5355 candelis
790 5301 1232 5355 anathematizati
1267 5320 1281 5367 ;
1316 5310 1456 5359 teste
1479 5298 1756 5362 Bertoldo.
1802 5308 1956 5363 Hisat

343 5376 512 5452 erant
530 5370 717 5437 astuti,
762 5371 1197 5452 adpalinodiam
1243 5373 1505 5452 Gregorio
1558 5377 1647 5452 V_ll
1680 5377 1956 5452 affingen-

346 5439 469 5493 dam
501 5440 557 5517 in
614 5439 1306 5517 sequenteeonciliabulo
1351 5439 1702 5517 Noguntino.
1749 5439 1955 5506 HA't'rrz-

346 5526 473 5565 neiu
500 5516 658 5568 Cone.
691 5513 867 5569 Germ.
900 5513 993 5579 lll,
1021 5515 1144 5569 234.

420 5580 565 5650 (312)
594 5583 655 5638 D.
686 5585 747 5638 11
780 5585 912 5650 Aug.
951 5586 1087 5640 1086

420 5652 688 5781 (31ᾖωί3.
718 5656 790 5710 21
842 5652 963 5711 Maii
1016 5657 1152 5712 1086
1206 5655 1435 5725 electus,
1496 5661 1731 5718 moritur
1777 5664 1832 5718 d.
1888 5663 1956 5719 16

347 5740 492 5796 sept.
527 5740 681 5781 ww.

2125 5166 2251 5235 (314
2281 5166 2341 5221 Ι).
2388 5165 2454 5223 19
2482 5165 2617 5220 Mart

2126 5237 2273 5318 (3ιξὶ)
2303 5237 2695 5320 Auet._Joanne
2740 5236 3129 5320 arcliidiaeonno
3179 5238 3435 5305 Barense,
3469 5238 3525 5293 in
3550 5238 3666 5295 Mo-

2054 5308 2857 5436 sapgti'iiagpeinedﬁdnSurium
2876 5326 2929 5379 p.
2965 5308 3092 5364 399.

2342 5421 2353 5434 .
2477 5424 2485 5432 .
2564 5395 2593 5433 a
2653 5420 2665 5433 .

2128 5381 2264 5450 (316
2298 5381 2353 5434 ι).
2397 5381 2665 5434 12.Mart.

2125 5451 2359 5522 (317)D.
2400 5450 2598 5522 25ml.

2126 5520 2255 5587 (318
2280 5522 2355 5577 De
2389 5521 2657 5590 Bullonio,
2692 5520 2807 5577 ﬁlio
2836 5520 2944 5576 Idae
2971 5520 3286 5577 comitissae.

2127 5593 2367 5663 (319)Μ.
2399 5592 2549 5648 Mart.

2129 5663 2373 5732 (320)]11.
2406 5664 2559 5734 Sept.
2604 5666 2759 5734 1088,
2782 5672 2916 5721 teste
2947 5664 3220 5721 Bernoldo

2054 5774 2057 5777 .
2127 5735 2274 5806 (321)
2306 5735 2366 5791 ι).
2402 5735 2436 5791 4
2462 5735 2603 5791 Iaii.
