3894 6070
1717 209 2063 268 CHRONICA.

3437 207 3543 264 226

218 363 334 419 que
369 344 593 402 obsidet
616 351 672 398 et
695 341 842 414 capit
870 341 1036 414 (322).
1062 341 1226 396 Bome
1251 338 1532 395 memoriae
1560 337 1845 392 lleinricus
1869 342 1922 409 Α
1943 351 2038 391 sus
2074 336 2105 389 7
2153 335 2280 390 ldus
2309 334 2534 409 Augusti
2570 333 2791 406 eclipsis
2820 333 2962 389 luute
2993 333 3132 390 facta
3169 341 3275 390 est.
3309 333 3422 406 (1b.)
3453 333 3556 389 0c-

219 437 657 494 Leodieensium
683 435 1010 506 episcOpus.
1040 440 1250 487 amator
1276 430 1428 502 pacis
1466 437 1521 484 et
1559 427 1846 503 religionis

217 527 340 582 obit
393 525 559 595 (323),
591 524 758 596 eique
787 522 1047 588 Otbertus
1084 537 1150 577 ex
1187 521 1336 577 clero
1366 519 1613 590 ejusdem
1651 517 1844 572 accele-

217 615 320 671 siae
353 614 624 670 succedit.

292 703 460 759 1092.
606 702 672 758 Β.
713 699 803 758 36.
955 700 1010 756 F.
1052 699 1137 758 32.
1284 701 1345 754 A.
1385 699 1475 756 26.

955 700 1010 756 F.
1052 699 1137 758 32.

294 795 606 851 Guilelmus
645 810 739 850 rex
778 793 1100 868 Anglorum,
1143 792 1226 846 vir
1269 792 1568 867 singularis
1595 809 1845 851 censurae

217 894 274 941 et
301 883 642 951 severitatis,
696 882 816 938 obit
859 883 1021 952 {324).
1056 881 1355 937 Guilelmus
1379 881 1528 937 filius
1555 883 1675 953 ejus
1721 900 1846 938 suc-

217 977 385 1032 cedit.
417 975 801 1031 lncentoribus
827 973 1082 1030 Saxonici
1112 973 1242 1028 belli
1273 973 1532 1029 omnibus
1554 992 1697 1046 pene
1715 993 1837 1047 pcr-

1945 423 2248 478 cidentalcs
2281 422 2492 494 populi,
2516 423 2768 477 dolentes
2798 422 2917 477 loca
2943 431 3133 478 sancta
3167 422 3558 494 Hierosolymis

1946 537 1978 574 a
2029 518 2292 592 gentibus
2342 517 2642 588 profanari,
2696 525 2751 572 et
2804 519 3010 574 Turcos
3066 518 3230 574 etiam
3292 519 3558 575 terminos

1947 609 2370 664 Christianorum
2423 610 2533 678 jam
2577 609 2746 663 multa
2775 625 2840 664 ex
2871 617 3024 680 parte
3078 609 3367 675 invasisse,
3397 612 3562 666 innu-

1945 700 2245 756 merabiles
2295 717 2406 755 una
2461 700 2795 771 aspiratione
2842 701 2997 768 moti,
3051 708 3106 756 et
3146 702 3350 757 multis
3383 703 3556 778 signis

1947 790 2054 845 sibi
2087 791 2346 857 ostensis,
2397 790 2487 844 alii
2533 790 2602 846 ah
2633 790 2755 846 aliis
2793 791 3043 862 animati,
3081 791 3271 859 (luces,
3302 795 3554 862 comites,

1948 892 2219 956 potentes,
2256 885 2471 941 nobiles
2502 901 2565 939 ac
2597 884 2894 959 ignobiles,
2944 884 3144 940 divites
3184 893 3238 940 et
3265 903 3555 958 pauperes,

1949 973 2106 1028 liberi
2142 983 2196 1030 et
2241 975 2408 1040 servi,
2440 974 2708 1044 epise0pi,
2741 974 2949 1039 clerici,
2987 974 3264 1040 monachi,
3313 991 3476 1031 senes
3505 981 3558 1033 et

218 1068 450 1139 emptis,
480 1068 725 1124 Saxones
775 1066 982 1138 pertesi
1031 1067 1322 1131 malorum,
1353 1069 1657 1138 composita
1703 1068 1847 1124 inter
1941 1065 2174 1136 juvenes
2201 1066 2364 1120 etiam
2398 1066 2556 1136 pueri
2588 1073 2642 1120 et
2689 1065 2906 1136 puellae,
2955 1081 3152 1120 omnes
3195 1081 3306 1122 uno
3347 1067 3554 1138 auimo,

222 1178 285 1217 se
309 1179 450 1232 pace
476 1163 769 1233 quiescunt
791 1161 860 1215 ab
889 1161 1038 1216 omni
1072 1167 1223 1216 motu
1254 1159 1546 1217 bellorum.
1597 1161 1841 1216 Westfati
1947 1153 2155 1208 nullum
2215 1154 2327 1208 ullo
2380 1154 2720 1227 angarianlc.
2763 1153 3009 1224 undique
3064 1163 3422 1223 concurrunt,
3483 1158 3552 1212 ab

221 1250 546 1306 Fresoniam
583 1249 852 1325 aggressi,
877 1264 1072 1305 omnes
1099 1263 1242 1320 pene
1281 1264 1312 1303 a
1338 1248 1670 1306 Frcsonibus
1702 1251 1844 1320 peri-
1945 1242 2223 1314 Hispania,
2265 1260 2296 1298 a
2337 1243 2634 1308 Provintia,
2675 1243 2744 1296 ab
2775 1243 3086 1314 Aquitania,
3128 1261 3158 1298 a
3191 1245 3492 1315 Britannia,
3525 1263 3556 1302 a

223 1355 456 1402 muntur
484 1345 555 1380 ³⁵³
583 1345 754 1418 (325),

1956 1334 2173 1399 Scottia,
2207 1333 2276 1388 ab
2323 1333 2536 1405 Anglia,
2571 1351 2601 1387 a
2627 1333 2979 1401 Normannia,
3027 1350 3058 1388 a
3099 1335 3345 1400 Francia,
3396 1354 3427 1392 a
3458 1338 3554 1394 ιο-

293 1437 459 1494 1093,
787 1437 876 1492 37.
1095 1435 1185 1494 33,
1441 1439 1492 1492 1,
1942 1422 2240 1498 tharingia,
2265 1439 2297 1477 a
2315 1421 2654 1492 Burgundia,
2683 1438 2714 1476 a
2738 1421 3049 1490 Germania,
3081 1439 3112 1478 a
3147 1424 3550 1500 Langobardia,

293 1529 583 1585 Conradus
623 1526 771 1584 ﬁlius
801 1527 1150 1598 imperatoris
1193 1527 1432 1584 Heinrici
1479 1529 1534 1583 in
1585 1529 1738 1585 Italia
1781 1545 1842 1585 se
1943 1517 2012 1574 ab
2044 1518 2238 1589 Αμυιίει
2281 1525 2336 1573 ει
2364 1517 2434 1572 ab
2485 1516 2610 1571 aliis
2663 1516 2878 1590 regnis;
2945 1524 3000 1572 et
3037 1518 3239 1574 virtute
3295 1527 3350 1576 et
3394 1523 3554 1597 signo

224 1618 293 1673 ad
327 1618 504 1690 patris
553 1617 640 1672 sui
693 1616 1038 1673 adversarios
1075 1617 1332 1682 contulit;
1396 1625 1452 1672 et
1490 1617 1675 1673 multis
1699 1634 1759 1674 se
1814 1635 1845 1674 a
1872 1663 1918 1690 η
1945 1620 2149 1668 sanctae
2181 1611 2357 1668 crucis
2407 1611 2607 1683 signati
2660 1618 2714 1666 et
2765 1612 2980 1680 armati,
3031 1613 3205 1668 ultum
3251 1615 3332 1670 ire
3363 1629 3558 1688 parant

224 1663 293 1673 ..-
367 1663 503 1673 .....-
553 1663 640 1672 -...
693 1663 1037 1673 ...μνη-..-η
1078 1663 1332 1682 ...ω---η
1399 1663 1452 1672 ν-
1493 1663 1675 1673 ..........
1700 1663 1759 1674 ν..
1814 1663 1845 1674 ..
1946 1663 2145 1668 ---ηπ
2186 1663 2353 1668 μη--
2412 1663 2607 1683 ππ---
2668 1663 2711 1666 η
3038 1663 3205 1668 πη---
3252 1663 3330 1670 -.-
3363 1663 3558 1688 μη...

223 1663 380 1778 patire
409 1707 480 1761 ad
510 1705 681 1761 ﬁlium
726 1706 1088 1772 vertentibus,
1123 1705 1243 1761 haec
1287 1721 1376 1761 res
1417 1706 1630 1777 priores
1670 1706 1842 1778 patris
1872 1663 1920 1731 Β
1944 1705 2176 1775 injurias
2208 1705 2304 1760 Dei
2335 1704 2392 1759 in
2425 1704 2612 1760 hostes
2641 1704 2926 1760 christiani
2948 1706 3208 1761 nominis.
3254 1707 3314 1763 Et
3353 1719 3558 1782 quanto

223 1795 488 1850 victorias
527 1793 760 1849 multum
813 1792 1066 1856 oifuscat,
1117 1801 1172 1849 et
1207 1793 1352 1849 vires
1399 1793 1520 1862 ejus
1575 1802 1838 1850 attenuat.
1941 1796 2174 1868 quisque
2237 1797 2499 1852 hactenus
2549 1796 2618 1851 ad
2647 1797 3007 1852 exercendam
3063 1799 3256 1854 mundi
3307 1801 3556 1859 militiam

221 1882 478 1938 Jaculum
517 1881 752 1956 ignitum
791 1898 823 1936 a
877 1881 1110 1937 meridie
1140 1881 1208 1936 ad
1249 1882 1563 1953 aquilonem
1611 1901 1711 1954 per
1737 1899 1844 1940 αε-
1946 1895 2064 1942 erat
2090 1887 2332 1957 pronior,
2359 1893 2511 1943 tanto
2559 1903 2707 1943 nunc
2759 1887 2828 1942 ad
2860 1889 3220 1945 exercendam
3283 1893 3426 1950 ultro
3460 1897 3557 1952 Dei

221 1969 342 2026 lum
391 1970 524 2027 ferri
553 1972 731 2026 visum
763 1978 847 2028 est
900 1970 1159 2026 Kalendis
1193 1971 1445 2046 Augusti,
1493 1971 1668 2044 prima
1713 1973 1846 2028 hora

225 2059 430 2116 noctis.

297 2155 458 2210 1094.
782 2153 869 2209 38.
1091 2154 1160 2210 34
1434 2154 1486 2211 2.

292 2247 381 2316 (Α.
419 2245 590 2316 Leod}
623 2244 682 2299 In
723 2244 896 2300 Gallia
921 2252 977 2300 et
1008 2245 1302 2301 Germania
1344 2245 1527 2320 gravis
1559 2246 1843 2301 hominum

224 2333 532 2390 mortalitas
557 2331 696 2388 facta
727 2340 827 2388 est.
851 2333 910 2387 ιη
944 2334 1098 2388 Italia
1127 2333 1327 2405 illi,qui
1357 2349 1416 2388 se
1447 2333 1515 2388 ad
1539 2333 1843 2404 imperato-

222 2442 335 2480 rem
367 2424 440 2480 ab
481 2423 736 2480 hostibus
766 2425 888 2494 ejus
945 2425 1360 2492 transtulerant,
1407 2440 1473 2480 eo
1521 2425 1590 2479 ad
1619 2425 1844 2480 Galliam

224 2519 366 2588 (326)
425 2533 670 2584 reverso,
717 2532 914 2572 omnes
942 2532 1086 2588 pene
1134 2519 1202 2572 ad
1236 2519 1422 2572 hostes
1459 2517 1581 2586 ejus
1630 2533 1844 2573 rursum

225 2613 532 2674 transeunt,
585 2614 640 2660 et
679 2605 1016 2661 munitiones
1058 2605 1128 2660 ab
1164 2622 1230 2662 eo
1271 2615 1614 2680 expugnatas
1657 2614 1848 2662 contra

227 2711 354 2752 eum
387 2695 672 2753 muniunt.

298 2788 464 2845 1095.
789 2787 877 2843 39.
1097 2789 1188 2843 35.
1440 2789 1495 2846 3.

300 2877 425 2948 (ιο.)
482 2876 676 2932 Fames
731 2877 827 2931 diu
889 2886 1158 2949 concepta
1210 2875 1548 2934 validissime
1601 2877 1853 2953 ingrava-

235 2976 342 3037 tur,
402 2977 458 3025 et
515 2969 576 3025 tit
611 2986 790 3026 annus
837 2969 1212 3040 calamitosus,
1253 2971 1442 3027 multis
1496 2972 1640 3028 fame
1697 2972 1848 3028 labo-

230 3061 486 3117 rantibus
511 3070 568 3118 et
595 3062 935 3134 pauperibus
964 3080 1065 3134 per
1084 3062 1226 3118 furta
1255 3071 1310 3119 et
1341 3064 1601 3120 incendia
1621 3065 1851 3120 ditiores

229 3153 474 3228 graviter
503 3153 848 3209 vexantibus.
884 3154 1013 3209 Cum
1065 3155 1247 3210 valido
1295 3163 1584 3212 ventorum
1633 3156 1850 3211 turbine

227 3241 395 3296 etiam
439 3249 790 3298 terraemotus
830 3241 1006 3298 factus
1046 3249 1130 3298 est
1170 3243 1354 3299 media
1395 3251 1579 3310 nocte,
1629 3246 1664 3298 4
1723 3244 1851 3298 ldus

229 3332 588 3404 septembris.
618 3333 732 3389 Rex
757 3334 1054 3408 Anglorum
1084 3351 1116 3389 a
1146 3335 1404 3390 fratribus
1425 3335 1541 3390 suis
1563 3335 1711 3392 bello
1749 3336 1854 3390 sol-

231 3429 481 3486 licitatur
508 3429 565 3484 in
596 3429 933 3486 Normannia
969 3438 1024 3486 et
1050 3430 1262 3505 Anglia.
1296 3431 1356 3485 in
1387 3431 1557 3486 multa
1587 3438 1852 3486 terrarum

233 3529 390 3593 parte
433 3521 615 3594 pridie
649 3522 832 3578 Nonas
883 3522 1086 3594 Aprilis
1133 3523 1279 3578 circa
1325 3523 1628 3578 diluculum
1679 3523 1854 3578 stellae

235 3617 528 3688 perplures
576 3615 740 3670 simul
767 3615 837 3669 de
886 3617 1026 3672 caelo
1057 3616 1111 3670 in
1155 3624 1352 3671 terram
1402 3615 1673 3672 cecidisse
1723 3615 1854 3672 visae

230 3717 393 3774 sunt;
427 3708 572 3763 inter
599 3724 738 3780 quas
776 3724 938 3762 unam
974 3708 1264 3770 maximam
1305 3707 1415 3762 labi
1449 3708 1506 3762 in
1549 3715 1691 3764 terra
1731 3723 1855 3763 cum

235 3799 467 3870 quidam
511 3798 566 3852 in
596 3798 819 3854 Francia
847 3805 1114 3870 stuperet,
1148 3805 1202 3854 et
1255 3806 1441 3854 notato
1470 3798 1593 3854 loco
1624 3798 1716 3853 ubi
1747 3798 1856 3853 labi

229 3891 349 3945 visa
395 3897 500 3956 est,
527 3905 653 3945 cum
681 3907 881 3962 aquam
931 3891 1007 3944 ibi
1042 3890 1293 3958 fudisset,
1328 3890 1536 3946 fumum
1564 3907 1688 3946 cum
1743 3889 1856 3946 fer-

229 3982 380 4038 voris
410 3997 549 4038 sono
598 3981 731 4037 inde
782 3982 932 4038 exire
971 3982 1146 4057 magis
1175 3983 1404 4053 stupuit.
1441 3983 1724 4038 lleinricus
1762 3999 1854 4038 co-

229 4089 352 4128 mes
379 4073 738 4129 Lovaniensis
768 4073 1075 4144 perimitur.
1122 4075 1180 4127 In
1219 4075 1481 4129 comitatu
1522 4071 1852 4129 Namuccnsi

233 4179 438 4236 panem
487 4162 916 4218 subcinericium
948 4163 1106 4234 quasi
1146 4164 1420 4234 sanguine
1459 4162 1722 4218 infectum
1781 4162 1857 4217 vi-

1880 3021 1930 3092 C

1945 1979 2199 2034 militiam
2247 1977 2306 2032 ﬁt
2361 1979 2684 2049 promptior.
2745 1979 3080 2035 Firmissima
3143 1999 3276 2052 pace
3329 1985 3550 2044 interim

1946 2067 2152 2138 ubique
2183 2067 2506 2138 composita,
2547 2075 2602 2121 et
2652 2066 2830 2137 primo
2858 2067 3066 2126 Judeos
3115 2070 3172 2125 in
3213 2073 3465 2143 urbibus,
3499 2078 3552 2132 in

1945 2157 2149 2228 quibus
2178 2165 2353 2221 erant,
2385 2155 2652 2230 aggressi,
2695 2171 2791 2211 eos
2829 2156 2898 2210 ad
2949 2159 3288 2216 credendum
3342 2163 3558 2220 Christo

1947 2247 2308 2318 compellunt,
2341 2247 2572 2300 credere
2619 2245 2872 2300 nolentes
2911 2245 3072 2301 bonis
3120 2249 3356 2318 privant,
3399 2254 3558 2308 truci-

1947 2339 2100 2401 dant,
2133 2346 2226 2393 aut
2255 2337 2486 2393 urbibus
2515 2338 2820 2392 eliminant.
2855 2337 3034 2409 Aliqui
3075 2349 3195 2410 post
3233 2342 3299 2396 ad
3328 2343 3554 2398 Judais-

1947 2445 2094 2483 mum
2149 2429 2522 2484 revolvuntur.
2568 2427 2892 2482 Eminebant
2948 2427 3000 2481 in
3043 2429 3149 2483 hoc
3199 2430 3290 2484 Dei
3345 2434 3556 2491 hostico

1947 2520 2054 2575 dux
2087 2520 2447 2592 Lotharingize
2487 2519 2820 2574 Godel'ridus
2873 2527 2928 2574 et
2967 2519 3159 2576 fratres
3189 2523 3310 2591 ejus
3355 2524 3553 2581 Eusta-

1906 2635 1912 2642 ο
1949 2610 2060 2664 tius
2086 2617 2141 2665 et
2173 2611 2488 2677 Balduinus,
2549 2610 2846 2665 Balduinus
2875 2625 3064 2666 comes
3091 2611 3414 2682 Montensis,
3446 2617 3554 2673 Ro-

1953 2701 2142 2757 bertus
2179 2718 2365 2758 eomes
2407 2701 2779 2768 Flandrensis,
2833 2701 3147 2774 Stephanus
3199 2722 3386 2764 comes
3435 2711 3560 2768 Ble-

1953 2796 2150 2857 sensis,
2185 2795 2337 2871 [iugo
2367 2794 2535 2850 frater
2565 2796 2711 2870 regis
2741 2795 3092 2864 Francorum,
3142 2798 3436 2856 Rothertus
3461 2819 3561 2860 co-

1954 2904 2076 2942 mes
2102 2888 2474 2955 Normanniae,
2507 2888 2848 2944 Reimundus
2890 2904 3076 2946 eomes
3115 2889 3184 2947 de
3226 2893 3408 2950 Sancti
3440 2894 3566 2972 Egi-

1954 2978 2053 3043 dii,
2088 2978 2463 3046 Bojamundus
2501 2978 2609 3033 dux
2626 2979 2859 3049 Apulite.

2023 3065 2180 3122 1097.
2432 3067 2493 3122 41
2775 3067 2864 3122 37.

2025 3160 2099 3228 (Ib
2129 3163 2144 3224 )
2173 3159 2426 3213 Cometes
2455 3158 2510 3213 in
2537 3159 2824 3215 occidente
2843 3159 3098 3232 apparuit
3125 3168 3236 3216 tota
3260 3162 3434 3233 prima
3465 3164 3562 3220 eb-

1953 3249 2188 3305 domada
2219 3249 2487 3305 Octobris.
2541 3249 2719 3304 Nimia
2762 3267 3028 3322 aquarum
3062 3253 3426 3311 inundatione
3475 3271 3565 3310 au-

1953 3343 2200 3398 turmalis
2225 3343 2364 3398 satio
2396 3341 2712 3414 impeditur,
2743 3351 2798 3398 et
2855 3344 3114 3400 sterilitas
3147 3345 3362 3420 frugum
3405 3357 3565 3404 terra:

1955 3433 2224 3503 sequitur.
2261 3432 2542 3487 Exercitus
2571 3433 2666 3487 Dei
2695 3449 2988 3508 aggressus
3029 3437 3296 3491 terminos
3326 3455 3570 3512 pagano-

1957 3541 2096 3588 rum,
2148 3523 2378 3579 viriliter
2403 3524 2540 3596 agit;
2575 3525 2924 3596 primumquc
2977 3525 3059 3580 eis
3106 3525 3208 3581 fuit
3237 3527 3442 3582 bellum
3499 3530 3566 3584 ad

1956 3619 2180 3684 pontem
2235 3612 2516 3683 Pharphar
2571 3612 2856 3676 tlumiuis,
2906 3614 2940 3666 9
2994 3613 3107 3668 Kal.
3174 3614 3387 3680 Martii,
3468 3617 3565 3671 ubi

1956 3705 2114 3759 multi
2143 3704 2443 3759 Turcorum
2475 3703 2643 3759 occisi
2675 3710 2804 3759 sunt
2827 3703 2990 3774 (327).
3015 3705 3328 3760 Secundum
3363 3707 3444 3762 eis
3463 3707 3565 3764 fuit

1957 3796 2162 3852 bellum
2188 3795 2336 3868 apud
2367 3795 2610 3862 Niceam,
2643 3795 2676 3850 3
2705 3795 2884 3852 Nonas
2934 3795 3110 3852 Martii
3139 3798 3306 3866 (328),
3357 3798 3412 3854 in
3453 3816 3564 3872 quo

1957 3887 2119 3940 etiam
2153 3885 2349 3960 pagani
2387 3884 2516 3939 victi
2565 3891 2710 3939 sunt.
2740 3888 2854 3955 (Ep.
2909 3889 3101 3954 crucif.
3160 3886 3347 3960 [329].)
3401 3887 3566 3961 Capta

1957 3998 2090 4055 ergo
2123 3981 2309 4048 Nicea,
2335 3988 2493 4052 capta
2521 3981 2687 4035 etiam
2730 3980 3005 4049 Laodicia,
3053 3999 3174 4037 cum
3208 3991 3392 4040 essent
3438 3985 3564 4058 plus

1957 4088 2120 4143 quam
2154 4077 2397 4125 trecenta
2428 4069 2577 4123 milia
2598 4076 2926 4125 armatorum
2962 4070 3014 4124 in
3041 4072 3288 4127 exercitu
3319 4073 3570 4130 christia-

1959 4175 2174 4225 norum,
2205 4164 2355 4212 tanta
2391 4156 2472 4212 eis
2509 4155 2756 4212 omnium
2795 4175 2975 4214 rerum
3015 4161 3344 4232 suppetebat
3395 4165 3575 4236 copia,

235 4252 441 4306 dimus.
500 4251 610 4306 Rex
661 4251 997 4325 Ungarorum
1038 4253 1271 4308 moritur
1299 4254 1386 4306 ²⁶⁰.
1450 4253 1568 4321 (1b.)
1605 4252 1856 4307 Urbanus
1885 4315 1930 4325 Ἀ
1959 4257 2020 4304 ut
2058 4247 2201 4302 aries
2228 4262 2338 4302 uno
2370 4263 2616 4315 nummo,
2647 4247 2750 4304 bos
2767 4249 2854 4303 vix
2888 4250 2954 4302 12
2977 4251 3218 4306 nummis
3243 4251 3576 4307 venderctur

236 4355 338 4410 per
365 4315 826 4413 Burgundiamvet
857 4340 1138 4396 Franciam
1184 4340 1387 4396 habitis
1417 4315 1688 4408 conciliis,
1737 4341 1834 4394 Hil-

2036 4338 2192 4395 1098.
2447 4338 2537 4392 42.
2791 4337 2880 4394 38.
3131 4341 3184 4396 6.

236 4431 498 4486 dibrandi
551 4431 772 4486 decreta
804 4440 1029 4488 renovat
1077 4441 1132 4488 et
1169 4432 1489 4500 confirmat;
1542 4433 1856 4504 Philippum

238 4539 430 4598 regem
475 4523 827 4590 Francorum,
883 4523 978 4597 qui
1025 4524 1237 4579 vivente
1305 4540 1472 4580 uxore
1517 4541 1614 4580 sua
1659 4540 1856 4596 super-

237 4613 473 4668 duxerat
502 4602 728 4669 alterius
757 4613 995 4670 viventis
1025 4631 1273 4681 uxorem,
1302 4615 1763 4671 excommunicat.

308 4705 472 4761 1096.
726 4707 816 4761 40.
1072 4707 1160 4762 30.
1416 4709 1470 4762 4.

310 4796 544 4868 Eelipsis
591 4796 917 4853 tumefacta
970 4798 1114 4854 est3
1167 4797 1293 4853 ldus
1348 4795 1649 4854 Februarii.
1717 4796 1852 4851 Rur-

2029 4433 2151 4500 (Ib.)
2193 4431 2426 4488 Obsessa
2466 4429 2755 4486 Antiochia
2797 4429 2854 4482 in
2885 4436 3092 4482 tantum
3149 4428 3414 4484 attenuati
3443 4435 3571 4484 sunt

1958 4521 2242 4577 christiani
2269 4529 2492 4592 propter
2518 4518 2764 4576 omnium
2817 4533 2998 4571 rerum
3068 4516 3379 4588 penuriam,
3411 4525 3472 4572 ut
3513 4517 3569 4571 in

1959 4621 2071 4668 toto
2103 4612 2343 4668 exercitu
2375 4611 2464 4666 vix
2485 4619 2704 4665 centum
2745 4607 2875 4662 boni
2905 4607 3032 4679 equi
3079 4608 3472 4664 invenirentur.
3508 4608 3572 4664 Et

1959 4715 2141 4762 tamen
2172 4704 2423 4777 quamvis
2447 4719 2512 4757 ex
2541 4701 2927 4772 desperatione
2957 4717 3139 4756 rerum
3164 4693 3328 4757 mulﬂ
3350 4717 3410 4756 se
3441 4701 3570 4756 sub-

1955 4793 2238 4859 traxerint,
2273 4791 2428 4846 multi
2462 4789 2627 4844 etiam
2661 4787 3098 4860 repatriaveriut,
3144 4805 3292 4846 nono
3323 4789 3571 4847 obsidio-

1590 4921 1809 4978 VARle
1841 4920 2113 4978 LECTION
2123 4920 2196 4975 ES
2209 4963 2220 4976 .

307 5033 380 5068 ’⁵³
409 5030 661 5089 Westfali
693 5064 758 5074 -—
797 5033 1160 5105 perimuntur.
1181 5034 1375 5091 desunt
1399 5034 1457 5089 Ι).
1492 5039 1648 5090 Totus
1676 5049 1858 5089 annus
1874 5033 2014 5089 deest
2041 5033 2096 5085 A.
2177 5029 2249 5064 ²⁶⁰
2273 5029 2332 5084 Β.
2363 5027 2426 5084 U.
2455 5043 2530 5081 m.
2559 5028 2753 5083 desunt
2781 5027 2908 5081 83*.
2942 5026 3068 5083 (Συ.

1806 5161 2018 5219 ΝΟἸῈ.

308 5257 458 5330 (322)
496 5258 561 5314 D-
595 5257 660 5330 10
678 5256 851 5330 April-

308 5329 467 5402 <323>
499 5330 560 5385 υ.
581 5329 831 5402 eam.

307 5399 456 5463 (324)
483 5403 546 5456 A.
569 5399 728 5455 1087.

307 5471 461 5543 (325)
495 5472 555 5526 υ.
586 5470 794 5543 21_Jul.

305 5540 460 5611 (326)
492 5543 534 5598 l.
567 5557 616 5596 e.
653 5541 1000 5598 Germaniam
1023 5549 1085 5599 ut
1110 5540 1272 5608 1020,
1305 5541 1464 5597 1056.

309 5614 460 5685 (337)
499 5613 610 5669 Hoc
639 5611 871 5680 falsum;
903 5612 973 5670 cf.
1009 5613 1199 5669 Nirsch
1230 5613 1354 5670 130.

2259 5253 2411 5310 Errat
2465 5251 2826 5323 Sigebertus;
2892 5251 3096 5309 factum
3154 5263 3348 5307 mense
3403 5247 3562 5309 Maio.

1957 5324 2271 5468 "lfaggiiid
2301 5395 2532 5452 verbum
2571 5395 2861 5466 desumpta
2897 5389 3224 5468 exepistola
3264 5391 3567 5468 crucifer-o-

1959 5464 2078 5523 rum
2109 5467 2175 5523 ad
2208 5467 2520 5523 Paschalem
2544 5484 2742 5538 papam
2770 5464 2824 5522 ὃ..
2851 5464 2988 5538 1100
3013 5464 3174 5538 081³,
3204 5464 3351 5536 apud
3381 5465 3567 5521 Dode-

1957 5539 2179 5594 chinum
2205 5538 2436 5606 8.1100;
2466 5537 2555 5594 cf.
2576 5537 2820 5594 Ekkehar
2847 5553 2897 5594 a.
2931 5537 3089 5594 1098.
3475 5549 3482 5556 ·
