3924 6080
337 240 443 295 227

1552 219 1898 280 SIGEBEBTI
1942 216 2453 277 GEMBLACENSIS.

3505 222 3511 227 ’
3558 214 3669 273 228

337 375 426 429 nis
443 386 634 427 mense
660 373 817 438 capta
838 362 1146 429 Antiochia,
1174 357 1459 443 christiani
1483 371 1514 411 a
1543 352 1775 426 paganis
1794 366 1950 408 versa
1973 373 2022 442 Α
2052 353 2225 408 servis
2254 351 2370 406 suis
2395 351 2462 405 ad
2484 366 2542 405 se
2573 347 2939 406 clamantibus
2970 352 3272 421 pugnante,
3303 351 3358 399 et
3392 343 3536 399 nube
3566 360 3670 399 eos

334 463 453 517 vice
484 457 717 521 obsessi.
761 461 911 510 tanta
949 452 1091 507 fame
1123 448 1313 506 amicti
1365 436 1513 512 εὐοῖ,
1555 449 1613 498 ιιι
1640 443 1727 497 Vix
1775 439 1943 511 aliqui
1973 436 2022 442 “
2048 447 2116 504 ab
2137 455 2257 502 estu
2285 444 2417 500 solis
2432 443 2793 508 defendente,
2823 439 3080 496 Saraceni
3103 438 3220 494 solo
3241 436 3667 492 Christianorum

336 556 406 611 ab
439 548 696 607 humanis
727 545 988 602 carnibus
1018 559 1077 599 se
1105 541 1468 596 abstinerent.
1512 535 1621 591 Sed
1653 530 1946 589 confortati

335 661 368 700 a
398 644 508 699 Deo
541 655 640 712 per
668 637 946 693 inventam
978 633 1154 705 ipsius
1174 633 1443 695 lanceam,
1476 642 1507 681 a
1527 635 1782 695 tempore
1812 633 1947 691 apo-

333 736 599 792 stolorum
654 745 766 786 non
802 727 996 792 visam,
1047 725 1169 794 ipsa
1209 723 1400 777 lancea
1439 734 1535 774 eos
1592 712 1946 786 precedente,

2046 543 2256 613 impetu
2282 539 2478 606 territi,
2506 553 2700 593 omnes
2732 534 2992 608 projectis
3020 533 3186 589 armis
3214 531 3493 605 fugerunt.
3524 530 3587 586 Et
3610 530 3667 584 in

2049 634 2153 689 hoc
2181 639 2333 688 sexto
2361 631 2509 686 bello
2539 632 2571 685 4
2602 630 2715 684 Kal.
2747 628 2975 698 Augusti
3018 626 3161 682 facto
3191 623 3335 692 (333)
3364 638 3503 678 cwsa
3536 630 3669 676 sunt

2055 736 2277 784 centum
2316 726 2470 782 milia
2512 722 2966 799 paganorum;in
3000 728 3154 794 porta
3201 734 3332 774 vero
3384 716 3666 772 Ascalonat.

334 824 549 882 obsessi
597 817 982 879 obsessoribus
1028 816 1428 871 concurrerunt
1457 810 1491 862 4
1540 805 1652 861 Kal.
1708 802 1859 869 Julii,
1901 815 1957 872 et
2056 816 2307 873 summa“
2338 821 2468 870 sum
2499 815 2567 870 ad
2608 814 2719 868 duo
2748 812 2941 877 milia;
2988 820 3042 864 at
3080 825 3269 865 eorum
3311 806 3405 879 qui
3443 805 3496 859 in
3526 803 3666 858 mari

330 923 436 978 hoc
502 915 663 975 tertio
744 912 890 968 bello
950 907 1176 964 victoria
1246 902 1433 974 adepti
1482 905 1629 954 sunt.
1696 896 1952 960 Quartum

332 1012 544 1069 bellum
586 1008 688 1063 fuit
741 1005 901 1060 eisin
955 998 1220 1056 Romania
1275 993 1535 1049 Kalendis
1580 988 1709 1045 Julii
1773 992 1830 1040 ct
1877 983 1951 1038 ibi

326 1104 484 1161 Turci
505 1102 628 1157 victi
652 1105 780 1153 sunt
809 1095 975 1165 (330).
1002 1091 1301 1148 Commissa
1326 1082 1614 1141 Antiochia
1641 1078 1765 1134 duci
1784 1075 1949 1165 Boja—

326 1193 555 1256 mundo,
600 1185 883 1244 christiani
925 1189 1149 1254 prepter
1193 1175 1475 1232 vitandum
1521 1169 1728 1227 tedium
1773 1172 1827 1219 et
1878 1162 1949 1216 l‘a-

327 1302 473 1343 mem
512 1290 565 1337 et
596 1280 830 1335 maxime
861 1281 1087 1348 propter
1116 1268 1424 1325 discordias
1458 1261 1792 1335 principum,
1817 1270 1948 1327 pro-

330 1379 652 1435 ficiscuntur
682 1373 737 1426 in
769 1369 1001 1441 Syriam,
1043 1370 1097 1419 et
1124 1359 1449 1434 expugnatis
1487 1356 1660 1410 Marra
1699 1357 1754 1406 et
1782 1350 1947 1403 Barra

329 1468 561 1525 urbibus
587 1437 984 1517 Saracenorum
1030 1460 1085 1508 et
1122 1449 1311 1506 multis
1359 1445 1649 1520 regionum
1681 1437 1942 1501 castellis,

328 1566 478 1616 tanta
508 1556 583 1611 ibi
609 1568 823 1609 rursum
860 1549 1000 1603 fame
1049 1542 1238 1599 afflicti
1291 1546 1439 1605 sunt,
1486 1545 1548 1591 ut
1585 1547 1817 1604 corpora
1843 1530 1945 1583 Sa-

328 1661 692 1707 raccnnorum
743 1643 855 1711 jam
886 1634 1113 1693 fetentia
1170 1630 1462 1688 comedere
1516 1622 1784 1696 compulsi
1811 1620 1938 1675 sint.

2057 906 2363 976 perierunt,
2386 911 2441 959 et
2465 903 2558 975 qui
2600 903 2745 957 inter
2782 901 3000 972 spineta
3031 899 3290 953 silvarum
3347 892 3666 962 consumpti

2057 1007 2206 1066 sunt,
2256 1014 2518 1053 numerus
2548 996 2807 1051 nescitur.
2855 995 2999 1048 Dure
3039 990 3334 1047 Godcfrido
3379 988 3559 1044 electo
3595 984 3665 1037 ad

2048 1087 2471 1159 principandum
2518 1084 2930 1141 remanentibus
2978 1083 3032 1136 in
3074 1079 3432 1143 Hierusalem,
3489 1074 3664 1130 ceteri

2050 1179 2329 1249 principes
2346 1176 2662 1247 repatriant.
2687 1174 2854 1246 Capta
2874 1182 2956 1228 est
2971 1179 3152 1228 autem
3184 1168 3520 1225 Hierusalem
3540 1171 3666 1236 post

2050 1285 2226 1324 annos
2255 1268 2475 1323 circiter
2503 1266 2628 1333 «1.60,
2684 1282 2750 1320 ex
2776 1280 2887 1336 quo
2917 1263 3020 1319 sub
3062 1260 3271 1317 Eraclio
3330 1259 3664 1328 imperatore

2046 1356 2290 1413 secunda
2336 1357 2452 1411 vice
2497 1363 2678 1426 capta,
2736 1369 2988 1425 possessa
3051 1358 3136 1406 est
3178 1366 3207 1403 a
3249 1344 3538 1403 Saracenis
3566 1342 3659 1398 ³⁸³.

2048 1448 2279 1502 Sanctus
2326 1446 2651 1500 Guicbertus
2681 1444 2738 1498 in
2768 1442 3005 1499 cenobio
3041 1435 3483 1495 Gemmelacensi
3506 1445 3547 1488 a
3597 1448 3660 1486 se

2045 1539 2271 1595 fundato
2309 1538 2374 1591 ad
2432 1536 2784 1609 sepulchrum
2812 1550 2972 1590 suum
3030 1530 3246 1605 magnis
3285 1526 3539 1584 clarescit
3562 1522 3662 1578 mi-

2047 1629 2249 1684 raculis
2270 1629 2356 1681 ³6³.

646 1684 967 1791 (Ζυίξῐιῐσειίὶιιε
1011 1719 1461 1791 Vultrajectensis
1515 1684 1811 1786 episcopus
1850 1709 1940 1765 fe-

2114 1719 2273 1775 1100.
2389 1719 2581 1773 R44.
2700 1716 2885 1771 F40.
3000 1715 3129 1768 A8.
3248 1710 3307 1765 H.
3350 1710 3403 1764 1.

330 1809 411 1889 ria
439 1832 473 1886 4
497 1842 676 1902 pascm
721 1828 849 1895 post
891 1818 1115 1873 missam
1156 1830 1188 1868 a
1226 1827 1283 1868 se
1344 1809 1678 1891 celebratam
1731 1819 1763 1857 a
1803 1817 1944 1872 quo-

332 1928 457 1983 dam
485 1892 801 1979 suorum'in
832 1915 996 1970 domo
1027 1926 1126 1965 sua
1171 1905 1461 1978 perimitur
1487 1903 1553 1937 ²⁶¹
1600 1892 1767 1969 (331).
1802 1894 1943 1950 Mul-

330 2022 402 2077 tis
441 2021 494 2075 in
535 2017 670 2072 locis
700 2014 733 2069 5
772 2011 865 2066 Kal
921 2004 1173 2063 Octobris
1202 2002 1401 2058 coelum
1455 1995 1611 2070 quasi
1639 1993 1830 2049 ardere
1858 1991 1944 2045 vi-

332 2126 454 2166 sum
490 2114 572 2162 est
603 2108 870 2159 nocturno
903 2104 1172 2166 tempore,
1202 2098 1257 2145 et
1285 2093 1473 2144 secuta
1501 2092 1587 2141 est
1612 2081 1790 2156 gravis
1825 2077 1945 2132 ani-

330 2196 557 2252 malium
594 2190 930 2265 pestilentia,
964 2194 1017 2243 et
1047 2190 1265 2260 segetes
1301 2180 1471 2236 nimio
1491 2177 1666 2232 imbre
1703 2181 1759 2229 et
1787 2187 1948 2226 auru-

330 2289 460 2362 gine
488 2290 758 2356 corrupta!
785 2286 933 2337 sunt.

403 2376 563 2444 1999,
605 2355 810 2445 (σιίαοο.)
922 2369 986 2423 a.
1028 2366 1117 2421 43.
1230 2362 1287 2417 ιτ.
1329 2360 1417 2414 39.
1534 2358 1590 2411 Α.
1636 2355 1686 2409 7.

397 2443 703 2539 (A.Leod.)
756 2462 998 2519 Coloniae
1067 2464 1191 2530 post
1248 2452 1639 2508 Herimannum
1705 2443 1949 2500 Frederi-

333 2535 432 2617 cus
460 2559 749 2616 ordinatur
790 2552 1244 2623 archiepiscopus
1270 2547 1342 2581 ²⁶²
1381 2543 1543 2614 (332).
1586 2540 1700 2611 (Ep.
1731 2538 1914 2604 crucif
1933 2535 1947 2606 )

334 2651 624 2709 Exercitus
650 2647 747 2703 Dei
788 2645 976 2700 divino
1002 2641 1213 2698 monitu
1244 2639 1301 2692 in
1326 2634 1590 2691 interiora
1620 2631 1789 2702 Syria:
1818 2642 1951 2699 pro-

329 2744 527 2809 fectus,
569 2742 721 2815 larga
765 2738 859 2794 Dei
893 2753 1061 2792 manu
1099 2731 1438 2789 refocillatus
1485 2734 1589 2789 est,
1622 2724 1753 2797 quia
1801 2737 1950 2778 elves

336 2844 391 2892 et
429 2833 711 2892 castellani
743 2832 889 2887 illius
906 2828 1151 2905 regionis
1173 2827 1381 2901 legatos
1406 2837 1529 2879 cum
1559 2817 1749 2874 multis
1777 2816 1950 2871 dona-

328 2929 432 2984 riis
481 2924 894 3000 promittebant,
956 2921 1131 2994 parati
1165 2919 1329 2975 etiam
1359 2915 1525 2987 opida
1570 2912 1656 2968 vel
1685 2911 1851 2965 urbes
1870 2907 1950 2962 eis

325 2997 564 3074 tradere.
598 3017 639 3071 A
667 3013 870 3087 quibus
899 3008 1183 3067 christiani
1204 3004 1494 3063 securitate
1520 3005 1745 3070 accepta
1776 3004 1830 3052 et
1859 2997 1947 3050 in-

2115 1808 2442 1864 Guicbertus
2480 1815 2534 1863 et
2582 1806 2855 1872 Urbanus,
2903 1804 2997 1875 qui
3041 1802 3109 1857 de
3163 1805 3366 1871 papatu
3407 1797 3657 1852 Romano

2044 1900 2480 1966 contendebant,
2522 1898 2815 1953 moriendo
2844 1895 3009 1950 finem
3038 1894 3245 1949 faciunt
3272 1907 3387 1947 suae
3417 1897 3657 1946 conten-

2046 1998 2214 2054 tionis
2246 1997 2406 2067 (331).
2463 1995 2784 2068 Raginerus.
2819 1993 2913 2064 qui
2969 2002 3023 2047 et
3070 1988 3365 2053 Paschalis,
3396 1986 3657 2041 Romana:

2047 2088 2309 2143 aecclesia:
2340 2086 2499 2140 158ιιε
2530 2082 2774 2155 prcsidet
2816 2082 2980 2151 (335).
3009 2079 3312 2136 Guilelmus
3341 2091 3432 2132 rex
3464 2074 3667 2146 Anglo-

2046 2193 2165 2232 rum
2199 2175 2461 2239 moritur;
2511 2174 2676 2243 eique
2723 2170 2973 2226 succedit
3031 2170 3086 2223 in
3147 2182 3317 2241 regno
3349 2166 3515 2220 frater
3540 2163 3662 2232 ejus

2049 2266 2353 2322 Heinricus.
2379 2263 2706 2319 Godefridus
2733 2263 2839 2316 dux
2865 2259 3305 2315 Lothariensium
3329 2266 3383 2312 et
3406 2256 3665 2327 princeps

2049 2357 2655 2414 Hierosolimitanorum
2710 2354 2944 2411 moritur
2982 2352 3146 2421 (336).
3210 2349 3509 2404 Balduinus
3565 2347 3669 2402 fra—

2048 2460 2130 2509 ter
2160 2454 2280 2524 ejus
2310 2453 2365 2507 in
2396 2452 2701 2524 principatu
2730 2451 2781 2506 ei
2813 2449 3064 2506 succedit
3088 2449 3176 2502 ’65.

2120 2548 2278 2605 1101.
2497 2548 2586 2601 45.
2804 2546 2894 2603 41.
3117 2545 3169 2598 1.
3390 2539 3439 2595 1.

2122 2642 2404 2698 Conradus
2434 2640 2583 2695 filius
2620 2639 2858 2694 Heinrici
2912 2634 3264 2709 imperatoris
3313 2632 3493 2688 adhuc
3519 2629 3663 2702 patri

2051 2730 2297 2797 rebellis,
2348 2730 2403 2783 in
2460 2728 2614 2783 Italia
2665 2727 2897 2782 moritur
2954 2725 3113 2797 (337).
3160 2723 3445 2777 Heinricus
3497 2718 3670 2788 impe-

2050 2827 2195 2876 rator
2239 2818 2553 2874 lleinricum
2613 2817 3076 2891 Lamburgensem
3130 2815 3509 2869 adversantem
3562 2808 3669 2864 sibi

2050 2912 2313 2973 debellat.
2349 2920 2405 2967 et
2434 2910 2765 2985 expugnatis
2802 2910 2923 2979 ejus
2963 2907 3223 2971 castellis,
3255 2921 3381 2961 eum
3409 2904 3476 2959 ad
3508 2901 3667 2957 dedi-

2051 3005 2259 3060 tionem
2301 3003 2468 3077 cogit.
2513 3000 2618 3055 Sed
2660 3000 2961 3071 imperator
2992 2999 3042 3053 ei
3074 2996 3246 3052 multo
3285 3008 3499 3051 summa
3539 2994 3667 3067 gra-

330 3062 564 3074 ............
598 3062 639 3071 .-
670 3062 866 3087 ..-ηπ
1216 3062 1219 3063 ,
1656 3062 1670 3070 _
2369 3062 2403 3077 υ
2742 3062 2757 3071 ⁸

330 3112 480 3167 dicto
508 3110 739 3166 urbibus
794 3107 1020 3169 tributo,
1056 3102 1280 3159 interim
1313 3101 1477 3155 etiam
1514 3095 1703 3151 multis
1732 3108 1943 3159 eorum,
1972 3062 2022 3132 Ο
2051 3096 2181 3151 tiam
2235 3110 2389 3149 suam
2436 3091 2750 3161 redimenti,
2787 3090 2952 3146 etiam
3002 3088 3259 3144 ducatum
3314 3062 3667 3157 Lotharingia

329 3205 425 3277 qui
456 3220 517 3259 se
538 3202 971 3266 substraxerant,
1002 3197 1069 3252 ad
1101 3211 1197 3251 eos
1227 3193 1371 3265 apud
1386 3190 1584 3263 Tyrum
1613 3186 1949 3243 recurrenti-

330 3295 454 3359 bus,
485 3293 708 3349 tandem
734 3289 1064 3363 perveniunt
1088 3283 1444 3341 Hierusalem.
1489 3281 1671 3352 anue
1700 3277 1946 3342 obsessa,

332 3400 455 3440 eum
490 3382 804 3438 laborarent
844 3396 939 3451 pre
969 3378 1144 3433 victus
1174 3384 1229 3431 et
1259 3372 1494 3428 maxime
1524 3384 1620 3440 pre
1641 3382 1795 3439 aqua:
1826 3366 1950 3421 ino-

333 3475 447 3546 pia,
504 3489 701 3530 omnes
731 3489 796 3529 ex
828 3468 1107 3527 communi
1139 3468 1363 3523 decreto
1395 3461 1558 3517 nudis
1596 3458 1833 3531 pedibus
1863 3471 1949 3510 co-

327 3565 465 3620 tidie
527 3564 739 3620 orando
791 3552 1102 3618 circuibant
1147 3557 1358 3612 urbem.
1402 3553 1600 3609 Octavo
1645 3564 1777 3624 ergo
1825 3546 1947 3602 talis

328 3660 730 3716 humiliationis
751 3659 862 3724 die,
895 3656 1204 3714 obsidionis
1220 3662 1400 3708 autem
1432 3651 1521 3705 die
1552 3648 1641 3715 39,
1677 3652 1835 3718 capta
1859 3650 1941 3699 est

334 3750 694 3814 Hierusalem,
731 3748 791 3803 ld
842 3747 970 3802 Julii
1002 3747 1056 3800 in
1088 3746 1121 3799 6
1169 3742 1336 3807 feria;
1383 3747 1435 3795 et
1468 3740 1523 3794 in
1556 3738 1760 3808 templo
1788 3734 1944 3789 Salo-

326 3840 508 3895 monis
556 3838 701 3893 etin
756 3836 970 3907 porticu
1016 3834 1134 3902 ejus
1191 3830 1474 3887 christiani
1534 3844 1656 3884 cum
1713 3826 1942 3900 paganis

329 3930 525 4002 quinto
557 3929 705 3984 bello
756 3933 1032 3993 conserto,
1076 3933 1226 3979 tanta
1267 3923 1322 3977 in
1356 3922 1439 3976 eis
1489 3921 1625 3975 cede
1659 3917 1942 3973 dcbaccati

322 4029 472 4087 sunt,
505 4029 566 4077 ut
591 4022 647 4075 in
677 4019 950 4093 sanguine
980 4016 1287 4072 occisorum
1320 4013 1630 4084 cquitarent
1658 4025 1831 4082 usque
1872 4009 1941 4064 ad

326 4126 509 4185 genua
529 4124 819 4182 equorum.
850 4107 978 4162 Cum
1014 4105 1321 4161 ordinatum
1353 4108 1518 4168 esset,
1552 4100 1647 4172 qui
1688 4099 1940 4154 Hierusa-

322 4198 433 4254 lem
464 4197 736 4253 deberent
760 4195 1022 4262 retinere,
1052 4192 1396 4265 principibus
1418 4191 1533 4260 jam
1563 4189 1632 4244 de
1653 4189 1940 4260 patriando

327 4288 642 4361 agentibus,
693 4302 823 4343 ecce
878 4301 972 4340 rex
1026 4284 1422 4338 Saracenorum
1462 4279 1531 4334 ad
1580 4278 1943 4334 debellandos

329 4395 428 4436 eos
454 4381 607 4436 venit
631 4379 976 4444 Ascalonam,
1007 4391 1129 4431 cum
1177 4380 1395 4431 centum
1437 4370 1663 4426 milibus
1692 4369 1938 4442 equitum

2048 3188 2235 3244 donat.
3203 3237 3208 3243 _

2120 3284 2141 3337 1
2165 3282 2281 3336 £02.
2501 3279 2588 3333 46.
2816 3275 2885 3332 42
3120 3272 3171 3326 2.
3392 3268 3445 3326 2.

2121 3372 2360 3427 Roberto
2389 3366 2806 3424 Flandrensium
2838 3364 3038 3421 comite
3087 3361 3428 3433 inquietante
3458 3356 3664 3412 urbem

2050 3462 2427 3528 Cameracum,
2477 3458 2766 3513 Heinricus
2794 3456 3094 3526 imperator
3139 3457 3328 3506 contra
3364 3464 3492 3503 eum
3541 3462 3662 3518 pro-
3709 3463 3716 3469 '

2048 3550 2341 3617 ficiscitur;
2374 3559 2427 3605 et
2452 3546 2731 3619 aliquibus
2759 3546 2880 3614 ejus
2908 3542 3149 3598 castellis
3177 3537 3523 3613 expugnatis,
3573 3553 3661 3591 as-

2045 3643 2279 3718 peritate
2296 3639 2553 3696 instantis
2573 3636 2774 3693 hiemis
2794 3635 2976 3691 redire
3003 3632 3369 3705 compellitur.

2116 3739 2274 3797 1103.
2490 3736 2579 3791 47.
2797 3731 2885 3789 43.
3104 3730 3157 3786 3.
3375 3727 3408 3782 3

2116 3831 2404 3887 Heinrieus
2451 3830 2751 3900 imperator
2802 3824 3009 3880 sedatis
3058 3823 3332 3878 Saxonum
3392 3816 3654 3883 motibus,

2045 3917 2235 3996 pacem
2267 3923 2322 3976 in
2378 3919 2804 3993 quadriennium
2846 3915 3129 3973 constituit
3154 3914 3223 3949 ²⁶⁶
3263 3912 3422 3985 (338).
3457 3910 3659 3985 Leggia

2041 4011 2289 4088 generali
2338 4019 2613 4067 conventu
2665 4008 2874 4075 habito,
2934 4008 3207 4064 Robertus
3259 4019 3448 4060 comes
3496 4002 3655 4057 Flan-

2042 4104 2258 4160 drensis
2287 4104 2342 4158 in
2374 4103 2601 4179 gratiam
2634 4099 2986 4173 imperatoris
3017 4098 3282 4171 recipitur
3308 4095 3472 4169 (339).

2114 4196 2137 4249 1
2159 4195 2254 4249 104
2492 4194 2581 4247 48.
2801 4191 2891 4246 44.
3109 4190 3163 4243 4.
3385 4187 3436 4242 4.

2115 4283 2538 4340 Ηὶθτοεοιίιηίῑεθ
2569 4282 2810 4337 Accaron
2835 4279 3028 4335 urbem
3060 4278 3303 4349 capiunt.

2113 4373 2275 4427 1105.
2495 4371 2580 4425 49.
2801 4368 2889 4424 45.
3110 4368 3164 4422 5.
3383 4362 3418 4419 5

326 4480 381 4526 et
413 4470 809 4545 quadragentis
856 4467 1080 4523 milibus
1105 4465 1376 4538 peditum.
1435 4462 1645 4528 Quibus
1692 4478 1816 4517 cum
1847 4433 2020 4517 oe-n
2117 4462 2535 4519 Hierosolimitae
2566 4461 3032 4516 innumerabilem
3082 4472 3420 4534 paganorum
3465 4454 3655 4511 multi-

326 4566 593 4621 ειιιτίεδθῑ
623 4564 895 4620 θκθτοίῐιιε
931 4560 1173 4627 Domini.
1222 4559 1276 4614 ill
1333 4574 1442 4631 quo
1485 4573 1595 4613 non
1624 4556 1747 4627 plus
1778 4573 1942 4628 quam
2045 4561 2294 4616 tudinem
2323 4559 2560 4634 gloriosa
2591 4557 2817 4614 victoria
2862 4563 3174 4612 conterunt.
3208 4555 3376 4609 Filius
3410 4552 3651 4624 impera-

322 4655 358 4712 5
390 4657 543 4711 milia
570 4656 817 4727 equitum
850 4663 905 4710 et
938 4655 1003 4710 15
1028 4654 1180 4708 milia
1204 4651 1449 4723 peditum
1482 4658 1659 4717 erant,
1692 4649 1803 4705 Deo
1843 4664 1943 4719 pro
2047 4650 2181 4706 toris
2227 4648 2467 4704 Heinrici
2515 4665 2545 4702 a
2575 4654 2726 4719 patre
2756 4661 2982 4702 aversus
3020 4644 3186 4716 (310),
3245 4656 3526 4716 quosquos
3557 4656 3657 4713 po-

1670 4759 1890 4814 VARUE
1928 4758 2298 4816 LECTIONES.

388 4864 808 4945 'fLCnuonradus
841 4864 1232 4945 —.perir_nitu_r
1248 4860 1556 4945 desiuit'D'L
1601 4860 1684 4945 ὀἱ
1702 4857 1838 4945 CAP.
1862 4859 1934 4945 Ill;
1967 4861 2033 4945 Fl.‘
2051 4861 2403 4945 o._a.hdesuut
2434 4858 2652 4945 ψῃ).
2731 4857 2808 4945 ξω
2838 4856 3006 4928 Capta
3034 4887 3093 4895 -
3129 4855 3419 4911 Saracenis
3450 4855 3647 4910 desunt

318 4936 482 5023 Af“
509 4929 1362 5023 Sanclﬁns(fimiraculis‘desunt
1390 4935 1453 5023 A‘;
1497 4932 1614 4998 BL,
1733 4929 1829 4984 Ci.
1862 4931 1966 5013 Ωιι..
2000 4931 2053 4989 3.
2085 4932 2120 4985 4
2178 4931 2213 4985 D
2267 4937 2333 4986 In
2362 4931 2535 4987 codice
2563 4929 2614 4983 1.
2645 4930 2829 5023 cadet?
2868 4944 3041 4984 manu
3098 4933 3329 4982 exarata
3370 4933 3520 4994 sum,
3545 4942 3653 4996 qua

1046 5022 1065 5023 ρ
1091 5020 1139 5023 ,ᾳ
1222 5022 1229 5023 ,
1249 5020 1370 5023 -__-_-
1452 5008 1596 5023 ___A-_
1629 5016 1742 5023 ---η-
1782 5002 2075 5023 η-1.1---..---
2134 5003 2471 5023 ...Α-.-ξμ-ι---
2537 5002 2556 5023 Δ
2652 5001 2723 5023 oni:
2813 4999 3048 5023 -:__:-...-
3208 4997 3484 5023 ..Α-υ.ιζι..ἒι
3561 4998 3622 5023 Α-

317 5010 547 5078 reliqua.
636 5008 705 5042 ’⁸⁵
738 5005 988 5073 moritur,
1044 5014 1171 5076 post
1210 5020 1378 5076 quem
1430 4997 1605 5058 frater
1624 5001 1745 5071 ejus
1778 5002 2080 5059 Balduinus
2133 5003 2472 5075 principatur
2526 5002 2588 5056 A.
2652 5001 2723 5035 ’σε
2764 4999 3052 5057 Heinricus
3095 5029 3164 5039 —
3204 4997 3491 5054 constituit
3556 4998 3651 5052 de-

310 5086 445 5139 sunt
480 5079 544 5136 Ι).

1872 5143 2083 5202 NOTAE.

386 5247 534 5321 (330)
561 5252 935 5321 Quartum:
948 5253 1081 5321 sapt
1113 5246 1181 5302 de
1211 5259 1312 5301 suo
1337 5244 1550 5302 addidit
1578 5245 1923 5321 Sigebertus;

313 5317 411 5377 sed
453 5317 590 5376 falsa
608 5328 758 5376 sunt.
791 5317 1050 5374 HlRSCH.

384 5391 532 5458 (331)
564 5394 620 5448 D.
650 5391 719 5447 13
744 5390 915 5462 April.
947 5389 1105 5446 1099.

330 5489 335 5495 ε
382 5462 530 5532 (339)
560 5462 620 5517 ι).
652 5462 722 5516 23
751 5463 889 5532 Aug.

380 5533 524 5604 (333)
544 5532 727 5604 Potius
751 5532 894 5604 prid.
929 5532 1234 5604 ldﬂAug.“
1293 5602 1308 5604 _
1451 5602 1458 5604 _
1523 5574 1531 5604 ς

382 5601 528 5676 (334)
557 5601 886 5676 Urbanus‘ll
916 5603 1055 5661 obiit
1093 5601 1148 5659 d:
1176 5601 1245 5659 29
1284 5602 1411 5659 Julii
1438 5602 1599 5664 1099.
1630 5602 1923 5663 Guibertus

312 5673 518 5734 mense
540 5675 690 5746 Sept.
719 5673 873 5731 1100.

2100 5247 2244 5322 (33$)
2277 5246 2499 5322 Electus
2518 5246 2573 5322 d_-
2604 5246 2673 5302 13
2701 5245 2819 5322 Ave
2875 5243 3030 5302 1099-

2097 5318 2243 5398 399)
2275 5319 2342 5398 ρο
2375 5319 2445 5373 ιδ
2474 5318 2610 5398 ιειιε.

2099 5386 2246 5461 (337)
2275 5389 2465 5445 Mense
2504 5388 2655 5461 Julio
2684 5386 2841 5461 1102.

2102 5454 2244 5533 (338)
2273 5460 2594 5533 Moguntize,
2627 5460 2683 5513 d.
2716 5460 2768 5515 6.
2798 5458 2955 5525 Jan.;
2986 5455 3058 5513 cf.
3082 5455 3228 5513 Mon.
3265 5456 3427 5532 Legg.
3457 5473 3516 5523 ιι,
3547 5454 3636 5512 60.

2097 5531 2243 5603 (339)
2275 5533 2335 5586 ι).
2366 5531 2436 5588 29
2465 5531 2590 5586 Jun.

2096 5601 2572 5675 (340)1).121)33.
2616 5601 2800 5658 1:04..
