3894 6070
215 208 331 262 229
1737 202 2060 261 CHRONICA
2071 245 2086 263 .
3445 215 3554 272 230

215 336 330 384 test
359 329 430 383 ab
456 343 524 383 eo
545 329 770 396 avertit,
814 334 870 382 et
897 328 1001 382 sub
1067 334 1298 398 Optcntu
1352 329 1706 384 melioranda:
1755 331 1832 386 rei
1861 337 1912 402 Α
1939 328 2125 382 tuon.
2159 326 2464 381 Novembris
2519 326 2599 395 (31
2621 326 2664 394 6)
2695 342 2754 380 in
2803 329 2976 381 sedem
3027 333 3367 398 apostolicam
3423 353 3552 404 pro-

216 419 465 492 ριιωίοω
497 429 552 474 ει
618 419 997 476 ι-εειειιιοαηάεε
1054 419 1344 486 ecclesiae,
1409 419 1465 474 in
1503 435 1628 475 eum
1657 420 1842 477 insur.
1937 423 2113 470 motus
2151 422 2201 470 et
2242 416 2492 470 Silvester
2539 421 2767 483 quartus
2821 419 3118 484 appellatus
3154 428 3252 474 est.
3314 421 3552 480 Pascalis

215 511 410 585 git'“.
451 511 781 582 Excerptum
808 510 1057 582 epistolae
1097 510 1319 566 directas
1369 510 1626 567 Heinrico
1654 513 1837 584 impe-
1942 517 2082 572 Papa
2111 501 2332 556 ίηιθτίπι
2359 502 2631 556 "amicus
2661 501 2730 555 ad
2757 501 2978 568 Gallias:
3004 515 3224 560 θκθτοθῐ
3250 512 3548 579 δΥΠΟίΙίιῙθε

219 603 389 659 ratori
421 619 453 657 a
505 601 788 658 Guarnero
839 603 1089 674 principe
1136 603 1518 659 Anchonitano
1571 607 1841 669 :Quidam
1940 607 2150 656 causas,
2185 603 2239 647 οι
2270 609 2380 648 ηοιι
2408 599 2710 664 appaream
2767 601 2896 648 ηοῐδ
2928 595 3177 651 Simoni“?
3217 615 3248 652 ἃ
3291 601 3550 662 Ιῖοῐηαηῑε

216 700 478 751 Romana:
521 697 772 750 (ecclesia
821 695 1023 763 clerici,
1076 699 1171 766 qui
1217 711 1318 766 pro
1366 699 1620 766 religiosis
1649 704 1702 751 et
1749 713 1840 752 sa-

211 783 490 854 pientibus
529 783 886 850 habebantur,
945 786 1040 852 qui
1090 787 1256 838 etiam
1293 786 1642 840 Hildibrando
1663 801 1837 855 papae,

217 873 428 928 Odardo
471 881 524 928 et
579 876 810 928 Rainero
857 874 1214 940 familiariter
1265 876 1607 941 adheserant,
1650 878 1839 930 relicta

217 965 442 1018 illorum
467 970 635 1030 secta,
665 979 832 1033 quam
860 978 1142 1018 erroneam
1169 978 1278 1018 esse
1305 966 1523 1018 tandem
1563 967 1838 1020 intellexe-

216 1058 373 1119 rant,
440 1053 511 1106 ad
561 1055 990 1120 satisfactionem
1067 1058 1272 1107 sanctae
1343 1055 1593 1109 (ecclesia:
1671 1069 1838 1110 vene-

218 1155 372 1202 rant.
407 1152 581 1218 Hujus
639 1151 718 1203 rei
777 1151 1021 1203 maxima
1075 1164 1245 1204 causa
1298 1151 1432 1216 fuit,
1461 1153 1592 1219 quia
1639 1153 1840 1205 Raine—

218 1255 351 1294 rum
401 1254 608 1308 papam
673 1240 940 1307 (ollulam
989 1254 1099 1294 esse
1149 1243 1460 1308 symoniaca
1530 1243 1699 1296 heresi
1743 1257 1842 1311 pro

219 1334 366 1384 certo
393 1333 726 1396 compertum
751 1327 1036 1382 habebant.
1065 1329 1449 1395 lnfamabatur
1467 1333 1613 1384 enim
1631 1331 1843 1400 publice

221 1435 336 1490 ipse
359 1422 644 1488 Rainerus,
694 1421 832 1489 quod
882 1421 1016 1475 dum
1053 1423 1245 1487 fuisset
1295 1421 1458 1476 abbas
1486 1425 1666 1477 sancti
1701 1426 1840 1477 Lau-

221 1516 413 1580 rentii,
435 1516 743 1583 prioratum
759 1514 994 1583 ejusdem
1005 1513 1254 1568 aecclesiae
1274 1515 1570 1569 vendiderit
1622 1515 1841 1570 cuidam

220 1611 487 1666 monacho
499 1609 755 1664 20solidis
779 1609 953 1678 ;qued
1003 1611 1112 1678 ipse
1133 1610 1351 1676 diﬂ‘iteri
1385 1625 1495 1664 non
1518 1613 1714 1679 potuit.
1746 1615 1838 1664 In-

223 1699 549 1766 famabatur
571 1702 757 1764 etiam,
783 1699 921 1767 quod
947 1705 1062 1768 post
1086 1700 1356 1754 Odardum
1397 1700 1639 1754 ambiens
1663 1717 1838 1770 papa-

225 1799 368 1857 tam,
395 1796 702 1862 promiserit
721 1799 880 1862 pacto
924 1800 976 1847 et
1027 1802 1366 1850 sacramento
1392 1800 1636 1864 Gregorio
1661 1800 1844 1852 comiti

227 1887 622 1942 Tusculanensi
646 1894 698 1942 et
737 1889 850 1952 ﬁlio
884 1891 1000 1956 ejus
1052 1890 1296 1944 Theodoto
1336 1896 1388 1944 et
1427 1895 1579 1944 Petro
1627 1892 1691 1945 de
1745 1895 1841 1945 Co-

216 1979 440 2044 lumna,
468 1993 526 2033 se
547 1979 810 2034 daturum
833 1982 907 2034 eis
931 1985 1150 2034 centum
1165 1980 1329 2034 libras
1357 1981 1706 2036 denariorum
1735 1988 1839 2038 Pa-

216 2075 517 2141 piensium,
539 2079 594 2126 et
623 2075 1232 2140 unciam,confessionis,
1263 2079 1315 2127 et
1343 2079 1447 2128 tres
1461 2077 1712 2129 Romana:
1733 2091 1836 2130 iec-

217 2161 392 2214 ctesiaz
415 2163 623 2228 curias,
649 2162 846 2216 scilicet
887 2163 1202 2231 Ntmpham,
1252 2163 1517 2230 liberam,
1546 2167 1836 2232 Arithiam,

212 2254 263 2305 si
282 2254 685 2306 assentirentur
727 2256 844 2322 ejus
872 2253 1118 2307 electioni
1143 2269 1162 2318 ;
1193 2257 1244 2306 et
1261 2255 1340 2306 ita
1395 2254 1611 2320 electus,
1637 2255 1839 2308 dederit

213 2349 276 2400 in
299 2349 407 2402 hac
431 2364 650 2403 summa
678 2349 927 2404 solvenda
995 2349 1218 2404 calicem
1242 2364 1474 2404 aureum
1514 2351 1762 2404 (ecclesia
1788 2357 1840 2404 et

210 2451 554 2506 purpuream
571 2439 855 2506 planctum
878 2454 898 2504 ;
930 2437 1200 2507 reliquum
1227 2452 1348 2494 vero
1373 2453 1602 2493 summa:
1627 2441 1840 2494 solverit

1937 680 2046 735 sibi
2074 681 2273 759 injuste
2317 681 2538 750 injecta,
2590 683 2894 737 honoratur
2923 685 3224 753 apostolica
3255 689 3542 763 dignitate.

1938 773 2002 826 At
2032 771 2367 845 Maginolfus
2396 771 2699 827 invasiouis
2753 788 2900 839 reus,
2954 790 3068 829 non
3099 777 3270 833 multo
3312 790 3434 851 post
3460 801 3550 840 re-

1939 859 2202 929 probatur
2225 875 2256 914 a
2285 860 2570 926 Romanis,
2619 867 2674 915 et
2704 860 2847 916 fama
2879 862 3123 918 nominis
3149 864 3268 933 ejus
3305 872 3546 927 evanuit.

2016 958 2166 1010 illiti.
2307 956 2366 1010 ﬂ.
2393 957 2484 1010 50.
2622 957 2679 1010 ιθ.
2712 958 2799 1010 46.
2933 958 2990 1012 Α.
3027 962 3082 1015 li.
3228 961 3287 1014 ll.
3317 963 3372 1018 6.

2008 1050 2059 1102 4.
2096 1050 2234 1104 Non.
2270 1050 2729 1106 Februariistella
2755 1067 2856 1122 per
2885 1052 3032 1106 diem
3050 1053 3163 1108 visa
3191 1064 3273 1110 est
3303 1057 3358 1112 in
3389 1059 3555 1133 coelo,

1938 1141 2006 1195 ab
2035 1142 2164 1197 hora
2185 1143 2342 1196 tertia
2371 1157 2547 1214 usque
2576 1143 2646 1198 ad
2679 1143 2866 1198 horam
2924 1159 3148 1210 nonam,
3183 1149 3335 1217 quasi
3367 1151 3552 1208 cubito

1938 1228 2150 1283 distans
2178 1246 2210 1284 a
2238 1231 2377 1284 sole.
2409 1231 2444 1283 2
2486 1232 2612 1285 ldus
2643 1230 2920 1286 Februarii
2980 1235 3125 1304 apud
3156 1236 3350 1293 Barum
3383 1240 3551 1297 Italiae

1939 1321 2113 1376 stellae
2142 1321 2276 1376 visae
2302 1329 2431 1376 sunt
2455 1322 2510 1376 iu
2542 1323 2683 1377 cmlo
2702 1339 2802 1394 per
2830 1323 3002 1392 diem,
3034 1342 3182 1381 nunc
3212 1331 3369 1400 quasi
3410 1332 3554 1389 inter

1937 1421 2430 1480 seconcurrentes,
2481 1429 2629 1468 nunc
2671 1415 2831 1486 quasi
2885 1416 2941 1469 in
2993 1425 3192 1492 terram
3259 1422 3545 1480 cadentes.

1936 1499 2071 1557 Toto
2095 1519 2236 1572 pene
2259 1518 2450 1558 mense
2500 1503 2794 1559 Februario
2847 1513 3090 1562 cometes
3155 1513 3409 1581 apparuit
3457 1515 3549 1572 ⁸⁸⁸.

1942 1593 2225 1648 Heiuricus
2248 1592 2396 1648 tilias
2416 1594 2784 1665 imperatoris,
2816 1609 3007 1653 contra
3039 1598 3132 1667 jus
3155 1608 3362 1656 naturae
3385 1610 3440 1659 et
3473 1603 3555 1661 fas

1941 1685 2124 1760 legum
2157 1687 2211 1742 in
2241 1695 2449 1759 patrem
2482 1689 2797 1763 insurgens,
2827 1707 2992 1762 quam
3033 1692 3263 1768 indigne
3307 1711 3431 1749 eum
3454 1704 3558 1753 tra-

1941 1782 2188 1847 ctaverit,
2221 1783 2466 1837 declarat
2497 1783 2734 1854 epistola
2765 1800 2830 1838 ex
2857 1801 2953 1840 ore
2985 1785 3161 1856 ipsius
3175 1789 3560 1862 patrisscripta

1940 1869 2009 1922 ad
2039 1869 2353 1940 Philippum
2385 1886 2573 1943 regem
2606 1871 2936 1927 Francorum
2989 1874 3057 1908 "5°
3085 1876 3224 1947 (352)
3260 1894 3272 1930 :
3305 1882 3556 1948 Princeps

1937 1960 2250 2026 clarissime,
2281 1967 2332 2013 et
2358 1963 2622 2026 omnium,
2682 1964 2742 2014 in
2787 1963 2979 2030 quibus
3019 1971 3137 2032 post
3163 1970 3330 2020 Deum
3363 1983 3553 2036 spera-

1937 2063 2080 2115 mus,
2101 2051 2402 2102 amicorum
2429 2054 2736 2103 nostrorum
2757 2050 3080 2119 ﬁdelissime,
3106 2056 3347 2120 primum
3360 2063 3411 2110 et
3431 2072 3555 2125 pre-

1937 2141 2159 2210 cipuum
2188 2140 2256 2173 ²⁷⁰
2284 2143 2427 2194 inter
2477 2155 2657 2195 omnes
2715 2155 2804 2195 vos
2855 2145 3056 2210 excepi,
3111 2147 3202 2198 cui
3225 2150 3477 2215 conqueri
3501 2154 3554 2202 et

1937 2232 2210 2301 deplorare
2233 2233 2570 2286 calamitates
2609 2239 2661 2286 et
2689 2248 2870 2287 omnes
2905 2237 3150 2289 miserias
3191 2252 3336 2290 meas
3363 2252 3550 2293 neces-

1937 2325 2150 2376 sarium
2175 2323 2330 2389 duxi,
2354 2325 2520 2376 etiam
2542 2323 2764 2390 genibus
2776 2327 2962 2378 vestris
2992 2325 3216 2392 advolvi,
3273 2330 3322 2380 si
3373 2329 3554 2382 liceret

1938 2416 2089 2469 salva
2115 2417 2398 2484 majestate
2423 2416 2653 2482 imperii.
2721 2417 2966 2470 Primum
3011 2417 3226 2484 quidem
3276 2423 3373 2484 est,
3419 2421 3558 2487 quod

1940 2522 2052 2561 non
2069 2508 2243 2562 solum
2270 2505 2442 2572 nobis,
2474 2507 2563 2560 sed
2589 2509 2756 2560 etiam
2803 2509 2964 2562 totius
3015 2510 3330 2563 christiana:
3349 2513 3559 2578 profes-

1942 2601 2028 2652 nis
2074 2599 2324 2654 erunibus
2385 2604 2741 2669 gravisimum
2797 2605 2848 2653 et
2928 2600 3262 2654 intolerabile
3318 2602 3560 2656 arbitra-

211 2540 308 2595 pro
329 2541 391 2580 eo
438 2530 629 2581 Petrus
681 2530 863 2582 Leonis
915 2533 967 2582 et
1015 2528 1262 2583 Albertus
1303 2527 1611 2598 Stephani;
1643 2531 1841 2584 libram

216 2617 388 2670 etiam
417 2619 547 2670 auri
568 2616 769 2670 dederit
791 2619 1102 2673 scriniario.
1143 2619 1214 2672 0b
1239 2620 1335 2674 hoc
1385 2621 1613 2674 Romani
1633 2635 1689 2675 se
1715 2621 1842 2675 sub-
1895 2621 1901 2626 ’

222 2706 500 2760 trahentes
523 2705 593 2759 ab
617 2709 731 2775 ejus
757 2710 1152 2775 communione,
1182 2710 1343 2775 factis
1359 2712 1504 2765 inter
1523 2725 1580 2764 se
1602 2713 1841 2766 conciliis
1940 2705 2088 2758 mur:
2119 2692 2256 2760 Ψιοά
2289 2692 2353 2746 de
2407 2693 2504 2746 iu“
2555 2693 2841 2762 προδιοιίεα
2891 2692 3029 2758 “de:
3085 2693 3227 2746 unde
3274 2707 3443 2762 usque
3490 2694 3562 2748 ad

220 2812 348 2852 cum
374 2799 630 2867 σρίεεορίε
653 2805 703 2853 ει
745 2801 1135 2870 ειητιίηαιίωιης²
1191 2803 1484 2857 monebant
1511 2818 1656 2870 eum,
1689 2810 1752 2859 ut
1778 2805 1842 2859 de
1938 2786 2259 2838 memoriam
2289 2787 2460 2839 nostri
2489 2787 2736 2853 temporis
2787 2784 3042 2850 salutifer
3067 2785 3284 2851 fructus
3312 2785 3557 2839 consola-

224 2893 385 2942 ιαηια
415 2890 654 2955 infamia
677 2904 732 2944 δε
755 2897 940 2960 sponte
973 2899 1250 2962 purgaret.
1279 2893 1423 2956 Quod
1466 2894 1597 2948 dum
1645 2897 1842 2950 ηαίηε,
1941 2879 2120 2942 tionis,
2148 2879 2445 2933 dulcedinis
2468 2884 2520 2933 et
2547 2880 2860 2933 salvationis
2903 2881 3220 2932 animarum
3248 2879 3546 2947 oriebatur,

218 2992 316 3032 rus
338 2978 510 3044 ferret
534 2980 773 3048 indigne,
805 2986 856 3035 et
881 2995 938 3035 se
961 2983 1132 3049 magis
1185 2982 1257 3035 ad
1307 2983 1552 3049 furorem
1579 2998 1742 3052 quam
1771 2984 1841 3038 ad
1863 3021 1908 3052 ,η
1938 2972 2090 3026 modo
2109 2975 2510 3040 persecutionis,
2551 2974 3122 3027 ercommunicationis
3177 2978 3228 3026 et
3253 2987 3410 3029 omne
3435 2989 3558 3043 per-

214 3068 649 3134 eatis/actionem
675 3070 1003 3136 accenderet,
1059 3076 1110 3124 et
1138 3071 1540 3126 accusatoribus
1572 3076 1838 3126 tormenta

1944 3061 2156 3116 ditionis
2181 3063 2456 3131 flagellum
2487 3064 2546 3115 in
2575 3077 2668 3118 nos
2694 3063 2982 3128 emittitur,
3017 3077 3116 3116 nec
3141 3071 3353 3131 ponunt
3383 3066 3560 3120 ullum

213 3162 267 3209 et
292 3162 523 3211 mortem
550 3159 868 3225 intentaret,
898 3162 1129 3214 Romani
1152 3175 1280 3214 eum
1315 3175 1436 3215 vere
1465 3163 1763 3216 hereticum
1787 3166 1839 3214 et
1935 3153 2154 3208 modum
2173 3157 2471 3221 δϐηῑϐηίὶαὒ
2505 3159 2724 3207 tantum
2757 3159 2815 3206 αἱ
2838 3154 3072 3218 satisﬁat
3107 3155 3379 3208 υοεῖιηεαιὶ
3408 3155 3560 3210 indie

216 3253 594 3305 scismaticu-m
615 3257 990 3320 protestantes,
1010 3255 1356 3322 protulerunt
1387 3257 1444 3308 in
1473 3269 1599 3308 eum
1621 3261 1839 3309 senten-
1935 3251 2139 3300 δσνϐιω·
2173 3247 2344 3313 "aius
2379 3246 2674 3299 υοίιιηίίιιίδ
2707 3260 2822 3299 δαῖε
2846 3246 3268 3312 intemperanti“
3300 3245 3427 3300 αάεο
3463 3261 3552 3300 ἰδ’

223 3346 360 3398 tiam
378 3347 550 3413 justze
575 3345 963 3400 damnationis.
1017 3348 1358 3402 Preminebat
1410 3351 1554 3404 inter
1580 3355 1839 3404 Romanos

1944 3353 2043 3408 que
2070 3354 2222 3392 nunc
2245 3339 2402 3394 abusi
2422 3344 2555 3394 sunt
2585 3342 2642 3392 in
2674 3354 2780 3403 me,
2835 3343 2897 3390 ut
2943 3352 3043 3391 nec
3073 3340 3259 3404 Deum,
3292 3353 3390 3392 nec
3433 3339 3564 3408 quid

220 3433 447 3501 quidam
472 3434 794 3501 Maginolfus
818 3435 1245 3504 archipresbiter,
1297 3439 1392 3505 qui
1417 3439 1545 3505 quia
1570 3443 1687 3493 erat
1713 3440 1842 3492 lau-
1945 3436 2044 3484 aut
2067 3435 2338 3498 quantum
2367 3433 2500 3484 mali
2527 3431 2652 3484 inde
2672 3433 2954 3498 proveniat
2971 3439 3275 3500 pensantes,
3304 3448 3402 3502 per
3423 3449 3479 3488 se
3511 3440 3562 3488 et

225 3522 422 3577 dabitis
450 3525 594 3588 vita',
621 3529 674 3577 et
700 3526 759 3578 in
784 3530 1015 3594 utraque
1040 3528 1266 3580 scientia
1291 3526 1534 3594 adprime
1581 3528 1840 3595 eruditus,
1942 3539 2040 3592 per
2065 3538 2186 3578 suos
2217 3525 2533 3578 omnimodis
2564 3526 2899 3578 invehuntur
2949 3523 3014 3558 ’τι
3046 3528 3107 3578 in
3151 3540 3253 3590 me,
3282 3541 3409 3580 cum
3440 3526 3562 3580 obe-

228 3615 385 3683 tongo
407 3621 643 3684 tempore
679 3617 921 3685 prelatus
983 3621 1220 3672 Romano
1284 3619 1442 3684 clero,
1472 3619 1848 3687 diligebatura
1947 3614 2212 3682 dienu‘am
2239 3619 2290 3667 et
2313 3628 2525 3668 omnem
2577 3614 2811 3667 debitam
2861 3615 3243 3684 subjectionem
3264 3629 3384 3683 sepe
3407 3615 3565 3670 obtu—

228 3713 424 3762 cuncto
461 3710 698 3760 Romano
712 3709 923 3776 papula,
983 3715 1246 3778 tanquam
1285 3716 1443 3778 pater
1479 3725 1512 3764 a
1540 3711 1687 3775 ﬁliis.
1717 3715 1849 3764 Cum
1948 3705 2103 3759 lerim
2131 3705 2428 3773 apostolicae
2462 3705 2590 3769 sedi,
2638 3707 2686 3758 si
2741 3711 2924 3759 tamen
2977 3707 3274 3760 reverentia
3313 3712 3365 3760 et
3390 3707 3560 3760 honor

225 3799 398 3851 etiam
441 3799 530 3852 hic
580 3797 691 3852 zelo
743 3801 834 3852 Dei
884 3813 1141 3854 accensus
1197 3805 1593 3854 contestantur
1613 3800 1846 3869 publica,
1947 3793 2174 3862 debitus,
2196 3795 2336 3847 sicut
2380 3795 2798 3850 antecessoribus
2843 3798 2996 3863 meis,
3030 3797 3098 3850 ab
3118 3798 3404 3866 apostolica
3442 3797 3561 3852 sede

227 3893 529 3946 Ruina-um
556 3906 665 3946 esse
692 3893 1006 3959 hereticum’
1062 3899 1194 3947 tunc
1220 3908 1344 3947 vero
1393 3909 1573 3948 omnes
1598 3895 1710 3960 fere
1740 3898 1844 3948 Ro-
1948 3885 2288 3940 exhiberetur
2313 3891 2365 3940 ει
2390 3887 2545 3939 mihi.
2577 3887 2711 3950 Quid
2736 3893 2921 3942 autem
2973 3889 3282 3956 intendant,
3340 3895 3562 3958 oportu-

226 3987 386 4038 mani
404 3984 840 4051 conclamabant,
881 3987 1178 4039 Rainerum
1229 3991 1290 4040 ut
1329 3989 1704 4054 symaniacu-m
1740 4001 1850 4042 esse
1946 3981 2073 4033 ηἰιιδ
2103 3981 2211 4047 ipso
2235 3979 2547 4048 signiﬁcabo
2575 3980 2735 4048 00913,
2766 3983 3056 4050 siquando
3095 3985 3265 4051 οριίιιὶ
3320 3983 3566 4051 colloquii

225 4075 621 4145 deponendum,
654 4077 1006 4144 Maginolfum
1032 4092 1152 4132 vero
1177 4083 1239 4130 ut
1266 4080 1508 4132 veritatis
1539 4084 1721 4132 testem
1741 4093 1849 4132 esse
1947 4074 2155 4140 copiam
2181 4077 2316 4128 Deus
2343 4073 2544 4127 dederit
2569 4074 2736 4128 nobis.
2790 4079 2852 4128 In
2899 4078 3002 4130 hac
3031 4079 3202 4145 igitur
3226 4078 3560 4146 persecutio-

227 4164 671 4219 substituendum
699 4168 759 4219 in
813 4166 934 4220 sede
987 4168 1293 4236 apostolica.
1329 4171 1398 4221 At
1428 4168 1767 4236 Maginolfus,
1797 4174 1848 4221 et
1948 4165 2034 4218 nis
2063 4169 2112 4218 et
2139 4165 2247 4218 odii
2271 4166 2706 4230 inflammatione
2733 4180 2859 4220 cum
2881 4182 3080 4234 parum
3109 4167 3347 4222 viderent
3363 4181 3420 4222 se
3437 4181 3564 4236 pro-

231 4256 462 4310 insidias
489 4257 772 4312 hominum
799 4263 850 4312 et
872 4273 1008 4314 onus
1057 4260 1330 4328 apostolici
1375 4261 1589 4314 honoris
1611 4261 1844 4328 fugiens.
1947 4253 2125 4322 ﬁcere,
2158 4261 2346 4312 contra
2373 4259 2551 4326 ipsum
2567 4261 2664 4326 jus
2689 4263 2906 4312 natura
2933 4259 3256 4324 laborantes,
3288 4259 3426 4327 quod
3450 4261 3569 4314 sine

233 4347 294 4398 in
317 4347 754 4401 munitissimum
777 4347 954 4402 locum
977 4363 1036 4402 sc
1061 4349 1307 4404 contulit.
1343 4353 1494 4404 Berto
1518 4364 1658 4415 vero,
1687 4357 1850 4420 caput
1879 4398 1929 4420 ,ἱ
1948 4350 2191 4403 maximo
2213 4349 2382 4405 cordis
2411 4350 2603 4418 dolore,
2633 4352 2751 4404 sine
2777 4350 2964 4404 multis
2991 4351 3229 4404 lacrimis
3259 4349 3433 4406 dicere
3456 4365 3567 4405 non

231 4439 287 4488 et
341 4439 518 4488 rector
561 4437 816 4490 Romana
865 4437 1096 4504 militiai,
1153 4439 1312 4506 quasi
1356 4453 1526 4492 causa
1597 4441 1854 4494 audiendi
1877 4398 2116 4507 l)valeo,
2145 4445 2194 4494 et
2219 4442 2347 4509 quia
2369 4441 2572 4496 dicitur
2625 4442 2963 4496 vehementer
2990 4441 3356 4506 contremisco,
3386 4441 3568 4507 ﬁlium

229 4521 382 4576 verbi
404 4524 530 4576 vita
564 4524 635 4577 ad
660 4538 786 4578 eum
813 4525 1066 4580 accedens
1107 4540 1234 4580 cum
1288 4527 1622 4596 expeditione
1644 4530 1774 4584 cleri
1801 4535 1853 4584 et
1950 4547 2152 4600 meum,
2217 4548 2402 4589 meum
2456 4538 2684 4604 inquam
2723 4534 2953 4588 Absalon
2999 4533 3425 4601 di'ectissimum,
3456 4549 3566 4590 non

227 4610 435 4679 ρορηιί,
467 4625 594 4666 ωιτη
612 4613 736 4667 inde
762 4616 1024 4681 extraxit,
1051 4620 1103 4669 et
1125 4615 1198 4668 ad
1227 4619 1544 4672 Warnerum
1551 4620 1853 4688 principem
1950 4626 2123 4680 solum
2151 4631 2340 4680 contra
2367 4641 2452 4682 me
2480 4629 2889 4692 animaverunt,
2919 4626 3010 4681 sed
3023 4629 3189 4682 etiam
3219 4628 3570 4694 tantofurore

235 4707 472 4758 Anconae
494 4706 556 4758 in
576 4705 914 4760 Tiburtinam
941 4706 1131 4761 urbem
1154 4707 1385 4764 adduxit
1408 4726 1428 4776 ;
1455 4715 1505 4764 et
1523 4713 1600 4764 sic
1632 4712 1848 4779 electus,
1951 4723 2328 4784 armaverunt,
2359 4720 2503 4772 utin
2529 4718 2719 4786 primis
2747 4721 2936 4773 contra
2964 4718 3125 4783 fidem
3151 4723 3201 4772 et
3251 4733 3570 4776 sacramen-

1597 4817 1816 4873 VARIZE
1849 4820 2228 4879 LECTIONES.

311 4911 382 4986 ἐστ
399 4911 710 4986 §equentia
739 4915 903 4986 hujus
933 4919 1068 4971 anni
1103 4919 1286 4972 omnia
1315 4917 1509 4974 desunt
1537 4917 1631 4974 Bt.
1667 4918 1760 4975 Cl.
1786 4922 1874 4978 ξδ’.
1895 4923 1946 4978 3.
1982 4925 2068 4978 4⁸.
2100 4925 2152 4980 5.
2189 4923 2248 4980 D.
2281 4924 2336 4978 Ε.
2360 4928 2653 4980 erasasunt
2679 4925 2739 4980 in
2774 4923 2868 4982 Β5.
2891 4925 3094 4982 adsunt
3119 4928 3180 4982 in
3216 4927 3258 4980 Ι.
3292 4926 3565 4982 ΑΒ3⁶.4⁴⁵.

239 4983 363 5069 f“.
525 4984 580 5039 2.
609 4984 662 5041 3·
696 4985 764 5020 ³⁸⁸
791 4982 827 5042 4
855 4987 974 5044 Non
1006 5017 1073 5028 —
1099 4989 1354 5060 apparuit
1381 4989 1572 5046 desunt
1600 4991 1636 5046 4
1664 4991 1725 5049 D.
1768 4993 1838 5028 ²⁶⁹
1890 5009 2106 5064 sequens
2139 4995 2367 5065 epistola
2423 4997 2567 5050 deest
2626 4995 2740 5052 82'.
2776 4995 2835 5052 D.
2867 4997 2936 5032 ²⁷⁰
2957 4997 3265 5069 precipium
3301 4998 3348 5052 t.
3382 4997 3448 5034 ³⁵⁸
3489 5001 3569 5052 ita

241 5056 266 5108 1
281 5096 293 5109 .
327 5055 450 5110 rell.

1813 5134 2023 5192 NOTAE.

336 5233 467 5317 ἓ
594 5233 768 5317 “00'.
807 5312 816 5317 _
863 5306 875 5317 .
1078 5309 1092 5317 .
1121 5310 1154 5317 __
1455 5309 1466 5317 ,
1603 5312 1641 5317 __
1730 5314 1740 5317 _
1779 5313 1788 5317 _
1964 5245 2095 5302 Sum
2121 5247 2382 5316 quoniam
2399 5261 2632 5317 pauper.
2661 5262 2769 5302 non
2799 5250 2878 5302 est
2905 5261 2988 5301 me
3013 5245 3176 5300 vilior
3194 5244 3332 5300 alter

330 5305 656 5381 312)_jl_anc
679 5306 969 5381 epistolam
1001 5309 1354 5381 publicarunt
1395 5309 1561 5367 etiam
1603 5312 1862 5370 Urstisius

369 5373 579 5452 _i,_'39_6,
623 5373 864 5452 Βρίξανα.-
905 5373 1058 5452 corp.
1123 5382 1367 5438 historic.
1425 5400 1486 5451 ιι,
1540 5383 1668 5451 222,
1713 5393 1768 5440 et
1795 5402 1862 5440 ex

243 5444 471 5502 Urstisio
503 5447 770 5503 Baronius
798 5449 865 5504 ad
891 5466 944 5506 a.
982 5444 1139 5510 1'106.
1181 5454 1260 5509 Ob
1311 5444 1622 5512 argumenti
1653 5444 1862 5512 simili-

239 5517 488 5596 tudinem
518 5519 864 5596 adjiciamus,
898 5523 1298 5596 quwiMartene
1320 5517 1446 5581 coll.
1481 5524 1535 5593 1,
1575 5525 1703 5596 609,
1736 5527 1861 5584 edi-

239 5587 320 5663 dit
349 5604 416 5643 ex
442 5587 638 5663 codice
668 5587 1249 5663 quodam'Stabulensi
1280 5613 1294 5650 :

248 5659 451 5715 Versus
478 5659 728 5717 Heinrici
756 5665 1097 5734 imperatoris
1127 5667 1201 5723 ad
1225 5668 1401 5737 ﬁlium
1430 5682 1604 5724 suum.

1962 5317 2081 5389 Heu
2108 5311 2247 5389 mihi
2267 5319 2287 5370 !
2317 5311 2454 5388 quid
2483 5311 2686 5385 faciam
2699 5321 2728 5372 ?
2748 5333 2854 5389 quo
2871 5333 2954 5372 me
2963 5321 3162 5372 vertam
3176 5317 3301 5389 icui
3325 5311 3573 5370 credam?

1962 5387 2227 5443 Suevulus
2256 5392 2307 5442 et
2327 5387 2482 5444 Samo
2508 5387 2799 5444 concedunt
2825 5403 2965 5444 nunc
2993 5389 3096 5442 tibi
3121 5387 3284 5454 falso,

1966 5459 2178 5530 Perfida
2214 5474 2344 5527 gens
2371 5475 2511 5525 vere,
2538 5475 2638 5529 per
2663 5476 2831 5530 quam
2855 5461 3016 5514 multi
3041 5461 3266 5528 periere.

1962 5529 2118 5601 Quod
2143 5533 2192 5584 si
2218 5531 2474 5601 depellar,
2505 5536 2554 5584 et
2593 5536 2651 5586 tu
2671 5529 2913 5601 pelleris,
2953 5534 3001 5584 ct
3025 5545 3179 5584 error

1963 5600 2123 5670 Pejor
2151 5604 2254 5656 erit
2281 5600 2476 5673 primo.
2502 5603 2581 5657 Mi
2597 5600 2692 5670 ﬁli
2705 5602 2878 5668 dulce,
2912 5605 3093 5657 caveto
3125 5602 3145 5654 !
