3924 6080
289 223 401 280 $31

1515 210 1856 267 SIGEBEBTI
1906 208 2416 264 GEMBLACENSIS.

3529 208 3636 264 232

305 356 441 414 tum,
473 346 609 416 quod
647 350 708 398 ut
732 343 883 396 miles
905 341 1127 408 {domino
1142 343 1449 408 juraverat,
1481 352 1711 406 regnum
1737 351 1920 391 meum
1941 339 1992 406 Α
2018 339 2221 391 estimo.
2259 359 2283 382 »ι
2318 343 2385 393 At
2434 353 2525 406 ego
2561 341 2676 402 «Mi,
2711 357 2733 381 ι.
2785 339 3030 403 inquam,
3073 356 3086 381 .
3125 336 3224 400 ﬁli,
3287 339 3429 390 mus
3468 342 3517 389 ει
3534 340 3634 404 ju-

304 440 595 497 invaderet,
631 437 889 503 episc0pos
919 439 969 486 et
998 432 1212 485 abbates
1241 431 1701 499 meosﬂdeponeret.
1730 431 1918 482 inimi-

306 545 388 585 cos
414 531 838 596 etpersecutores
891 537 1030 576 meos
1079 522 1444 586 substituerct,
1513 520 1582 572 ad
1641 519 1915 582 ultimum,

302 621 438 690 quod
463 620 704 672 maxime
731 616 920 670 vellem
950 616 1135 676 taceri,
1177 618 1274 665 aut
1304 615 1350 665 si
1379 614 1548 665 taceri
1600 625 1711 664 non
1729 615 1916 678 potest,

301 711 487 764 vellem
514 722 625 762 non
649 706 811 771 credi,
836 718 1052 758 omnem
1099 707 1316 755 natum
1357 701 1610 767 affectum
1639 699 1915 766 abjiciens,

307 807 366 856 in
394 801 627 855 salutem
677 805 726 852 et
772 799 1018 850 animam
1053 808 1232 848 meam
1282 792 1600 857 intenderet,
1631 805 1729 844 nec
1773 788 1924 856 pensi

252 885 258 892 ’
304 897 598 962 quicquam
627 890 864 953 haberet,
897 899 1227 956 quocumque
1266 884 1419 936 modo
1445 882 1526 934 vel
1548 884 1603 934 vi
1625 881 1705 933 vel
1730 878 1924 946 fraude

305 983 378 1035 ad
399 983 540 1034 hanc
562 981 789 1047 periculi
817 984 867 1029 et
893 976 1200 1043 ignominia:
1223 987 1336 1026 suae
1381 985 1655 1024 summam
1713 970 1922 1034 aspira—

302 1078 402 1125 ret.
434 1075 496 1122 In
523 1073 624 1123 hac
655 1074 806 1121 tanta
833 1066 977 1134 finali
1015 1067 1102 1118 sui
1156 1063 1578 1124 machinatione,
1612 1072 1736 1112 cum
1760 1070 1923 1109 essem

305 1167 363 1216 in
385 1177 516 1230 pace
541 1167 588 1214 ct
619 1163 678 1213 in
707 1159 888 1226 aliqua
914 1157 1106 1210 salutis
1136 1170 1265 1208 mea:
1322 1155 1630 1216 securitate,
1689 1153 1747 1203 in.
1791 1146 1923 1214 ipsis

303 1253 559 1306 dom-inici
586 1249 848 1302 adventus
896 1247 1255 1300 sanctissimis
1307 1243 1488 1296 diebus
1537 1245 1595 1294 in
1624 1241 1798 1293 locum
1827 1240 1918 1305 qui

305 1343 644 1407 (.‘on/luentia
674 1340 895 1404 dicitur,
924 1339 992 1391 ad
1021 1338 1341 1404 colloquium
1368 1336 1599 1388 evocavit
1628 1347 1734 1397 me,
1765 1331 1919 1398 quasi

307 1435 370 1487 de
392 1433 668 1487 communi
693 1431 870 1485 salute
899 1435 948 1482 et
985 1430 1180 1482 honore
1229 1428 1374 1492 ﬁlius
1432 1430 1768 1479 tractaturus
1796 1437 1923 1475 cum

307 1537 482 1598 patre.
509 1531 672 1591 Quem
703 1533 768 1580 ut
795 1526 923 1590 vidi,
957 1526 1077 1578 ilico
1144 1538 1212 1577 ea:
1259 1528 1488 1592 paterno
1523 1522 1719 1588 aﬁ‘ectu
1747 1524 1920 1571 tactus

309 1627 641 1691 intrinsecus
661 1622 833 1674 dolore
860 1620 1028 1674 cordis
1057 1622 1163 1672 mei
1217 1619 1287 1672 ad
1331 1617 1480 1686 pedes
1531 1630 1650 1669 suos
1696 1613 1919 1682 procidi,

309 1717 599 1770 admonens
625 1719 675 1767 et
703 1713 968 1767 obtestans
989 1726 1086 1780 per
1113 1715 1297 1777 Deum,
1329 1725 1421 1778 per
1444 1710 1624 1774 ﬁdem,
1645 1723 1743 1775 per
1769 1708 1920 1760 salu-

311 1811 417 1860 tem
445 1806 664 1870 ani-mae,
698 1809 760 1855 ut
786 1805 833 1855 si
852 1817 950 1870 pro
975 1803 1202 1869 peccatis
1231 1802 1360 1853 meis
1386 1797 1740 1866 ﬂagellandus
1769 1810 1920 1848 eram

308 1914 342 1952 a
367 1902 486 1964 Deo,
514 1897 577 1949 de
599 1910 684 1949 me
712 1897 820 1962 ipse
843 1894 1056 1947 nullam
1105 1892 1381 1946 maculam
1435 1891 1768 1957 conquireret
1796 1890 1919 1940 ani-

308 2002 432 2052 mle,
466 1987 655 2040 honori
681 1990 732 2038 et
759 1985 968 2037 nomini
989 1996 1085 2036 suo
1115 1999 1133 2048 ;
1159 1982 1288 2049 quia
1319 1981 1488 2047 culpa:
1515 1981 1685 2047 patris
1732 1979 1916 2030 vindi-

311 2091 423 2130 cem
451 2076 630 2139 filium
657 2087 764 2128 esse
790 2072 946 2125 nulla
976 2071 1171 2123 divinae
1221 2071 1347 2137 legis
1375 2083 1621 2136 unquam
1645 2069 1923 2121 constituit

310 2168 539 2219 sanctio.
573 2166 637 2216 At
668 2163 754 2215 ille
795 2165 919 2229 jam
970 2160 1209 2228 pulchre,
1252 2161 1413 2212 immo
1437 2159 1736 2211 miserrime
1767 2159 1922 2209 insti-

314 2260 462 2307 tutus
490 2253 558 2305 ad
604 2251 897 2316 malitiam,
950 2251 1107 2318 quasi
1162 2247 1555 2301 abhominabile
1603 2253 1653 2299 et
1705 2260 1924 2299 execra-

309 2346 412 2399 bile
441 2345 509 2377 ²τ²
538 2345 704 2397 scelus
759 2345 914 2410 cmpit
964 2343 1217 2395 detestari
1244 2359 1261 2407 ;
1311 2342 1586 2409 procidens
1641 2346 1690 2393 et
1723 2343 1828 2406 ipse
1857 2338 1924 2390 ad

305 2434 459 2501 pedes
499 2447 656 2498 meos,
713 2433 778 2486 de
829 2433 1100 2500 preteritis
1146 2432 1301 2498 ccepit
1329 2432 1541 2483 veniam
1605 2430 1837 2498 precari,
1866 2430 1925 2479 in

310 2524 580 2590 reliquum
608 2527 672 2574 ut
709 2521 862 2574 miles
919 2521 1151 2581 domino,
1210 2525 1270 2573 ut
1295 2522 1444 2588 patri
1471 2521 1638 2584 ﬁlius,
1671 2534 1797 2572 cum
1824 2518 1927 2583 ﬁde

311 2619 362 2666 et
398 2615 622 2665 veritate
665 2628 764 2680 per
785 2613 967 2666 omnia
992 2626 1046 2665 se
1097 2612 1259 2664 michi
1285 2611 1670 2664 obauditurum
1699 2625 1823 2663 cum
1843 2610 1924 2662 la-

312 2703 494 2755 crimis
546 2704 857 2768 promittere
887 2745 904 2768 ,
956 2703 1004 2755 si
1079 2701 1402 2754 solummodo
1456 2701 1566 2752 sedi
1631 2699 1926 2766 apostolica:

304 2789 488 2843 vellem
521 2790 881 2846 reconciliari.
913 2789 1056 2851 Quod
1084 2804 1210 2842 cum
1244 2791 1639 2856 pramptissime
1691 2790 1921 2841 annuis-

305 2893 434 2944 sem,
465 2883 515 2932 et
539 2879 908 2933 deliberationi
935 2893 1042 2931 sua:
1071 2884 1122 2931 et
1152 2879 1370 2932 consilio
1395 2880 1709 2945 principum
1738 2879 1798 2928 in
1827 2878 1924 2930 hoc

308 2973 477 3020 totum
509 2982 592 3020 me
621 2966 1046 3034 mancipandum
1054 2969 1444 3034 promisissem:
1480 2969 1539 3018 in
1563 2967 1800 3034 presenti
1821 2981 1924 3017 na-

309 3061 520 3114 tivitate
556 3074 610 3112 se
631 3059 1021 3127 perducturum
1051 3073 1136 3111 me
1162 3063 1510 3126 Moguntiam,
1560 3065 1610 3112 et
1637 3058 1710 3111 ibi
1737 3059 1800 3112 de
1827 3059 1918 3112 ho-
1943 3044 1992 3112 C

306 3165 434 3205 nore
458 3157 508 3204 et
571 3151 1000 3204 reconciliatione
1055 3165 1174 3203 mea
1235 3167 1399 3218 quam
1435 3151 1644 3214 ﬁdelius
1670 3156 1840 3218 posset
1867 3166 1922 3205 se

308 3247 583 3305 acturum,
611 3247 661 3294 et
688 3241 810 3294 inde
861 3243 920 3293 in
966 3255 1156 3308 pacem
1191 3246 1241 3294 et
1270 3244 1616 3296 securitatem
1645 3257 1728 3295 me
1757 3243 1920 3296 redu-

304 3333 535 3386 cendum.
558 3335 821 3400 promisit,
852 3336 910 3386 in
936 3347 998 3386 ea
1063 3335 1290 3387 veritate
1319 3340 1368 3386 et
1396 3335 1518 3400 ﬁde,
1579 3350 1685 3402 qua
1707 3341 1921 3402 patrem

307 3436 341 3472 a
368 3420 479 3484 ﬁlio
503 3421 756 3473 honorari
779 3426 829 3473 et
856 3422 1036 3485 filium
1067 3437 1099 3473 a
1135 3428 1291 3489 patre
1315 3425 1542 3491 precipit
1582 3427 1714 3477 Deus
1746 3424 1911 3491 diligi.

313 3515 421 3565 [Iac
443 3513 809 3580 promissione,
869 3529 984 3580 qum
1014 3516 1180 3566 etiam
1215 3516 1403 3582 gentili
1450 3515 1776 3569 observanda
1827 3523 1923 3583 est,

309 3617 549 3669 securus,
583 3605 823 3658 illorsum
854 3605 1016 3670 ibam,
1044 3612 1096 3659 et
1123 3608 1268 3670 [ilius
1316 3622 1465 3661 meus
1521 3609 1927 3696 aliquantulum

312 3698 632 3760 precesserat
655 3708 741 3746 me
768 3710 785 3760 ,'
817 3709 942 3747 cum
970 3696 1192 3762 quidam
1230 3697 1407 3760 fideles
1436 3701 1543 3751 mei
1569 3705 1922 3766 occurrentes,

304 3788 576 3839 verissime
603 3785 972 3852 affirmabant,
1005 3802 1089 3840 me
1117 3788 1393 3855 deceptum
1423 3797 1473 3842 et
1527 3792 1796 3858 proditum
1823 3792 1920 3846 sub

305 3878 446 3942 falsa
464 3881 612 3944 pacis
641 3885 691 3930 et
721 3879 844 3942 ﬁdei
869 3883 1168 3947 sponsione.
1225 3886 1511 3936 Revocatus
1562 3893 1746 3938 autem
1771 3888 1918 3951 ﬁlius

309 3979 476 4028 meus,
507 3971 555 4016 et
585 3969 780 4019 iterum
832 3970 1220 4022 instantissime
1245 3986 1277 4022 a
1335 3986 1420 4024 me
1470 3973 1796 4040 admonitus,
1826 3978 1924 4029 sub

309 4053 543 4120 ejusdem.
563 4053 686 4116 ﬁdei
703 4060 752 4105 et
767 4059 1100 4109 sacramenti
1124 4057 1470 4114 obtestatione
1495 4063 1741 4115 animam
1763 4079 1921 4118 suam

306 4154 403 4207 pro
431 4142 618 4193 anima
649 4156 766 4194 mea
797 4144 911 4208 fore
931 4147 1178 4211 promisit
1221 4149 1343 4214 jam-
1373 4149 1607 4203 secunda
1636 4153 1748 4204 vice
1790 4156 1922 4205 Cum

308 4245 430 4297 ergo
455 4231 524 4284 ad
552 4232 723 4284 locum
755 4237 849 4301 qui
895 4238 1066 4304 Binga
1117 4237 1317 4290 dicitur
1338 4243 1776 4309 peruenissemus,
1800 4248 1922 4312 jam

310 4327 568 4378 existente
594 4326 678 4379 die
721 4330 928 4380 Veneris
957 4335 1086 4381 ante
1140 4331 1504 4397 nativitatem,
1535 4348 1794 4389 numerus
1820 4353 1916 4390 ar-

1947 1671 1998 1738 Β

2017 429 2120 482 dea:
2143 445 2452 485 sermonum
2477 437 2527 484 et
2562 425 2688 494 fidei
2711 429 2850 482 adsit
2875 431 3017 480 inter
3032 442 3124 481 nos
3155 428 3302 480 hodie
3355 432 3509 493 Deus,
3541 431 3635 496 qui

2019 520 2269 584 quomodo
2301 527 2349 574 te
2376 523 2438 573 in
2459 522 2642 572 virum
2647 520 2852 586 perfect
2861 532 2951 571 um
2973 523 3022 570 et
3048 516 3290 570 heredem
3313 531 3495 570 meum
3512 531 3634 584 pro-

2019 607 2288 674 duxerim,
2337 611 2554 676 quantis
2610 607 2879 661 laboribus
2929 613 2981 660 et
3036 606 3473 660 tribulationibus
3501 609 3633 660 meis

2022 703 2210 755 honori
2238 710 2326 756 tuo
2347 705 2702 768 inservierim,
2730 709 2854 770 quot
2873 709 2924 756 et
2942 707 3175 770 quantas
3215 704 3633 770 inimicitiaspro

2024 799 2072 846 te
2101 794 2381 847 habuerim
2418 803 2467 848 et
2496 796 2743 860 habeam,
2769 796 2910 849 solus
2947 801 3022 848 est
3062 796 3322 850 conscius.
3355 813 3376 842 υ
3409 794 3501 846 Ille
3529 809 3632 848 au-

2025 887 2128 934 tem
2155 885 2351 936 iterum
2381 887 2503 952 jam
2561 887 2734 949 tertio,
2787 885 2885 938 sub
2939 884 3174 952 ejusdem
3224 883 3348 948 ﬁdei
3371 887 3422 935 et
3452 896 3633 935 sacrae

2023 978 2195 1028 menti
2220 976 2581 1043 obtestatione,
2612 981 2660 1032 si
2688 981 2959 1045 ingrueret
3013 978 3216 1030 occasio
3263 975 3510 1043 periculi,
3539 989 3634 1026 ca-

2017 1072 2122 1133 put
2148 1083 2311 1122 suum
2331 1082 2427 1134 pro
2469 1069 2642 1135 capite
2690 1083 2806 1121 meo
2855 1069 2968 1133 fore
3013 1068 3257 1133 promisit
3308 1065 3491 1118 michi.
3547 1065 3634 1115 Sic

2019 1167 2301 1229 postquam
2329 1159 2523 1211 clausit
2548 1171 2634 1210 me
2661 1160 2722 1209 in
2747 1158 2925 1211 eodem
2949 1158 3181 1221 castello,
3212 1157 3342 1224 quia
3365 1155 3549 1207 omnia
3572 1154 3632 1205 in

2017 1251 2169 1304 corde
2195 1255 2246 1302 et
2274 1247 2342 1280 ’7“
2373 1248 2524 1301 corde
2551 1254 2666 1300 erat
2695 1248 2922 1313 locutus,
2963 1247 3249 1312 manifeste
3299 1243 3525 1298 ostendit
3553 1245 3632 1296 rei

2021 1349 2256 1396 eventus.
2287 1347 2368 1395 Ea:
2391 1341 2635 1395 omnibus
2665 1343 2794 1394 meis
2819 1354 2912 1408 ego
2938 1344 3166 1407 quartus
3195 1353 3316 1392 sum
3348 1338 3627 1400 inclusus;

2021 1448 2119 1485 nec
2143 1432 2359 1484 admitti
2411 1433 2588 1498 potuit
2624 1429 2842 1496 quilibet
2895 1428 3053 1481 alius.
3085 1426 3327 1481 Custodes
3365 1426 3626 1493 deputati,

2021 1524 2114 1590 qui
2135 1524 2256 1574 vita:
2281 1534 2412 1573 mea:
2435 1524 2593 1572 erant
2617 1521 2900 1572 atrociores
2940 1519 3150 1570 inimici
3204 1517 3515 1570 Benedictus
3538 1530 3632 1582 per

2022 1615 2205 1665 omnia
2235 1615 2388 1675 Deus,
2417 1608 2695 1663 eaaltandi
2728 1614 2779 1661 et
2816 1607 2884 1640 ’75
2915 1607 3242 1660 humiliandi
3265 1619 3632 1674 quemcunque

2018 1709 2242 1762 voluerit
2267 1722 2363 1760 rex
2384 1708 2807 1774 potentissimus.
2839 1709 2972 1757 Cum
3021 1706 3190 1769 igitur
3244 1706 3352 1771 ipso
3381 1704 3630 1756 sacratis-
3657 1762 3674 1777 .

2018 1801 2151 1852 sime
2179 1798 2262 1850 die
2286 1798 2587 1849 nativitatis
2623 1809 2754 1860 suae,
2796 1795 3042 1848 omnibus
3101 1794 3382 1860 redemptis
3410 1795 3519 1846 suis
3545 1792 3634 1844 ille

2018 1893 2238 1941 sanctus
2253 1893 2564 1941 sanctorum
2587 1900 2723 1952 puer
2749 1886 2938 1950 fuisset
2963 1890 3147 1950 natus,
3177 1885 3343 1937 michi
3365 1885 3462 1937 soli
3485 1883 3632 1948 ﬁlius

2020 1984 2110 2037 ille
2134 1998 2240 2036 non
2265 1987 2341 2036 est
2359 1983 2538 2035 datus.
2559 1983 2694 2038 Nam
2709 1985 2768 2034 ut
2794 1985 2998 2034 taceam
3025 1981 3340 2050 opprobria,
3369 1981 3629 2050 injurias,

2021 2073 2219 2131 minas,
2259 2069 2466 2136 gladios
2506 2071 2562 2122 in
2591 2071 2843 2122 cervicem
2855 2084 3026 2122 meam
3051 2073 3280 2135 emertos,
3313 2070 3423 2121 nisi
3448 2070 3629 2122 omnia

2023 2163 2289 2230 imperata
2317 2161 2579 2226 face-rom;
2610 2161 2809 2226 famem
2837 2163 3018 2224 etiam,
3063 2165 3112 2214 et
3140 2162 3288 2214 sitim
3317 2176 3479 2230 quam
3503 2162 3640 2227 fere-

2026 2251 2168 2316 bam,
2200 2255 2249 2302 et
2286 2250 2354 2303 ab
2383 2250 2498 2303 illis
2528 2265 2660 2318 quos
2715 2249 2930 2317 injuria
2955 2253 3073 2304 erat
3107 2251 3290 2304 videre
3318 2256 3367 2304 et
3395 2251 3589 2305 audire
3619 2270 3632 2316 ;

2023 2345 2084 2392 ut
2111 2341 2272 2392 etiam
2302 2343 2525 2406 taceam,
2558 2339 2702 2408 quod
2720 2344 2799 2393 est
2817 2341 3060 2406 gravius,
3085 2356 3168 2394 me
3197 2341 3325 2394 olim
3356 2343 3493 2395 satis
3514 2343 3636 2407 feli-

2025 2448 2133 2485 cem
2161 2432 2334 2498 fuisse
2366 2449 2378 2484 :
2408 2431 2548 2486 illud
2575 2447 2856 2501 nunquam
2871 2433 3182 2499 obliviscar,
3206 2449 3483 2502 nunquam
3501 2435 3638 2488 des:-

2024 2538 2151 2575 nam
2175 2523 2419 2576 omnibus
2439 2523 2753 2576 christianis
2777 2525 3051 2592 conqueri,
3083 2523 3228 2590 quod
3256 2523 3368 2576 illis
3396 2526 3635 2578 sanctis-

2025 2616 2179 2668 simis
2203 2615 2390 2668 diebus
2420 2616 2533 2667 sine
2559 2615 2706 2668 omni
2734 2616 3033 2669 christiana
3071 2618 3433 2670 communione
3462 2619 3519 2669 in
3545 2618 3638 2670 illo

2025 2723 2237 2762 carcere
2249 2708 2358 2774 fui.
2395 2712 2456 2761 In
2497 2708 2608 2762 illis
2632 2711 2966 2777 paenitentia:
2993 2714 3040 2762 et
3081 2710 3450 2765 tribulationis
3506 2726 3636 2765 mete

2023 2800 2231 2864 diebus,
2263 2815 2297 2852 a
2325 2799 2439 2867 ﬁlio
2465 2814 2578 2853 meo
2608 2803 2804 2855 missus
2830 2804 2975 2856 venit
3003 2801 3077 2855 ad
3095 2816 3180 2854 me
3215 2801 3438 2870 quidam
3464 2804 3631 2872 prin-

2021 2891 2200 2958 cipum
2235 2889 2554 2955 Wicbertus,
2587 2889 2768 2944 dicens
2797 2891 3012 2945 nullum
3057 2893 3183 2945 vita:
3219 2905 3345 2946 mea:
3368 2906 3477 2946 esse
3506 2906 3636 2946 con-

2019 2985 2225 3048 silium,
2279 2986 2387 3038 nisi
2429 2987 2546 3039 sine
2591 2986 2707 3039 ulla
2766 2987 3190 3040 contradictione
3251 2990 3415 3042 etiam
3473 2991 3632 3057 regni

2019 3074 2264 3140 insignia
2303 3073 2596 3136 redderem,
2651 3090 2719 3127 ex
2785 3059 3057 3129 voluntate
3096 3080 3146 3130 et
3197 3077 3426 3144 imperio
3459 3078 3633 3145 prin-

2018 3166 2215 3233 cipum.
2254 3166 2326 3219 At
2353 3180 2465 3232 ego,
2491 3170 2540 3219 et
2567 3168 2618 3220 si
2640 3168 2813 3221 omnis
2859 3172 3022 3234 terra,
3053 3173 3317 3237 quantum
3355 3171 3636 3226 inhabita-

2019 3258 2126 3319 tur,
2158 3255 2313 3321 regni
2340 3257 2443 3308 mei
2469 3259 2602 3308 esset
2656 3258 2933 3320 terminus,
2966 3257 3142 3312 volens
3190 3257 3260 3292 ³⁷⁸
3289 3261 3455 3312 vitam
3475 3275 3636 3327 regno

2021 3347 2344 3398 com-mutare
2384 3360 2399 3408 ;
2433 3346 2564 3413 quia
2592 3345 2777 3398 vellem
2835 3346 3023 3400 nollem
3072 3350 3147 3401 sic
3185 3347 3453 3414 agendum
3482 3354 3533 3402 et
3557 3352 3634 3404 sic

2027 3436 2306 3504 deﬁnitum
2341 3436 2725 3503 intellegebam,
2786 3453 3060 3503 coronam,
3125 3455 3353 3504 crucem,
3396 3441 3636 3496 lanceam

2026 3526 2116 3592 ω,
2147 3525 2392 3593 gladium
2434 3527 2558 3579 misi
2612 3526 2974 3593 Moguntiam.
3037 3529 3181 3583 Tunc
3245 3535 3628 3587 communicato

2026 3619 2252 3673 consilio
2281 3633 2399 3672 cum
2439 3619 2673 3672 inimicis
2725 3620 2856 3672 meis
2881 3620 3028 3687 ﬁlius
3053 3636 3200 3675 meus
3225 3623 3521 3691 egrediens,
3549 3639 3634 3678 re-

2026 3711 2168 3764 lictis
2198 3709 2656 3778 ibidemﬁdelibus
2681 3713 2932 3765 etamicis
2948 3715 3165 3780 nostris,
3195 3717 3355 3782 quasi
3370 3731 3451 3770 me
3463 3732 3519 3770 eo
3540 3716 3635 3770 ad-

2019 3803 2306 3868 ducturus,
2335 3801 2434 3855 sub
2462 3803 2635 3855 multa
2687 3803 2999 3872 frequentia
3026 3810 3074 3858 et
3110 3807 3356 3860 custodia
3386 3814 3632 3864 armato-

2022 3911 2151 3948 rum
2186 3910 2267 3948 me
2297 3893 2568 3959 eductum,
2602 3895 2676 3948 ad
2711 3896 2903 3949 villam
2959 3913 3074 3965 quae
3102 3900 3370 3965 Ingethem
3387 3906 3634 3968 vocatur,

2023 3987 2153 4050 fecit
2178 4000 2255 4038 me
2284 3985 2420 4038 adse
2449 3986 2668 4039 adduci.
2708 3988 2806 4040 Ubi
2819 3990 3118 4042 maximam
3132 3991 3469 4044 inimicorum
3499 3991 3640 4045 mul-

2021 4075 2309 4128 titudinem
2338 4075 2608 4129 collectam
2633 4078 2834 4141 inveni,
2866 4091 2958 4131 nec
3005 4079 3181 4146 ipsum
3230 4079 3403 4147 ﬁlium
3432 4082 3636 4134 cwteris

2021 4168 2289 4222 meliorem
2328 4169 2494 4222 michi
2522 4170 2756 4238 repperi.
2791 4173 2861 4224 Et
2888 4173 3022 4238 quia
3059 4173 3269 4238 ﬁrmius
3309 4176 3358 4226 et
3383 4173 3634 4226 stabilius

2022 4266 2096 4317 eis
2123 4264 2410 4317 videbatur
2449 4280 2580 4333 esse,
2624 4267 2673 4319 si
2710 4269 2941 4334 propria
2967 4283 3132 4322 manu
3169 4274 3410 4334 cogerent
3438 4284 3518 4323 me
3539 4286 3631 4322 re-

2019 4365 2183 4416 gnum
2220 4356 2268 4405 et
2296 4355 2478 4406 omnia
2522 4355 2734 4420 regalia
2776 4356 3112 4420 emfestucarc
3141 4374 3157 4409 :
3185 4358 3356 4410 simili
3400 4357 3555 4410 modo
3581 4362 3633 4410 et

2019 4399 2181 4416 σηη..-
2221 4399 2264 4405 --
2298 4399 2475 4406 -..ηπ
2777 4399 3109 4420 “meum”
3141 4399 3154 4409 .
3402 4399 3553 4410 ...νην
3581 4399 3628 4410 ν.

307 4425 580 4473 malorum
607 4435 832 4494 suorum
847 4425 970 4490 jam
994 4426 1124 4477 satis
1145 4425 1464 4492 augebatur,
1483 4429 1608 4494 jam
1623 4431 1779 4494 fraus
1807 4433 1920 4498 ipsa
1941 4399 1994 4467 D
2019 4442 2326 4509 ipsiomnes
2355 4444 2732 4510 minabantur,
2757 4445 3062 4498 nisiomnia
3078 4447 3346 4516 imperata
3371 4448 3628 4512 facerem,

311 4511 483 4578 detegi
533 4511 834 4566 videbatur.
864 4517 930 4565 Et
957 4514 1102 4576 ﬁlius
1162 4515 1231 4567 ad
1259 4530 1344 4568 me
1399 4539 1421 4560 ιι
1456 4521 1634 4583 Pater,
1677 4544 1689 4564 -
1730 4523 1924 4590 inquit,

312 4623 335 4642 ιι
367 4602 516 4654 nobis
546 4603 839 4656 cedendum
863 4609 940 4656 est
968 4606 1028 4656 in
1055 4607 1295 4659 vicinum
1322 4608 1603 4661 castellum
1631 4626 1648 4676 ,'
1676 4613 1802 4678 quia
1831 4628 1929 4667 nec

309 4693 577 4759 episcopus
609 4695 950 4760 Moguntinus
982 4695 1039 4746 in
1065 4696 1336 4748 civitatem
1357 4705 1519 4749 Suam
1544 4699 1790 4754 admittet
1816 4716 1923 4769 vos,

307 4785 551 4849 quandiu
600 4787 659 4837 in
685 4785 862 4840 banno
887 4789 1056 4852 eritis,
1099 4803 1196 4842 nec
1243 4803 1329 4843 vos
1361 4792 1678 4858 inpacatum
1706 4800 1758 4847 et
1782 4797 1926 4849 inre-

308 4877 656 4930 conciliatum
681 4879 849 4932 audeo
885 4880 1126 4945 ingerere
1169 4883 1405 4935 inimicis
1433 4886 1637 4938 vestris.
1671 4885 1786 4938 Illic
1812 4901 1921 4938 na-

309 4969 574 5021 tivitatem
603 4985 728 5023 cum
757 4971 848 5024 Dei
875 4970 1070 5024 honore
1098 4978 1147 5026 et
1172 4988 1306 5041 pace
1329 4977 1495 5041 agetis
1525 4974 1593 5007 ’73
1623 4994 1638 5029 :
1667 4991 1926 5044 quoscun-

305 5070 406 5122 que
431 5057 696 5123 placuerit
724 5058 885 5125 vobis,
943 5059 1212 5114 vobiscum
1265 5061 1661 5130 habeatis.’Ego
1708 5067 1925 5118 interim

305 5158 508 5218 quant.)
547 5156 862 5222 instantius,
894 5162 1098 5223 quanto
1143 5157 1354 5220 ﬁdelius
1405 5163 1603 5225 potero,
1655 5174 1752 5226 pro
1775 5160 1924 5214 nobis

308 5245 548 5311 utrisque
572 5245 838 5312 laborabo,
867 5248 996 5313 quia
1049 5261 1275 5300 causam
1319 5254 1554 5302 vestram
1593 5263 1699 5303 esse
1747 5265 1924 5304 meam

2025 4537 2232 4591 nullum
2270 4540 2394 4591 vitae
2451 4553 2576 4592 mea:
2624 4540 2907 4593 consilium
2959 4542 3081 4609 ﬁeri
3123 4557 3299 4611 posse.
3354 4544 3485 4596 Tum
3541 4557 3633 4611 ego

2029 4647 2053 4669 «ι
2089 4625 2246 4690 Quia,
2291 4646 2319 4674 υ
2351 4627 2592 4695 inquam,
2627 4647 2656 4677 α
2683 4628 2749 4681 de
2777 4629 2888 4682 solo
2925 4631 3041 4684 vita
3080 4632 3283 4698 agitur,
3326 4649 3435 4702 qua
3465 4634 3637 4687 nichil

2025 4719 2313 4784 pretiosius
2325 4718 2490 4773 habeo
2503 4724 2584 4773 :ut
2594 4720 2781 4775 saltem
2803 4722 2984 4777 vivens
2989 4726 3122 4791 peni
3123 4728 3344 4780 tentiam
3356 4727 3636 4783 exhibeam

2025 4806 2150 4869 Deo,
2178 4807 2444 4876 quicquid
2500 4810 2805 4878 imperatis,
2857 4825 2970 4866 ecce
3020 4814 3186 4878 facio.
3223 4835 3247 4858 ιι
3283 4815 3516 4885 Cumque
3546 4819 3633 4872 in-

2025 4896 2314 4962 quirerem,
2339 4898 2387 4949 si
2413 4896 2600 4952 saltem
2640 4900 2717 4952 sic
2763 4899 2829 4954 de
2857 4902 2973 4954 vita
3003 4906 3178 4956 certus
3202 4906 3251 4957 et
3276 4918 3495 4959 securus
3526 4921 3635 4960 esse

2025 4982 2265 5036 deberem
2277 4983 2304 5036 ‘i
2322 4985 2558 5053 ejusdem
2581 4989 2884 5055 apostolica?
2897 4990 3041 5044 sedis
3052 4991 3280 5059 legatus,
3309 4995 3407 5062 qui
3433 4994 3631 5050 ibidem

2024 5071 2235 5139 aderat,
2262 5088 2368 5126 non
2397 5073 2514 5127 dico
2547 5078 2643 5144 qui
2669 5077 2777 5132 hazc
2807 5082 2988 5134 omnia
3015 5082 3386 5150 ordinaverat,
3418 5101 3636 5155 respon-

2025 5157 2126 5226 dit,
2153 5175 2235 5214 me
2262 5161 2412 5214 nullo
2430 5162 2587 5217 modo
2612 5166 2754 5234 eripi
2775 5181 2952 5235 posse,
2981 5170 3091 5224 nisi
3110 5170 3322 5239 publice
3341 5171 3632 5238 conﬁterer,

2023 5265 2104 5304 me
2127 5251 2333 5320 injuste
2358 5253 2789 5312 Hildibrandum
2803 5263 3286 5328 persecutumesse,
3311 5259 3635 5316 Wicbertum

1666 5373 1886 5429 VARIIE
1926 5375 2286 5434 LECTIONES

377 5493 446 5576 ²⁷ξ
476 5502 529 5549 cl
557 5511 606 5549 ο.
651 5495 840 5551 desunt
871 5497 979 5551 Βι*
1009 5499 1281 5576 '?3_agen_s
1307 5499 1505 5576 C19"
1530 5519 1596 5556 ex
1653 5511 1868 5560 correct.
1911 5506 2169 5562 additum
2227 5511 2278 5564 1.
2329 5510 2397 5544 ’τδ
2439 5510 2476 5563 D
2529 5519 2583 5566 et
2638 5528 2686 5565 e.
2735 5512 2828 5566 (Ἃ.
2862 5514 2931 5548 ’⁷⁸
2959 5515 3155 5572 nolens
3183 5517 3272 5572 Cl.
3309 5519 3398 5574 4*.
3423 5519 3490 5552 ’⁷⁷
3530 5523 3638 5576 Ec-

305 5565 617 5632 card.cor.,
658 5577 961 5637 sceptrum,
1003 5565 1371 5641 chlamydem,
1405 5572 1547 5627 lanc.
1587 5576 1945 5645 Urstzs;cor.,
1981 5587 2281 5649 sceptrum,
2309 5597 2548 5650 crucem,
2570 5565 2720 5638 ilanc.
2751 5565 2825 5650 cf.
2847 5565 3278 5657 Hircsii
