3894 6070
374 258 481 313 235

1593 248 1932 305 SIGEBERTI
1976 249 2463 304 GEMBLACENSIS

3593 259 3699 316 236

379 387 476 440 rici
505 385 788 449 exterruit,
821 383 1035 453 aliquos
1067 382 1296 437 comites
1336 389 1389 435 et
1415 382 1617 436 multos
1655 387 1907 452 potentes
1935 386 1989 433 et
2014 383 2066 450 Α
2095 379 2257 447 hujus
2290 377 2528 431 miminis
2557 394 2714 447 papa,
2777 379 2868 448 qui
2929 377 3336 434 IIildebrandus
3386 382 3701 439 nominatus

378 478 594 532 nobiles
620 475 783 545 cepit.
823 476 941 544 Ipse
968 475 1253 529 IIeinricus
1283 491 1402 527 cum
1453 472 1580 528 ﬁliis
1603 473 1716 527 suis
1743 473 1832 526 vix
1863 471 1989 540 fuga

379 569 583 630 evasit;
631 582 850 620 uxorem
894 567 1013 634 ejus
1052 581 1248 635 capere
1306 567 1414 618 dux
1475 565 1761 638 indignum
1811 562 1983 616 duxit.

376 657 612 710 Comites
652 661 704 709 et
754 655 1133 708 honoratiores
1191 669 1379 706 eorum
1413 670 1551 723 quos
1600 658 1839 721 ceperat,
1895 667 1990 720 per

376 749 747 803 conditionem
781 747 881 800 sub
908 761 966 799 se
1008 745 1278 799 militandi
1323 745 1425 797 sibi
1467 745 1790 799 conciliatos
1816 743 1884 796 ad
1925 742 1990 794 ti-

377 838 657 891 delitatem
691 852 844 890 suam
866 834 1114 889 adduxit.

450 929 606 982 'IIOR.
725 929 782 980 R.
825 928 876 979 ‘2.
1030 926 1083 978 F.
1133 927 1214 977 13.
1366 927 1422 976 Α.
1467 927 1519 974 8.
1673 924 1727 976 II.
1774 924 1827 974 8.

454 1019 736 1074 IIeinricus
765 1018 1058 1086 imperator
1097 1025 1287 1071 contra
1323 1017 1640 1070 Rothertum
1695 1014 1986 1068 I"Iandren-

380 1127 492 1164 sem
529 1109 674 1162 vadit
706 1109 868 1175 (3M),
923 1116 977 1159 et
1009 1115 1166 1175 pacto
1202 1106 1352 1175 pacis
1393 1105 1568 1175 magis
1621 1105 1880 1174 utrinque
1922 1103 1990 1156 si-

380 1197 584 1250 mulato
608 1212 768 1265 quam
804 1195 1131 1263 composito,
1173 1209 1316 1262 pene
1357 1191 1610 1246 inefﬁcax
1636 1191 1796 1245 redit.
1830 1191 1987 1260 Boja-

378 1287 617 1340 mundus
647 1286 756 1339 dux
783 1284 1012 1355 Apuliae,
1056 1291 1337 1339 contracto
1374 1283 1672 1337 undeunde
1722 1282 1985 1344 exercitu,
2020 1347 2027 1362 ν

379 1375 685 1446 accingitur
755 1374 822 1427 ad
898 1372 1268 1426 invadendum
1330 1370 1987 1440 ConstantinOpoIitanum

379 1466 692 1536 imperium.

452 1558 609 1612 1109.
643 1557 844 1623 (1110.)
870 1554 921 1609 3.
1177 1554 1266 1607 49.
1519 1555 1572 1607 9.
1828 1554 1880 1604 9.

450 1649 509 1699 In
541 1645 830 1714 parrochia
859 1641 1111 1715 Legiensi
1156 1657 1319 1711 porca
1365 1641 1526 1696 enixa
1557 1648 1639 1696 est
1691 1641 1989 1712 porcellum

381 1740 672 1794 habentem
715 1736 908 1790 faciem
956 1735 1214 1790 hominis.
1250 1734 1416 1788 Natus
1471 1740 1555 1787 est
1598 1733 1763 1788 etiam
1810 1733 1992 1803 pullus

378 1831 596 1906 gallina}
626 1828 977 1900 quadrupes._
1007 1828 1308 1896 Imperator
1338 1825 1623 1880 Heinricus
1662 1833 1850 1879 contra
1879 1826 1988 1879 Un-

377 1938 540 1993 garos
570 1921 718 1976 vadit
748 1920 924 1989 (3435‘).-
960 1919 1056 1972 sed
1103 1917 1244 1972 facto
1296 1923 1454 1987 pacto
1486 1916 1648 1972 redit.
1701 1916 1988 1987 Philippus

381 2036 473 2072 rex
535 2017 861 2070 Francorum
902 2014 1039 2068 obiit
1097 2014 1266 2082 (340).
1323 2011 1645 2066 Ludowicus
1693 2010 1837 2064 filius
1872 2012 1989 2079 ejus

383 2115 502 2178 post
529 2122 653 2160 eum
689 2113 882 2176 regnat
907 2103 993 2154 35*.

451 2197 607 2250 1110.
863 2193 914 2246 ιδ.
1177 2195 1222 2246 1.
1482 2193 1564 2246 10.
1787 2192 1872 2244 10.

454 2288 512 2340 In
546 2300 732 2339 mense
754 2283 918 2337 Iunio
949 2289 1192 2336 cometes
1214 2281 1485 2350 apparuit,
1539 2280 1720 2334 radios
1746 2279 1994 2354 dirigens

379 2376 448 2430 ad
499 2385 769 2440 austrum,
826 2371 1012 2425 multis
1042 2370 1442 2424 conitientibus
1493 2371 1599 2424 hoc
1651 2369 1812 2443 signo
1866 2386 1994 2439 por-

382 2467 533 2521 tendi
577 2465 813 2518 futuram
869 2462 1016 2533 regis
1064 2461 1296 2515 Heinrici
1351 2460 1528 2531 quinti
1584 2461 1990 2531 expeditionem

381 2559 590 2612 Italiam
634 2572 845 2610 versus.
893 2557 1126 2609 Sanctus
1172 2555 1471 2619 Wibertus,
1523 2553 1778 2607 fundator
1829 2554 1992 2606 Cern—

380 2647 706 2701 melacensis
727 2645 970 2710 cenobii,
1003 2645 1169 2698 ubiet
1195 2644 1444 2713 sepultus
1476 2643 1791 2714 requiescit,
1826 2660 1987 2714 quem

379 2735 522 2788 Deus
552 2733 737 2786 multis
777 2740 831 2786 et
870 2732 1086 2804 magnis
1117 2731 1504 2786 miraculorum
1552 2732 1725 2803 signis
1757 2748 1855 2802 per
1899 2749 1992 2786 an-

380 2844 480 2882 nos
529 2829 597 2880 1‘2
637 2828 799 2899 longe
831 2828 1048 2896 lateque
1103 2827 1519 2892 (:Iariticaverat,
1551 2827 1875 2881 auctoritate
1897 2845 1991 2880 ve-

380 2923 642 2977 nerabilis
667 2922 938 2976 Frederici
1008 2906 1418 2975 Coloniensium
1477 2921 1881 2991 archiepisc0pi
1937 2931 1989 2975 et

379 3027 605 3067 assensu
638 3011 916 3084 generalis
946 3011 1166 3081 synodi,
1208 3028 1238 3064 a
1269 3010 1432 3065 domo
1464 3009 1704 3064 Obberto
1737 3009 1988 3082 Legiensi
2030 3078 2044 3084 ,-

2018 1688 2067 1755 Β

2093 474 2194 526 est,
2228 476 2279 518 et
2305 466 2573 536 exagitata
2599 480 2628 518 a
2660 466 3074 520 successoribus
3102 468 3367 541 Gregorii,
3402 471 3618 525 Victore
3649 480 3702 527 et

2095 554 2331 618 Urbano,
2366 561 2417 607 et
2449 570 2546 622 pre
2577 553 2836 608 omnibus
2865 571 2896 608 a
2945 555 3171 622 Pascali,
3206 572 3406 631 magno
3438 561 3699 615 scandan

2090 651 2204 696 erat
2237 643 2330 696 toti
2356 642 2579 695 mundo.
2615 646 2736 711 (Ep.
2780 642 2991 714 Heinr.)
3022 643 3132 697 Rex
3171 645 3250 698 uti
3277 646 3469 700 volens
3505 656 3700 703 aucto-

2092 735 2250 788 ritate
2282 742 2336 786 et
2366 733 2763 787 consuetudine
2790 741 2843 788 et
2874 735 3243 789 auctoralibus
3275 737 3580 810 privilegiis
3606 741 3702 794 im-

2095 831 2428 894 peratorum,
2461 824 2553 894 qui
2587 841 2617 877 a
2658 824 2852 878 Karolo
2878 841 3100 896 magno,
3131 827 3222 896 qui
3258 828 3466 898 primus
3517 829 3586 884 de
3624 847 3704 884 re-

2090 917 2252 987 gibus
2295 917 2616 969 Francorum
2655 917 2942 985 imperavit
2977 918 3258 985 Romanis,
3297 921 3405 989 jam
3442 939 3540 992 per
3593 933 3702 977 tre-

2089 1014 2279 1057 centos
2311 1011 2362 1057 et
2391 1004 2627 1074 amplius
2657 1019 2831 1057 annos
2863 1006 3266 1074 imperaverant
3287 1009 3388 1061 sub
3419 1011 3702 1083 sexaginta

2091 1095 2262 1148 tribus
2291 1096 2628 1165 apostolicis,
2658 1096 2820 1150 dabat
2863 1097 3010 1150 Iicite
3042 1099 3398 1169 epiSCOpatus
3451 1111 3505 1154 et
3532 1101 3706 1155 abba-

2092 1188 2192 1241 tias
2216 1195 2270 1242 et
2308 1205 2407 1257 per
2452 1189 2675 1241 anulum
2709 1197 2762 1242 et
2795 1205 2892 1258 per
2949 1189 3156 1262 virgam
3187 1191 3256 1224 εδδ
3296 1191 3462 1260 (347).
3508 1192 3706 1247 Contra

2095 1278 2234 1330 hanc
2282 1294 2549 1346 majorum
2581 1279 2957 1333 auctoritatem
3001 1281 3302 1336 censebant
3334 1299 3490 1353 papae
3530 1300 3706 1355 syno-

2091 1368 2200 1422 dali
2235 1370 2470 1437 judicio,
2503 1387 2605 1424 nec
2629 1387 2791 1441 posse
2833 1387 2934 1425 nec
2965 1372 3169 1426 debere
3209 1374 3324 1427 dari
3370 1391 3469 1444 per
3498 1376 3704 1450 virgam

2091 1461 2173 1512 vel
2206 1476 2303 1528 per
2324 1460 2549 1513 anulum
2581 1461 2960 1531 episcopatum
3011 1469 3103 1514 aut
3159 1462 3394 1533 aliquam
3428 1465 3708 1520 {ecclesia-

2092 1548 2280 1601 sticam
2325 1547 2701 1602 investituram
2735 1564 2764 1600 a
2816 1549 2991 1603 laicali
3033 1565 3230 1615 manu;
3284 1561 3337 1607 ct
3393 1554 3707 1625 quicunque

2094 1636 2166 1688 ita
2216 1635 2597 1706 episcopatum
2631 1645 2725 1690 aut
2770 1635 2931 1689 aliam
2963 1638 3338 1692 azcclesiastici
3381 1640 3522 1707 juris
3552 1643 3706 1696 inve-

2091 1727 2336 1781 stituram
2363 1727 2740 1797 accipiebant;
2803 1729 3444 1784 excommunicabantur.
3478 1733 3707 1804 Pr0pter

2091 1819 2232 1871 hanc
2267 1819 2527 1888 precipue
2561 1835 2778 1873 causam
2823 1835 2913 1874 rex
2948 1821 3172 1874 Romam
3210 1823 3500 1886 tendebat;
3559 1831 3611 1876 et
3656 1826 3703 1877 si

2091 1909 2182 1978 qni
2217 1907 2695 1980 Langobardorum
2729 1925 2952 1979 quoquo
2996 1911 3161 1964 modo
3192 1911 3241 1963 ei
3277 1911 3527 1966 resistere
3555 1913 3708 1966 vole—

2090 2003 2238 2065 bant,
2276 2009 2527 2072 patenter
2553 2018 2648 2056 eos
2682 2004 2996 2072 proterebat
3018 2006 3104 2058 23°.

2164 2090 2302 2153 Quid
2329 2090 2412 2144 vel
2445 2092 2722 2160 quomodo
2755 2091 2897 2144 inter
2934 2109 3129 2162 papam
3177 2102 3229 2146 et
3269 2109 3452 2166 regem
3500 2108 3703 2148 conve-

2096 2182 2257 2247 nerit,
2287 2197 2410 2235 cum
2463 2183 2631 2235 multa
2672 2199 2700 2236 a
2733 2183 2918 2236 multis
2954 2184 3208 2238 dicantur
3261 2185 3366 2239 hoc
3416 2193 3623 2238 tantum
3677 2202 3709 2239 a

2097 2271 2255 2325 nobis
2289 2270 2520 2335 dicetur,
2545 2272 2691 2341 quod
2730 2271 2782 2324 in
2807 2271 3040 2340 epistola
3080 2273 3148 2326 ab
3183 2274 3303 2342 ipso
3347 2290 3472 2344 rege
3502 2275 3709 2344 scripta

2094 2361 2348 2433 legimus.
2391 2363 2514 2430 (Ep.
2572 2364 2783 2430 Heinr.)
2814 2363 3053 2416 Instabat
3093 2363 3427 2418 omnimodis
3460 2379 3620 2433 papa,
3649 2375 3709 2418 ut

2093 2460 2364 2507 averteret
2398 2468 2580 2525 regem
2615 2470 2644 2505 a
2685 2459 2955 2521 potestate
2995 2453 3162 2506 dandi
3217 2453 3571 2523 episcOpatus
3618 2456 3704 2508 vel

2093 2543 2362 2610 abbatias,
2399 2561 2500 2597 nec
2558 2559 2652 2613 per
2682 2543 2906 2598 anulum
2967 2559 3069 2597 nec
3128 2561 3224 2614 per
3281 2545 3508 2617 virgam.
3569 2546 3704 2616 Regi

2093 2638 2358 2706 quaerenti
2396 2653 2492 2706 per
2523 2635 2892 2689 internuntios
2919 2650 2950 2688 a
2978 2652 3137 2706 papa.
3193 2636 3275 2689 his
3311 2636 3571 2690 omnibus
3600 2637 3706 2690 sibi

2092 2729 2290 2782 ablatis
2351 2729 2628 2799 quomodo
2659 2734 2933 2781 constaret
2982 2743 3232 2800 regnum,
3286 2730 3546 2798 quoniam
3593 2727 3704 2782 fere

2091 2824 2276 2877 omnia
2310 2824 2513 2897 regalia
2544 2832 2923 2876 antecessores
2975 2823 3060 2876 sui
3086 2830 3474 2878 concesserant
3503 2831 3559 2877 et
3595 2831 3706 2877 tra-

2093 2919 2344 2971 diderant
2399 2918 2704 2971 :eeclesiis?
2752 2917 3069 2987 respondit:
3139 2920 3444 2973 Sacerdotes
3483 2920 3706 2973 decimis

2090 3011 2334 3062 (ecclesia:
2357 3016 2404 3062 et
2429 3010 2787 3063 oblationibus
2818 3011 3048 3062 contenti
3085 3011 3215 3072 sint,
3245 3026 3345 3063 rea:
3371 3025 3493 3064 vero
3524 3013 3706 3064 omnia

382 3101 643 3170 episc0po
683 3100 946 3154 elevatur.
999 3100 1126 3164 Quae
1155 3098 1388 3153 elevatio
1447 3098 1830 3152 innumerabili
1861 3113 1994 3152 con-
2019 3078 2067 3144 Ο
2084 3100 2276 3167 predia
2306 3103 2354 3152 et
2389 3100 2620 3166 regalia,
2654 3114 2771 3167 qua:
2800 3114 2834 3150 ιι
2881 3098 3102 3164 regibus
3133 3098 3330 3152 collata
3370 3103 3498 3153 sunt
3526 3100 3705 3153 (eccle-

381 3207 544 3244 cursu
569 3200 624 3244 et
653 3189 890 3243 mirabili
924 3189 1126 3263 gaudio
1160 3189 1484 3259 populorum
1521 3188 1801 3242 celebrata
1830 3196 1911 3242 est
1937 3191 1988 3243 9.

386 3283 496 3336 Kal.
522 3282 773 3337 Octobris
805 3283 887 3336 “3.

454 3372 610 3426 1111.
1173 3372 1223 3426 2.
1486 3373 1569 3425 11.
1792 3373 1877 3426 11.

455 3462 741 3517 Heinricus
789 3463 1012 3533 quintus
1041 3463 1200 3529 hujus
1250 3463 1490 3516 nominis
1536 3464 1602 3496 ³⁸³
1637 3480 1727 3516 rex
1768 3464 1994 3516 Romam

382 3555 551 3622 vadit,
586 3563 810 3626 propter
856 3555 1156 3609 sedandam
1190 3555 1519 3609 discordiam
1550 3571 1670 3625 quze
1693 3562 1809 3607 erat
1854 3555 1997 3608 inter

385 3663 615 3721 regnum
645 3656 699 3703 et
724 3649 1121 3710 sacerdotium;
1173 3665 1292 3718 qua:
1325 3655 1482 3718 cepta
1511 3664 1540 3700 a
1568 3648 1827 3720 Gregorio
1848 3663 1994 3701 nono

2093 3191 2212 3252 siis,
2245 3190 2496 3257 recipiat,
2547 3194 2596 3242 et
2626 3190 2860 3242 detineat
2909 3189 3015 3242 sibi
3060 3193 3108 3242 et
3145 3191 3534 3243 successoribus
3573 3193 3703 3244 suis.

2099 3276 2242 3349 Rege
2270 3291 2366 3346 per
2394 3277 2768 3330 internuntios
2810 3276 3185 3346 respondente
3227 3293 3285 3330 se
3317 3278 3465 3331 nolle
3495 3278 3710 3332 violen-

2098 3371 2224 3425 tiam
2253 3378 2306 3424 ct
2350 3371 2671 3438 injustitiam
2705 3371 2907 3424 inferre
2938 3371 3226 3437 tecclesiis,
3261 3371 3511 3442 promisit
3547 3388 3708 3442 papa,

2098 3469 2152 3514 et
2201 3461 2317 3514 suis
2352 3477 2449 3531 pro
2480 3477 2537 3513 se
2593 3460 2906 3528 jurantibus
2945 3459 3257 3525 afﬁrmavit,
3319 3477 3378 3514 sc
3428 3461 3708 3514 dominica

2098 3554 2353 3607 instantis
2386 3553 2857 3625 quinquagesimae
2895 3552 3078 3605 omnia
3113 3553 3316 3624 regalia
3347 3568 3467 3605 cum
3496 3552 3709 3618 justitia
3768 3556 3778 3566 '

2097 3655 2150 3700 et
2209 3645 2529 3699 auctoritate
2569 3643 2872 3713 apostolica
2901 3643 2967 3695 ab
3025 3643 3302 3712 episcopis
3347 3649 3400 3696 et
3444 3642 3708 3697 accelesiis

1723 3757 1938 3810 VARle
1985 3755 2354 3814 LECTIONES.

459 3859 527 3889 ²⁸²
559 3856 593 3907 I'.
629 3872 678 3909 e.
714 3857 958 3910 succedit
989 3859 1147 3909 habet
1188 3859 1244 3909 A.
1299 3857 1460 3910 annis
1493 3857 1668 3909 XXVII
1711 3859 1837 3910 add.
1896 3858 2016 3911 B3“.
2050 3859 2210 3910 annis
2255 3857 2501 3910 XXXVIII
2539 3856 2668 3908 add.
2708 3855 2831 3906 Ri".
2866 3854 3024 3907 annis
3076 3853 3305 3907 XXVIIII
3365 3855 3494 3908 add.
3545 3856 3704 3908 BP“

388 3929 447 3980 Ι).
502 3995 530 3996 η
555 3927 622 3958 ²⁸³
653 3928 884 3979 Sanctus
937 3957 1000 3966 —
1064 3927 1310 3980 Octobris
1341 3929 1529 3981 desunt
1562 3927 1683 3980 Cri".
1723 3930 1778 3979 0.
1813 3934 1951 3981 (Mus
1983 3946 2159 3983 annus
2206 3931 2347 3982 deest
2378 3931 2436 3980 Α.
2523 3929 2586 3960 ³³⁵
2620 3945 2673 3996 q.
2709 3927 2762 3978 h.
2798 3942 2849 3978 n.
2882 3927 3074 3978 desunt
3110 3927 3165 3977 ll.
3252 3927 3318 3958 εδδ
3351 3927 3601 3980 baculum
3644 3930 3704 3981 Α.

387 3998 456 4031 εδδ
488 3995 580 4048 llic
610 3999 663 4049 in
695 3997 745 4048 1.
780 3998 978 4049 desinit
1006 4014 1198 4049 manus
1252 4001 1429 4055 tertia.
1463 4002 1515 4050 in
1548 3999 1723 4050 media.
1761 4003 1966 4066 pagina
1994 4001 2303 4053 claei-nimiis
2359 4001 2571 4061 ultima,
2605 3995 2758 4066 cujus
2790 3997 2999 4064 reliqua
3025 4013 3152 4062 pars
3179 4012 3352 4049 uacua
3389 4004 3464 4050 est
3495 3999 3684 4052 relicta

387 4069 635 4135 Apparet
662 4068 803 4130 inde,
837 4073 1002 4120 totum
1025 4069 1370 4122 ducrm'oncm
1404 4071 1659 4121 inscrtum.
1706 4072 1896 4135 fuisse,
1926 4077 2213 4139 postquam
2246 4075 2520 4138 sequentia
2551 4070 2687 4135 folia
2711 4069 2831 4135 jam
2874 4070 3077 4135 scripta
3106 4071 3350 4133 fuerunt,
3387 4074 3435 4121 et
3489 4070 3704 4137 quidem

387 4143 648 4191 insertum
685 4141 854 4204 f‘uisso
892 4141 999 4191 (ore
1034 4140 1267 4192 aliorum
1331 4141 1538 4208 aliquot
1567 4141 1820 4205 foliorum
1853 4145 2168 4194 exciso-ram.
2203 4145 2458 4209 .S'cquitur
2487 4141 2679 4206 fol-ium.
2736 4155 2920 4202 unum,
2977 4156 3007 4190 (ι
3039 4154 3206 4190 malm
3236 4144 3455 4206 quarta,
3483 4156 3709 4207 prorsus

387 4212 521 4272 alia,
561 4210 760 4272 nitida,
795 4226 913 4278 qua:
940 4211 1217 4262 simillima
1249 4211 1464 4278 quidem
1505 4216 1578 4263 est
1623 4213 1884 4276 Atestrlmi,
1921 4229 2012 4265 nec
2062 4219 2238 4266 tamen
2272 4216 2440 4280 ἱρείη-ς
2503 4227 2611 4263 esse
2644 4211 2876 4261 videtur.
2938 4212 3066 4262 Dus:
3103 4213 3310 4276 jn'iorcs
3343 4211 3493 4262 lineae
3522 4211 3709 4265 deleta:

387 4284 539 4343 sunt;
591 4285 752 4353 prior
775 4285 988 4353 fuerat:
1032 4289 1090 4353 et
1133 4282 1275 4352 siqui
1309 4281 1786 4353 Langobardorum
1819 4284 2207 4353 quoquomodo
2249 4284 2296 4336 ei
2333 4284 2584 4336 resistere
2625 4281 3210 4353 volebant,“potenter
3239 4295 3334 4353 eos
3370 4282 3708 4350 proterebat,

387 4353 585 4404 altera:
624 4353 703 4404 VI.
742 4352 832 4404 IIl.
866 4352 976 4406 XII.
1030 4352 1166 4412 ΧΗ..
1205 4351 1532 4422 tm-tiajam
1592 4351 1984 4421 izm'pitft'juiil
2019 4355 2101 4408 vel
2147 4361 2241 4407 rte.
2280 4354 2372 4406 Hic
2404 4369 2592 4405 norum
2645 4367 2850 4403 annum
2893 4351 2970 4402 VI.
3007 4351 3097 4414 III,
3126 4351 3234 4403 XII.
3266 4351 3375 4403 XII.
3411 4356 3713 4420 superscri—

381 4429 535 4491 ptum
555 4425 822 4490 incipiunt
850 4430 899 4476 et
924 4427 999 4476 sic
1037 4425 1282 4492 (it-auceps
1311 4430 1547 4493 perguut
1577 4441 1787 4492 quoque
1809 4427 1865 4476 Α.
1897 4425 2018 4479 113⁶ίᾉ
2051 4427 2134 4478 4*.
2168 4426 2310 4478 Idem
2339 4427 2526 4489 fuerat
2559 4426 2611 4474 in.
2642 4425 2690 4474 1.
2723 4423 2815 4474 sed
2837 4423 2956 4490 jam
2989 4429 3294 4493 ctu-rectura
3302 4438 3401 4489 per
3421 4424 3500 4485 1η,
3536 4428 3593 4476 ut
3619 4442 3714 4477 nos

388 4496 651 4547 dedimus.
711 4496 999 4563 Sequentia
1034 4498 1213 4548 omnia
1247 4492 1329 4547 ini
1356 4496 1410 4548 υ.
1486 4495 1540 4548 Ε.
1593 4499 1667 4547 ita
1698 4502 1968 4548 lJO‘Itt'I‘tUI'ttl
2004 4500 2277 4561 leg-untur:
2315 4497 2370 4547 In
2414 4493 2861 4548 reconciliatione
2894 4501 3094 4550 autem,
3131 4509 3251 4562 qua:
3274 4492 3417 4546 facta
3457 4500 3536 4546 est
3571 4494 3716 4547 inter

387 4564 773 4636 imperatorem
816 4574 868 4619 et
902 4582 1117 4635 papam,
1153 4570 1297 4630 (nam
1335 4567 1510 4635 ipsum
1563 4583 1756 4636 papam
1787 4583 1910 4619 cum
1947 4567 2223 4636 episc0pis
2254 4574 2306 4618 et
2360 4565 2738 4636 cardinalibus
2773 4571 3011 4633 ceperat)
3069 4563 3156 4636 die.
3195 4563 3422 4636 Pasch-te
3477 4565 3711 4620 Ilenrieo

387 4635 441 4708 in
467 4637 848 4708 imperatorem
884 4634 1165 4701 eor-enato,
1201 4644 1321 4706 post
1349 4634 1542 4691 lectum
1565 4634 1572 4636 ⁷
1599 4634 2218 4708 evangelium,tradidit
2260 4637 2307 4688 ei
2351 4654 2489 4706 papa
2530 4643 2655 4688 ante
2696 4635 2864 4708 altare
2887 4634 3259 4708 apostolorum
3285 4634 3426 4686 Petri
3461 4636 3711 4701 etI’auli,

389 4705 441 4756 in
471 4707 644 4758 oculis
674 4708 917 4786 omnium
946 4705 1277 4788 principum,
1309 4707 1681 4788 privilegium,
1736 4705 1802 4786 de
1836 4709 2154 4788 investitu‘ra
2187 4705 2612 4788 episeopaluum
2662 4706 2746 4758 vel
2777 4705 3142 4788 abbaliarupi,
3171 4714 3275 4784 tam
3311 4721 3408 4774 per
3444 4708 3711 4786 annulum

387 4792 549 4851 quam
610 4793 706 4851 per
739 4776 964 4851 virgam,
998 4780 1229 4851 scilicet.
1266 4788 1323 4832 ut
1379 4776 1530 4851 regni
1566 4780 1684 4851 ejus
1712 4779 1987 4848 episc0pis
2014 4780 2100 4851 vel
2159 4776 2472 4840 abbatibus,
2538 4779 2706 4830 libere
2741 4784 2924 4851 preter
2973 4776 3288 4851 violentiam
3324 4783 3375 4828 et
3405 4779 3712 4851 symoniam

385 4846 596 4904 electis.
634 4846 994 4920 investiOnem
1027 4850 1191 4920 virga,-
1241 4859 1295 4903 et
1323 4846 1524 4920 annuli
1551 4846 1815 4905 conferat.
1859 4846 1980 4918 post
2011 4850 2371 4904 investionem
2409 4865 2534 4902 vero
2567 4848 2833 4901 canonice
2875 4849 3348 4920 consecrationem
3377 4847 3613 4920 accipiat
3642 4851 3711 4901 ab

385 4919 669 4990 episcopo,
697 4918 768 4990 ad
803 4935 964 4990 quem
999 4918 1345 4988 pertinuerit.
1385 4919 1731 4975 Confirmatio
1763 4921 1913 4990 pacis
1972 4921 2114 4974 inter
2141 4920 2501 4988 apostolicum
2535 4927 2587 4972 et
2618 4921 3026 4990 imperatorem,
3059 4919 3188 4971 dum
3232 4919 3284 4970 in
3333 4918 3712 4973 celebratione

386 4989 564 5040 missae
591 4988 832 5064 traderet
864 4989 912 5042 ei
943 5006 1141 5064 corpus
1170 5002 1220 5044 et
1250 4993 1575 5064 sanguinem
1619 4988 1824 5044 domini
1857 4991 2028 5064 nostri
2059 4992 2186 5064 Jesu
2209 4991 2432 5053 Christi;
2474 5011 2494 5039 ((
2531 4990 2763 5064 Domine
2794 4989 3118 5058 imperator;
3138 4991 3468 5064 hoccorpus
3495 4990 3711 5064 Domini

381 5067 568 5113 natum
603 5076 666 5113 ex
699 5058 862 5112 Maria
905 5059 1135 5130 virgine,
1167 5058 1383 5130 passum
1419 5063 1472 5115 in
1510 5077 1667 5116 cruce
1702 5079 1797 5130 pro
1840 5063 2018 5126 nobis,
2051 5063 2190 5114 sicut
2222 5071 2407 5114 saneta
2451 5071 2503 5114 et
2534 5060 2835 5129 apostolica
2873 5067 3023 5113 tenet
3058 5060 3328 5125 arcelesia,
3376 5061 3572 5114 damus
3614 5062 3711 5114 tibi

381 5131 437 5184 in
471 5130 941 5184 confirmationem
981 5147 1122 5184 vera:-
1165 5133 1314 5200 pacis
1354 5133 1495 5187 inter
1529 5149 1615 5185 me
1647 5142 1698 5185 et
1735 5141 1806 5186 te.
1849 5152 1871 5185 »
1902 5134 2089 5186 Datum
2133 5142 2213 5186 est
2249 5132 2437 5184 Idibus
2476 5131 2691 5200 Aprilis,
2736 5131 3039 5185 indictione
3069 5137 3279 5200 quarta.
3315 5134 3552 5200 Denique
3584 5133 3710 5187 CI".

381 5203 464 5254 his
491 5203 736 5256 omnibus
770 5202 964 5257 Contra
999 5202 1136 5255 hanc
1163 5203 1429 5273 majorum
1478 5235 1544 5242 —
1585 5204 1891 5258 indictione
1942 5213 2133 5274 quarta
2180 5206 2390 5256 omissis
2420 5205 2500 5256 nil
2531 5203 2687 5255 habet
2712 5205 2850 5255 nisi:
2874 5202 3044 5274 Facta
3077 5213 3160 5255 est
3191 5202 3592 5273 qualiscunque
3627 5220 3710 5258 re~

381 5273 855 5328 conciliatiointer
882 5289 1077 5344 papam
1113 5281 1164 5326 et
1194 5274 1600 5344 imperatorem,
1642 5274 1732 5345 qui
1767 5275 1943 5344 ipsum
1961 5272 2168 5345 papam
2196 5291 2316 5327 cum
2351 5274 2625 5344 episc0pis
2655 5281 2708 5327 et
2736 5272 3109 5327 cardinalibus
3139 5280 3376 5342 ceperat.

1947 5375 1984 5428 Ν
1993 5375 2151 5429 OT/E.

449 5478 595 5547 (344)
625 5480 862 5535 Exeunte
910 5481 1124 5536 Octobr.
1177 5481 1327 5534 1107.
1385 5481 1566 5535 Rediit
1614 5499 1684 5535 m.
1734 5481 1991 5535 Januario

377 5549 813 5626 1'IO“8_._cf._lIlon.
852 5553 1014 5626 Legg.
1052 5570 1106 5606 ιι.

409 5621 862 5744 cr(11345.)Exennte
911 5621 1061 5694 Séjit.
1141 5622 1295 5679 1108.
1355 5624 1536 5679 Rediit
1601 5626 1824 5680 ineunte
1883 5624 1988 5678 No-

374 5707 403 5746 V
515 5708 604 5745 )I'I.

2167 5481 2307 5547 (316)
2338 5483 2396 5535 D.
2431 5482 2500 5534 20
2526 5481 2629 5534 Jul.
2667 5481 2824 5534 1108.

2165 5555 2300 5621 (347)
2335 5556 2447 5608 Item
2479 5555 2560 5605 uti
2587 5584 2649 5590 —
2685 5555 2892 5618 t'irgam
2927 5557 2979 5603 et
3020 5550 3182 5620 paulo
3212 5557 3336 5620 post
3366 5550 3613 5603 Instabat
3644 5582 3707 5588 —-

2092 5627 2298 5691 negotio
2327 5629 2470 5694 (pag.
2517 5623 2642 5694 374.
2675 5622 2774 5676 lin.
2802 5622 2884 5694 :7.)
2939 5628 3152 5691 sumpta
3207 5628 3334 5675 sunt
3373 5636 3435 5673 ex
3467 5621 3708 5675 IIeinriei

2092 5696 2313 5767 encycla
2340 5693 2482 5749 il‘Ion.
2513 5693 2675 5768 Legg.
2712 5711 2768 5759 Il,
2799 5693 2882 5747 70.
