3924 6080
238 261 348 324 237

1736 251 2084 314 CHRONICA.

3457 259 3564 320 238

238 383 456 442 anferre
474 390 530 440 et
559 397 732 456 regno
758 381 1013 448 reddere,
1067 380 1123 436 id
1178 387 1262 436 est
1290 378 1566 446 civitates,
1597 365 1850 446 ducatus',
1878 381 1932 448 Α
1958 391 2078 430 rum
2111 373 2330 429 invadat
2354 371 2423 426 ad
2454 386 2684 445 regnum
2706 369 3057 444 pertinentia.
3092 375 3380 432 lnterdixit
3399 379 3564 434 etiam

239 471 538 536 marchias,
569 470 882 536 comitatus,
937 475 1211 535 monetas,
1281 466 1562 532 thelonea,
1605 465 1852 521 advoca-

244 568 348 628 tas,
377 560 566 616 omnia
589 560 717 629 jura
755 557 1140 614 centurionum
1195 556 1279 612 vel
1329 555 1642 622 vilicorum,
1674 561 1859 610 eurtes

246 660 303 706 et
325 650 506 716 vilias,
535 665 659 704 cum
680 647 942 704 omnibus
973 646 1326 719 pertinentiis
1355 647 1470 701 suis
1545 661 1668 717 quae
1697 645 1856 720 regni

246 746 426 805 erant,
483 737 733 792 militiam
783 743 839 792 et
878 744 1075 792 castra.
1138 735 1287 790 Hanc
1343 733 1770 791 conventionem
1802 735 1858 788 in

247 830 407 885 karta
437 827 770 899 descriptam
800 828 915 901 regi
945 826 1118 894 dedit,
1165 826 1271 882 hoc
1295 825 1529 892 addens,
1562 824 1712 896 quod
1743 824 1863 894 ipse

251 935 439 993 regem
461 927 518 974 et
542 933 771 988 regnum
801 917 1032 973 ulterius
1061 933 1173 972 non
1220 915 1576 988 inquietaret,
1609 923 1665 969 et
1693 913 1867 985 privi-

251 1009 396 1083 legio
458 1008 564 1062 sub
599 1008 948 1062 anathemate
993 1005 1364 1070 conlirmaret,
1399 1021 1466 1058 ne
1527 1002 1730 1074 posteri
1781 1002 1864 1056 sui

246 1115 374 1154 eum
412 1097 726 1170 inquietare
746 1107 1108 1168 praesumant;
1142 1111 1326 1170 regem
1347 1095 1588 1167 benigne
1606 1102 1660 1149 et
1685 1095 1862 1150 hono-

251 1186 403 1243 riﬁce
431 1186 760 1258 susciperet,
815 1201 1052 1257 eumque
1103 1185 1157 1240 in
1211 1185 1599 1255 imperatorem
1621 1199 1859 1240 corona-

255 1286 360 1344 ret,
383 1286 439 1332 et
460 1277 529 1332 ad
548 1277 849 1332 tenendum
903 1275 1198 1347 imperium
1237 1274 1440 1330 auxilio
1470 1273 1642 1330 ofﬁcii
1663 1275 1748 1330 sui
1773 1273 1872 1328 ad-

250 1367 487 1439 juvaret.
509 1367 614 1424 Pro
638 1369 723 1424 his
747 1368 1008 1424 omnibus
1031 1365 1332 1439 implendis
1347 1381 1489 1438 papa
1515 1365 1870 1442 regiobsides

253 1459 426 1515 dedit.
462 1459 792 1514 Internuntii
836 1459 1004 1532 regis,
1028 1459 1280 1530 quamvis
1327 1458 1534 1513 scirent
1588 1457 1693 1512 hoc
1716 1456 1871 1512 nullo

256 1551 422 1606 modo
454 1567 618 1622 posse
639 1549 782 1618 fieri,
812 1548 1243 1617 affirmaverunt,
1290 1549 1336 1604 si
1378 1565 1520 1620 papa
1563 1549 1683 1604 haec
1709 1564 1870 1604 com-

1956 463 2060 518 sub
2091 461 2463 527 anathemate,
2489 475 2558 514 ne
2589 459 2691 526 illi,
2723 461 2815 532 qui
2846 471 2968 532 post
3009 479 3135 518 eum
3169 465 3223 520 in
3265 467 3568 538 apostolica

1958 554 2092 608 sede
2123 551 2324 606 sessuri
2351 559 2501 616 sunt,
2530 550 2770 606 audeant
2804 567 2992 626 regem
3041 562 3135 609 aut
3179 571 3406 630 regnum
3450 557 3570 627 ejus

1959 645 2266 718 inquietare
2287 659 2453 715 super
2493 645 2596 699 hoc
2626 643 2867 716 negotio.

2037 742 2096 795 In
2127 739 2570 796 reconciliatione
2608 748 2812 805 autem,
2846 757 2970 812 quae
2999 741 3137 798 facta
3184 751 3265 798 est
3298 744 3444 799 inter
3474 761 3573 816 pa-

1965 851 2088 906 pam
2117 843 2172 890 et
2203 835 2610 906 imperatorem,
2643 836 2736 906 qui
2767 835 2945 906 ipsum
2979 853 3175 907 papam
3207 854 3330 892 cum
3364 838 3575 910 episco«

1967 930 2054 998 pis
2074 939 2128 984 et
2152 929 2524 984 cardinalibus
2575 937 2838 998 cmperat,
2895 930 3001 984 hoc
3060 930 3159 985 fuit
3201 933 3571 1001 jnramentum

1969 1017 2113 1090 regis
2140 1035 2151 1068 :
2185 1023 2286 1085 Ego
2318 1020 2595 1072 Ileinricus
2642 1033 2739 1070 rex
2776 1018 2828 1068 4.
2858 1019 2936 1071 vel
2983 1017 3034 1069 ὅ.
3069 1020 3210 1084 feria
3232 1021 3478 1087 proxim“:
3508 1021 3576 1072 ἱζ-

1962 1109 2106 1162 beros
2135 1108 2409 1160 dimittam
2446 1107 2726 1160 dominum
2753 1122 2952 1175 papam
3000 1113 3051 1160 et
3079 1109 3340 1175 episcopos
3365 1114 3417 1161 et
3455 1123 3576 1161 car-

1961 1197 2167 1250 dinales
2191 1203 2243 1250 et
2269 1211 2452 1250 omnes
2507 1199 2738 1264 captivos
2783 1203 2833 1250 et
2860 1197 3058 1252 obsides
3082 1203 3170 1264 ;et
3192 1214 3346 1266 papa:
3370 1207 3423 1252 et
3447 1200 3578 1264 ﬁde-

1971 1289 2110 1342 libus
2132 1291 2248 1356 ejus
2275 1294 2328 1342 et
2351 1290 2601 1343 Romanis
2648 1303 2838 1356 pacem
2887 1294 2937 1342 et
2961 1292 3304 1344 securitatem
3337 1290 3576 1356 servabo,

1974 1387 2090 1435 tam
2109 1397 2206 1450 per
2227 1395 2314 1435 me
2335 1395 2500 1449 quam
2522 1395 2621 1448 per
2634 1386 2858 1445 meos,et
2885 1383 2946 1434 in
2965 1385 3203 1449 personis
3233 1389 3282 1437 et
3312 1386 3372 1436 in
3399 1384 3576 1450 rebus,

1971 1471 2122 1538 eique
2138 1470 2397 1525 obaediam
2422 1469 2569 1524 salvo
2596 1470 2792 1523 honore
2852 1472 3007 1536 regni
3058 1471 3140 1523 vel
3183 1473 3413 1539 imperii.
3471 1469 3581 1526 Hoc

1969 1560 2340 1628 juramentum
2405 1558 2730 1627 iuraverunt
2803 1557 2971 1612 etiam
3039 1559 3286 1630 episcom
3316 1568 3371 1616 et
3429 1560 3582 1631 prin-

258 1643 456 1714 pleret,
485 1658 670 1716 regem
692 1657 912 1714 quoque
960 1641 1308 1698 investituras
1359 1639 1757 1704 ecclesiarum,
1789 1639 1868 1695 uti

1981 1653 2128 1724 cipes
2146 1651 2365 1707 circiter
2396 1650 2482 1706 16.
2522 1650 2904 1705 Juramentum
2953 1666 3020 1704 ex
3079 1657 3234 1721 parte
3285 1667 3439 1721 papa:
3480 1653 3584 1707 hoc

258 1731 568 1803 quaerebat,
597 1729 978 1786 refutaturum.

329 1823 458 1894 (1b.)
510 1822 619 1878 Hac
655 1838 756 1894 spe
807 1821 1236 1893 promissionum
1293 1819 1411 1894 regi
1457 1819 1683 1875 Romam
1749 1827 1874 1875 ten-

257 1914 449 1980 dendi,
481 1913 721 1970 Pascalis
745 1929 889 1986 papa
936 1911 1120 1985 primo
1166 1927 1268 1983 per
1316 1925 1468 1976 suos,
1526 1915 1716 1981 postea
1753 1909 1873 1979 ipse

254 2025 383 2065 cum
409 2007 747 2080 primoribus
800 1992 1170 2062 Romanor'um
1213 2012 1363 2060 extra
1391 2003 1583 2060 urbem
1612 2002 1869 2066 occurrit,

257 2097 580 2168 nullamque
609 2111 831 2152 causam
861 2093 1154 2150 resistendi
1194 2092 1580 2149 ostenderunt.
1613 2091 1710 2145 Vix
1739 2089 1877 2146 civi-

258 2191 384 2246 tatis
410 2196 602 2261 portas
632 2187 916 2262 ingressus
941 2195 1084 2255 erat,
1121 2201 1246 2242 cum
1295 2184 1566 2240 militibus
1595 2183 1716 2252 ejus
1735 2182 1878 2237 intra

255 2277 494 2334 civitatis
538 2275 744 2332 moenia
788 2290 982 2331 secure
1027 2273 1375 2348 vagantibus,
1436 2273 1528 2328 alii
1582 2269 1876 2335 vulnerati,

255 2370 349 2426 alii
369 2369 563 2436 occisi,
589 2383 784 2424 omnes
813 2382 944 2422 vero
976 2381 1117 2438 pene
1137 2365 1284 2437 capti
1331 2372 1426 2420 aut
1473 2362 1696 2434 spoliati
1717 2368 1866 2417 sunt.

258 2462 370 2518 Rex
395 2469 604 2525 tamen,
629 2460 787 2531 quasi
838 2474 939 2531 pro
978 2458 1082 2514 levi
1149 2473 1315 2514 causa
1345 2472 1456 2512 non
1485 2462 1689 2521 motus,
1721 2461 1876 2508 tran-

256 2550 431 2624 quilla
455 2559 640 2605 mente
666 2563 843 2620 usque
873 2547 942 2602 ad
998 2547 1198 2616 ianuas
1227 2544 1492 2601 aecclesiae
1537 2543 1688 2598 beati
1732 2539 1877 2595 Petri

255 2643 495 2716 apostoli
534 2658 658 2698 cum
685 2639 1038 2712 processione
1051 2637 1322 2710 pervenit.
1347 2637 1450 2692 Ubi
1471 2637 1663 2692 volens
1685 2639 1875 2688 osten-

255 2735 387 2791 dere
431 2733 636 2790 nullam
693 2730 1068 2788 ecclesiarum
1117 2730 1214 2784 Dei
1263 2727 1724 2784 disturbationem
1807 2739 1874 2779 ex

254 2839 354 2879 suo
381 2822 524 2878 velle
569 2821 873 2892 procedere
929 2819 985 2873 in
1041 2817 1220 2873 oculis
1266 2823 1321 2872 et
1369 2815 1599 2872 auribus
1625 2814 1874 2870 omnium

253 2917 556 2974 astantium
577 2916 684 2971 hoc
711 2914 994 2970 decretum
1027 2910 1431 2984 promulgavit:
1461 2912 1576 2977 Ego
1606 2911 1870 2964 Henricus

254 3011 556 3078 imperator
591 3010 855 3074 augustas
904 3005 1124 3072 afﬁrmo
1174 3004 1278 3057 Deo
1316 3007 1365 3058 et
1411 3006 1598 3058 sancto
1637 3003 1792 3056 Pet-ro
1823 3005 1873 3054 et

253 3098 501 3155 omnibus
529 3097 791 3166 episcopis
829 3098 878 3148 et
908 3092 1200 3148 abbatibus
1227 3097 1276 3147 et
1301 3092 1548 3146 omnibus
1575 3091 1827 3145 (ecclesiis
1853 3107 1869 3142 :

252 3193 438 3248 omnia
475 3203 597 3258 qua:
637 3191 990 3241 antecessores
1041 3187 1146 3239 mei
1201 3199 1352 3252 reges
1387 3185 1468 3238 vel
1524 3185 1873 3252 imperatores

253 3280 643 3342 concesserunt,
670 3275 752 3329 vel
802 3289 1013 3344 quoquo
1049 3273 1206 3328 modo
1243 3273 1592 3328 tradiderunt
1623 3277 1750 3339 Deo,
1784 3286 1874 3342 ego

255 3372 406 3427 nullo
454 3369 612 3424 modo
663 3367 976 3422 subtrahere
1044 3366 1182 3422 volo.
1219 3365 1330 3420 Hoc
1358 3365 1582 3421 decreto
1623 3365 1766 3420 lecto
1821 3371 1875 3419 et
1922 3383 1932 3392 -

256 3458 594 3529 subscripto,
629 3455 789 3527 petiit
813 3471 845 3510 a
900 3469 1041 3525 papa
1081 3463 1140 3508 ut
1171 3453 1502 3524 adimpleret
1547 3453 1594 3508 ei
1635 3453 1788 3525 quod
1819 3453 1875 3506 in

262 3554 417 3607 karta
446 3549 780 3606 conditionis
796 3547 1058 3618 scriptum
1087 3553 1222 3601 erat.
1267 3547 1387 3616 ipse
1409 3545 1576 3600 etiam
1627 3559 1720 3598 rex
1751 3559 1880 3599 con-

260 3645 582 3700 ventionem
613 3657 768 3696 suam
793 3639 862 3694 ad
887 3655 1082 3709 papam
1126 3637 1384 3703 ﬁrmavit,
1411 3635 1880 3707 jurantibusqua—

257 3747 382 3792 tuor
403 3733 724 3799 comitibus,
785 3731 934 3803 quod
1008 3731 1254 3801 proxima
1313 3737 1504 3802 quarta
1548 3729 1635 3784 vel
1691 3728 1882 3801 quinta

260 3823 398 3880 feria
427 3839 522 3878 rex
551 3820 836 3892 principes
857 3835 989 3874 suos
1015 3803 1317 3874 amicitiam
1346 3817 1535 3887 jurare
1561 3817 1786 3882 faceret,
1827 3823 1883 3872 et

266 3911 496 3969 obsides
515 3911 695 3977 daret,
723 3923 790 3964 eo
828 3916 1043 3974 tenore,
1075 3907 1119 3962 si
1154 3923 1296 3978 papa
1324 3907 1573 3978 proximo
1604 3906 1882 3962 dominico

266 4002 358 4057 die
387 3999 717 4070 adimpleret
766 3997 882 4072 regi
916 4013 1015 4067 per
1043 3997 1249 4061 omnia,
1301 3997 1450 4068 quod
1483 3997 1538 4050 in
1567 3996 1719 4052 karla
1748 4011 1886 4052 con-

268 4095 552 4152 ventionis
577 4093 696 4162 ejus
719 4091 982 4162 scriptum
1010 4099 1148 4146 erat.
1209 4089 1340 4145 Cum
1369 4105 1500 4164 ergo
1547 4106 1638 4145 rex
1665 4090 1879 4146 insiste-

271 4197 377 4254 ret,
417 4193 477 4242 ut
495 4201 637 4258 papa
665 4201 787 4240 cum
814 4183 1031 4252 justitia
1083 4188 1138 4238 et
1191 4181 1517 4238 auctoritate
1560 4181 1884 4252 promissam

270 4278 380 4334 sibi
411 4275 842 4333 conventionem
868 4274 939 4328 de
970 4273 1272 4328 reddendis
1298 4271 1403 4326 sibi
1434 4271 1711 4344 regalibus
1754 4286 1888 4326 con-

1971 1745 2075 1800 fuit
2107 1763 2119 1798 :
2149 1747 2403 1800 Dominus
2426 1759 2570 1813 papa
2625 1743 2860 1798 Pascalis
2909 1758 3021 1798 non
3076 1744 3396 1813 inquietabit
3413 1745 3586 1800 domi-

1971 1851 2108 1890 num
2135 1848 2312 1902 regem
2338 1847 2440 1888 nec
2470 1847 2699 1900 regnum
2742 1835 2857 1901 ejus
2879 1832 2944 1886 de
2966 1835 3289 1888 investitura
3313 1838 3583 1905 episcopa-

1975 1931 2134 1979 tuum
2154 1923 2236 1978 vel
2289 1922 2656 1982 abbatiarum,
2709 1936 2881 1990 neque
2915 1922 2982 1976 de
3023 1925 3232 1992 injuria
3269 1925 3372 1979 sibi
3396 1931 3449 1979 et
3473 1929 3586 1980 suis

1974 2013 2130 2066 illata
2160 2014 2220 2064 in
2266 2011 2527 2079 personis,
2578 2012 2638 2063 in
2691 2008 2881 2075 bonis;
2907 2023 3078 2078 neque
3128 2012 3342 2080 aliquod
3373 2014 3588 2068 malum

1974 2104 2155 2158 reddet
2177 2102 2280 2157 sibi
2301 2103 2382 2156 vel
2406 2103 2575 2156 alicui
2588 2115 2829 2170 persona:
2841 2115 2942 2169 pro
2992 2103 3093 2155 hac
3119 2117 3285 2156 causa
3309 2120 3328 2169 ;
3367 2110 3418 2158 et
3441 2108 3588 2174 peni-

1979 2203 2065 2250 tus
2092 2198 2153 2250 in
2173 2209 2456 2264 personam
2507 2195 2645 2260 regis
2698 2194 2914 2247 Henrici
2961 2208 3246 2261 nunquam
3294 2197 3587 2250 anathema

1977 2290 2154 2342 mittet
2182 2303 2197 2353 ;
2227 2302 2324 2340 nec
2349 2284 2650 2340 remanebit
2676 2287 2736 2338 in
2784 2285 2997 2339 domino
3019 2300 3164 2353 papa
3209 2288 3344 2354 quin
3376 2295 3589 2342 coronet

1975 2391 2100 2431 eum
2129 2419 2145 2442 ,
2175 2381 2226 2430 et
2252 2389 2482 2443 regnum
2509 2379 2560 2426 et
2617 2375 2903 2443 imperium
2938 2373 3145 2428 auxilio
3171 2375 3330 2441 ofﬁcii
3349 2378 3440 2430 sui
3463 2391 3588 2431 eum

1979 2473 2158 2521 tenere
2183 2463 2564 2532 adjuvabitpro
2582 2477 2731 2532 posse
2753 2477 2868 2518 suo.
2899 2465 2963 2515 Et
2985 2463 3084 2517 hoc
3110 2463 3420 2532 adimplebit
3445 2481 3589 2534 papa

1974 2560 2091 2613 sine
2114 2556 2310 2622 fraude
2331 2561 2382 2608 et
2410 2554 2555 2608 man
2591 2556 2824 2622 ingenio.
2869 2552 2980 2607 Hoc
3017 2552 3392 2621 juramentum
3433 2570 3589 2626 papa:

1973 2643 2441 2702 conﬁrmaverunt
2461 2641 2703 2710 jurando
2746 2639 2998 2710 episcopi
3059 2647 3116 2694 et
3145 2641 3456 2697 cardinales
3486 2658 3590 2697 nu-

1975 2752 2128 2792 mero
2179 2735 2244 2790 15
2299 2733 2530 2788 Henrico
2577 2731 2692 2806 regi
2737 2731 2793 2786 in
2849 2731 3236 2802 imperatorem
3300 2740 3585 2790 coronato.

1977 2825 2102 2880 Post
2131 2825 2333 2880 lectum
2360 2821 2706 2894 evangelium
2747 2821 2973 2875 tradidit
2996 2821 3046 2876 ei
3078 2837 3220 2892 papa
3246 2828 3373 2877 ante
3419 2822 3590 2879 altare

1975 2917 2348 2990 apostolorum
2388 2913 2530 2970 Petri
2562 2921 2616 2968 et
2647 2912 2794 2968 Pauli
2827 2913 2884 2967 in
2937 2913 3115 2968 oculis
3145 2914 3394 2969 omnium
3425 2915 3583 2986 prin-

1903 3043 1952 3112 Ο
1972 3009 2156 3080 cipum
2185 3006 2291 3062 hoc
2321 3002 2670 3077 privilegium
2695 3002 2764 3057 de
2791 3001 3112 3058 investitura
3168 3003 3586 3076 episcopatuum

1975 3101 2060 3156 vel
2089 3098 2454 3159 abbatiarum,
2488 3104 2596 3151 tam
2631 3111 2729 3166 per
2765 3095 2990 3150 anulum
3011 3111 3175 3168 quam
3218 3114 3318 3169 per
3341 3098 3584 3174 virgam:

1974 3191 2212 3245 Pascalis
2239 3190 2513 3257 episcopus
2554 3200 2737 3240 servus
2779 3199 3058 3240 servorum
3086 3189 3177 3242 Dei
3211 3188 3494 3245 karissimo
3524 3192 3583 3245 in

1973 3287 2177 3339 Christo
2223 3285 2335 3349 ﬁlio
2385 3284 2604 3338 Henrico
2663 3283 3068 3336 Teutonicorum
3089 3285 3223 3351 regi,
3268 3290 3321 3338 et
3343 3299 3441 3354 per
3490 3289 3584 3340 Dei

1976 3374 2350 3441 omnipotentis
2406 3372 2645 3438 gratiam
2695 3372 3056 3422 Romanorum
3111 3372 3425 3438 imperatori
3487 3389 3593 3428 au-

1977 3469 2149 3532 gusto,
2178 3464 2410 3518 salutem
2435 3469 2486 3516 et
2515 3461 2858 3530 apostolicam
2885 3459 3300 3516 benedicth
3350 3467 3593 3532 Regnum

1977 3561 2215 3610 vestrum
2247 3558 2451 3607 sanctae
2477 3556 2730 3606 Romanae
2764 3550 3012 3604 (ecclesia:
3031 3552 3386 3620 singulariter
3425 3556 3596 3610 coha-

1979 3662 2096 3704 rere
2118 3647 2384 3715 dispositio
2423 3645 2609 3698 divina
2673 3643 2972 3696 constituit.
2999 3641 3402 3699 Praedecessores
3422 3644 3598 3715 Qvestri

1977 3737 2260 3806 probitatis
2309 3739 2362 3789 et
2403 3733 2707 3802 prudentia:
2784 3731 3060 3800 amplioris
3115 3735 3296 3799 gratia
3344 3737 3598 3790 Romanae

1982 3825 2130 3880 urbis
2155 3837 2410 3878 coronam
2431 3827 2482 3877 et
2522 3821 2812 3889 imperium
2857 3821 3127 3874 cmecuti
3147 3827 3297 3875 sunt.
3326 3821 3416 3876 Ad
3441 3827 3597 3894 cujus

1983 3915 2224 3970 videlicet
2267 3927 2475 3968 corona:
2497 3917 2549 3964 et
2579 3911 2792 3979 imperii
2816 3909 3137 3978 dignitatem
3193 3915 3348 3964 tuam
3397 3927 3600 3981 quoque

1981 4026 2290 4081 personam,
2316 4009 2399 4074 ﬁli
2421 4009 2702 4062 karissime
2750 4008 2992 4072 Henrice,
3036 4021 3135 4075 per
3161 4009 3334 4062 nostri
3359 4009 3602 4062 ministe—

1984 4107 2133 4158 rium
2159 4102 2442 4157 sacerdotii
2488 4102 2743 4168 majestas
2797 4099 2983 4152 divina
3024 4102 3288 4166 provexit.
3320 4099 3478 4154 Illam
3505 4102 3602 4168 igi-

1987 4197 2080 4246 tur
2131 4191 2420 4258 dignitatis
2473 4189 2916 4259 praerogativam,
2977 4203 3140 4257 quam
3186 4189 3603 4258 praedecessores

1987 4281 2162 4334 nostri
2177 4279 2370 4332 vestris
2380 4275 2856 4347 praedecessoribus
2885 4275 3164 4330 catholicis
3186 4262 3604 4344 imperatoribus

271 4367 514 4422 ﬁrmaret
542 4383 557 4430 ;
589 4363 865 4420 universis
893 4371 1002 4418 tam
1037 4363 1153 4418 suis
1191 4379 1356 4434 quam
1384 4363 1610 4427 nostris,
1667 4361 1887 4417 scilicet
1915 4361 1972 4430 D
1996 4373 2363 4428 concesserunt
2381 4373 2429 4422 et
2453 4367 2860 4437 privilegiorum
2886 4368 3107 4436 paginis
3133 4369 3603 4435 confirmaverunt,

268 4458 568 4530 episeOpis,
603 4455 921 4523 abbatibus,
979 4462 1032 4510 et
1057 4455 1331 4511 universis
1373 4454 1637 4510 mcclesia:
1664 4453 1792 4508 ﬁliis
1831 4455 1890 4509 in

273 4548 472 4603 faciem
504 4547 557 4602 ei
587 4545 992 4612 resistentibus,
1019 4554 1074 4600 et
1101 4545 1326 4600 decreto
1355 4559 1455 4600 suo
1487 4543 1709 4615 plenam
1733 4545 1893 4600 here-

273 4638 378 4694 sim
403 4637 848 4704 inclamantibus,
878 4636 1052 4692 voluit
1099 4652 1262 4708 papa,
1297 4635 1342 4690 si
1365 4635 1514 4691 salva
1543 4651 1679 4706 pace
1698 4635 1894 4691 saeclo-

273 4728 375 4782 size
402 4727 693 4798 potuisset,
722 4727 828 4782 hoc
879 4727 1230 4799 privilegium
1263 4725 1540 4797 proferrre
1576 4743 1588 4777 ε
1613 4725 1691 4780 Ne
1717 4741 1896 4780 sacer-

276 4817 459 4882 dotes,
481 4814 711 4870 abbates
766 4824 861 4871 aut
905 4815 1089 4872 clerici
1131 4814 1492 4870 saecularibus
1529 4824 1894 4884 occupentur,

277 4925 420 4962 neve
478 4907 548 4962 ad
592 4907 908 4964 comitatum
967 4908 1253 4971 accedant,
1305 4905 1411 4961 nisi
1477 4921 1575 4976 pro
1622 4906 1898 4961 damnatis

279 4996 569 5066 ernendis,
619 5013 759 5053 neve
817 4995 1067 5051 militiam
1135 5003 1452 5062 exerceant,
1507 5012 1632 5068 qua:
1691 4995 1780 5051 vix
1805 5004 1901 5053 aut

277 5091 433 5148 nullo
461 5089 624 5146 modo
677 5088 799 5143 sine
845 5086 1071 5158 rapinis,
1131 5087 1463 5160 sacrilegiis,
1523 5087 1798 5143 incendiis
1845 5094 1902 5142 et

281 5180 601 5239 homicidiis
691 5178 1036 5241 exhibentur,
1148 5193 1286 5234 neve
1371 5177 1604 5233 ministri
1715 5177 1902 5232 altaris

280 5274 420 5328 ﬁant
464 5269 702 5325 ministri
733 5271 922 5338 curiae,
985 5269 1437 5341 neveaccipiant
1489 5286 1520 5324 a
1579 5269 1806 5343 regibus
1833 5269 1900 5323 ad

282 5383 519 5441 regnum
585 5366 936 5438 pertinentia.
997 5367 1130 5440 Regi
1185 5373 1368 5421 autem
1415 5365 1532 5420 sive
1583 5365 1904 5436 imperatori

285 5456 511 5512 censuit
540 5471 662 5510 esse
675 5455 1006 5510 dimittenda
1025 5454 1208 5510 omnia
1225 5454 1292 5508 ad
1326 5470 1557 5529 regnum
1570 5453 1906 5526 pertinentia

285 5555 587 5618 atempore
618 5546 792 5602 Karoli
820 5545 1002 5621 Magni
1033 5552 1087 5600 et
1115 5553 1423 5601 ceterorum
1458 5547 1852 5616 imperatorum
1889 5562 1904 5608 ;

285 5639 633 5696 interdicens
651 5638 755 5692 sub
787 5638 1158 5707 anathemate,
1191 5653 1262 5692 ne
1291 5637 1581 5709 quisquam
1613 5637 1909 5708 episcogio-

1993 4477 2090 4518 nos
2127 4475 2336 4531 quoque
2361 4459 2635 4513 dilectioni
2685 4462 2794 4512 tua:
2822 4457 3177 4522 concedimus,
3232 4462 3282 4510 et
3325 4461 3608 4526 praesentis

1991 4550 2266 4620 privilegii
2294 4549 2501 4616 pagina
2536 4549 2938 4614 conﬁrmamus,
2961 4550 3021 4600 ut
3040 4547 3198 4612 regni
3234 4548 3320 4600 tui
3339 4547 3608 4616 episcopis

1993 4643 2077 4696 vel
2105 4639 2394 4696 abbatibus
2425 4639 2588 4694 libere
2638 4642 2834 4708 praeter
2861 4637 3176 4691 violentiam
3229 4641 3280 4690 et
3307 4639 3610 4706 syntoniam

1994 4733 2172 4788 electis
2192 4732 2571 4786 investituram
2599 4731 2771 4796 uirga:
2799 4733 2848 4782 et
2877 4728 3030 4782 anuli
3065 4727 3330 4795 conferas.
3375 4730 3497 4783 Post
3520 4731 3610 4784 in-

1994 4825 2334 4880 vestitionem
2362 4837 2491 4876 vera
2520 4821 2776 4875 kanonice
2803 4822 3246 4876 consecrationem
3283 4821 3520 4891 accipiat
3547 4821 3615 4875 ab

1998 4915 2243 4984 episcopo
2263 4911 2339 4964 ad
2367 4925 2522 4980 quem
2556 4910 2883 4978 pertinuerit
2959 4909 3022 4965 Si
3049 4912 3172 4980 quis
3211 4914 3390 4964 autem
3417 4925 3453 4963 a
3478 4909 3616 4964 clero

1999 5011 2052 5060 et
2083 5004 2288 5075 populo
2315 5007 2512 5073 prater
2542 5006 2694 5057 tuum
2757 5016 3033 5056 assensum
3063 5003 3254 5057 electus
3281 5003 3478 5068 fuerit,
3506 5003 3619 5056 nisi

2001 5110 2036 5150 a
2060 5099 2110 5148 te
2135 5095 2478 5157 investiatur,
2509 5107 2544 5145 a
2572 5093 2782 5145 nemine
2833 5095 3178 5145 consecretur.
3223 5089 3364 5144 Sane
3386 5092 3619 5160 episcopi

2001 5188 2051 5238 et
2087 5182 2476 5253 archiepiscopi
2522 5180 2820 5234 libertatem
2868 5179 3122 5244 habeant,
3171 5183 3284 5233 ate
3339 5180 3617 5233 investitos

2002 5274 2274 5343 episcopos
2300 5271 2384 5326 vel
2419 5269 2638 5325 abbates
2692 5269 2948 5322 kanonice
3002 5267 3368 5322 consecrandi.
3401 5267 3618 5323 Praede-

2005 5379 2229 5419 cessores
2259 5365 2401 5418 enim
2424 5363 2593 5417 vestri
2619 5360 2884 5416 (ecclesias
2938 5361 3094 5427 regni
3143 5359 3234 5413 sui
3263 5361 3432 5414 tantis
3460 5373 3620 5428 rega-

2007 5454 2141 5507 lium
2192 5465 2412 5506 suorum
2469 5451 2734 5519 beneﬁciis
2803 5447 3226 5517 ampliauerunt,
3283 5453 3344 5503 ut
3399 5464 3621 5518 regnum

2006 5546 2188 5613 ipsum
2215 5545 2581 5612 episcoporum
2617 5543 2700 5594 vel
2737 5539 2996 5594 abbatum
3053 5542 3294 5595 maxime
3341 5541 3622 5610 prasidiis

2007 5639 2249 5706 oporteat
2276 5635 2618 5701 communiri,
2673 5638 2721 5688 ct
2765 5632 3054 5704 populares
3096 5632 3471 5698 dissensiones,
3503 5641 3624 5702 qua
