3894 6070
329 247 433 303 23,-,
1539 245 1882 300 SIGEBERTI
1921 247 2431 308 GEMBMCENSIS.
3074 245 3083 250 ’
3547 265 3654 323 uo

325 381 384 431 in
414 377 752 432 electionibus
789 388 924 441 sa’pe
953 373 1292 439 contingunt,
1342 373 1516 439 regali
1543 377 1781 442 oporteat
1820 389 1934 426 ma-
1963 379 2015 447 Α
2039 374 2229 429 dicina
2257 377 2540 431 custodiat.
2560 383 2610 432 et
2631 393 2916 447 personam
2927 379 3360 454 [potestatemque
3375 391 3546 454 tuam,
3579 391 3654 444 ad

318 469 516 537 jestate
543 465 817 532 compesci.
867 461 1214 528 Quamobrem
1263 461 1566 531 prudentiae
1593 467 1641 517 et
1685 465 1940 533 potestati
2039 466 2286 521 honorem
2309 483 2465 522 suum
2493 473 2543 522 et
2569 469 2824 536 gloriam,
2878 473 3112 538 feliciter
3161 475 3432 546 imperare
3466 495 3654 536 conce-

329 565 435 614 tuz
463 573 594 612 cura
619 555 771 610 debet
827 554 1112 609 sollicitius
1149 556 1425 607 imminere
1451 558 1513 608 ut
1565 557 1818 610 Roma-na:
1841 570 1941 610 aec-

323 649 494 702 clesice
528 644 842 711 magnitudo
867 646 916 696 et
977 646 1285 696 creterarum
1315 641 1464 696 salus
1507 645 1798 711 prarstante
1825 645 1938 698 Do-

325 739 471 792 mino
497 737 763 804 beneﬁciis
812 736 921 788 tuis
960 738 1010 787 et
1064 735 1301 786 servitiis
1339 739 1698 788 conservetur.
1747 735 1809 790 Si
1831 749 1942 804 qua

323 827 500 895 igitur
530 825 911 879 (ecclesiastica
940 822 1260 877 secularisve
1285 835 1540 890 persona,
1572 823 1709 876 hanc
1745 827 1942 876 nostra

324 921 681 976 concessionis
725 921 988 987 paginam
1042 917 1235 979 sciens,
1279 921 1466 969 contra
1494 931 1611 969 eam
1653 919 1938 970 temerario

324 1028 465 1066 ausu
507 1013 690 1064 venire
735 1009 1094 1077 temptaverit,
1143 1007 1508 1061 anathematis
1560 1009 1790 1075 vinculo,
1827 1009 1940 1061 nisi

261 1087 268 1092 ’
324 1104 629 1172 resipuerit,
668 1100 978 1162 innodetur,
1019 1099 1342 1166 honorisque
1391 1113 1455 1152 ac
1505 1099 1791 1165 dignitatis
1829 1113 1939 1152 suae

324 1191 622 1259 periculum
649 1191 917 1258 patiatur.
967 1187 1318 1242 Observantes
1355 1192 1532 1242 autem
1567 1186 1937 1242 misericordia

2039 554 2152 608 dat.
2181 553 2531 611 Confirmatio
2561 556 2714 627 pacis
2741 558 2884 614 inter
2920 562 3283 630 apostolicum
3325 572 3382 621 et
3412 565 3652 639 impera-

2041 652 2234 713 torem,
2263 648 2392 703 dum
2417 649 2473 703 in
2503 650 2878 708 celebratione
2903 653 3086 711 missae
3105 657 3346 714 traderet
3375 659 3427 716 ei
3448 676 3653 734 corpus

2040 747 2093 794 et
2131 741 2459 815 sanguinem
2502 742 2713 798 domini
2766 745 2937 801 nostri
2988 747 3118 803 Jesu
3147 747 3346 806 Christi
3383 769 3396 805 :
3431 756 3652 810 Domine

2037 831 2354 898 imperator,
2385 831 2480 885 hoc
2516 847 2708 902 corpus
2735 836 2970 902 Domini,
3001 841 3192 894 natum
3225 855 3294 896 ea:
3323 843 3504 896 Maria
3527 845 3647 898 vir-

2037 919 2180 985 gine.
2192 933 2417 988 passum
2430 921 2490 973 in
2527 937 2682 976 cruce
2709 938 2812 990 pro
2840 925 3015 988 nobis,
3068 927 3210 981 sicut
3258 933 3447 984 sancta
3470 933 3524 985 et
3559 947 3653 986 ca-

2039 1005 2238 1060 tholica
2291 1011 2426 1060 tenet
2477 1009 2734 1074 ecclesia,
2790 1011 2982 1066 damus
3011 1014 3114 1067 tibi
3149 1016 3209 1068 in
3247 1002 3652 1085 confirmatione

2037 1109 2172 1148 vera
2194 1095 2350 1164 pacis
2379 1099 2431 1149 et
2456 1099 2748 1152 concordia:
2774 1101 2917 1154 inter
2941 1116 3025 1156 me
3047 1106 3098 1157 et
3127 1107 3192 1157 te.
3224 1107 3422 1161 Datum
3444 1111 3523 1162 est
3559 1108 3648 1163 Id.

2039 1186 2581 1255 Aprilis,indictione
2607 1188 2642 1240 4
2670 1188 2758 1245 ³⁸⁷.

322 1384 3638 1411 W

911 1553 1124 1687 AN
1141 1548 1334 1689 SE
1357 1549 1658 1689 LMI
1772 1550 3051 1698 GEMBLACENSIS

1554 1811 2413 1910 CONTINUATIO.

661 2069 720 2124 Β.
779 2071 831 2121 6.
894 2069 994 2139 (7).
1099 2065 1151 2120 ιη’.
1204 2067 1257 2121 3.
1292 2067 1390 2137 (4.)
1467 2067 1525 2120 Α.
1579 2066 1670 2122 12.
1722 2065 1852 2134 (13).

2032 2065 2290 2136 οωηοὺὶἰ,
2320 2066 2403 2120 vir
2430 2067 2484 2120 in
2512 2068 2663 2122 omni
2717 2069 2948 2125 scientia
3001 2071 3306 2130 litterarum
3359 2076 3653 2149 incompa-

925 2155 1330 2224 II.12.(13)’“.
2031 2155 2220 2211 rabilis
2252 2157 2479 2232 ingenii.
2506 2159 2814 2230 descriptor
2862 2163 3284 2232 procedentium
3343 2167 3400 2221 in
3433 2168 3538 2224 hoc
3577 2169 3648 2224 Ii-

391 2249 501 2306 Deo
532 2249 771 2322 peccatis
805 2248 1090 2305 hominum
1149 2246 1382 2312 oﬂ'enso,
1429 2247 1602 2302 multo
1664 2245 1923 2300 eveniunt

2032 2247 2129 2304 bro
2157 2257 2492 2320 temporum,
2517 2251 2574 2305 3.
2603 2251 2743 2308 Non.
2764 2252 3018 2309 Octobris
3047 2254 3212 2311 obiit.
3245 2267 3301 2312 et
3323 2258 3488 2314 nobis
3517 2277 3647 2332 per-

319 2344 422 2398 hoc
447 2358 615 2398 anno.
645 2343 708 2398 1n
724 2347 913 2397 monte
931 2339 1224 2395 Castriloco
1248 2338 1498 2394 mcclesia
1522 2346 1728 2393 sanctae
1768 2336 1926 2392 Gual-
2036 2345 2257 2410 petuum
2287 2356 2556 2396 merorem
2576 2341 2842 2398 absentiae
2869 2360 2984 2400 suae
3014 2345 3241 2418 reliquit
3279 2348 3370 2403 ³⁸³.

317 2433 582 2487 dedrudis
611 2447 734 2486 cum
770 2430 896 2485 aliis
945 2429 1162 2484 duabus
1203 2427 1477 2484 aecclesiis
1513 2426 1826 2482 minoribus
1873 2432 1923 2481 et

2106 2433 2271 2489 ms.
2353 2434 2406 2487 7.
2461 2434 2563 2505 (8.)
2637 2435 2689 2488 4.
2749 2437 2846 2507 (5)
2924 2436 3009 2493 13.
3069 2437 3206 2509 (14.)
3279 2439 3537 2511 13.04.)

314 2538 437 2578 cum
470 2529 583 2576 toto
625 2535 783 2591 paene
804 2519 1012 2590 Oppido
1039 2520 1212 2574 arsuit
1237 2519 1326 2574 "9.
1346 2517 1610 2574 Ecclesia
1639 2515 1930 2572 sancliMi-
2105 2524 2349 2580 Domnus
2373 2524 2546 2580 abbas
2574 2525 2861 2582 Lietardus
2888 2531 2942 2584 1.
2994 2528 3134 2584 Non.
3168 2528 3448 2585 Februarii
3479 2531 3598 2588 obit
3627 2551 3646 2596 ;

315 2609 526 2665 chaelis
581 2608 648 2662 de
701 2607 946 2678 periculo
992 2607 1158 2660 maris
1189 2605 1460 2680 fulgurata
1507 2604 1773 2660 divinitus
1797 2603 1932 2659 arsit
2033 2611 2121 2666 cui
2151 2611 2442 2667 Anselmus
2464 2620 2653 2668 octavo
2692 2613 2815 2669 loco
2868 2615 2924 2669 in
2968 2615 3354 2674 Gemblacensi
3385 2619 3645 2677 οωηοδίο

313 2701 384 2735 ²⁹⁰
415 2716 539 2755 cum
583 2697 834 2754 aedificiis
889 2697 997 2750 sibi
1060 2696 1529 2768 appendentibus.
1599 2696 1922 2751 Gualdricus
2032 2703 2368 2758 succeditm.
2409 2704 2562 2778 Feria
2588 2704 2642 2767 3.
2687 2705 3050 2763 hebdomadas
3099 2710 3398 2779 paschalis,
3430 2711 3484 2766 6.
3515 2711 3647 2768 ldus

311 2791 610 2862 episcopus
640 2789 1043 2855 Laudunensis,
1075 2788 1225 2842 cives
1276 2787 1449 2858 ipsius
1481 2787 1634 2843 urbis
1675 2804 1706 2842 a
1730 2803 1922 2843 sacra-

2032 2795 2241 2866 Aprilis.
2274 2795 2670 2851 monasterium
2697 2796 2931 2853 Prumiae
2987 2807 3264 2856 crematur
3301 2818 3424 2857 cum
3454 2801 3645 2859 offici-

312 2888 501 2935 mento
532 2895 820 2951 perperam
845 2879 1042 2946 juratae
1073 2877 1482 2933 communitatis
1525 2892 1780 2932 revocare
1836 2878 1924 2931 ni-
2025 2883 2113 2937 nis
2136 2883 2272 2947 suis,
2308 2883 2564 2938 thesauro
2604 2892 2659 2938 et
2709 2884 3053 2942 bibliotheca
3111 2888 3378 2944 ecclesia
3416 2906 3519 2961 per
3548 2891 3644 2946 Dei

317 2988 432 3040 sus,
453 2989 483 3026 a
503 2971 782 3028 seditiosis
797 2969 865 3024 ad
895 2986 1046 3024 arma
1075 2969 1556 3035 concurrentibus,
1589 2971 1738 3041 quod
1770 2970 1924 3026 dictu
2028 2978 2432 3048 providentiam
2465 2979 2794 3035 durantibus
2821 2980 2992 3038 illesis
3017 2983 3106 3038 ’9‘.
3133 2983 3192 3038 In
3221 2999 3362 3056 pago
3396 2985 3642 3042 Braeba-

318 3061 472 3116 nefas
502 3068 606 3127 est,
637 3059 822 3134 gladio
874 3059 1162 3114 confossus
1217 3057 1444 3122 interiit,
1486 3057 1622 3112 feria
1654 3058 1710 3125 5,
1742 3059 1923 3114 ebdo-
2028 3067 2237 3122 tensi9.
2269 3067 2385 3121 Kal.
2418 3067 2541 3122 Maii
2586 3069 2734 3124 circa
2777 3070 3081 3127 Tornacum
3112 3072 3208 3126 nix
3258 3081 3408 3129 tanta
3440 3074 3645 3132 cecidit

317 3150 494 3204 madm
524 3147 822 3220 Paschalis,
854 3148 907 3203 7-
938 3147 1050 3201 καί·
1084 3147 1228 3214 Maii,
1263 3146 1320 3200 ίῐι
1347 3146 1568 3201 “mania
1598 3146 1792 3214 majori
1824 3147 1926 3202 Τιι·
2028 3164 2086 3212 ιιι
2116 3158 2279 3212 etiam
2307 3157 2476 3213 silvas
2524 3157 2775 3234 fregerit.
2826 3158 3012 3214 Mense
3065 3160 3309 3234 Augusto
3337 3162 3644 3219 Balduinus

315 3241 621 3296 multuantc
653 3239 817 3294 etiam
851 3238 1058 3309 impetu
1113 3236 1360 3291 confusae
1400 3236 1791 3301 multitudinis,
1824 3237 1922 3292 do-
1952 3301 1994 3318 Α
2027 3261 2120 3298 rex
2146 3245 2483 3300 Jhcrusalem
2517 3261 2641 3300 cum
2697 3245 2911 3318 Rogero
2949 3245 3251 3303 Antiochiae
3281 3249 3484 3305 comite
3511 3265 3644 3306 con-

316 3349 438 3388 mus
468 3329 712 3403 episcopi
769 3329 1146 3384 succenditur.
1199 3328 1352 3382 Unde
1407 3328 1570 3383 etiam
1600 3327 1719 3399 ipsa
1751 3336 1926 3383 mater
1947 3327 1996 3368 ιλ
2027 3343 2107 3391 ira
2136 3337 2341 3392 Turcos
2391 3335 2560 3393 vadit.
2617 3335 2726 3392 Sed
2781 3353 2904 3392 cum
2962 3337 3212 3412 Rogerus
3238 3355 3362 3394 cum
3395 3343 3641 3397 exercitu

314 3427 566 3482 iecclesia
587 3431 788 3482 sanctae
847 3425 1046 3491 Mariae,
1093 3431 1145 3478 et
1177 3423 1423 3480 iecclesia
1452 3425 1627 3481 sancti
1659 3423 1924 3480 Johannis
2023 3443 2122 3482 suo
2141 3427 2298 3496 juxta
2325 3427 2601 3499 quendam
2629 3427 2855 3483 ﬂuvium
2885 3429 3201 3494 resedisset,
3252 3447 3343 3485 rex
3368 3447 3491 3486 cum
3525 3433 3642 3488 suis

395 2070 552 2124 1112.

315 3521 568 3594 δαριὶδιω
597 3521 653 3576 in
682 3519 902 3575 abbatia
952 3519 1300 3587 monialium,
1355 3535 1480 3574 cum
1503 3519 1626 3573 aliis
1655 3519 1924 3574 aecclesiis

312 3615 572 3670 omnibus
600 3629 632 3669 e
657 3613 838 3669 vicino
869 3611 1317 3684 appendenlibus
1369 3623 1808 3667 concremantur.
1863 3613 1921 3666 In

312 3715 572 3764 auctores
598 3706 892 3762 seditionis
921 3723 952 3760 a
1008 3720 1134 3780 rege
1181 3705 1508 3760 Francorum
1563 3713 1672 3759 tam
1729 3719 1922 3760 severo

312 3807 396 3854 est
426 3799 762 3854 vindicatum
817 3805 877 3852 ut
907 3803 1014 3851 tam
1037 3803 1322 3867 presentes
1349 3813 1511 3866 quam
1544 3795 1756 3850 futuros
1791 3812 1821 3850 a
1843 3796 1921 3850 si-

312 3886 432 3940 mili
466 3886 678 3940 scelere
705 3886 985 3939 deterrere
1035 3883 1208 3954 possit
1251 3883 1565 3954 exemplum
1611 3885 1698 3936 “1.
1733 3883 1919 3939 Mense

310 3979 448 4033 Maio
475 3978 726 4049 sigilines
740 3983 795 4030 et
822 3976 1048 4031 arbores
1072 3991 1228 4030 sacro
1261 3977 1387 4050 igne
1441 3976 1669 4042 adustae,
1704 3975 1916 4031 fructus

306 4067 392 4122 sui
433 4081 587 4136 spem
617 4071 745 4120 sunt
769 4064 1014 4120 mentitae
1049 4081 1062 4118 :
1096 4070 1150 4118 et
1196 4064 1454 4134 quaedam
1512 4063 1660 4118 silvae
1689 4065 1915 4136 insuper

307 4153 576 4208 arefactis.
598 4153 901 4208 Subsecuta
933 4160 1016 4207 est
1045 4152 1331 4207 hominum
1361 4153 1616 4209 valetudo
1648 4155 1829 4228 gravis
1859 4163 1914 4209 et

306 4239 587 4310 diuturna,
611 4258 732 4297 cum
747 4240 1016 4313 proﬂuvio
1029 4241 1239 4296 ventris
1251 4250 1303 4296 et
1318 4242 1646 4297 mortalitate
1661 4244 1913 4312 "2,00";-

307 4347 410 4386 nus
449 4329 1136 4404 Sigcbertus,venorabilis
1171 4331 1472 4386 monachus
1504 4332 1914 4389 Gcmblacensis

2025 3523 2326 3593 processit,
2416 3529 2476 3576 ut
2541 3521 2834 3578 adventum
2929 3523 3229 3579 Turcorum
3304 3526 3634 3597 exploraret.

2023 3615 2183 3670 Turci
2235 3631 2366 3672 vero
2413 3625 2656 3670 montem
2737 3614 3016 3686 quendam
3081 3626 3506 3687 occupaverant,
3575 3619 3634 3674 in

2023 3723 2134 3779 quo
2189 3706 2421 3761 insidias
2468 3721 2568 3776 per
2607 3715 2843 3777 quatuor
2901 3705 3024 3761 loca
3068 3707 3498 3774 collocaverunt,
3570 3709 3627 3764 in

2020 3795 2256 3868 singulis
2285 3793 2504 3848 insidiis
2535 3800 2791 3865 quattuor
2837 3793 2991 3848 milia
3047 3795 3298 3865 equitum
3329 3796 3636 3868 deputave-

2021 3894 2142 3942 rant
2173 3905 2188 3952 ;
2217 3903 2246 3940 a
2283 3885 2487 3958 quibus
2515 3901 2581 3940 cx
2629 3885 2907 3955 insperato
2939 3901 3034 3941 rex
3089 3885 3341 3957 undique
3395 3887 3640 3944 interce-

2018 3983 2142 4047 plus
2157 3974 2309 4029 mille
2341 3973 2663 4048 quingentis
2689 3989 2910 4028 suorum
2967 3974 3292 4041 interfectis,
3321 3975 3631 4032 miserabili

2016 4067 2143 4140 fuga
2171 4071 2254 4121 est
2291 4065 2577 4121 liberatus.
2628 4065 2951 4121 Ascalonita:
3004 4074 3406 4140 cognoscentes
3429 4067 3632 4126 abesse

2014 4174 2202 4231 regem
2223 4157 2714 4221 Balduinum.cum
2729 4156 2879 4230 gravi
2904 4156 3273 4213 multitudine.
3291 4157 3634 4216 .Iherusalem

2013 4245 2308 4312 assiliunt;
2347 4245 2444 4300 sed
2475 4260 2585 4300 non
2643 4245 2992 4314 prevalentes
3021 4252 3212 4300 contra
3241 4261 3386 4312 eam,
3420 4256 3632 4318 partem

2015 4333 2281 4390 ecclesiae
2305 4332 2478 4388 sancti
2511 4333 2798 4404 Stephani,
2837 4342 2991 4389 extra
3025 4333 3301 4390 civitatem
3363 4334 3458 4390 ubi
3487 4337 3634 4407 lapi-

1654 4461 1872 4515 νΑΡιΙίΕ
1903 4459 2280 4516 LECTIONES.

3611 4547 3634 4595 ε

376 4573 442 4606 ²⁸⁷
470 4575 565 4627 llic
585 4573 784 4626 desinit
797 4574 855 4625 in
887 4572 933 4625 1.
967 4573 1027 4624 in
1056 4571 1234 4624 media
1263 4572 1467 4640 pagina
1496 4586 1706 4632 manus,
1727 4586 1846 4640 qua:
1873 4572 2516 4641 promimeantecedentia
2539 4571 2711 4625 indea
2741 4571 2880 4636 Quid
2910 4571 2996 4626 vel
3025 4570 3302 4642 quomodo
3333 4570 3629 4640 scripsera“

303 4644 680 4698 omnia.Nullo
701 4645 878 4711 spatio
891 4645 1197 4696 intermisso
1225 4643 1310 4695 his
1351 4644 1535 4695 statim
1565 4641 1824 4711 adjungit
1854 4647 2158 4712 sequentem
2205 4658 2402 4697 annum
2433 4643 2545 4696 Deo
2600 4642 2864 4712 peccatis.
2904 4649 3014 4696 etc.
3045 4641 3267 4696 imanus
3291 4642 3459 4711 paulo
3487 4645 3624 4707 alia,

301 4729 422 4782 quae
457 4718 534 4783 est
561 4714 810 4766 Anselmi.
853 4715 1072 4782 Reliqui
1100 4728 1312 4782 quoque
1337 4714 1540 4768 codices
1579 4728 1754 4768 omnes
1786 4714 1895 4768 haec
1919 4719 1998 4768 ita
2010 4714 2265 4768 exhibent
2294 4713 2580 4782 conjuncta
2620 4718 2700 4779 ;rt
2726 4715 2824 4783 qui
2834 4714 3078 4768 Anselmi
3114 4715 3513 4768 continuatione
3534 4729 3629 4769 ca-

301 4788 440 4848 rent,
469 4782 530 4836 Ct
549 4823 561 4836 .
587 4783 678 4836 ε’.
712 4784 764 4836 3.
806 4784 892 4836 4*.
925 4785 976 4836 5.
1007 4785 1064 4837 Β.
1097 4785 1354 4838 desinunt
1384 4788 1562 4838 tamen
1583 4787 1639 4837 in
1667 4789 1838 4838 morte
1868 4786 2084 4840 domum
2113 4785 2397 4852 Sigeberti.
2431 4786 2513 4851 Cf.
2541 4799 2662 4854 qua
2685 4782 2854 4854 supra
2883 4787 3184 4839 monuimus
3208 4786 3265 4836 in
3274 4785 3604 4852 prwfatione

300 4855 368 4890 ²⁸⁸
406 4869 654 4908 numeros
681 4856 894 4908 uncinis
956 4856 1189 4910 inclusos
1239 4858 1416 4925 primo
1463 4856 1655 4910 habuit
1701 4857 2008 4911 Anselmus.
2061 4856 2168 4911 Sed
2205 4857 2291 4918 1η.
2323 4871 2408 4910 eos
2439 4857 2692 4920 correxit,
2723 4859 2786 4909 ut
2838 4870 2934 4910 nos
2954 4855 3234 4909 dedimus:
3266 4855 3410 4908 idem
3428 4855 3630 4912 habent

299 4927 496 4995 reliqui
521 4930 716 4998 printer
745 4925 1000 4998 Alliensis
1022 4926 1210 4998 etiB3'
1231 4929 1341 4998 qni
1355 4941 1525 4998 usque
1549 4928 1624 4981 ad
1635 4943 1838 4981 annum
1863 4927 2012 4982 1129.
2039 4942 2164 4980 cum
2194 4929 2448 4982 Anselmo
2471 4927 2630 4992 facit,
2657 4929 2820 4996 atque
2834 4928 3069 4998 inannis
3089 4927 3625 4998 Christianosemper

298 5013 393 5052 nos
423 4997 726 5058 antecedit;
759 4995 853 5049 sed
889 4995 1013 5049 inde
1039 4997 1107 5050 ab
1129 5012 1182 5050 a.
1239 4995 1405 5052 71129.
1430 4995 1723 5052 nobiscum
1785 4999 1943 5064 facit.
1980 4998 2049 5031 "9
2103 5005 2378 5052 crematur
2429 4999 2478 5050 1.
2511 5013 2538 5050 e
2587 4995 2911 5052 correctura.
2969 4997 3134 5051 Multa
3161 5025 3231 5036 -—
3265 4996 3400 5050 arsit
3427 4995 3625 5054 desunt

299 5069 358 5122 ἰ).
391 5065 957 5139 ’9°.combur_iturl._e
983 5082 1121 5120 corr.
1164 5067 1228 5102 ²⁹¹
1283 5071 1381 5122 Hic
1423 5085 1616 5124 novum
1639 5085 1847 5123 annnm
1879 5069 1986 5122 VII.
2023 5067 2104 5122 ιχ.
2153 5067 2294 5122 XIII.
2338 5067 2474 5120 XIII.
2517 5069 2838 5139 inscriptum
2902 5070 3174 5139 incipiunt
3199 5138 3202 5139 ν
3225 5067 3318 5122 Bl.
3349 5066 3406 5124 2.
3436 5067 3488 5122 5.
3526 5069 3621 5124 Ci.

295 5140 382 5193 2‘.
411 5139 461 5193 3.
497 5139 584 5210 ιιι.
610 5139 673 5210 Ι).
710 5137 766 5192 Ε.
798 5139 862 5192 In
889 5135 940 5190 1.
973 5152 1111 5210 nova
1142 5142 1349 5192 tantum
1381 5140 1522 5193 linea
1553 5142 1766 5210 incipit,
1799 5144 1850 5193 et
1869 5155 2212 5210 nequaquam
2231 5153 2398 5210 nouus
2429 5154 2604 5194 annus
2635 5155 2649 5202 ;
2681 5135 2774 5193 nee
2801 5143 2860 5193 in
2890 5141 2949 5193 Λ.
2987 5135 3115 5192 B3“.
3153 5138 3236 5193 υ.
3262 5139 3380 5192 4‘".
3418 5139 3487 5210 ’?*
3517 5139 3622 5195 Ilu-

295 5225 505 5282 cusque
534 5209 854 5284 Sigebertus
880 5208 1156 5284 cronicam
1179 5224 1344 5284 suam
1362 5211 1618 5284 perduxit
1634 5208 1867 5266 Addunt
1889 5208 1990 5284 B3.
2012 5211 2268 5284 Alnensis
2293 5209 2364 5243 ’93
2399 5212 2482 5262 ita
2522 5214 2580 5262 A.
2626 5210 2737 5284 al_n.
2772 5211 2978 5284 etdsujs
3001 5226 3056 5284 ρ1
3084 5226 3156 5284 m_.
3183 5225 3242 5284 a_._
3267 5224 3314 5284 ε.
3348 5223 3392 5262 r.
3431 5209 3618 5284 34".,

297 5288 350 5352 et
376 5279 751 5352 s'perpe'tuam
783 5280 1103 5335 memoriam
1133 5279 1218 5333 sui
1250 5279 1472 5352 reliquit
1505 5282 1654 5346 BI‘.,
1689 5288 1813 5336 ets.
1844 5281 2224 5352 gravissimum
2295 5296 2367 5334 m.
2403 5296 2454 5334 a.
2512 5296 2557 5334 s.
2591 5298 2635 5336 r.
2671 5282 2766 5336 Bt.
2825 5282 2878 5352 5.
2907 5279 3085 5335 (21.2.
3125 5281 3174 5335 3.
3210 5281 3265 5334 5.
3299 5281 3382 5335 υ..
3423 5281 3620 5337 desunt

294 5350 513 5424 (litin
535 5350 594 5406 ’1.
631 5368 804 5406 annus
835 5354 1044 5424 integer
1082 5367 1190 5404 una
1213 5350 1387 5406 manu
1413 5368 1624 5422 unoque
1647 5350 2154 5424 calamoexaratus.
2171 5351 2634 5424 desiitprimoin
2658 5369 2781 5424 voce
2805 5351 2966 5424 obiit,
2996 5368 3169 5422 neque
3197 5353 3618 5424 quicquampost

291 5421 433 5476 hanc
455 5437 676 5493 erasum
715 5429 791 5476 est
821 5440 835 5479 :
867 5427 924 5476 at
955 5423 1070 5476 alia
1105 5437 1298 5476 manus
1321 5421 1662 5492 postmodum
1702 5425 1898 5493 adjecit
1932 5439 1946 5476 :
1979 5422 2078 5486 Qui
2109 5422 2272 5476 etiam
2308 5421 2506 5477 librum
2541 5423 2832 5478 illustrium
2866 5421 3106 5478 virorum
3171 5431 3226 5477 et
3259 5421 3432 5477 multa
3458 5421 3619 5480 utilia

291 5492 554 5565 doctrina!
581 5509 693 5548 sua:
723 5501 778 5548 et
816 5493 1074 5548 librorum
1115 5493 1454 5565 monimenta
1487 5495 1644 5549 nobis
1663 5492 1905 5565 reliquit.
1937 5494 2084 5548 Idem
2114 5494 2312 5548 habent
2367 5495 2494 5547 83*.
2549 5499 2598 5549 et
2629 5496 2764 5550 Aln.
2796 5494 2887 5549 F1.
2919 5495 2973 5548 2.
3007 5495 3040 5548 3
3087 5494 3325 5565 Posthaec
3353 5497 3411 5565 in
3435 5495 3617 5548 codice

290 5565 349 5636 1.
367 5564 515 5636 nullo
541 5567 719 5634 spatio
743 5565 1042 5634 interjecto,
1059 5567 1119 5619 in
1148 5564 1334 5620 eadem
1357 5567 1570 5635 pagina
1594 5562 2303 5636 statim'pergitAnselmus
2333 5583 2348 5625 :
2374 5567 2468 5620 sed
2493 5582 2555 5619 ea
2581 5566 2775 5620 desunt
2811 5569 2993 5621 omnia
3025 5565 3112 5620 Cl.
3143 5565 3230 5618 2*.
3261 5562 3296 5619 3
3348 5563 3412 5618 4*
3461 5565 3514 5620 ὅ.
3551 5565 3608 5620 I).

289 5635 356 5670 ²⁹⁴
380 5634 621 5692 Domnus
648 5665 715 5676 -—
735 5636 984 5691 succedit
1013 5637 1206 5692 desunt
1244 5634 1372 5692 03*.
1405 5640 1456 5692 et
1485 5637 1596 5692 Aln
1622 5637 1692 5672 ’95
1719 5634 1872 5692 Feria
1896 5667 1954 5676 —-
1991 5635 2160 5692 illesis
2197 5637 2387 5692 desunt
2421 5637 2510 5690 85.
