3894 6070
262 288 368 346 241

1122 288 1469 344 CHRONICA.
1511 317 1580 329 —
1618 286 1902 342 ANCELMI
1941 285 2272 343 GEMBLAG.
2315 287 2773 346 CONTINUATIO.

3502 298 3612 354 242

261 415 428 482 datus
447 423 531 472 est
555 416 693 482 sitae,
748 416 995 483 diruunt,
1047 423 1267 492 segetes
1319 415 1643 482 incendunt,
1696 420 1751 470 et
1807 413 1884 468 ita
1907 416 1962 486 Α
1983 411 2082 478 dit,
2111 413 2246 468 alias
2271 413 2616 482 clementior,
2648 415 2782 470 alias
2811 416 3078 484 validior;
3107 419 3250 475 adeo
3281 427 3340 476 ut
3360 437 3601 494 quarun-

259 503 588 560 inetﬁcaces
618 505 882 560 redeunt.
939 505 1098 560 Turci
1141 503 1458 560 cmnobium
1485 502 1882 558 monachorum

259 591 321 646 in
351 601 542 647 monte
570 591 784 647 Thabor
833 591 1000 647 situm
1053 591 1305 647 funditus
1354 595 1626 656 evertunt,
1655 595 1730 657 et,
1763 605 1886 645 mo-

260 684 461 739 nachis
483 700 609 740 cum
651 683 882 756 reliquis
901 683 1164 740 omnibus
1189 682 1514 750 interfectis,
1557 681 1744 737 omnia
1776 681 1882 736 sibi

258 772 561 844 arripiunt.
603 773 715 828 Rex
741 772 1086 828 Jherusalem
1147 772 1448 826 Balduinus
1477 785 1703 826 uxorem
1735 769 1886 824 ducit

263 863 514 920 relictam
533 863 732 935 Bogeri
747 863 907 918 ducis
919 863 1118 918 Sicilia:
1145 863 1314 934 (548).
1331 861 1489 933 Apud
1505 861 1819 916 Ravennam
1830 868 1884 914 et

259 955 515 1012 Parmam
541 956 791 1012 civitates
838 955 1006 1012 Italiae
1061 956 1117 1010 in
1176 956 1322 1030 agris
1361 961 1416 1010 et
1476 953 1619 1008 infra
1677 953 1885 1008 muenia

259 1044 496 1118 sanguis
524 1044 684 1114 pluit,
715 1043 882 1098 Junio
906 1059 1100 1098 mense
1125 1044 1214 1096 ³⁸⁸.

401 1134 564 1190 1114.
642 1135 703 1190 n.
735 1135 788 1190 8.
843 1135 942 1205 (9.)
1021 1133 1160 1188 17.5.
1197 1135 1297 1204 (6.)
1374 1132 1770 1201 Α.11.(1δ.).

897 1225 1078 1281 1111.
1112 1226 1246 1296 (15.)

331 1319 622 1374 Heinricus
646 1318 950 1388 imperator
989 1332 1114 1372 cum
1141 1331 1344 1390 magna
1391 1315 1720 1387 Optimatum
1751 1331 1883 1370 suo-

255 1427 379 1467 rum
398 1418 456 1466 et
480 1410 648 1466 totius
668 1409 822 1482 regni
850 1409 1027 1484 gloria
1053 1408 1236 1464 natale
1267 1407 1485 1463 Domini
1531 1407 1678 1478 (349)
1731 1407 1882 1462 cele-

257 1502 384 1556 brat
407 1500 726 1576 Moguntiae,
754 1499 948 1571 ibique
1005 1514 1234 1555 uxorem
1263 1498 1415 1554 ducit
1444 1497 1610 1553 filiam
1662 1497 1880 1554 Henrici

260 1590 412 1664 regis
449 1590 748 1662 Anglorum
773 1587 841 1622 ²⁹⁷
875 1587 1046 1658 (350.)

333 1677 496 1732 1115.
597 1678 650 1730 9.
703 1675 834 1746 (10).
939 1676 992 1729 6.

1053 1675 1124 1745 (7)
1226 1675 1312 1729 15.
1375 1672 1508 1743 (16)
1598 1673 1687 1727 15.
1747 1673 1879 1743 (111.)

1985 505 2110 558 dam
2150 505 2370 561 urbium
2392 513 2576 576 partes
2601 522 2726 562 cum
2755 509 3022 581 aecclesiis
3051 511 3338 568 subruisse
3363 513 3601 570 dicatur.

1985 591 2132 647 Mosa
2168 593 2334 648 etiam
2399 593 2598 650 ﬂuvius
2669 595 2822 664 juxta
2875 596 3153 652 abbatiam
3215 616 3338 670 quae
3405 601 3608 658 dicitur

1985 683 2222 749 Sustula,
2249 685 2404 756 quasi
2450 687 2703 756 pendens
2754 687 2811 741 in
2842 703 2986 754 aere,
3051 689 3280 747 fundum
3329 709 3492 748 suum
3523 695 3610 749 vi—

1985 793 2078 832 sus
2107 787 2190 832 est
2215 777 2525 833 deseruisse
2549 780 2634 834 "9.
2666 780 2778 834 Hoc
2809 796 3032 853 quoque
3062 797 3208 838 anno
3229 783 3494 840 Leodium
3527 787 3609 842 ci-

1983 869 2120 924 vitas
2163 869 2350 925 multis
2379 870 2554 942 plagis
2610 871 2795 926 attrita
2843 878 2948 928 est.
2997 873 3184 929 Mense
3231 877 3378 931 enim
3445 878 3602 944 Maio,

1984 963 2152 1012 nocte
2185 957 2520 1013 inventionis
2579 966 2782 1014 sanctae
2827 959 3028 1027 crucis,
3059 976 3182 1033 quae
3222 968 3352 1018 tunc
3372 971 3488 1019 erat
3527 965 3610 1019 vi-

1982 1043 2114 1118 gilia
2140 1045 2506 1110 ascensionis,
2536 1046 2667 1100 dum
2699 1046 2752 1100 in
2813 1047 3005 1115 majori
3065 1049 3313 1104 aecclesia
3344 1066 3606 1120 vesperos

1983 1133 2286 1200 celebrant,
2317 1141 2380 1188 et
2435 1134 2586 1188 illum
2655 1137 2848 1205 psalmi
2898 1137 3230 1192 versiculum
3279 1143 3403 1202 Quis
3460 1144 3601 1195 sicut

1980 1224 2228 1280 dominus
2252 1231 2387 1280 Deus
2442 1233 2621 1281 noster
2664 1236 2905 1294 cantant,
2955 1228 3138 1284 subito
3172 1229 3449 1284 tonithrus
3477 1247 3601 1286 cum

1983 1317 2275 1368 terremotu
2308 1328 2502 1368 omnes
2527 1315 2595 1368 ad
2625 1322 2824 1369 terram
2855 1317 3066 1380 stravit,
3097 1326 3152 1371 et
3176 1317 3386 1373 fulmen
3419 1335 3451 1373 a
3479 1320 3599 1374 leva

1983 1404 2172 1474 templi
2227 1405 2536 1478 ingressum
2587 1420 2696 1460 non
2751 1407 2996 1461 modicas
3039 1414 3251 1462 crustas
3307 1410 3377 1464 de
3437 1426 3601 1465 muro

1983 1495 2085 1550 hac
2112 1495 2236 1551 illac
2260 1497 2480 1564 disjecit
2509 1517 2525 1560 ;
2559 1497 2763 1552 deinde
2795 1498 2984 1552 turrim
3019 1499 3358 1574 ingrediens,
3401 1501 3602 1557 multas

1981 1583 2216 1640 trabium
2249 1593 2432 1656 partes
2457 1585 2676 1641 difﬁdit.
2707 1586 3049 1642 Subsecutus
3105 1595 3188 1642 est
3240 1587 3406 1643 factor
3455 1589 3602 1645 into-

1983 1671 2244 1739 lerabilis,
2274 1673 2412 1729 adeo
2442 1682 2497 1728 ut
2527 1675 2701 1730 multo
2731 1684 3036 1730 aromatum
3068 1675 3240 1730 odore
3271 1676 3357 1730 vix
3399 1686 3602 1747 potue-

331 1769 528 1825 ldibus
579 1766 907 1823 Novembris
956 1767 1011 1821 in
1075 1764 1346 1821 suburbio
1392 1765 1694 1820 Antiochiae
1737 1772 1882 1819 terra
1908 1753 1959 1822 Β
1981 1762 2288 1832 ritexpelli.
2311 1763 2442 1816 [tem
2473 1762 2637 1818 Junio
2669 1779 2887 1831 mense,
2911 1765 2962 1817 7.
3002 1763 3129 1818 ldus
3161 1764 3338 1833 ipsius
3370 1767 3606 1832 mensis,

262 1869 437 1918 noctu
473 1860 795 1926 dehiscens,
847 1867 1024 1914 turres
1071 1857 1272 1913 multas
1329 1864 1385 1912 et
1440 1857 1761 1925 adjacentes
1787 1855 1888 1910 do-

259 1969 387 2010 mos
416 1969 541 2009 cum
571 1951 976 2007 habitatoribus
1025 1949 1332 2005 absorbuit.
1391 1947 1621 2014 Quidam
1675 1953 1883 2002 autem.

260 2049 324 2096 ut
353 2048 439 2097 est
465 2041 598 2096 illud
632 2039 918 2095 hominum
951 2055 1148 2114 genus,
1203 2053 1328 2093 cum
1368 2051 1541 2092 uxore
1582 2042 1636 2090 et
1663 2035 1794 2091 filiis
1819 2035 1887 2090 de

261 2133 405 2190 locis
443 2133 550 2187 illis
603 2130 978 2206 migraverat;
1036 2129 1135 2184 sed
1186 2131 1240 2184 in
1297 2128 1586 2185 redeundo
1642 2128 1882 2198 positum

265 2226 420 2280 idem
484 2232 832 2279 terremotus
919 2221 1208 2277 absorbuit
1270 2221 1326 2275 in
1407 2221 1530 2276 loco
1590 2235 1701 2292 quo
1768 2228 1886 2274 erat

263 2318 391 2382 (An.
426 2317 609 2385 1112).
663 2315 928 2370 Henricus
986 2313 1308 2384 imperator,
1351 2312 1482 2368 dum
1531 2310 1886 2384 quicquidli-

263 2409 359 2463 bet
386 2407 554 2462 licere
605 2405 835 2478 putavit,
883 2420 1110 2479 magnas
1142 2403 1296 2476 regni
1329 2418 1473 2474 pene
1497 2402 1668 2457 totius
1689 2400 1882 2455 inimi-

259 2497 423 2552 citias
452 2494 808 2566 comparavit.
859 2493 1070 2549 Etenim
1128 2491 1259 2563 quia
1311 2489 1696 2561 superioribus
1724 2489 1887 2544 annis

258 2589 545 2643 Albertum
574 2585 960 2643 cancellarium
989 2593 1044 2640 et
1072 2583 1210 2638 alios
1238 2582 1507 2654 quosdam
1539 2581 1694 2654 regni
1737 2581 1908 2652 prin-.

259 2678 418 2748 cipes
437 2676 710 2730 insidiose
739 2681 982 2745 ceperat,
1034 2680 1089 2728 ct
1142 2672 1263 2726 sine
1293 2671 1577 2726 audientia
1605 2677 1661 2725 et
1671 2671 1884 2739 judicio

263 2768 533 2824 custodiae
585 2767 1015 2837 mancipaverat,
1078 2763 1204 2819 aliis
1269 2763 1473 2818 similia
1555 2762 1883 2818 timentibus

263 2863 560 2928 suspectus
584 2862 720 2910 erat.
759 2853 912 2910 Unde
966 2853 1134 2909 etiam
1178 2851 1488 2906 Fridericus
1535 2849 1884 2906 Coloniensis

265 2947 724 3020 archiepiscopus
769 2946 838 3000 ab
895 2960 961 3001 eo
1017 2959 1242 2999 aversus
1296 2943 1438 3014 (351i
1472 2960 1487 3007 ;
1521 2942 1652 2998 totis
1671 2942 1883 2997 viribus

267 3037 586 3109 insequitur
622 3051 748 3090 eum
778 3042 832 3090 et
857 3033 1101 3089 fautores
1127 3032 1248 3100 ejus
1279 3049 1292 3097 ;
1322 3030 1529 3102 oppida
1581 3039 1636 3086 et
1659 3033 1882 3086 castella

1987 1857 2132 1911 circa
2155 1857 2343 1912 horam
2385 1873 2608 1921 nonam,
2659 1858 2836 1912 nubes
2887 1858 3086 1930 pluvia:
3141 1859 3325 1914 subito
3366 1870 3544 1931 rapta,
3577 1879 3605 1916 a

1987 1955 2174 2004 monte
2200 1949 2293 2020 qui
2325 1948 2530 2003 dicitur
2577 1949 2825 2015 Roberti,
2881 1949 3189 2017 subiectam
3244 1951 3350 2006 sibi
3386 1960 3596 2023 partem

1988 2035 2222 2090 civitatis
2251 2036 2474 2106 penitus
2508 2051 2828 2106 Oppressum
2895 2039 3276 2107 pessumdedit
3321 2063 3338 2104 ;
3374 2042 3512 2096 adeo
3549 2053 3610 2098 ut

1985 2129 2186 2184 multas
2204 2129 2398 2184 domos
2423 2129 2688 2194 dirueret,
2711 2136 2766 2183 et
2794 2129 3116 2186 immensam
3159 2148 3437 2188 annonam
3475 2151 3606 2205 per-

1984 2223 2158 2290 deret,
2190 2231 2246 2279 et
2275 2232 2502 2279 matrem
2533 2224 2674 2279 duos
2731 2223 2972 2279 infantes
3016 2225 3346 2282 altrinsecus
3377 2229 3433 2282 in
3466 2229 3597 2284 bra-

1982 2317 2124 2371 chiis
2145 2316 2450 2386 amplexam
2499 2324 2746 2383 necaret,
2785 2325 2841 2371 et
2879 2318 3018 2372 alios
3061 2327 3186 2373 octo
3215 2319 3470 2374 homines
3498 2320 3596 2374 di-

1981 2406 2154 2460 versis
2204 2405 2262 2460 in
2321 2405 2458 2460 locis
2504 2405 2861 2476 opprimeret.
2922 2405 3274 2460 Pulsantibus
3353 2408 3602 2479 vesperis

1985 2496 2236 2563 sabbato,
2268 2496 2518 2566 quaedam
2577 2495 2780 2550 femina
2826 2503 2992 2566 caput
3049 2496 3178 2550 dum
3233 2496 3374 2551 lavat
3402 2513 3604 2567 puero,

1986 2602 2180 2641 manus
2210 2585 2410 2641 rubent
2438 2584 2709 2658 sanguine
2740 2584 2911 2638 ﬂuido
2931 2585 3019 2638 30°.
3049 2585 3310 2639 Kalendis
3325 2585 3487 2640 etiam
3511 2587 3609 2641 Ju-

1985 2675 2043 2730 lii
2070 2675 2216 2730 circa
2247 2674 2436 2728 horam
2463 2673 2516 2728 6.
2545 2673 2706 2728 turbo
2736 2672 2904 2726 nimis
2956 2673 3258 2727 vehemens
3292 2681 3346 2728 et
3397 2675 3602 2730 obscu-

1983 2786 2077 2825 rus
2105 2767 2381 2822 civitatem
2413 2763 2652 2834 Operuit,
2713 2772 2768 2818 et
2799 2763 2978 2818 nubes
3038 2778 3105 2818 ex
3135 2764 3374 2835 abrupto
3433 2766 3608 2820 scissa

1983 2862 2058 2918 ita
2094 2873 2260 2915 omne
2287 2863 2490 2911 tectum
2523 2855 2748 2924 majoris
2778 2854 3046 2910 aecclesim
3075 2855 3296 2922 devicit,
3332 2863 3391 2911 ut
3421 2864 3476 2912 et
3505 2857 3610 2910 im-

1983 2948 2176 3002 bribus
2221 2951 2453 3016 pateret.
2485 2950 2538 2998 et
2590 2951 2766 2998 totum
2801 2943 3172 3014 pavimentum
3229 2944 3604 3014 perfunderet.

1991 3039 2121 3095 Ilico
2153 3037 2360 3094 fulmen
2388 3052 2419 3090 a
2451 3041 2604 3106 parte
2634 3033 2934 3106 aquilonali
2965 3033 3310 3108 ingrediens,
3327 3037 3606 3108 quendam

269 3089 573 3109 μηητ---κ
667 3089 687 3090 η
822 3089 825 3090 ν
1155 3089 1174 3100 .
1282 3089 1291 3097 .
1362 3089 1413 3102 ..
1991 3089 2116 3095 ---η
2408 3089 2465 3106 κ.
2687 3089 2702 3106 .
3027 3089 3060 3108 ε,

266 3139 460 3187 contra
481 3145 543 3184 se
569 3128 750 3199 posita
779 3127 1092 3200 impugnat,
1151 3135 1208 3180 et
1235 3124 1421 3180 omnia
1459 3123 1527 3179 ad
1556 3139 1684 3178 eum
1717 3123 1890 3194 pel'li-
1913 3089 1962 3157 Ο
1989 3132 2249 3188 clericum
2281 3135 2424 3184 retro
2450 3128 2620 3183 altare
2650 3135 2964 3182 sanctorum
3013 3125 3222 3182 Cosmaa
3263 3135 3318 3182 ct
3356 3128 3602 3184 Damiani

263 3222 460 3278 nentia
489 3221 636 3276 ferro
657 3228 712 3275 et
738 3219 851 3292 igni
897 3225 1092 3273 vastat.
1138 3216 1404 3272 Henricus
1433 3215 1732 3285 imperator
1760 3230 1890 3286 pro-
1989 3225 2047 3280 in
2100 3224 2313 3296 pulpito
2356 3223 2656 3294 legentem.
2701 3227 2757 3274 et
2811 3220 3046 3274 alterum
3104 3227 3232 3274 ante
3279 3219 3601 3276 cruciﬁxum

263 3311 493 3367 miserat
521 3309 692 3382 Aquis
711 3324 772 3364 se
802 3307 1005 3379 pascha
1052 3305 1496 3371 celebraturum;
1532 3305 1774 3376 ideoque
1803 3303 1890 3358 in-
1989 3318 2261 3376 orantem,
2311 3309 2532 3365 tertium
2585 3309 2656 3363 de
2709 3307 3003 3378 scriptorio
3057 3307 3327 3363 tecclesim
3357 3310 3608 3380 proximo

263 3407 348 3456 ter
372 3399 514 3455 alios
542 3395 1018 3472 regni,principes
1042 3394 1282 3449 domnus
1315 3393 1572 3448 Otbertus
1589 3391 1888 3447 Leodicen-
1990 3401 2390 3476 egredientem,
2434 3400 2490 3454 in
2541 3400 2663 3470 ipso
2725 3398 2992 3454 {ecclesiae
3049 3399 3302 3472 ingressu
3359 3401 3606 3457 extinxit,

264 3486 346 3541 δίε
404 3485 705 3557 episcopus
775 3483 850 3538 ibi
913 3481 1320 3554 Preswlabamr
1366 3480 1489 3551 eius
1568 3481 1892 3534 adventu"!-
1996 3493 2132 3545 Ante
2163 3489 2308 3545 fores
2345 3503 2569 3560 quoque
2607 3485 2896 3553 ecclesiae,
2936 3486 3162 3541 domum
3203 3487 3451 3558 episcopi
3492 3504 3609 3542 ver-

267 3580 608 3654 Unusigitur
635 3594 850 3646 eorum,
899 3575 1160 3632 Amulqu
1213 3575 1282 3630 de
1335 3575 1538 3638 ΑΓεΙοῐ,
1605 3573 1734 3628 dum
1784 3589 1896 3628 ma-
1998 3579 2408 3652 sus,quendam
2451 3577 2650 3632 laicum
2679 3577 2928 3632 extinxit.
2959 3579 3010 3632 7.
3063 3576 3194 3631 ldus
3215 3577 3344 3632 Julii
3376 3577 3444 3632 ab
3474 3579 3609 3634 hora

267 3684 373 3722 nus
428 3683 561 3723 suas
600 3666 952 3731 confricaret,
1023 3680 1226 3740 magno
1283 3662 1532 3720 omnium
1601 3661 1890 3722 miraculo.
1994 3673 2048 3732 3,
2088 3687 2263 3744 usque
2311 3671 2380 3724 ad
2431 3683 2632 3725 nonam
2676 3675 2936 3740 quattuor
2969 3668 3220 3724 turbines
3263 3685 3296 3724 a
3345 3677 3609 3740 quattuor

259 3759 383 3813 sine
410 3757 600 3831 aliqua
628 3756 876 3813 vulneris
919 3763 1013 3812 aut
1039 3756 1241 3812 ulceris
1270 3755 1516 3820 laesione,
1550 3753 1780 3826 sanguis
1804 3753 1874 3806 ab
1977 3766 2156 3838 plagis
2192 3763 2318 3820 οωιί
2345 3763 2540 3818 urbem
2570 3762 2973 3818 circulavernnt
3005 3779 3019 3827 ;
3051 3769 3249 3818 ventus
3269 3763 3434 3818 etiam
3471 3777 3600 3817 eum

259 3852 384 3922 ejus
411 3853 603 3927 digitis
629 3853 800 3908 ﬂuere
831 3852 1092 3908 visusest.
1125 3855 1254 3918 Quae
1280 3867 1389 3916 res,
1404 3865 1718 3925 promagno
1747 3865 1878 3920 por-
1978 3871 2178 3930 magna
2198 3853 2252 3909 vi
2304 3853 2569 3918 insonuit,
2623 3859 2679 3907 et
2717 3851 2913 3907 urbem
2973 3851 3145 3906 multo
3197 3851 3374 3906 imbre
3424 3851 3602 3906 alluit.

260 3951 416 4000 tento
449 3945 656 4012 habita,
686 3943 1036 4018 significabat
1063 3943 1285 3999 humani
1329 3942 1619 4018 sanguinis
1649 3940 1876 3998 effusio-
1977 3946 2033 4002 3.
2073 3945 2212 4000 Non.
2244 3943 2490 4019 Augusti,
2547 3943 2725 4014 primo
2779 3943 2958 3998 noctis
3009 3942 3336 4010 conticiuio,
3368 3948 3602 4015 'quaqua

263 4050 395 4090 nem
425 4048 525 4104 pro
552 4032 784 4107 indigna
805 4033 960 4107 regni
980 4041 1036 4088 et
1057 4033 1372 4104 principum
1395 4031 1672 4088 discordia
1701 4031 1790 4090 ³⁸³⁸.
1984 4042 2253 4090 terrarum
2274 4049 2396 4089 cum
2455 4032 2731 4089 thonitrus
2793 4032 3098 4098 audiretur,
3131 4040 3187 4089 et
3243 4031 3461 4107 fulgure
3505 4047 3600 4086 se-

377 4121 536 4177 1116.
621 4121 701 4176 10.
735 4120 873 4190 (11.)
951 4121 980 4175 7
1021 4120 1114 4190 (8.)
1189 4121 1258 4174 16
1298 4120 1438 4191 (17.)
1515 4120 1602 4176 16.
1637 4120 1773 4191 (17.)
1982 4127 2110 4198 pius
2139 4126 2426 4192 micarent,
2457 4131 2514 4180 et
2563 4125 2761 4180 iterum
2816 4133 2980 4196 atque
3023 4125 3186 4180 tertio
3225 4124 3281 4178 id
3312 4124 3470 4180 ﬁeret
3497 4140 3598 4180 us-

341 4209 634 4264 Heinricus
670 4209 972 4278 imperator
1030 4207 1086 4262 in
1145 4207 1356 4262 italiam
1420 4207 1632 4263 secedit
1659 4213 1886 4278 prOpter
1983 4232 2306 4288 quemane,
2341 4216 2395 4270 in
2421 4214 2612 4269 urbem
2659 4213 2921 4269 Leodium
2975 4213 3216 4284 amplius
3254 4213 3372 4284 ipse
3432 4213 3597 4269 turbo

265 4311 499 4366 asperos
550 4304 734 4350 motus
779 4294 957 4368 regni,
987 4303 1042 4350 οι
1077 4295 1314 4350 ηιωιὶηιθ
1345 4301 1568 4366 propter
1595 4295 1882 4351 marchisae
1985 4305 2230 4372 desaevit,
2255 4304 2328 4358 ita
2359 4313 2418 4358 ut
2448 4303 2701 4358 homines
2726 4319 2757 4356 a
2812 4303 2999 4358 stratis
3046 4302 3339 4357 exilientes
3397 4301 3603 4370 templa

263 4385 570 4441 Mallhildis
598 4393 846 4461 cognatae
865 4401 999 4453 sum.
1048 4403 1172 4458 quae
1229 4401 1422 4442 recens
1460 4385 1675 4441 οδίθτδῐ
1713 4387 1878 4456 (3352)-
1910 4421 1964 4490 D
1987 4407 2042 4451 et
2065 4395 2562 4467 aecclesiolas‘tristi
2580 4402 2724 4450 coetu
2782 4394 3147 4464 complerent,
3189 4400 3244 4447 et
3296 4399 3410 4447 tota
3438 4400 3601 4448 nocte

267 4481 661 4547 hereditatem,
683 4497 807 4552 quae
826 4481 935 4536 sibi
958 4481 1082 4551 jure
1114 4481 1467 4553 competebat
1496 4482 1877 4552 optinendam.
1910 4481 1955 4490 ⁷
1985 4484 2491 4556 supplicationibus
2537 4483 2904 4539 intenderent.
2956 4482 3180 4536 Summo
3233 4495 3365 4535 vero
3387 4496 3600 4536 aurorae

344 4577 501 4632 m7.
584 4580 636 4631 11
687 4576 820 4647 (12.)
893 4577 948 4632 8.
1007 4578 1104 4646 (9.)
1187 4577 1271 4630 t7.
1303 4576 1438 4648 (18.)
1513 4576 1772 4648 17.(1ε.)

1986 4577 2245 4640 diluculo,
2269 4593 2301 4630 a
2331 4584 2484 4648 parte
2535 4575 2765 4631 orientis
2797 4573 2941 4648 ignis
2970 4589 3093 4627 cum
3128 4571 3336 4645 ingenti
3368 4571 3588 4627 ﬂamma

337 4667 526 4723 Mense
545 4667 806 4724 Januario
835 4668 871 4724 3
913 4669 1051 4724 Non.
1086 4669 1284 4739 ipsius,
1314 4669 1368 4723 4.
1399 4668 1556 4735 feria,
1597 4668 1654 4722 in
1685 4667 1884 4740 aliqui-
1983 4668 2258 4724 civitatem
2281 4667 2567 4723 circulavit
2617 4674 2820 4731 tantus,
2866 4671 2926 4720 ut
2953 4680 3149 4720 omnes
3173 4663 3442 4720 divinitus
3471 4681 3596 4721 cre-

266 4759 371 4812 bus
400 4756 558 4822 locis,
597 4756 695 4810 sed
750 4771 860 4811 non
916 4771 1334 4828 usquequaque,
1379 4761 1710 4812 terremotus
1737 4755 1885 4811 acci-
1985 4757 2121 4810 mari
2140 4756 2513 4813 extimuerint.
2574 4754 2698 4809 Post
2751 4753 2869 4807 haec
2903 4767 3138 4826 magnus
3167 4752 3351 4821 turbo,
3403 4769 3596 4808 erum-

1620 4886 1840 4941 VARUS
1869 4887 2140 4943 LECTION
2147 4887 2248 4943 ES.

335 4992 409 5027 ’9‘
438 4992 864 5062 Apud—mense
910 4989 1129 5044 addidit
1176 4992 1463 5046 Anselmus
1521 4995 1705 5062 postea
1762 4993 1944 5047 eodem
2005 5010 2110 5064 quo
2168 5008 2372 5047 annum
2433 4992 2932 5064 1115.7atramento
2963 4993 3012 5044 et
3043 4995 3274 5059 tempore
3302 4989 3370 5024 ²⁹⁷
3402 4988 3598 5064 abhinc

264 5059 634 5118 atramentum
657 5067 917 5116 mutatur.
948 5065 1182 5131 Sequens
1215 5078 1386 5118 annus
1423 5059 1564 5118 totus
1623 5065 1874 5118 continuo
1917 5059 2124 5120 calamo
2151 5066 2389 5132 scriptus
2440 5064 2567 5130 fuit.
2606 5062 2673 5096 ³9⁸
2721 5062 2917 5116 abhinc
2943 5065 3307 5115 atramentum
3325 5059 3594 5132 mutatur.

266 5135 340 5170 ⁸⁸⁸
364 5133 736 5188 Heinricus-—
790 5129 1102 5188 deseruisse
1168 5149 1274 5186 uno
1325 5135 1550 5189 calamo.
1611 5135 1902 5203 Sequentia
1953 5136 2064 5190 Hoc
2098 5164 2158 5174 —
2194 5129 2388 5189 terruit
2425 5129 2532 5188 alio
2591 5139 2840 5202 tempore,
2899 5132 2994 5186 sed
3048 5134 3298 5203 continuo
3363 5129 3593 5182 calamo.

266 5204 340 5240 ³³⁸
366 5203 789 5276 Pulsantibus—
825 5203 997 5276 ﬂuido
1021 5207 1072 5258 et
1099 5203 1398 5276 Monstrum
1426 5235 1497 5245 -—
1517 5200 1766 5276 corporis
1791 5206 2011 5260 addidit
2039 5210 2098 5260 ut
2117 5206 2336 5259 videtur
2365 5205 2500 5260 Am.
2532 5207 2647 5275 ipse
2675 5200 2792 5259 eum
2823 5208 2950 5276 nota
2992 5203 3075 5276 ad“
3094 5200 3240 5276 #10387
3258 5275 3263 5276 γ
3283 5203 3395 5276 tum
3424 5215 3598 5276 ⁸(ιιιωτι

263 5276 516 5331 αηηωη1
537 5274 636 5332 125
673 5275 1044 5340 conscriberet,
1075 5289 1180 5345 quo
1199 5275 1342 5331 idem
1367 5270 1666 5332 atramenti
1694 5279 1858 5346 atque
1883 5291 2076 5332 manus
2101 5277 2319 5332 habitus
2345 5281 2441 5331 est.
2475 5270 2675 5332 Desunt
2711 5277 2835 5332 solis
2861 5275 2984 5328 84'.
3014 5273 3133 5328 4“.
3167 5270 3398 5326 Attende
3421 5270 3597 5328 lusum

267 5351 328 5402 in
353 5349 559 5402 sonitu.

1827 5424 2034 5482 ΝΟΤιΕ.

2057 5521 2202 5589 (350)
2229 5525 2350 5580 Jan.
2382 5523 2435 5576 7.

2057 5593 2204 5660 (351)
2235 5595 2356 5650 Jan.
2393 5593 2531 5648 HM
2561 5593 2765 5648 medio.

2077 5664 2502 5722 352111131111.
2531 5664 2622 5718 21.

340 5520 488 5592 (348)
517 5520 836 5592 Adelaidem
867 5521 937 5576 de
968 5520 1373 5579 Montcferrato.

341 5591 759 5670 (3191114113.
804 5592 1091 5647 Anselmus
1137 5593 1284 5647 enim
1333 5609 1537 5648 annum
1584 5593 1776 5668 incipit
1831 5596 1882 5648 in

272 5663 441 5718 natali
475 5663 715 5718 Domini.
