3924 6080
191 273 306 331 245

271 405 434 461 1122.
692 405 1040 476 n.1s.(179

581 502 638 554 A.
671 501 761 554 21.
796 501 925 568 (23.)

271 592 580 663 Optimates
607 591 899 662 regnicum
926 589 1204 661 episcopis
1247 591 1641 646 convenientes
1676 591 1818 644 Hen-

199 682 378 736 ricum
410 681 823 750 imperatorem,
854 680 966 735 Deo
996 679 1104 734 sibi
1135 680 1377 752 prapitio
1395 681 1449 734 id
1471 686 1702 752 egerunt
1733 695 1814 734 sa-

201 771 510 826 luberrimo
549 769 828 836 consultu,
859 776 917 824 ut
971 769 1115 824 inter
1161 769 1340 840 ipsum
1373 777 1426 824 et
1452 769 1814 840 apostolicum

196 857 574 914 controversia
599 857 668 911 de
722 857 1060 913 investituris
1113 858 1483 913 mcclesiarum
1511 857 1732 913 tandem
1753 857 1814 911 ti-

201 951 436 1004 niretur.
471 949 743 1024 Legantur
767 950 895 1004 inde
930 950 1155 1005 Romam
1187 965 1251 1006 ex
1282 958 1435 1020 parte
1466 951 1816 1021 imperatoris

205 1043 388 1098 Bruno
418 1042 700 1113 Spirensis
727 1043 1042 1114 episcopus,
1097 1053 1152 1098 et
1193 1045 1450 1100 Arnulfus
1481 1045 1650 1100 abbas
1689 1044 1815 1099 Ful-

202 1135 413 1188 densis.
472 1134 694 1188 Interim
737 1135 1002 1191 Henricus
1025 1136 1326 1206 imperator
1366 1138 1568 1206 pascha
1597 1137 1814 1192 Domini

201 1222 529 1294 Aquisgrani
579 1223 824 1279 celebrat
874 1227 1059 1292 (Mart.
1109 1225 1200 1281 261
1293 1223 1493 1278 deinde
1551 1225 1816 1280 Leodium

201 1315 510 1370 contendit.
547 1315 642 1370 llic
670 1317 895 1387 querela
925 1316 1068 1386 apud
1099 1332 1224 1370 eum
1248 1315 1390 1372 facta
1406 1316 1474 1370 de
1507 1316 1819 1371 insolentiis

201 1403 490 1472 cujusdam
524 1403 806 1470 Gothuini,
851 1413 1088 1460 castrum
1121 1405 1261 1473 ejus,
1291 1404 1438 1476 quod
1495 1403 1820 1458 Monsfalco-

203 1491 290 1545 nis
319 1491 464 1563 (359)
496 1492 717 1558 dicitur,
756 1493 1041 1548 annitente
1071 1493 1176 1548 sibi
1201 1492 1494 1548 Godefrido
1539 1492 1676 1546 duce
1715 1492 1818 1546 ob-

201 1586 370 1652 sidet,
401 1587 565 1658 capit,
597 1587 843 1642 incendit
882 1596 937 1644 et
986 1589 1238 1643 destruit.
1302 1587 1566 1644 Aicclesia
1600 1589 1816 1642 Hanno-

1328 405 1382 460 F.
1427 403 1512 460 13.
1544 404 1679 472 (14.)

1238 501 1295 554 il.
1327 501 1381 555 4.

203 1677 414 1730 uiensis
433 1693 556 1731 cum
588 1678 850 1732 omnibus
869 1677 1214 1748 appendiciis
1243 1679 1358 1734 suis
1395 1678 1670 1734 seditione
1709 1677 1815 1732 ad-
1844 1718 1895 1787 Β

201 1769 380 1822 vocati
401 1769 486 1823 sui
513 1785 635 1824 cum
669 1777 780 1824 tota
808 1770 937 1824 villa
981 1775 1274 1838 crematur,
1303 1771 1452 1826 salvo
1483 1779 1664 1825 tamen
1696 1771 1819 1825 the-

206 1873 376 1913 sauro
402 1868 457 1914 et
480 1859 802 1916 biblioteca.
835 1861 1072 1916 Turonis
1127 1862 1290 1916 etiam
1319 1861 1677 1917 contentione
1705 1870 1822 1916 orta

209 1953 356 2006 inter
384 1953 616 2008 clericos
647 1962 704 2008 et
733 1953 924 2020 laicos,
953 1955 1200 2009 tecclesia
1227 1955 1401 2009 sancti
1417 1955 1631 2010 Martini
1665 1954 1824 2026 peni-

204 2049 294 2096 tus
321 2049 408 2096 est
447 2043 736 2097 combusta
775 2043 1022 2098 Domnus
1068 2043 1408 2114 apostolicus
1438 2045 1555 2098 visa
1584 2051 1637 2098 et
1668 2060 1823 2099 rece-

205 2141 299 2203 pta
321 2132 603 2208 legatione
635 2134 1000 2205 imperatoris,
1029 2143 1279 2206 pertesus
1305 2143 1360 2191 et
1387 2137 1504 2207 ipse
1531 2136 1822 2192 dissonan-

207 2225 298 2280 tia:
327 2227 562 2281 nimium
593 2227 737 2282 inter
763 2243 862 2283 eos
900 2229 1148 2288 diutinae.
1188 2229 1431 2284 libenter
1454 2229 1691 2285 assensit
1719 2247 1734 2294 ;
1768 2237 1824 2284 et

205 2323 316 2369 tam
345 2315 599 2371 consultu
629 2317 795 2372 totius
851 2318 1081 2375 Romani
1133 2325 1377 2386 senatus,
1431 2335 1596 2391 quam
1652 2319 1819 2374 etiam

204 2405 455 2460 omnium
488 2407 873 2478 episcOporum
929 2409 1262 2475 Italicorum,
1323 2411 1614 2466 mittuntur
1639 2425 1706 2466 ex
1742 2411 1824 2466 la-

207 2502 325 2548 tere
353 2495 643 2564 apostolici
665 2495 986 2552 Lambertus
999 2497 1264 2554 Ostiensis
1279 2499 1576 2570 episcOpus
1603 2509 1657 2555 et
1680 2501 1820 2556 Saxo

207 2583 510 2639 cardinalis
538 2584 607 2639 de
638 2595 824 2642 monte
855 2585 1026 2655 Celio,
1055 2597 1111 2643 et
1141 2589 1464 2664 Gregrorius
1479 2590 1616 2644 alter
1634 2588 1823 2644 Cardi-

209 2675 375 2741 nalis,
435 2677 504 2730 ad
562 2677 924 2734 ordinandam
989 2696 1105 2734 rem
1155 2682 1288 2736 tanti
1349 2683 1580 2756 negotii,
1641 2682 1825 2736 Mense

209 2767 579 2838 Septembrio,
605 2770 662 2824 in
719 2771 1001 2826 nativitate
1040 2783 1242 2828 sanctae
1301 2773 1500 2840 Mariae,
1562 2775 1828 2830 Henricus

211 2855 513 2926 imperator
539 2874 663 2912 cum
695 2859 974 2930 episcopis
999 2868 1054 2916 et
1093 2863 1451 2932 optimatibus
1489 2864 1647 2938 regni
1674 2865 1829 2918 venit

207 2943 527 3001 Wormatite
557 2964 570 3000 :
603 2948 695 3002 ubi
725 2957 1082 3006 occurrerunt
1107 2951 1159 3005 ei
1218 2951 1384 3026 legati
1422 2952 1572 3007 sedis
1602 2963 1827 3024 aposto-

1046 275 1393 330 CHRONICA.
1436 305 1500 312 —
1541 271 1828 328 ANSELMI
1867 272 2188 329 GEMBLAC.
2230 273 2686 332 CONTINUATIO.

3429 286 3536 344 246

1844 407 1896 475 Α
1921 407 2195 472 Henricus,
2230 407 2586 463 Ramanorum
2615 409 2908 478 imperator
2927 419 3200 480 augustas.
3231 433 3331 488 pro
3355 435 3536 475 amore

1920 499 2018 551 Dei
2044 502 2092 552 et
2114 502 2310 552 sancta:
2338 499 2588 554 Romanis
2641 501 2888 556 (ecclesiae
2911 510 2954 557 et
3002 505 3182 560 domni
3223 525 3382 579 rapte
3425 505 3533 566 Ca-

1915 590 2050 654 listi,
2082 593 2130 642 et
2156 603 2254 659 pro
2280 589 2504 644 remedio
2561 592 2753 644 anima:
2780 608 2904 647 meae
2953 599 3160 651 remitto
3197 600 3297 652 Deo
3325 603 3372 651 et
3401 614 3534 653 san-

1914 683 2014 735 ctis
2052 682 2312 751 apostolis
2341 683 2437 735 Dei
2467 682 2618 736 Petro
2647 687 2696 734 et
2728 683 2894 738 Paulo
2933 691 3227 758 sanctasque
3257 691 3532 746 catholicae

1915 771 2178 834 (ecclesiis,
2212 784 2409 824 omnem
2468 772 2836 826 investituram
2881 787 2982 843 per
3043 777 3262 831 anulum
3291 783 3338 832 εί
3372 779 3531 834 baca-

1917 861 2042 920 tam,
2071 863 2118 913 et
2137 858 2358 913 concedo
2386 861 2446 911 in
2497 859 2739 914 omnibus
2794 862 3068 928 cecctesiis,
3127 881 3244 934 quce
3287 869 3345 920 in
3373 883 3531 938 reqno

1915 955 1964 1006 et
1989 953 2216 1022 imperio
2246 965 2356 1005 meo
2382 954 2524 1008 sunt.
2555 953 2857 1005 canocicam
2911 955 3032 1022 ﬁeri
3051 957 3349 1012 electionem
3381 964 3428 1014 et
3459 961 3530 1014 li~

1915 1045 2092 1099 beram
2130 1046 2250 1112 ﬁeri
2298 1047 2754 1098 consecrationem.
2807 1047 3166 1104 Possmsiones
3215 1055 3263 1106 et
3327 1054 3533 1122 regalia

1915 1137 2055 1191 beati
2073 1138 2236 1202 Petri,
2268 1152 2386 1206 quae
2410 1153 2445 1189 a
2467 1140 2740 1208 principio
2776 1139 2933 1208 hujus
2956 1141 3238 1197 discordia:
3267 1160 3432 1216 usque
3460 1147 3535 1202 ad

1919 1223 2230 1278 hodiernam
2269 1225 2428 1290 diem,
2461 1227 2574 1278 sine
2619 1229 2849 1296 tempore
2873 1231 3051 1298 patris
3095 1234 3202 1284 mei
3225 1235 3334 1286 sive
3375 1237 3535 1288 etiam

1919 1333 2050 1384 meo,
2074 1319 2257 1373 ablata
2289 1326 2429 1379 sunt.
2460 1335 2576 1389 qum
2620 1322 2802 1378 habeo.
2857 1324 3025 1378 eidem
3050 1331 3249 1382 sancta:
3282 1329 3529 1384 Romana:

1917 1409 2165 1462 (ecclesia:
2191 1411 2413 1462 restituo
2445 1425 2458 1472 ;
2490 1425 2604 1479 qua:
2649 1415 2825 1464 autem
2848 1428 2953 1466 non
2995 1415 3174 1469 habeo.
3209 1421 3266 1471 ut
3296 1419 3530 1473 reddan-

1917 1501 2023 1561 tur,
2054 1497 2283 1565 ﬁdeliter
2301 1497 2521 1567 juvabo.
2556 1497 2914 1555 Possessiones
2945 1505 3104 1558 etiam
3133 1509 3363 1560 omnium
3389 1508 3534 1561 alia-

1917 1605 2035 1644 rum
2053 1591 2408 1644 (ecclesiarum
2455 1596 2501 1645 et
2555 1594 2862 1662 principum
2896 1600 2940 1648 et
2971 1596 3198 1650 aliorum
3238 1603 3346 1652 tam
3375 1600 3506 1652 cleri
3523 1629 3535 1639 -

1918 1694 2091 1734 comm
2119 1697 2279 1751 quam
2305 1682 2579 1747 laicorum,
2621 1685 2842 1739 consilio
2870 1688 3178 1757 principum
3217 1691 3266 1742 et
3289 1689 3532 1758 justitia,

1921 1786 2037 1840 qua
2063 1772 2244 1834 habeo,
2275 1772 2496 1828 reddam
2531 1791 2544 1837 ;
2575 1790 2692 1844 qua:
2716 1790 2820 1830 non
2858 1776 3038 1843 habeo,
3067 1782 3124 1833 ut
3149 1779 3444 1834 reddantur
3479 1783 3537 1848 ﬁ-

1921 1859 2107 1914 deliter
2128 1860 2342 1929 junabo.
2375 1861 2446 1914 Et
2475 1862 2538 1916 (lo
2565 1877 2744 1916 veram
2787 1879 2972 1932 pacem
3010 1866 3198 1920 domno
3230 1881 3393 1938 papa:
3427 1869 3533 1922 Ca-

1923 1951 2046 2004 listo
2068 1954 2366 2020 sanctaque
2413 1952 2659 2006 Romamn
2711 1954 2953 2009 (ecclesiis
2977 1960 3025 2010 et
3077 1958 3316 2012 omnibue
3343 1962 3436 2029 qui
3475 1961 3533 2012 in

1920 2046 2078 2113 parte
2099 2045 2274 2113 ipsius
2293 2048 2420 2098 sunt
2441 2045 2523 2098 vel
2551 2046 2768 2111 fuerunt
2791 2063 2806 2111 ;
2829 2051 2876 2100 et
2903 2049 2961 2101 in
2981 2049 3169 2117 quibus
3201 2056 3389 2106 sancta
3429 2051 3538 2105 Ro-

1919 2147 2084 2188 mana
2139 2134 2377 2188 wcclesia
2422 2135 2689 2188 auxilium
2757 2136 3133 2204 postulaverit,
3170 2139 3399 2206 ﬁdeliter
3437 2142 3538 2207 ju-

1920 2221 2055 2276 vabo
2085 2221 2175 2274 39°.

1992 2310 2152 2364 1123.
2262 2311 2519 2380 17.(18j
2622 2311 2880 2384 14.(13)
2956 2312 3226 2382 23.(219
3301 2318 3355 2371 5.

1993 2399 2238 2454 Domnus
2271 2398 2562 2465 Adelbero,
2588 2415 2652 2454 ex
2703 2398 2852 2455 clero
2898 2401 3072 2456 sancti
3107 2402 3373 2473 Stephani
3403 2407 3540 2464 Met-

1925 2490 2099 2546 tensis
2128 2490 2358 2551 electus,
2417 2491 2834 2546 Leodicensium
2885 2493 3171 2549 ordinatur
3212 2498 3528 2570 episcopus.

1926 2583 2148 2638 Fundus
2196 2589 2395 2638 nostrm
2453 2583 2811 2654 proprietatis
2855 2591 2938 2640 est
2996 2586 3066 2620 31°
3119 2589 3397 2660 antiquus,
3427 2575 3538 2665 iqui

1927 2689 2076 2728 nunc
2108 2687 2264 2728 mons
2321 2672 2497 2726 sancti
2554 2672 2797 2727 Guiherti
2829 2674 3032 2730 dicitur
3065 2693 3078 2740 ;
3115 2677 3167 2730 in
3200 2695 3310 2748 quo
3339 2681 3546 2751 placuit

1927 2763 2110 2828 nobis,
2135 2763 2359 2834 auspice
2386 2764 2590 2818 christo
2612 2771 2666 2818 et
2696 2781 2925 2820 assensu
2953 2768 3199 2823 omnium
3215 2770 3542 2840 vicinorum,

1929 2870 2124 2910 novam
2158 2855 2461 2910 aacclesiam
2495 2853 2790 2910 aedificare.
2825 2857 2961 2911 Olim
2995 2859 3204 2929 quippe
3235 2863 3546 2920 wcclesiola

1928 2947 2111 3020 lignea
2141 2947 2197 3001 in
2238 2963 2306 3002 eo
2339 2946 2535 3012 fuerat,
2557 2947 3057 3025 habensprivilegii
3079 2951 3161 3005 sui
3195 2953 3544 3026 dignitatem,

210 3036 352 3092 licae.
383 3038 506 3106 Diu,
538 3038 676 3094 utﬁt
704 3040 762 3094 in
793 3048 944 3097 tanto
972 3051 1288 3115 magnatum
1339 3059 1621 3112 consessu,
1653 3061 1825 3100 even-
1853 3073 1902 3139 Ο
1929 3038 2139 3094 scilicet
2177 3038 2583 3108 baptisterium,
2651 3039 2988 3110 sepulturam
3020 3048 3074 3096 et
3113 3043 3405 3099 decimam.
3440 3047 3547 3101 Sed

211 3129 365 3183 tilata
397 3129 630 3197 ratione,
659 3133 878 3186 tandem
911 3135 1087 3207 gratia
1111 3135 1354 3206 antiquae
1383 3137 1624 3191 caritatis
1644 3137 1830 3191 redin-
1853 3115 1902 3139 υ
1933 3127 2006 3182 ila
2035 3143 2136 3199 per
2163 3143 2339 3184 annos
2369 3128 2492 3198 Plus
2521 3128 2776 3183 minusve
2805 3128 2875 3184 60
2901 3130 3186 3204 neglectus
3207 3141 3344 3201 erat,
3377 3146 3437 3190 ut
3461 3136 3549 3190 vix

213 3228 461 3294 tegratur
484 3221 629 3277 inter
655 3223 1041 3294 imperatorem
1071 3234 1127 3282 et
1155 3229 1517 3297 apostolicum
1551 3229 1647 3284 Dei
1679 3229 1832 3284 ordi-
1933 3219 2011 3274 ibi
2041 3220 2222 3292 aliqua
2263 3220 2528 3274 a’CC'GSiiB
2579 3220 2812 3294 vestigia
2852 3232 3227 3280 remanerent.
3252 3227 3408 3282 Λιιηο
3447 3227 3550 3282 ila-

213 3310 440 3365 natione
471 3313 620 3380 (Sept
662 3312 1027 3384 23).Quorum
1045 3331 1352 3372 consensus
1386 3317 1508 3372 talis
1547 3327 1632 3373 est
1662 3319 1829 3387 (360):
1935 3328 2044 3384 que
2073 3312 2289 3367 Domini
2309 3312 2480 3378 .1123,
2509 3311 2644 3366 feria
2675 3315 2728 3381 4,
2771 3330 2947 3384 pasce:
2985 3331 3184 3386 corpus
3215 3319 3548 3375 sanctissimi

216 3400 327 3470 Ego
353 3403 594 3459 Calistus
618 3407 918 3475 episcopus,
945 3421 1127 3461 servus
1165 3423 1434 3462 servorum
1475 3410 1588 3470 Dei,
1620 3409 1718 3462 tibi
1746 3409 1833 3464 di-
1941 3407 2154 3478 patroni
2206 3407 2374 3462 nostri
2430 3405 2658 3461 Guberti
2687 3407 2761 3460 ibi
2808 3409 3108 3464 detulimus
3137 3413 3324 3482 (April.
3353 3414 3462 3483 18),
3497 3423 3553 3469 et

219 3491 481 3560 lectoﬂlio
501 3494 730 3549 Henrico
766 3494 859 3549 Dei
886 3498 1068 3564 gratia
1120 3499 1470 3552 Romanorum
1526 3501 1786 3568 imperato
1821 3493 1844 3547 ί
1947 3497 2042 3550 Dei
2069 3495 2255 3552 favore
2307 3496 2590 3550 afﬂuentia
2639 3497 2818 3566 plebis
2882 3499 3168 3569 utriusque
3198 3516 3361 3554 sexus
3385 3503 3453 3556 ad
3489 3505 3554 3556 12

217 3585 465 3652 Augusto
519 3586 738 3641 concedo
792 3589 1066 3644 electiones
1120 3591 1514 3660 episcoporum,
1567 3590 1837 3656 abbatum,
1950 3585 2100 3640 milia
2127 3585 2396 3640 aestimata
2417 3584 2720 3639 est.Visum
2753 3593 2837 3638 est
2879 3585 3042 3639 nobis
3075 3586 3437 3642 redeuntibus
3481 3590 3551 3643 ibi

223 3674 499 3730 Teutonici
517 3679 688 3745 regni,
711 3681 806 3747 qui
828 3679 904 3733 ad
925 3695 1142 3748 regnum
1170 3683 1454 3752 pertinent.
1482 3683 1540 3736 in
1568 3686 1841 3752 presentia
1939 3692 2224 3732 remanere
2255 3691 2456 3746 corpus
2496 3677 2672 3733 sancti
2711 3677 2960 3733 Guiberti
2991 3697 3008 3742 ;
3039 3679 3188 3750 quod
3218 3687 3366 3734 tanta
3395 3679 3555 3735 dein-

219 3773 312 3822 tua
337 3771 458 3838 fieri
485 3769 680 3840 absque
704 3775 947 3841 symonia
971 3778 1018 3829 et
1045 3775 1234 3844 aliqua
1261 3776 1535 3837 violentia,
1567 3779 1624 3830 ut
1653 3779 1704 3830 si
1733 3792 1833 3846 qua

219 3859 364 3912 inter
388 3863 568 3927 partes
595 3861 872 3916 discordia
917 3865 1202 3926 emerserit,
1235 3867 1638 3936 metropolitani
1665 3869 1811 3920 etcon

217 3951 627 4017 provintialium
663 3955 886 4008 consilio
907 3956 991 4010 vel
1016 3955 1226 4024 judicio
1253 3959 1462 4012 seniori
1482 3959 1632 4026 parti
1659 3973 1838 4012 assen-

220 4054 339 4095 sum
366 4047 418 4096 et
443 4044 712 4098 auxilium
750 4047 991 4116 prebeas.
1047 4048 1459 4123 Electus_autem
1489 4066 1523 4103 a
1547 4055 1598 4104 te
1631 4052 1842 4118 regalia

224 4134 466 4202 accipiat
493 4147 591 4202 per
616 4143 881 4204 sceptrum
932 4137 1165 4207 exceptis
1212 4139 1449 4193 omnibus
1478 4155 1528 4208 q'
1550 4153 1595 4192 at
1631 4138 1706 4193 ad
1734 4141 1842 4193 Ro-

225 4238 444 4278 manam
471 4225 762 4281 (ecclesiam
784 4229 1054 4297 pertinere
1100 4237 1388 4284 noscuntur
1415 4248 1428 4294 ;
1452 4235 1636 4300 etquae
1657 4246 1724 4284 ea:
1753 4232 1841 4286 his

1939 3785 2073 3840 ceps
2099 3768 2488 3824 miraculorum
2539 3769 2660 3824 luce
2703 3770 2890 3834 claret,
2923 3777 2984 3826 ut
3023 3769 3090 3825 ab
3137 3770 3394 3826 omnibus
3415 3787 3556 3843 qua-

1940 3873 2264 3928 quaversum
2322 3858 2580 3932 gentibus
2636 3866 2691 3914 et
2739 3858 3090 3914 desideretur
3150 3867 3204 3914 et
3235 3857 3555 3932 frequente-

1941 3955 2032 4002 tur
2057 3947 2146 4001 3“.
2216 3946 2516 4001 Balduinus
2547 3947 3039 4003 Jherosolimorum
3082 3964 3173 4002 rex
3209 3965 3239 4002 a
3269 3948 3557 4004 Saracenis

1941 4036 2174 4106 capitur.
2210 4035 2324 4100 Qua
2341 4036 2408 4090 de
2433 4051 2490 4090 re
2515 4042 2697 4092 mente
2711 4037 3064 4104 excedentes,
3087 4038 3555 4110 undiqueversum

1944 4131 2155 4186 evocati
2184 4131 2252 4186 ad
2283 4132 2565 4205 sexaginta
2593 4131 2742 4186 milia
2778 4134 3275 4205 conglomerantur,
3311 4141 3371 4188 ut
3399 4135 3552 4189 chri-

1943 4223 2151 4278 stianos
2179 4239 2211 4278 a
2235 4222 2438 4278 ﬁnibus
2488 4225 2605 4278 suis
2633 4225 2999 4280 exterminant
3031 4243 3044 4288 ;
3084 4226 3294 4296 etapud
3326 4227 3556 4282 Ascalon

217 4309 340 4378 jure
370 4313 474 4366 tibi
499 4313 666 4379 debet,
692 4316 870 4380 faciat
923 4317 1012 4370 Ea:
1039 4317 1166 4370 aliis
1195 4332 1316 4370 vero
1341 4318 1590 4387 partibus
1618 4320 1839 4388 imperii
1859 4355 1916 4422 Β
1943 4312 2338 4383 impedimenta
2365 4329 2464 4367 sna
2492 4314 2904 4376 commendant.
2959 4315 3172 4368 scilicet
3211 4329 3431 4378 uxores,
3466 4331 3556 4369 so—

768 4405 798 4422 η
1203 4409 1239 4422 ..
1571 4414 1580 4422 .
1800 4413 1810 4422 .
2135 4410 2177 4422 _.
2520 4401 2807 4422 n|._2_.2__2
2839 4402 2889 4422 ε..
2920 4401 3214 4422 -μ.-,--.-ξ.ε
3266 4401 3399 4422 ..ειη

225 4409 560 4458 consecratas
575 4406 731 4471 infra
765 4405 800 4459 6
837 4422 1037 4462 menses
1067 4409 1274 4475 regalia
1297 4423 1398 4477 per
1440 4414 1704 4478 sceptrum
1727 4424 1762 4462 a
1793 4413 1842 4463 te

226 4497 475 4564 recipiat.
504 4495 572 4550 De
595 4498 783 4566 quibus
804 4515 925 4554 vero
949 4501 1115 4554 michi
1168 4503 1556 4570 querimoniam
1579 4501 1747 4568 feceri
1794 4505 1842 4554 et

230 4591 498 4645 auxilium
539 4595 894 4663 postulaveris
947 4597 1231 4651 secundum
1260 4599 1434 4666 officii
1471 4599 1572 4652 mei
1613 4596 1843 4650 debitum

230 4681 500 4734 auxilium
530 4683 629 4734 tibi
651 4685 935 4753 prmstabo.
971 4687 1047 4740 Do
1076 4687 1177 4740 tibi
1213 4701 1396 4741 ueram
1416 4701 1618 4757 pacem,
1653 4689 1698 4740 et
1729 4701 1838 4740 om-

231 4771 386 4826 nibus
410 4775 506 4842 qui
527 4775 586 4827 in
614 4778 709 4828 tua
732 4781 894 4844 parte
926 4783 1049 4830 sunt
1081 4779 1162 4832 vel
1185 4779 1409 4846 fuerunt
1434 4781 1664 4834 tempore
1685 4776 1843 4845 hujus

231 4859 541 4917 discordia.
588 4862 929 4934 Rescriptum
988 4866 1209 4920 Henrici
1266 4865 1610 4936 imperatoris
1661 4884 1676 4930 ;
1738 4865 1844 4934 Ego

1943 4403 2097 4458 boles
2127 4410 2182 4457 et
2211 4402 2486 4456 victualia.
2519 4401 2809 4455 Christiani
2839 4402 2893 4454 in
2919 4401 3239 4471 artopositi,
3266 4401 3402 4454 nihil
3434 4401 3552 4472 spei

1943 4495 2045 4550 nisi
2071 4496 2121 4549 in
2155 4495 2322 4548 Deum
2377 4493 2666 4555 habentes,
2701 4493 2952 4563 exemplo
3007 4491 3367 4546 Ninivitarum
3421 4493 3555 4547 utri-

1943 4605 2051 4661 que
2083 4589 2234 4644 sexui
2259 4589 2528 4659 jejunium
2553 4588 2840 4651 indicunt;
2877 4587 3061 4658 pueris
3115 4587 3302 4650 etiam,
3331 4587 3557 4641 infanti-

1943 4685 2046 4738 bus
2083 4682 2436 4745 lactentibus,
2471 4681 2728 4747 universo
2750 4697 2970 4751 quoque
3003 4679 3186 4751 pecori
3233 4680 3436 4751 pabula
3460 4697 3562 4734 ne-

1942 4785 2160 4850 gantur,
2193 4775 2319 4829 Dies
2349 4790 2547 4846 pugnae
2579 4772 2857 4826 indicitur.
2896 4772 3205 4828 Procedunt
3252 4772 3559 4840 christiani,

1943 4881 2068 4920 cum
2112 4863 2380 4918 militibus
2407 4870 2461 4917 et
2491 4861 2772 4934 peditibus
2793 4861 2877 4915 vix
2901 4861 2968 4915 ad
2992 4861 3094 4915 tria
3119 4861 3269 4916 milia
3298 4861 3560 4929 estimati.

1585 4993 1804 5048 VARl/E
1838 4993 2212 5048 LECTlONES.

233 5111 416 5150 eorum
457 5097 566 5151 loco
597 5096 688 5152 Η.
748 5095 798 5150 2.
855 5097 1096 5152 addunt:
1137 5097 1332 5153 Comes
1392 5098 1783 5154 llainoensium
1840 5099 2139 5153 Balduinus
2191 5097 2426 5152 moritur
2461 5097 2548 5152 cui
2600 5095 2847 5150 succedit
2892 5094 3191 5149 Dalduinus
3239 5093 3387 5148 filius
3436 5093 3558 5157 ejus

238 5170 434 5222 Tertia
473 5168 761 5222 Anselmus
791 5170 906 5238 ipse
930 5173 1052 5238 post
1092 5171 1474 5240 superscripsit
1499 5173 1739 5237 primam
1777 5173 2046 5240 sequentis
2075 5172 2210 5223 anni
2261 5171 2486 5232 lineam;
2521 5169 2662 5222 unde
2695 5168 2952 5228 videmus.
2977 5183 3094 5240 eum
3123 5166 3233 5240 haec
3261 5167 3371 5240 tria
3397 5163 3562 5240 addi-

235 5244 478 5293 tamenta
535 5241 727 5305 fecisse
766 5234 889 5294 ante
915 5234 1072 5308 finem
1123 5234 1258 5294 anni
1295 5234 1584 5310 scéuentis.
1664 5243 1732 5274 309
1758 5234 1916 5296 Totus
1955 5256 2130 5294 annus
2183 5256 2288 5294 uno
2317 5241 2522 5294 calamo
2573 5241 2684 5304 fuit
2708 5244 2988 5310 exaratus.
3017 5237 3104 5291 Ab
3143 5237 3267 5289 hinc
3316 5234 3563 5310 habitum

236 5325 431 5364 manus
471 5315 643 5364 mutat
705 5315 755 5364 et
792 5315 1172 5365 atramentum.

1279 5312 1349 5345 ³¹⁰
1377 5311 1670 5366 Gemblaco
1721 5313 1878 5366 addit
1931 5314 1990 5364 A.

2089 5311 2154 5344 ³¹¹
2188 5314 2360 5366 Mutat
2390 5311 2634 5364 habitum
2664 5324 2874 5364 manus.
2913 5309 3152 5363 Domnus
3195 5337 3256 5347 —
3312 5306 3564 5376 frequen-

239 5389 388 5435 tetur
417 5381 610 5436 desunt
644 5382 750 5434 83*
782 5381 844 5435 4*
873 5382 992 5435 4’⁴’.
1025 5381 1246 5436 Fundus
1287 5413 1352 5422 —
1385 5382 1765 5453 frequentetur
1799 5384 1990 5438 desunt
2021 5381 2111 5436 Bt.
2145 5383 2196 5436 δ.

1791 5506 1999 5562 NOTAE.

309 5578 464 5641 (339)
499 5577 898 5648 Yiauquemont.

309 5648 464 5715 (360)
499 5647 646 5702 Mon.
680 5648 843 5724 Legg.
865 5666 925 5716 ιι,
957 5651 1065 5706 73:
1101 5652 1270 5706 codex
1305 5651 1358 5705 S.
1394 5649 1666 5705 Trudonis
1697 5667 1761 5705 ex
1795 5651 2049 5705 Anselmo
2091 5649 2310 5703 fluxisse
2354 5648 2583 5702 videtur.
