3924 6080
349 265 453 323 247

1558 265 1908 355 SlGEBERTl
1949 267 2465 326 GEMBLACENSIS.

3575 272 3680 327 248

352 390 635 461 Principes
661 388 986 463 gradiuntur
1044 388 1098 441 in
1152 387 1350 457 fronte,
1380 390 1591 445 scilicet
1633 392 1959 462 patriarCha,
1990 392 2233 465 Alixtus
2261 410 2423 465 papa,
2460 396 2554 466 qui
2595 404 2651 451 et
2697 396 2894 461 Guido,
2940 397 3190 451 moritur.
3226 396 3484 452 Succedit
3515 397 3677 452 Lam-

262 538 267 541 .
352 497 450 552 pro
489 480 688 535 vexillo
729 479 912 533 ferens
944 495 1162 534 crucem
1195 479 1389 535 Christi
1425 499 1439 548 ;
1472 481 1646 537 abbas
1666 483 1798 537 olim
1832 484 1960 543 Clu-

352 569 627 625 niacensis
658 569 904 635 Pontius,
941 569 1230 639 proferens
1289 572 1537 626 lanceam
1573 572 1881 628 transfixam
1913 575 1967 627 in

352 662 522 715 latere
579 659 821 726 Christi;
871 661 1168 731 episcopus
1226 662 1637 727 Behtleemites,
1693 664 1875 719 ferens
1917 665 1971 718 in

355 752 537 822 pixide
568 752 652 806 lac
677 759 878 807 sanctae
906 752 1086 806 Mariae
1116 761 1396 822 perpetua:
1422 753 1673 827 virginis.
1717 757 1974 818 Saraceni

352 859 479 899 vero
506 859 944 914 quaquaversum
1004 842 1181 909 effusi,
1214 859 1277 897 ex
1308 846 1458 898 omni
1483 846 1652 899 latere
1692 846 1745 899 in
1771 847 1960 902 orbem

353 935 793 1007 circumcingunt
845 934 1194 998 christianos,
1222 951 1292 990 ne
1340 936 1463 1007 quis
1504 938 1675 1007 possit
1705 938 1958 994 evadere.

355 1028 489 1080 Dum
522 1026 595 1080 ita
616 1026 670 1080 in
709 1025 992 1095 procinctu
1026 1025 1226 1079 herent
1272 1026 1579 1091 christiani,
1632 1027 1822 1082 vident
1850 1029 1959 1084 Deo

352 1115 458 1169 sibi
490 1114 715 1183 auspice
745 1113 1097 1183 splendorem
1147 1114 1316 1168 scisso
1357 1129 1483 1168 aere
1516 1131 1689 1184 super
1719 1131 1962 1188 paganos

353 1205 533 1261 subito
563 1204 851 1268 cecidisse,
889 1204 986 1257 sed
1030 1218 1140 1258 non
1182 1219 1525 1273 prosperum,
1575 1205 1672 1259 sed
1704 1206 1834 1261 satis
1860 1222 1961 1262 no-

354 1294 858 1367 civum;'quamvis
889 1295 1036 1350 hunc
1082 1296 1189 1365 ipsi
1236 1296 1491 1351 Saraceni
1549 1313 1658 1351 non
1696 1297 1954 1352 viderint.

356 1387 487 1442 llico
518 1388 663 1441 enim
693 1386 936 1441 omnium
968 1387 1165 1440 virium
1214 1386 1410 1442 robore
1460 1388 1724 1455 enervati,
1758 1390 1956 1458 passim

360 1475 657 1550 fugientes,
688 1475 1078 1529 ceduntnrnon
1112 1475 1288 1529 solum
1331 1493 1360 1530 a
1390 1476 1540 1543 viris,
1577 1478 1674 1531 sed
1716 1479 1878 1532 etiam
1930 1495 1957 1532 a

362 1562 880 1634 pucris‘etfeminis.
916 1563 1200 1616 Perierunt
1249 1563 1302 1616 in
1358 1564 1500 1617 bello
1551 1572 1763 1634 septem
1793 1565 1966 1635 milia,

357 1654 629 1710 submersi
661 1660 785 1707 sunt
816 1655 868 1708 in
901 1654 1057 1725 aquis
1099 1655 1345 1725 quinque
1385 1655 1537 1710 milia
1610 1656 1811 1710 Omnes
1840 1672 1968 1712 vero

360 1745 641 1799 christiani
676 1744 978 1798 incolumes
999 1745 1225 1810 reversi,
1255 1761 1530 1799 summum
1559 1756 1613 1799 et
1644 1747 1803 1801 dulce
1833 1764 1967 1818 epy-

362 1832 581 1887 nichion
617 1833 843 1886 reboant
870 1831 1100 1886 Domino
1135 1831 1190 1886 in
1221 1832 1453 1888 excelsis
1471 1834 1559 1886 3”.

818 1920 875 1973 tt.
918 1920 998 1974 18.
1044 1920 1177 1989 (19.)
1395 1920 1451 1975 F.
1628 1923 1754 1987 :16.)

760 2015 817 2068 Α.
859 2013 947 2066 24.
993 2012 1124 2083 (22.)
1413 2017 1472 2067 Α.
1523 2014 1574 2069 6.

433 2105 697 2159 Henricus
729 2105 1029 2174 imperator
1058 2105 1378 2176 Aquisgrani
1423 2107 1601 2160 natale
1645 2108 1856 2162 Domini
1884 2125 1968 2162 ce-

362 2195 555 2248 lebrat.
591 2193 774 2247 Hiems
818 2193 978 2247 solito
1024 2192 1293 2260 acerbior,
1345 2203 1399 2248 et
1451 2178 1675 2267 aggestu
1705 2196 1847 2251 nivis
1878 2213 1965 2251 se-

363 2283 487 2353 pius
524 2280 834 2335 decidentis
865 2280 1029 2334 nimis
1069 2280 1292 2335 horrida
1348 2290 1401 2336 et
1442 2282 1773 2350 importuna.
1827 2285 1970 2338 Multi

361 2375 507 2429 enim
548 2388 851 2444 pauperum
877 2370 1115 2425 infantes
1144 2372 1471 2427 etmulicras
1505 2374 1781 2430 nimietate
1816 2376 1976 2449 frigo-

362 2468 438 2521 ris
468 2465 809 2520 defecerunt.
870 2463 1167 2518 Mortalitas
1219 2480 1440 2535 quoque
1493 2467 1812 2521 animalium
1855 2484 1974 2523 ma-

361 2557 525 2612 xima.
560 2557 619 2609 ln
677 2555 865 2609 multis
911 2554 1133 2608 vivariis
1188 2554 1367 2625 pisces
1423 2554 1627 2612 absorti
1660 2558 1762 2619 sub
1795 2560 1971 2631 glacie

363 2650 738 2723 perierunt.ln
770 2648 1072 2703 Bracbanto
1102 2651 1358 2722 anguilla?
1391 2651 1827 2708 innumerabiles
1845 2670 1973 2724 pro-

362 2753 484 2816 pter
508 2744 743 2820 glaciem
770 2760 801 2799 a
835 2743 1129 2814 paludibus
1179 2752 1466 2807 exeuntes,
1506 2747 1653 2817 quod
1686 2747 1834 2801 dictu
1868 2748 1972 2802 mi-

363 2851 480 2889 rum
510 2840 611 2896 est,
645 2833 700 2886 in
758 2831 1038 2886 faenilibus
1088 2831 1366 2907 fugientes
1414 2834 1731 2896 latuerunt;
1764 2838 1861 2890 sed
1895 2837 1969 2890 ibi

361 2925 525 2981 etiam
583 2939 681 2995 pro
739 2922 1024 2978 nimietate
1077 2922 1296 2995 frigoris
1363 2923 1687 2981 deficientes
1743 2942 1973 2998 compu-

360 3022 610 3070 truerunt
635 3013 724 3065 3'3.
759 3012 934 3066 Hiemi
958 3014 1222 3068 successit
1243 3014 1602 3084 intemperies
1628 3016 1792 3081 acris,
1825 3033 1972 3072 nunc

361 3109 505 3173 nive,
529 3123 675 3161 nunc
712 3105 913 3177 pluvia.
948 3121 1094 3159 nunc
1121 3104 1247 3174 gelu
1275 3105 1589 3159 alternatim
1620 3107 1753 3161 satis
1782 3108 1969 3163 deter-

360 3199 516 3261 rima,
559 3213 734 3269 usque
766 3197 819 3251 in
843 3197 1025 3250 medio
1064 3195 1275 3251 Martio.
1306 3195 1499 3250 Postea
1525 3197 1741 3252 diutino
1771 3198 1971 3271 frigore

361 3283 438 3342 et'
455 3285 637 3357 pluvia
680 3284 823 3339 aeris
851 3285 1109 3338 horrente
1178 3285 1567 3351 inconstantia,
1627 3286 1712 3339 vix
1753 3287 1971 3342 tandem

364 3379 589 3434 arbores
638 3376 944 3431 floruerunt
983 3375 1123 3430 Maio
1168 3391 1382 3431 mense.
1424 3377 1509 3430 vix
1549 3378 1768 3431 tandem
1802 3379 1977 3451 gratia

357 3469 653 3527 herbarum
712 3474 768 3522 et
795 3467 1103 3539 graminum
1152 3467 1386 3541 reviguit
1443 3468 1623 3523 virore
1655 3470 1742 3522 3“.
1796 3470 1976 3524 lmber

357 3578 487 3618 vera
515 3559 751 3634 singulis
776 3558 1061 3614 mensibus
1116 3558 1338 3613 assidue
1360 3559 1628 3614 deciduus
1678 3568 1793 3615 sata
1822 3577 1975 3633 agro-

359 3674 478 3713 rum
509 3672 651 3727 pene
681 3654 933 3708 absorsit.
967 3653 1098 3708 Nam
1131 3652 1294 3726 siligo
1327 3660 1381 3707 et
1424 3670 1612 3708 avenaa
1648 3665 1971 3724 proventum

355 3766 514 3805 suum
541 3748 674 3803 satis
698 3754 828 3801 sunt
856 3745 1151 3800 ementita).
1186 3744 1336 3799 Multi
1369 3761 1588 3816 quoque
1634 3762 1790 3799 sacro
1849 3747 1973 3818 igne

356 3841 679 3895 aduruntur.
713 3836 882 3906 Tyrus
913 3835 1119 3889 llebrea
1148 3834 1333 3906 lingua
1368 3834 1467 3889 Sor
1496 3835 1661 3898 dicta,
1697 3836 1826 3890 urbs
1856 3854 1973 3891 ma-

358 3930 503 3985 xima
521 3928 732 3983 Fenicis
757 3934 812 3982 et
857 3926 1104 3995 antiqua,
1127 3924 1181 3977 in
1228 3927 1391 3979 corde
1421 3925 1588 3980 maris
1632 3926 1758 3990 sita,
1796 3928 1967 3997 Sydo-

362 4021 578 4075 niorum
619 4017 864 4082 Colonia,
898 4014 1196 4087 negotiatio
1229 4015 1416 4081 maris,
1463 4016 1770 4087 cmpurium
1801 4018 1970 4073 totius

359 4109 802 4175 orbis,vaticinio
834 4106 1227 4178 prophetarum
1250 4106 1524 4160 celebrata
1552 4114 1606 4161 et
1635 4108 1972 4163 carminibus

359 4207 645 4272 poetarum
682 4198 886 4264 inclita,
920 4196 1046 4252 olim
1076 4195 1298 4267 quidem
1325 4196 1540 4267 ,insula,
1574 4214 1604 4252 a
1636 4198 1971 4273 Nabugodo-

359 4303 527 4343 uosor
544 4288 629 4342 vel
653 4287 722 4342 ab
752 4286 1059 4342 Alexandro
1091 4293 1314 4356 propter
1343 4287 1811 4359 expugnationem
1837 4289 1971 4343 mul-

435 1920 592 1975 1124.

2070 482 2278 546 bertus,
2299 483 2393 553 qui
2426 491 2480 538 et
2508 483 2800 548 Honorius,
2833 484 3135 538 Hostiensis
3159 484 3474 555 episcopus.

2144 594 2300 648 1125.
2380 594 2467 647 19.
2511 594 2646 661 (2ο.)
2732 594 2818 648 16.
2862 595 2996 661 (1-1.)
3069 594 3142 649 25
3204 594 3331 664 (26.)
3444 594 3496 647 7.

2149 705 2330 759 Hiems
2374 706 2694 775 asperrima,
2732 721 2825 759 sex
2869 705 3273 774 epdomadibus
3316 704 3572 760 continua
3633 706 3686 754 et.

2078 792 2235 846 valde
2257 792 2442 846 noxia.
2470 791 2660 846 Fames
2686 792 2863 846 valida
2892 793 3096 863 ubique
3114 809 3311 866 magna
3334 790 3685 847 multitudine

2060 883 2348 953 utriusque
2378 899 2540 936 sexus
2588 883 2965 952 pereuntibus.
3016 884 3072 936 In
3129 884 3400 938 Hasbania
3425 880 3685 955 ignobilis

2061 972 2383 1027 muliercula
2416 979 2717 1026 monstrum
2779 972 3074 1044 bisgemini
3114 971 3361 1043 corporis
3401 978 3483 1025 est
3511 971 3682 1033 inixa,

2061 1061 2266 1114 aversis
2302 1059 2543 1113 vultibus
2593 1066 2645 1113 et
2679 1060 3003 1131 corporibus
3042 1060 3146 1114 sibi
3199 1060 3495 1122 coherens;
3557 1066 3686 1113 ante

2061 1151 2282 1223 quidem
2332 1151 2546 1224 effigies
2596 1151 2837 1205 hominis
2878 1152 3092 1224 integro
3139 1150 3387 1220 corporis
3416 1151 3685 1204 menbro-

2060 1256 2291 1310 rumque
2331 1240 2526 1293 ordine
2554 1238 2831 1302 distincta,
2857 1248 3000 1295 retro
3033 1255 3160 1295 vero
3195 1238 3362 1294 facies
3385 1240 3560 1304 canis,
3592 1239 3681 1293 si-

2062 1333 2267 1387 militer
2296 1334 2542 1400 corporis
2584 1340 2638 1386 et
2670 1332 3023 1387 menbrorum
3064 1332 3396 1403 preprietate
3443 1331 3682 1405 integra.

2065 1427 2119 1479 ln
2182 1426 2481 1480 Brachanto
2514 1426 2638 1479 villa
2686 1426 2928 1491 Nerisca,
2983 1426 3087 1480 alia
3145 1426 3346 1479 mulier
3384 1426 3543 1480 enixa
3598 1433 3681 1480 est

2070 1523 2304 1586 quatuor
2332 1516 2605 1570 masculos
2635 1531 2742 1570 uno
2762 1523 2918 1585 partu
2950 1516 3038 1567 3'5.
3084 1516 3140 1568 In
3169 1515 3547 1569 (iemblacensi
3578 1532 3681 1585 pa-

2072 1608 2283 1674 rochia,
2328 1606 2456 1660 dum
2490 1606 2879 1677 paterfamilias
2933 1607 3209 1666 dominica
3255 1606 3345 1660 die
3396 1606 3686 1660 mixturam

1998 1705 2045 1772 Β
2072 1705 2319 1767 segetum
2343 1712 2440 1767 pre
2472 1697 2702 1766 penuria
2739 1695 2897 1750 famis
2926 1697 3160 1750 moleret
3193 1697 3244 1749 in
3278 1712 3409 1750 usus
3435 1695 3683 1772 familiae,

2070 1785 2254 1840 subito
2280 1785 2425 1853 justa
2454 1785 2546 1839 Dei
2581 1783 2963 1856 indignatione
2990 1785 3120 1839 arsit
3168 1783 3340 1839 farina
3373 1800 3494 1838 cum
3530 1770 3693 1853 puto:

2073 1877 2146 1931 ris
2172 1877 2492 1948 nigredine;
2523 1876 2589 1931 ad
2643 1876 2953 1945 exemplum
2990 1876 3243 1945 posteris,
3278 1892 3345 1929 ne
3379 1875 3509 1947 quid
3545 1890 3689 1945 prae—

2070 1976 2287 2023 sumant
2316 1968 2515 2023 simile.
2565 1967 2838 2023 .‘Ecclesia’.
2860 1967 3033 2021 sancti
3060 1967 3299 2037 Dyonisii
3337 1967 3439 2020 sita
3473 1967 3525 2021 in
3558 1967 3685 2019 Bro-

2070 2060 2326 2114 chorensi
2366 2059 2504 2113 silva
2565 2057 2728 2123 (361),
2759 2059 2791 2109 7
2856 2058 2966 2112 Kal.
3032 2058 3174 2123 Maii,
3224 2058 3277 2111 in
3331 2057 3470 2112 festo
3511 2058 3687 2112 sancti

2068 2152 2253 2218 Marci,
2273 2150 2450 2221 primo
2476 2151 2800 2220 crepusculo
2832 2151 3007 2204 noctis
3032 2166 3154 2203 eum
3186 2149 3445 2203 omnibus
3463 2165 3681 2218 appen—

2077 2242 2235 2296 diciis
2263 2249 2319 2295 et
2344 2248 2454 2295 tota
2482 2241 2610 2294 villa
2638 2241 2856 2310 penitus
2878 2247 3277 2306 concrematur,
3311 2240 3460 2296 salvo
3502 2247 3687 2294 tamen

2079 2334 2333 2388 thesauro
2357 2341 2411 2388 et
2432 2333 2682 2387 armario.
2732 2333 2920 2393 (Muri.
2952 2333 3043 2401 ‘29)
3094 2332 3362 2387 Henricus
3394 2333 3696 2402 imperator

2079 2425 2263 2480 Leodii
2298 2426 2497 2495 pascha
2528 2423 2736 2479 Domini
2771 2424 3036 2478 celebrat.
3075 2424 3206 2478 [nde
3234 2425 3416 2494 Aquas
3446 2430 3688 2478 conten-

2075 2514 2235 2579 dens,
2263 2512 2456 2568 morbo
2487 2511 2828 2574 dracunculi,
2861 2512 2955 2582 qui
2984 2511 3088 2565 sibi
3130 2518 3245 2566 erat
3284 2511 3519 2575 nativus,
3569 2527 3685 2566 mo-

2072 2604 2257 2659 lestari
2290 2604 2467 2674 cepit;
2503 2611 2727 2674 propter
2750 2604 2898 2674 quod
2922 2610 2976 2657 et
3009 2603 3080 2656 ibi
3114 2602 3330 2673 aliquot
3357 2602 3474 2656 dies
3507 2618 3687 2655 remo-

2075 2704 2223 2751 ratus
2270 2704 2379 2761 est;
2429 2695 2635 2750 deinde
2689 2695 3008 2749 Neumaiam
3071 2694 3212 2759 (362)
3260 2695 3434 2748 venit.
3500 2694 3693 2748 Postea

2074 2786 2227 2857 quasi
2280 2792 2638 2856 pentecosten
2684 2783 3090 2840 celebraturus.
3148 2782 3535 2850 Vultrajectum
3591 2798 3690 2835 ve-

2073 2880 2187 2941 nit;
2220 2880 2318 2934 sed
2350 2895 2472 2934 cum
2494 2894 2590 2949 per
2615 2878 2736 2932 dies
2751 2878 2983 2952 languor
3008 2877 3437 2951 ingravesceret,
3464 2875 3688 2930 tandem

2075 2972 2206 3026 feria
2236 2972 2426 3042 quinta
2477 2971 2533 3024 in
2566 2978 2884 3040 pentecoste
2916 2969 3078 3023 vitam
3135 2984 3257 3022 cum
3290 2968 3492 3039 ‘regno
3551 2967 3692 3021 ami-

1995 3068 2044 3135 Ο
2070 3060 2140 3114 sit
2170 3062 2328 3130 (Mai.
2359 3060 2469 3127 23).
2507 3058 2713 3128 Corpus
2754 3058 2876 3124 ejus
2902 3057 3096 3125 ejectis
3123 3057 3400 3111 intestinis
3453 3058 3567 3112 sale
3607 3073 3694 3112 re-

2071 3164 2343 3217 spersum,
2389 3147 2560 3215 Spirae
2592 3146 2821 3200 relatum
2854 3152 2953 3199 est.
2988 3145 3098 3199 Rex
3124 3144 3427 3199 Jerusalem
3464 3145 3688 3199 Baldui-

2075 3255 2178 3293 nus
2223 3238 2349 3293 data
2387 3237 2766 3307 redemptione
2815 3254 2845 3290 a
2900 3236 3186 3291 Saracenis
3240 3236 3541 3291 dimittitur
3596 3238 3687 3292 3”.

2078 3312 2227 3395 (Aug.
2264 3326 2376 3397 30.)
2408 3326 2592 3380 Mense
2626 3327 2865 3399 Augusto
2897 3324 2949 3377 in
2982 3323 3117 3378 festo
3149 3323 3324 3377 sancti
3359 3323 3690 3378 Bartolomei

2075 3415 2332 3487 apostoli,
2386 3413 2743 3469 excellentior
2784 3413 3024 3486 dignitas
3089 3413 3413 3481 Optimatum
3476 3411 3697 3482 imperii

2074 3511 2189 3564 sive
2220 3509 2553 3563 eminentior
2578 3507 2751 3582 gloria
2783 3506 3072 3571 cecclesize,
3102 3507 3377 3560 Eurardus
3407 3514 3461 3561 et
3496 3507 3691 3561 Roma-

2077 3616 2179 3654 nus
2197 3600 2360 3671 legati
2384 3597 2700 3668 apostolica)
2721 3596 2892 3661 sedis,
2918 3603 2971 3649 et
3002 3595 3406 3666 archiepiscOpi
3434 3611 3557 3650 cum
3580 3595 3695 3665 epi-

2074 3689 2273 3757 sc0pis,
2294 3704 2357 3741 ex
2389 3686 2645 3741 condicto
2675 3686 2741 3718 ²¹⁷
2773 3684 3170 3739 convenientes
3216 3683 3532 3758 Moguntize,
3565 3698 3692 3737 con-

2075 3779 2281 3832 sultant
2308 3779 2411 3831 sibi
2445 3786 2499 3830 et
2530 3777 2623 3831 toti
2659 3776 2901 3829 Romano
2936 3775 3166 3845 imperio
3199 3775 3266 3827 de
3308 3773 3692 3828 substituendo

2075 3884 2220 3939 rege.
2258 3866 2542 3921 Lotharius
2572 3865 2678 3919 dux
2707 3866 3005 3930 Saxonum,
3060 3864 3142 3916 vir
3171 3863 3395 3933 sapiens
3425 3871 3479 3917 et
3528 3862 3692 3916 indu-

2071 3954 2255 4019 strius,
2279 3961 2333 4009 et
2371 3952 2757 4007 tecclesiastico
2783 3952 2890 4019 juri
2932 3951 3182 4015 devotus,
3218 3960 3518 4020 prepotens
3551 3949 3695 4003 divi-

2074 4044 2162 4097 tiis
2190 4050 2243 4098 et
2268 4043 2532 4105 victoriis,
2563 4041 2815 4095 omnium
2844 4056 3072 4094 assensu
3107 4040 3343 4113 eligitur.
3373 4039 3467 4093 Hic
3499 4054 3691 4092 mense

2071 4133 2413 4203 Septembrio
2440 4148 2562 4187 cum
2594 4132 2806 4186 eisdom
2839 4130 3032 4201 legatis
3061 4138 3115 4184 et
3153 4130 3372 4184 duobus
3407 4128 3684 4199 archiepi-

2071 4223 2255 4292 sc0pis
2286 4228 2338 4275 et
2366 4228 2490 4275 octo
2529 4219 2806 4289 episcOpis
2853 4227 2907 4272 et
2938 4218 3124 4272 multis
3152 4217 3449 4271 abbatibus
3479 4224 3533 4271 ct
3563 4232 3685 4271 cum

2072 4308 2534 4364 eminentioribus
2561 4306 2700 4361 aulae
2748 4306 2949 4379 regalis
2980 4304 3304 4376 primatibus
3347 4304 3683 4375 Aquasgrani

358 4380 429 4435 ίίδ
454 4380 510 4434 in
538 4379 692 4477 13mg“
742 4378 876 4477 "PFO
908 4378 1204 4477 aggef'ib‘us
1231 4379 1589 4477 θίξῐηβοτιδίίδ
1619 4388 1763 4434 terra
1793 4382 1971 4436 00W"
1994 4410 2048 4477 D
2071 4401 2321 4466 veniens,
2354 4400 2630 4454 dominica
2660 4398 2771 4463 die,
2818 4378 2894 4452 ld.
2928 4397 3289 4468 Septembris,
3324 4413 3354 4450 a
3398 4395 3687 4450 Frederico

359 4484 499 4523 nens
543 4467 684 4522 facta
714 4468 926 4537 pridem
969 4483 1000 4520 a
1045 4468 1511 4542 Nabugodenosor
1549 4478 1859 4542 expugnata
1914 4478 1970 4525 et

358 4562 554 4631 partim
611 4560 899 4631 captivata.
961 4567 1015 4615 et
1046 4567 1239 4630 postea
1277 4561 1345 4615 ab
1392 4561 1697 4616 Alexandro
1750 4563 1969 4631 penitus

360 4666 536 4722 usque
567 4651 637 4705 ad
663 4651 840 4707 solum
872 4651 1054 4705 diruta
1100 4658 1156 4706 et
1194 4653 1490 4714 destructa,
1533 4652 1629 4705 sed
1659 4653 1814 4719 juxta
1842 4669 1968 4722 pro-

362 4740 556 4810 phetas
585 4745 709 4810 post
737 4739 1088 4814 septuaginta
1119 4755 1293 4796 annos
1319 4738 1633 4795 reediticata
1660 4747 1716 4794 et
1741 4741 1796 4795 in
1823 4742 1969 4796 anti-

360 4846 529 4902 quum
556 4836 758 4884 statum
786 4831 1051 4897 restituta,
1094 4832 1297 4887 nostris
1328 4832 1490 4886 modo
1533 4832 1872 4901 temporibus
1910 4834 1965 4887 in

360 4919 470 4977 fine
500 4921 693 4977 mundi
717 4937 746 4976 a
769 4922 1080 4977 christianis
1103 4929 1247 4977 terra
1282 4923 1528 4993 marique
1559 4922 1785 4978 obsessa
1815 4928 1967 4995 capi—

361 5018 468 5074 tur,
529 5017 584 5066 et
631 5008 827 5064 Christi
886 5010 1116 5081 imperio
1163 5010 1506 5084 subjugatur.
1541 5011 1678 5080 (Dec.
1721 5011 1832 5085 12.)
1865 5015 1964 5068 Ca-

2070 4494 2447 4565 archipresule
2479 4492 2792 4548 Coloniensi
2821 4493 2873 4546 in
2907 4507 3091 4566 regem
3122 4491 3469 4546 benedicitur
3498 4500 3554 4544 et
3583 4506 3690 4544 un-

2068 4588 2216 4663 gitur
2246 4587 2409 4657 (Sept.
2450 4586 2559 4650 13),
2603 4584 2921 4639 omniclero
2953 4592 3007 4639 et
3041 4584 3248 4654 populo
3290 4583 3538 4637 festivum
3568 4582 3686 4652 epi-

2070 4680 2296 4735 nichion
2324 4677 2754 4733 acclamantibus
2782 4677 2869 4730 3'8.

2141 4810 2299 4867 1126.
2484 4810 2534 4862 1.
2690 4810 2773 4864 17.
2820 4808 2948 4878 (18.)
3094 4770 3365 4879 eam.)
3512 4808 3566 4861 8.

2141 4921 2324 4975 Hiems
2366 4917 2666 4983 acerrima;
2706 4933 2910 4972 vernus
2962 4917 3130 4971 etiam
3160 4916 3526 4986 periculosus.
3582 4915 3689 4971 Rex

2069 5014 2356 5070 Lotharius
2405 5019 2595 5068 contra
2644 5012 2990 5067 Behemones
3053 5011 3281 5076 vadens,
3343 5009 3685 5081 quorundam

1700 5111 1924 5167 VARUE
1952 5112 2333 5168 LECTIONES.

428 5181 499 5215 ³¹²
524 5183 650 5237 Post
687 5181 796 5235 lucc
841 5181 986 5233 linea
1015 5194 1195 5233 erasa.
1263 5179 1517 5235 Calamus
1555 5186 1819 5237 mutatur.

1904 5184 2059 5238 3'i’ln
2107 5183 2295 5237 multis
2351 5188 2807 5253 computruerunt
2856 5183 3049 5237 desunt
3098 5181 3225 5237 83*.
3257 5182 3377 5236 4“.

3462 5182 3534 5217 3ίῦ
3594 5184 3687 5238 se-

358 5254 581 5322 quentia
604 5268 773 5321 usque
801 5252 876 5305 ad
898 5251 1131 5324 medium
1161 5266 1364 5324 annum
1390 5257 1689 5320 sequentem
1718 5269 1824 5307 uno
1853 5256 2059 5309 calamo
2099 5260 2260 5324 atque
2290 5251 2589 5322 atramento
2618 5259 2849 5309 exarata.
2895 5257 3039 5308 sunt.
3077 5255 3182 5307 Hic
3208 5253 3369 5307 etiam
3394 5255 3574 5322 primo
3603 5270 3688 5308 oc-

357 5325 767 5396 curritsignum
814 5324 854 5390 -ι-
900 5322 974 5396 ad
1002 5323 1298 5376 sententias
1317 5322 1732 5396 dist‘inguendas
1757 5340 1861 5394 quo
1892 5322 2188 5396 hucusquei
2208 5340 2489 5395 nunquam
2536 5326 2733 5380 abhinc
2762 5340 2978 5396 semper
2999 5326 3135 5396 fere
3165 5328 3341 5378 utitur
3378 5325 3686 5379 Anselmus.

356 5393 425 5465 35‘
447 5395 697 5465 Calamus
736 5394 1047 5465 pqmcillum
1066 5395 1329 5465 mutatur.
1376 5464 1381 5465 ί
1420 5393 1490 5465 ἒιδ
1518 5393 2088 5453 τηυεαειινοαιαθηῖιεξ
2131 5395 2198 5430 ³¹“¹
2231 5393 2348 5451 sive
2362 5396 2716 5452 eminentior.
2746 5427 2814 5437 ——
2844 5393 3102 5450 condicto
3140 5400 3190 5448 et
3210 5396 3379 5465 paulo
3413 5400 3537 5465 post
3564 5411 3687 5450 cum

357 5463 568 5519 eisdem
602 5495 669 5505 —
692 5464 921 5519 veniens
949 5463 1140 5518 desunt
1162 5463 1320 5517 Βυδῆ
1366 5463 1434 5497 ³¹⁸
1465 5465 1659 5519 abhinc
1688 5470 2050 5523 atramentum
2073 5472 2339 5522 mutatur.

448 5635 572 5705 :ttitt
600 5633 979 5705 Saint-Denis
1019 5650 1087 5688 cn
1111 5634 1480 5705 Broqueroye.
1516 5634 1570 5688 in
1603 5652 1744 5689 com.
1782 5565 2124 5692 Μοιιὲἓέἶῆ

425 5703 562 5773 (362)
596 5702 673 5773 Ny
683 5719 961 5778 mwcgeu.
