3894 6070
257 249 372 304 249
1111 250 1464 308 CHRONICA.
1505 281 1574 296 -
1613 253 1894 310 ANSELMI
1935 255 2256 312 GEMBLAC.
2299 254 2756 311 CONTINUATIO.

255 387 487 429 suorum
504 373 818 446 principum
849 374 1145 432 traditione
1175 392 1432 452 magnam
1469 386 1707 454 stragem
1733 380 1882 435 mili-
1904 384 1956 454 Α
1985 383 2086 438 tris
2112 382 2368 440 Guilelmi
2398 383 2544 456 regis
2590 381 2909 456 Anglorum.
2954 379 3107 434 Hunc
3145 377 3441 433 Robertum
3469 374 3600 430 olim

256 472 377 520 tum
403 481 600 535 passus
627 473 734 532 est,
767 467 1086 544 quingentis
1113 469 1375 525 videlicet
1425 477 1480 524 et
1520 472 1881 545 quadraginta
1985 475 2054 530 ab
2105 475 2480 532 Hierosolimis
2517 475 2864 538 redeuntem,
2897 487 2962 527 eo
2984 471 3130 544 quod
3171 467 3456 540 prestitam
3503 481 3607 537 pe-

259 558 465 614 occisis
488 559 576 612 3".
602 560 664 614 ln
692 560 847 631 Syria
877 563 984 618 hoc
1007 579 1153 620 anno
1180 565 1457 619 exercitus
1499 565 1592 619 Dei
1640 565 1727 620 bis
1749 581 1886 621 con-
1987 568 2204 624 cuniam
2231 567 2485 622 redibere
2521 565 2803 636 nequibat,
2839 563 2983 618 idem
3031 561 3197 615 frater
3213 574 3347 614 suus
3397 553 3602 610 Guilel~

262 664 493 720 gressus
515 657 600 704 est
629 648 942 706 Sacacenis.
976 652 1032 706 ln
1081 653 1257 722 primo
1297 653 1472 723 prelio
1541 654 1611 707 de
1658 653 1887 727 paganis
1987 678 2110 716 mus
2167 677 2260 715 rex
2291 659 2589 733 Anglorum
2639 653 2993 712 Nortmannia
3032 651 3336 722 expulerat,
3397 655 3452 701 et
3477 660 3600 700 eam

267 743 597 798 ceciderunt
625 743 736 798 duo
790 746 942 800 milia
981 746 1288 820 quingenti,
1324 747 1393 800 de
1438 747 1753 802 christianis
1797 763 1884 803 so-
1994 753 2101 808 sibi
2129 753 2537 826 subjugaverat,
2573 749 2904 818 fratremque
2945 747 2998 799 in
3033 743 3225 814 Anglia
3266 739 3321 794 in
3351 736 3601 826 custodia

271 836 560 891 lummodo
601 838 696 901 15;
747 837 803 890 in
861 839 1106 893 secundo
1160 845 1340 893 autem
1390 854 1500 894 non
1551 840 1888 894 incruentam
1994 841 2167 896 libera
2194 823 2502 908 redegerat.
2527 835 2937 892 RexLotharius
2959 823 3600 902 Babenbergen3”(363)

3485 243 3595 302 250
3694 239 3700 246 ’

269 926 558 983 victoriam
594 927 907 984 habuerunt
925 929 1232 984 christiani.
1257 931 1365 985 Sed
1385 931 1637 1002 quamvis
1660 931 1893 1001 plurima

268 1036 402 1090 pars
433 1023 623 1074 earum
655 1021 904 1090 perierit,
949 1029 1134 1076 tamen
1192 1023 1394 1076 auxilio
1441 1023 1530 1076 Dei
1575 1023 1888 1096 revigorati,

265 1110 487 1182 absque
516 1125 749 1166 numero
780 1112 966 1166 hostes
989 1113 1371 1168 contriverunt
1402 1121 1456 1168 et
1486 1114 1755 1168 vicerunt.
1785 1114 1892 1168 Hoc

264 1220 419 1260 anno
447 1205 629 1261 omnis
681 1220 842 1277 seges
871 1222 1021 1276 egra,
1063 1214 1118 1261 et
1146 1206 1324 1262 vinea:
1369 1224 1492 1262 cum
1535 1208 1684 1263 omni
1713 1208 1892 1264 fructu

269 1293 538 1348 arborum
572 1293 854 1348 acerrimm
880 1293 968 1346 3’0.
1265 1314 1268 1318 '

346 1383 509 1439 1127.
552 1383 614 1438 R.
655 1384 708 1437 2.
754 1383 807 1437 F.
854 1384 942 1439 18.
985 1384 1116 1452 (19.)
1159 1386 1219 1438 Α.
1261 1387 1347 1440 27.
1395 1387 1518 1449 {28.9
1563 1387 1624 1440 ll.
1665 1385 1714 1440 9.

349 1476 472 1543 (An.
515 1474 656 1530 1126
685 1477 701 1544 )
735 1473 845 1529 Rex
877 1476 1164 1532 Lotharius
1207 1479 1444 1533 natalem
1478 1478 1693 1532 Domini
1737 1478 1894 1534 Colo-

275 1566 386 1621 nise
408 1565 687 1631 celebrat;
711 1567 807 1622 sed
831 1569 1279 1640 archiepisc0pus
1301 1586 1398 1625 seu
1421 1578 1720 1641 preventus
1749 1569 1898 1625 inﬁr-

275 1653 490 1720 mitate‘,
521 1671 618 1709 seu
641 1655 918 1723 simulata,
951 1656 1266 1731 Sigebergae
1311 1675 1368 1714 se
1399 1660 1726 1715 contulerat.
1763 1661 1894 1716 [nde
1923 1687 1968 1754 Β

274 1741 618 1816 Aquasgrani
650 1743 802 1798 venit
835 1742 888 1796 in
933 1745 1272 1814 theopbania
1303 1747 1442 1815 (Jan.
1471 1747 1550 1817 6.)
1604 1747 1683 1801 lbi
1727 1747 1891 1819 legati

273 1829 456 1884 Karoli
488 1830 704 1886 comitis
724 1830 1082 1899 Morinorum,
1114 1833 1676 1890 scilicetcastellanus
1691 1835 1892 1890 Gandze

270 1927 328 1974 et
358 1920 530 1974 abbas
559 1921 629 1974 de
655 1920 830 1976 sancti
882 1922 1025 1976 Petri
1073 1925 1241 1992 {363),
1305 1926 1370 1978 ad
1415 1942 1538 1978 eum
1601 1933 1891 1992 venerunt,

277 2008 608 2063 nuntiantes
625 2008 918 2079 jdominum
947 2026 1105 2066 suum
1151 2011 1406 2067 comitem
1438 2013 1676 2068 debitam
1705 2014 1896 2081 subje-

275 2101 520 2156 ctionem
586 2117 644 2157 se
703 2103 754 2156 ei
807 2103 1096 2159 facturum.
1153 2105 1538 2160 Verumtamen
1583 2108 1893 2182 Lotharingi

283 2196 571 2267 principes
592 2197 660 2252 ab
685 2197 803 2266 ejus
835 2199 1112 2268 presentia
1135 2200 1535 2256 abstinuerunt.
1559 2203 1722 2257 Novae
1745 2203 1892 2257 enim

283 2285 544 2354 potestati
579 2300 800 2356 semper
822 2302 910 2340 res
941 2303 1097 2342 novae
1127 2296 1554 2357 convertuntur;
1588 2292 1736 2362 quod
1774 2292 1897 2348 ilico

280 2382 338 2430 et
362 2375 440 2430 ibi
465 2377 642 2447 patuit
683 2377 815 2431 Nam
843 2379 1128 2449 Aquenses
1143 2381 1406 2450 Oppidani
1430 2388 1484 2436 et
1504 2398 1598 2437 rex
1621 2398 1730 2437 non
1758 2383 1896 2437 bene

275 2474 662 2531 assenserunt,
695 2465 794 2519 sed
821 2467 954 2520 satis
985 2466 1252 2534 injuriose
1296 2484 1358 2522 se
1398 2475 1783 2524 tractaverunt.
1817 2470 1891 2524 De

275 2571 412 2626 rege
441 2564 625 2611 autem
657 2564 710 2612 et
742 2557 1020 2613 Friderico
1050 2559 1189 2614 duce
1233 2560 1512 2630 quomodo
1538 2577 1598 2616 se
1628 2561 1900 2627 habeant,

277 2659 394 2698 non
423 2645 556 2699 satis
580 2652 954 2714 compertum;
987 2647 1118 2718 quia
1147 2664 1247 2718 pro
1271 2649 1548 2704 voluntate
1593 2648 1890 2704 faventium

275 2743 332 2787 et
390 2733 886 2789 contradicentium
938 2751 1027 2791 res
1063 2744 1430 2793 extenuantur
1485 2744 1578 2792 aut
1623 2739 1892 2794 extollun-

274 2831 386 2880 tur.
444 2825 556 2881 Hoc
595 2825 730 2881 satis
768 2833 938 2898 patet,
1002 2828 1133 2900 quia
1185 2831 1334 2902 gravi
1413 2831 1650 2886 discidio
1697 2832 1892 2887 labun-

277 2925 368 2972 tur
397 2916 486 2968 δυ.
1695 2919 1704 2924 ’

352 3004 658 3059 Anathema
699 3005 755 3060 in
785 3006 972 3062 medio
1004 3014 1184 3075 terrm,
1221 3009 1434 3064 facinus
1451 3010 1626 3064 audax
1667 3020 1722 3066 et
1749 3011 1894 3065 indi-

274 3109 472 3165 gnum,
505 3093 764 3149 omnibus
793 3096 996 3152 seculis
1023 3097 1436 3172 vindicandum.
1471 3101 1606 3156 Ecce
1629 3101 1775 3155 enim
1803 3117 1892 3155 so-

274 3183 428 3237 lutus
473 3192 695 3238 satanas
733 3193 905 3240 terras
948 3187 1312 3258 perambulat.
1347 3189 1600 3244 Flandria
1644 3197 1699 3246 et
1761 3191 1889 3244 Bur-

274 3273 511 3344 gundia,
559 3273 724 3350 longo
756 3283 1020 3332 terrarum
1051 3278 1158 3334 sitit
1204 3279 1468 3348 disjectas,
1504 3283 1798 3350 eonjurant
1837 3283 1894 3336 in

275 3363 560 3433 apostasia
614 3363 914 3434 proditoris
985 3367 1159 3423 Judae.
1208 3368 1437 3432 Quidam
1505 3371 1582 3424 rei
1639 3371 1897 3426 timentes

277 3451 533 3505 damnari
571 3467 672 3522 pro
700 3465 800 3507 suo
831 3454 1064 3522 scelere,
1097 3456 1381 3511 dominum
1437 3474 1596 3512 suum
1644 3459 1894 3514 Karolum

277 3542 540 3596 comitem
595 3541 929 3598 Morinorum
975 3545 1221 3614 Brujeias
1273 3547 1529 3622 jugulant
1573 3550 1626 3604 in
1657 3551 1895 3622 quadam

277 3636 532 3690 meclesia
566 3635 712 3706 (364)
757 3644 884 3692 ante
910 3638 1078 3695 altare
1129 3641 1368 3712 psalmos
1396 3651 1704 3698 canentem.
1747 3645 1898 3699 Unus

277 3732 448 3796 atque
479 3725 630 3780 idem
661 3733 882 3781 satanas
904 3743 1014 3783 uno
1035 3731 1348 3802 eodemque
1379 3731 1468 3786 die
1515 3731 1699 3788 simile
1739 3733 1898 3788 nefas

278 3819 556 3890 presumit
601 3819 656 3874 iu
688 3820 1026 3895 Burgundia.
1089 3823 1410 3881 Damnaticii
1460 3826 1708 3898 quidam,
1766 3828 1894 3882 dum

276 3910 546 3967 diffidunt
568 3928 683 3968 suae
699 3914 882 3978 saluti,
920 3923 1110 3985 utpote
1141 3917 1219 3972 rei
1258 3919 1580 3988 majestatis,
1611 3920 1895 3976 dominum

273 4019 442 4057 suum
475 4003 804 4058 Guilelmum
829 4006 1084 4062 comitem
1117 4008 1520 4065 Sedunensium
1549 4011 1748 4083 gladiis
1769 4027 1898 4068 con-

272 4092 500 4148 fodiunt
546 4092 603 4146 in
659 4094 894 4164 quadam
945 4096 1192 4152 weelesia
1239 4107 1366 4153 ante
1414 4101 1583 4155 altare
1626 4107 1894 4156 orantem.

273 4182 470 4237 Actum
501 4181 744 4236 secunda
775 4183 1084 4254 epdomada
1127 4187 1585 4262 quadragesimae,
1632 4189 1766 4244 feria
1818 4191 1895 4256 3.,

273 4270 507 4325 Kalend.
548 4270 743 4328 Martii.
779 4273 1080 4330 Homicida:
1131 4277 1230 4332 hac
1264 4277 1356 4332 illa
1405 4277 1776 4354 diﬂ‘ugientes,
1809 4281 1896 4334 di-

1923 3051 1971 3119 C

1991 935 2349 1000 pentecosten
2379 927 2640 982 celebrat.
2687 925 2766 980 lbi
2797 923 2906 977 dux
2941 919 3214 976 Bohemiae
3265 931 3387 970 cum
3418 909 3606 967 multis

1993 1021 2218 1075 milibus
2243 1022 2491 1092 equitum
2524 1018 2846 1080 adveniens,
2889 1016 3094 1070 domno
3149 1009 3262 1084 regi
3318 1007 3386 1061 de
3431 1018 3603 1074 supc-

1994 1113 2138 1168 riore
2167 1113 2464 1167 traditione
2486 1111 2786 1174 satisfecit;
2821 1117 2875 1163 et
2903 1122 3115 1168 omnes,
3146 1116 3378 1174 quorum
3406 1108 3605 1167 paren-

1993 1209 2077 1255 tes
2105 1201 2190 1255 vel
2223 1200 2430 1254 amicos
2468 1199 2766 1264 occiderat,
2805 1197 2978 1252 multa
3007 1191 3308 1268 insignium
3331 1189 3601 1242 donorum

1993 1293 2335 1348 exhibitione
2373 1293 2744 1347 reconciliavit
2776 1291 2901 1345 sibi.
2944 1285 3244 1343 Cenobium
3287 1277 3463 1336 sancti
3497 1277 3603 1331 Hu-

1993 1381 2172 1456 gberti
2203 1383 2256 1436 in
2281 1383 2574 1436 Arduenna
2601 1381 2770 1436 Nonis
2791 1378 2940 1444 Julii,
2965 1377 3144 1448 primo
3175 1367 3474 1428 conticinio
3505 1380 3602 1421 no—

1996 1477 2118 1542 ctis,
2151 1493 2272 1532 cum
2296 1475 2557 1531 omnibus
2573 1471 2921 1546 appendiciis
2938 1469 3285 1526 combustum
3317 1469 3422 1528 est,
3453 1459 3603 1515 salvo

1996 1578 2178 1624 tamen
2207 1569 2466 1622 thesauro
2493 1576 2549 1622 et
2587 1567 2821 1620 armario
2870 1565 2957 1618 ³⁸³.
2996 1564 3051 1616 ln
3095 1576 3233 1632 pago
3265 1551 3602 1619 Lomacensi,

1995 1657 2122 1710 villa
2153 1657 2416 1726 Gerpinas
2439 1656 2584 1724 (366)
2618 1653 2949 1726 paupercula
2973 1651 3170 1704 mulier
3197 1648 3251 1701 in
3279 1645 3472 1700 festiva
3501 1656 3606 1696 no-

1993 1758 2078 1804 cte
2105 1751 2278 1804 sancti
2307 1751 2584 1805 Michaelis
2603 1744 3236 1810 ordeunmioluit,unde
3262 1741 3386 1797 ilico
3409 1753 3604 1810 panem

1994 1836 2202 1892 faciens
2230 1837 2464 1892 azimum
2495 1838 2660 1893 coxit.
2690 1838 2859 1902 Quem
2891 1835 3020 1889 dum
3041 1832 3318 1904 frangeret
3337 1827 3404 1882 ad
3434 1825 3606 1881 eden-

1996 1929 2149 1992 dum,
2181 1928 2506 2003 sanguinem
2541 1939 2594 1984 et
2621 1944 2816 1999 aquam
2844 1925 3050 1980 elicuit.

2070 2020 2225 2075 me.
2302 2020 2354 2072 3.
2613 2017 2699 2071 19.
2743 2015 2872 2087 (ρο.)
2948 2015 3036 2069 28.
3081 2014 3212 2081 (29.)
3326 2011 3410 2066 ιο.

2069 2112 2312 2166 Domnus
2363 2110 2434 2144 3”
2489 2108 2762 2163 Adelbero
2817 2107 3113 2176 episcopus
3179 2099 3606 2158 Leodicensium

1999 2203 2159 2259 obiit.
2194 2202 2476 2258 Dominiea
2514 2201 2626 2266 die,
2657 2200 2711 2256 5.
2746 2197 2973 2253 Kalend.
3005 2194 3308 2258 Februarii,
3361 2191 3609 2246 auditum

1999 2301 2083 2347 est
2114 2292 2414 2347 tonitruum
2445 2291 2588 2346 circa
2630 2291 2818 2344 horam
2850 2301 3072 2342 nonam.
3107 2285 3349 2338 Domnus
3379 2281 3613 2334 Alexan-

1999 2381 2097 2435 der
2149 2380 2573 2435 archidiaconus
2649 2394 2714 2432 ex
2761 2377 2908 2430 clero
2955 2375 3130 2430 sancti
3193 2367 3463 2426 Lamberti
3521 2367 3607 2421 15.

1995 2471 2222 2526 Kalend.
2277 2470 2474 2540 Aprilis
2534 2466 2952 2524 Leodicensium
2988 2469 3342 2518 consecratur
3387 2457 3608 2527 episco-

1995 2583 2098 2637 pus
2125 2567 2213 2621 ³³³.
2257 2565 2385 2620 Cum
2416 2568 2651 2618 intrante
2697 2561 2885 2616 Martio
2909 2574 3140 2613 serenus
3187 2571 3280 2609 aer
3317 2552 3606 2615 arrideret,

1993 2657 2113 2728 ipso
2157 2671 2344 2711 mense
2375 2656 2657 2710 mediante
2683 2652 2868 2708 subito
2905 2657 3050 2705 totus
3079 2649 3135 2701 in
3183 2645 3330 2700 nube
3373 2643 3609 2714 cogitur,

1995 2761 2058 2807 et-
2077 2750 2277 2820 frigore
2312 2749 2470 2820 riget,
2499 2762 2656 2818 aquae
2685 2744 2894 2820 gelant,
2925 2757 3051 2796 rura
3083 2743 3324 2809 torpent,
3382 2745 3438 2790 et
3466 2749 3612 2788 nunc

1995 2841 2140 2903 nive,
2171 2856 2318 2894 nunc
2344 2839 2496 2913 gelu,
2531 2851 2677 2890 nunc
2730 2833 2931 2905 pluviis
2983 2831 3258 2886 elementa
3300 2826 3610 2880 solvuntur.

1995 2931 2362 3003 Subsequitur
2408 2944 2608 3002 magna
2684 2923 2986 2980 mortalitas
3050 2921 3258 2982 ovium,
3317 2930 3612 2991 agnorum,

1994 3022 2182 3089 boum,
2214 3034 2526 3074 vaccarum.
2571 3015 2832 3077 Tandem,
2880 3011 3172 3065 miserante
3232 3007 3362 3071 Deo,
3415 3009 3614 3058 cuncta

1995 3111 2060 3164 ad
2093 3109 2320 3184 gratiam
2357 3107 2590 3161 redeunt
2643 3105 2696 3158 in
2756 3101 2975 3158 laetania
3023 3097 3215 3168 majori
3262 3095 3349 3148 ³²⁶.
3405 3093 3460 3148 3.
3486 3093 3612 3146 ldus

1996 3199 2118 3253 Maii
2149 3197 2285 3252 feria
2313 3196 2367 3262 2,
2401 3195 2639 3250 Coloniae
2685 3191 2911 3267 grandis
2944 3196 3243 3258 tempestas
3264 3191 3454 3240 exorta
3491 3188 3611 3243 est;

1994 3289 2206 3344 fulmen
2231 3301 2456 3357 quoque
2484 3284 2792 3358 ingressum
2816 3280 3080 3348 majorem
3106 3276 3410 3332 zecelesiam
3435 3271 3608 3328 sancti

1998 3379 2162 3442 Petri,
2193 3379 2445 3432 dextrum
2496 3374 2778 3428 brachium
2821 3368 3064 3424 crucifixi
3095 3367 3317 3422 discidit
3365 3365 3454 3418 ⁷³⁷.
3491 3365 3614 3418 Orta

1997 3473 2270 3528 seditione
2331 3481 2390 3525 et.
2436 3470 2672 3525 discidio
2721 3470 2864 3522 inter
2892 3465 3221 3520 Guilelmum
3271 3462 3526 3518 comitem
3560 3467 3615 3513 et

1999 3565 2259 3627 Morinos,
2283 3561 2665 3616 annitentibus
2715 3560 2930 3630 Equitio
2955 3569 3010 3612 et
3048 3555 3272 3612 Daniele
3310 3552 3614 3620 majoribus

1999 3656 2292 3720 Flandriaa,
2343 3653 2642 3708 arcessitur
2679 3649 3050 3706 Theodericus
3104 3646 3250 3700 filius
3294 3641 3614 3698 Theoderici

2001 3747 2159 3803 ducis
2197 3747 2442 3812 Alxatiae,
2472 3761 2649 3815 nepos
2680 3743 2924 3799 Rotberti
2953 3739 3174 3796 comitis
3227 3734 3514 3797 Flandriae,
3543 3749 3609 3786 ex

2000 3849 2188 3889 sorore
2220 3835 2503 3890 Gcrtrude.
2540 3834 2646 3888 Sed
2705 3833 2834 3887 dum
2886 3827 3216 3884 Godefridus
3273 3826 3396 3908 (lux'
3441 3823 3614 3877 Lora-

2003 3928 2212 3984 niensis
2271 3925 2539 3982 Guilelmo
2603 3923 2788 3980 comiti
2857 3920 3234 3984 auxiliaretur,
3293 3911 3612 3988 congressio

2003 4021 2140 4077 facta
2186 4028 2269 4074 est
2305 4017 2591 4089 utriusque
2621 4015 2895 4073 exercitus
2934 4020 3060 4068 ante
3117 4008 3401 4064 castellum
3462 4003 3608 4076 quod

2003 4109 2204 4165 dicitur
2227 4109 2394 4164 Alost.
2428 4108 2503 4162 lbi
2535 4107 2836 4161 Guilelmus
2857 4100 3349 4172 eomesquendam
3381 4096 3608 4150 militem

2001 4197 2332 4274 aggrediens
2363 4195 2767 4258 monomachia,
2803 4193 2860 4248 in
2900 4192 3090 4247 dextro
3121 4189 3347 4245 brachio
3394 4186 3616 4241 lancea-

1999 4299 2104 4356 tur,
2133 4297 2188 4344 et
2229 4297 2558 4359 surrepente
2607 4285 2965 4348 dracunculo,
2995 4283 3188 4354 quinto
3229 4281 3319 4334 die
3359 4279 3592 4333 moritur

270 4362 454 4417 versis
481 4362 702 4431 injuriis
727 4371 783 4420 et
803 4365 973 4439 digno
1004 4367 1108 4422 sibi
1131 4370 1266 4424 satis
1300 4371 1409 4426 fine
1435 4371 1736 4440 perierunt.
1790 4373 1895 4429 Co-
1926 4343 1984 4405 υ
2000 4378 2296 4434 Comitatus
2355 4343 2684 4432 hiorinorum
2757 4372 3095 4427 Theoderico
3157 4371 3318 4424 datur
3383 4385 3414 4421 a
3483 4381 3612 4438 rege

275 4456 509 4511 mitatus
539 4457 870 4514 Morinorum
903 4477 934 4515 a
961 4461 1252 4520 Ludowico
1283 4481 1410 4536 rege
1442 4465 1772 4522 Francorum
1801 4467 1900 4522 da-

275 4553 366 4600 tur
396 4544 668 4601 Guilelmo
701 4545 814 4603 filio
847 4548 1070 4605 Roberti
1103 4552 1320 4606 comitis
1358 4553 1750 4621 Nortmanniae,
1788 4555 1900 4609 fra-

2001 4467 2331 4522 Francorum
2379 4465 2692 4530 Ludowico,
2733 4463 2878 4541 quia.
2913 4467 3178 4533 cognatus
3220 4458 3341 4527 ejus
3389 4462 3507 4510 erat
3549 4471 3612 4508 ex

2002 4562 2293 4609 matertera
2342 4553 2606 4608 Gertrudc
2650 4553 2739 4604 3’3.
2802 4549 3074 4604 Mcdiante
3105 4544 3454 4616 Septembrio
3485 4543 3611 4618 gelu

1627 4656 1844 4711 VARUE
1874 4657 2260 4712 LECTIONES.

348 4745 814 4828 atramentum
845 4753 1105 4804 mutatur.
1190 4751 1261 4786 ³²⁰
1293 4753 1402 4808 lloc
1448 4783 1518 4793 —
1571 4755 1850 4810 acerrimae
1877 4757 2072 4828 desunt
2122 4757 2179 4828 Λ.
2234 4755 2352 4817 Βὸ.,
2393 4761 2448 4809 et
2477 4755 2581 4828 qui
2605 4753 2660 4828 in
2693 4765 2825 4806 voce
2861 4750 3167 4828 u_\'ieeruut
3197 4747 3612 4828 »__d_esinit§\in.

275 4815 498 4900 Abhinc
529 4818 773 4900 sciamus
793 4824 1338 4900 atqueatramentum
1363 4827 1655 4900 paululum
1684 4832 1948 4881 mutatur.
2029 4827 2094 4861 ³²¹
2129 4827 2204 4900 De
2260 4815 2390 4898 rege
2569 4823 2830 4900 labuntur
2873 4823 3073 4900 desth
3091 4825 3179 4900 “A.
3225 4820 3300 4874 lbi
3345 4817 3508 4900 legati
3553 4847 3618 4858 --

275 4885 543 4968 l_abuntur
569 4887 761 4968 desunt
793 4885 918 4968 Ββξ.
954 4892 1075 4944 4".
1108 4898 1158 4968 et
1194 4895 1318 4951 83*.
1463 4900 1743 4968 sequentia
1775 4899 2298 4968 quoqueAnathema
2323 4885 2395 4936 7—
2418 4894 2942 4968 redegeratdesunt.
3003 4893 3074 4927 3”
3091 4892 3203 4947 Rex
3235 4923 3291 4931 —
3321 4885 3616 4968 traditione

273 4961 339 5034 fit
383 4973 584 5012 rasura
623 4964 820 5034 auctor
875 4963 992 5030 ipse
1043 4967 1264 5034 scripsit

1378 4965 1801 5046 3’3_Cenobium'
1821 4965 1905 5008 -’
1933 4969 2201 5046 armario“
2217 4967 2414 5023 desunt
2461 4965 2644 5046 [31.5.
2691 4967 2924 5046 Abhinc.
2954 4968 3212 5046 mutatur:
3231 4965 3614 5046 atramentum.

375 5043 570 5108 manus
618 5030 858 5108 habitum
897 5029 1064 5108 mutat
1130 5029 1186 5088 l5.
1239 5037 1297 5091 Α.
1339 5053 1392 5091 e.
1447 5038 1505 5092 l..
1563 5055 1616 5094 ο.
1658 5045 1706 5092 et
1741 5042 1924 5094 stalim
1971 5043 2124 5108 infra
2171 5039 2411 5092 Domnus
2466 5069 2496 5076 -
2544 5038 2842 5108 episcopos
2885 5037 3072 5108 desunt
3117 5035 3234 5099 133',
3281 5033 3368 5096 μ’,
3401 5033 3502 5097 4η,
3560 5031 3614 5082 ὅ.

272 5099 343 5132 ’³⁵
369 5104 618 5154 mutatur
653 5102 912 5158 calamus.
993 5104 1064 5139 δῖε
1093 5108 1331 5162 calamus
1370 5114 1630 5164 mutatur.
1709 5111 1776 5145 ³³⁷
1807 5099 2048 5165 calamus
2092 5115 2142 5164 ct
2177 5113 2547 5164 atramentum
2579 5099 2897 5163 'muta'ntur.

3001 5106 3070 5142 ³³⁸
3107 5108 3465 5159 atramentum
3495 5116 3621 5154 mu-

273 5174 436 5223 tatur
465 5213 476 5224 .
523 5173 649 5224 Orta
688 5203 758 5211 —-
789 5173 1074 5230 Gerdrudc
1113 5181 1195 5231 ita
1225 5179 1476 5234 exhibent
1523 5181 1650 5238 133‘.
1679 5181 1766 5236 υ,
1800 5183 1960 5236 4*⁵.;
1995 5181 2304 5236 \Villelmus
2343 5195 2532 5236 comes
2573 5179 2828 5234 Flandric
2866 5195 2990 5234 cum
3032 5173 3327 5231 Godefrido
3353 5173 3495 5226 duce
3527 5170 3622 5225 Lo-

269 5240 554 5316 tharingie
581 5243 1046 5326 castellum_Alost
1085 5247 1379 5304 obsidione
1412 5253 1645 5326 premit;
1679 5251 1866 5326 ibique
1898 5252 2178 5308 levissimo
2209 5251 2458 5316 vulnere,
2493 5251 2660 5326 immo
2691 5265 2802 5326 non
2831 5250 3080 5326 vulnere.
3121 5245 3229 5326 50‘}
3252 5241 3615 5326 ίηεοξὲυτδβη

272 5327 443 5392 manu
471 5313 940 5395 waccepta_,__male,
976 5324 1034 5372 ut
1083 5327 1328 5390 putatur,
1359 5337 1390 5376 a
1413 5313 1662 5378 ‘medico
1693 5313 2036 5395 potionatus,
2096 5329 2324 5393 repente
2384 5313 2635 5388 moritur,
2693 5321 2793 5376 sed
2859 5320 3029 5386 unde,
3061 5315 3327 5372 nescitur.
3364 5313 3619 5369 Theode-

1847 5465 2054 5521 NOTAE.

272 5381 426 5438 ricus
457 5382 509 5438 ei
537 5381 804 5440 succedit.

347 5569 356 5621 ί
367 5553 475 5609 363
479 5571 496 5624 ;
528 5552 978 5613 Blandiniensis..

347 5624 496 5693 {364)
531 5625 586 5679 S.
619 5626 929 5685 Donatiani.

2096 5565 2220 5633 365)
2249 5564 2589 5636 Merseburgi
2618 5562 2920 5636 secundum
2947 5561 3104 5636 alios.

2073 5632 2219 5711 (366)
2250 5632 2582 5710 Gerpinne‘s,
2619 5649 2788 5708 prope
2821 5632 3119 5692 Charlcroi.
