3894 6070
247 171 347 228 251

1492 171 1832 226 SlGEBEBTl
1874 168 2367 226 GEMBLACENSIS

3472 164 3584 222 252

246 300 408 355 valde
495 301 747 356 nocivum
807 301 1004 355 factum
1056 308 1158 365 est,
1209 302 1263 355 in
1312 316 1422 372 quo
1467 302 1746 375 legumina
1801 309 1858 358 et
1885 307 1929 374 Α
1958 302 2102 369 ginis
2137 300 2351 363 matris,
2393 312 2514 367 quia
2547 300 2759 367 peperit
2804 298 2966 351 Deum
2996 300 3260 361 nostrum,
3293 299 3389 366 qui
3435 299 3586 364 ignis

244 390 422 445 vineae
471 392 776 461 perierunt,
820 400 874 444 et
929 391 1189 462 quicquid
1242 392 1472 461 exprimi
1524 393 1747 464 potuit,
1801 394 1856 448 in

248 481 561 536 acredinem
601 497 813 537 versum
883 491 981 537 est.
1041 484 1097 535 ln
1168 483 1419 537 Flandria
1480 485 1634 537 multi
1704 484 1856 540 ﬂuvii

249 571 534 645 sanguinei
583 571 707 626 facti
750 581 896 631 sunt.
940 579 991 627 et
1040 572 1241 627 fossata
1307 573 1561 626 similiter
1596 575 1683 626 3’9.
1745 574 1857 628 Rex

248 657 534 712 Lotbarius
562 658 727 732 longa
755 660 1046 715 obsidione
1075 662 1266 715 urbem
1300 661 1510 726 Spiram
1543 661 1733 734 cingit.
1761 661 1857 715 sed

252 749 506 805 inefﬁcax
536 754 699 808 redit.

324 838 479 894 11°29.
559 841 704 896 3.4.
783 842 941 896 reo.
975 842 1109 912 (21.)
1183 841 1527 912 A.29.(30.)
1605 842 1779 895 ll.ll.

324 928 453 983 Cum
492 931 730 986 intrante
768 948 957 986 mense
1019 932 1277 987 Januario
1335 932 1461 1005 gelu
1526 933 1853 1004 liqueretur,

249 1026 399 1074 tanta
436 1021 726 1077 inundatio
759 1023 901 1077 nivis
957 1036 1013 1077 et
1057 1023 1254 1093 pluvia:
1300 1023 1496 1077 ﬂuvios
1545 1031 1598 1077 et
1655 1024 1861 1078 vivaria

250 1112 479 1181 inﬂavit,
522 1123 579 1170 ut
617 1124 732 1171 sata
772 1119 1021 1187 proxima
1086 1119 1362 1173 diluerent
1413 1125 1466 1171 et
1517 1129 1860 1182 excavarent,

251 1206 446 1262 domos
475 1225 697 1282 quoque
726 1213 933 1275 vicinas
969 1213 1375 1276 subverterent,
1424 1220 1478 1267 et
1517 1229 1765 1283 quasqua:
1811 1214 1865 1266 in

253 1294 334 1348 eis
359 1295 584 1353 inventa
622 1301 918 1370 perderent
955 1302 1043 1354 33°.
1093 1301 1246 1355 Feria
1300 1302 1352 1358 3.
1412 1303 1627 1371 pasclim
1666 1301 1863 1356 bovem

253 1385 537 1452 cujusdam
566 1388 755 1443 rustici
783 1397 1026 1443 arantem
1076 1406 1268 1445 cereus
1313 1391 1480 1445 sudor
1520 1390 1773 1454 delibnit,
1808 1393 1860 1445 in

256 1480 515 1548 parochia
544 1481 978 1537 Gemmelaeensi
1009 1484 1096 1537 33‘.
1135 1484 1367 1539 Prelium
1405 1486 1551 1555 apud
1584 1485 1861 1539 Duratium

258 1566 402 1634 (367)
434 1567 575 1622 inter
605 1570 968 1625 Alexandrum
1019 1571 1409 1627 Leodicensem
1443 1574 1763 1643 episcopum
1807 1580 1862 1627 et

1958 408 2270 449 consumens
2299 398 2396 457 est,
2423 407 2531 445 non
2550 394 2752 460 poteris
2778 394 3051 459 extingui.
3086 390 3328 445 Discedit
3353 399 3583 446 sanctus

1958 481 2241 536 Martinus.
2299 483 2496 534 lterum
2554 480 2798 544 rediens,
2855 480 3021 548 jussit
3074 478 3227 533 illum
3280 479 3459 534 redire
3510 480 3579 533 ad

1959 581 2188 628 matrem
2224 571 2639 627 misericordia}.
2673 572 2731 625 Et
2760 572 2885 625 ille:
2920 573 3036 626 Aut
3071 587 3169 640 per
3225 575 3275 625 te
3317 574 3576 637 sanabor,

1960 669 2054 718 aut
2102 663 2189 715 hic
2249 663 2472 714 moriar.
2544 660 2605 712 Et
2670 667 2893 713 sanctus
2949 658 3242 713 Martinus:
3303 660 3478 714 Sanat
3531 664 3583 713 te

1959 758 2206 811 dominus
2244 758 2395 808 Jesus
2424 755 2668 809 Christus
2707 755 2956 822 precibus
2980 756 3172 807 matris
3212 768 3340 807 suae
3382 756 3452 808 Et
3482 754 3581 808 hoc

1960 848 2063 901 tibi
2099 850 2350 913 signum:
2411 851 2471 899 tu
2494 847 2733 914 primus,
2782 849 2905 913 post
2954 849 3004 898 te
3050 859 3142 898 sea:
3170 846 3230 898 in
3283 845 3381 898 hac
3420 845 3579 899 domo

1960 940 2301 993 sanabuntur
2354 938 2591 991 Ceterum
2628 938 2933 1005 quicunque
2971 936 3308 1001 ademerint,
3362 936 3585 1002 frustra

1962 1029 2305 1083 laborabunt.
2355 1026 2585 1082 Sanctus
2626 1027 2885 1080 Martinus
2923 1026 3177 1080 discedit.
3217 1026 3315 1080 Ille
3353 1031 3583 1079 sanatus

1962 1120 2212 1190 predicat
2243 1118 2532 1173 sanitatem
2554 1133 2726 1172 suam.
2747 1117 2897 1172 Multi
2929 1117 3247 1181 conﬂuunt;
3281 1133 3347 1172 ex
3377 1134 3582 1192 magna

1964 1212 2122 1281 cepia
2152 1226 2263 1264 non
2295 1216 2557 1264 curantur
2577 1210 2680 1264 nisi
2705 1226 2820 1273 sex,
2849 1209 2990 1263 sicut
3020 1209 3334 1278 predixerat
3356 1217 3585 1265 sanctus

1964 1299 2249 1352 Martinus.
2285 1298 2526 1352 Parisius
2546 1297 2872 1369 confugiunt
2902 1296 2971 1350 ad
3003 1297 3308 1351 meclesiam
3338 1297 3585 1370 Virginis

1966 1386 2170 1440 matris.
2205 1386 2429 1440 Centum
2470 1394 2523 1441 et
2563 1394 2671 1440 tres
2702 1401 2810 1440 uno
2842 1385 2932 1438 die
2980 1394 3275 1447 sinuntur;
3308 1385 3441 1451 duo,
3475 1402 3578 1440 seu

1958 1476 2192 1543 jubente
2248 1494 2345 1532 seu
2391 1478 2742 1548 permittente
2793 1478 2925 1541 Deo,
2968 1493 3078 1533 non
3147 1486 3429 1542 curantur,
3475 1478 3577 1533 sed

1963 1570 2338 1639 cxtinguntur.
2387 1569 2543 1640 Apud
2606 1568 2896 1623 Laniacum
2968 1568 3022 1621 in
3095 1567 3185 1623 die
3240 1570 3585 1625 ascensionis

259 1655 611 1713 Godefridum
674 1660 1067 1716 Lovaniensem
1128 1664 1405 1725 comitem,
1453 1664 1507 1717 in
1556 1681 1664 1735 quo
1719 1639 1941 1718 tantaB
1971 1660 2262 1715 dominica:
2300 1668 2411 1715 tres
2440 1666 2565 1714 ante
2609 1676 2757 1714 aram
2800 1668 3081 1730 perpetuae
3128 1659 3364 1732 Virginis
3396 1662 3585 1716 extin-

258 1749 468 1819 strages
506 1746 625 1811 fuit,
669 1755 727 1802 ut
768 1750 1015 1818 peditum
1042 1752 1299 1822 utrinque
1329 1753 1434 1805 82.5
1466 1769 1693 1807 numero
1731 1752 1870 1806 insi-

265 1836 378 1888 mul
421 1837 763 1906 Opperierint
795 1841 1037 1910 excrptis
1068 1841 1154 1895 bis
1194 1843 1286 1913 qui
1316 1841 1590 1913 fugientes
1624 1844 1679 1897 in
1709 1859 1871 1917 sege-

266 1922 414 1977 tibus
452 1925 536 1979 vel
588 1926 639 1978 in
665 1926 816 1981 silvis
847 1929 1112 1983 vulnerati
1142 1929 1444 2000 perierunt,
1476 1939 1531 1985 et
1563 1931 1647 1985 his
1691 1931 1783 2001 qui
1818 1931 1871 1984 in

267 2013 426 2082 aquis
475 2013 738 2083 prefocati
780 2024 928 2082 sunt,
971 2028 1023 2070 et
1066 2018 1150 2071 his
1207 2019 1299 2089 qui
1351 2020 1419 2073 ad
1467 2036 1567 2074 sua
1634 2020 1869 2093 regressi

261 2102 485 2155 incertis
514 2103 665 2157 horis
696 2112 750 2158 et
776 2104 975 2159 diebus
1014 2107 1212 2161 mortui
1240 2116 1388 2163 sunt.
1426 2108 1622 2163 Horum
1663 2124 1876 2162 summa

263 2206 373 2245 non
405 2194 584 2264 potuit
617 2195 823 2269 colligi.
854 2199 1041 2251 Actum
1066 2199 1120 2253 7.
1152 2198 1232 2251 ld.
1264 2200 1512 2273 Augusti,
1551 2202 1587 2253 4
1611 2199 1746 2253 feria
1784 2200 1873 2253 ³³³.

264 2280 450 2336 Remis
474 2283 578 2338 hoc
608 2301 752 2340 anno
785 2285 840 2340 in
874 2288 1078 2357 pascha
1125 2288 1451 2344 Ludowicus
1504 2306 1597 2344 rex
1645 2291 1880 2345 Franco-

267 2385 386 2424 rum
433 2372 667 2427 elevavit
707 2374 760 2427 in
791 2392 975 2449 regem
1013 2376 1185 2431 ﬁlium
1212 2394 1371 2431 suum
1405 2386 1527 2448 post
1549 2394 1631 2445 se,
1666 2378 1723 2431 in
1753 2393 1882 2448 pre-

267 2458 444 2512 sentia
475 2460 719 2514 omnium
754 2463 1137 2534 episcoporum
1181 2475 1235 2520 et
1274 2467 1531 2522 abbatum
1583 2467 1734 2539 regni
1775 2467 1880 2521 sui.

274 2545 591 2602 Pestilentia
627 2550 862 2604 maxima
923 2553 1112 2619 boum,
1163 2571 1413 2608 vacarum
1458 2567 1511 2609 et
1572 2572 1879 2625 porcorum,

269 2654 547 2706 aprorum,
583 2656 889 2709 cervorum,
920 2660 1261 2715 capi-eorum.
1303 2647 1379 2700 l6.
1419 2648 1529 2708 lial,
1565 2648 1886 2709 Novembris

269 2729 414 2782 facta
469 2739 598 2784 sunt
647 2730 864 2803 fulgura
927 2741 979 2787 et
1028 2736 1288 2802 tonitrua,
1366 2738 1542 2808 primo
1584 2740 1882 2794 conticinio

274 2821 470 2889 noctis,
513 2824 697 2893 prima
740 2825 888 2891 luna,
935 2830 988 2881 5.
1049 2828 1183 2883 feria
1238 2831 1325 2885 ³³³.
1363 2832 1471 2885 lloc
1512 2847 1658 2885 anno
1722 2832 1881 2906 plaga

270 2913 413 2985 ignis
440 2914 613 2968 divini
646 2914 955 2984 Carnutum,
990 2919 1253 2987 Parisius,
1286 2921 1664 2986 Suessionem,
1697 2922 1881 2976 Came-

273 3022 478 3074 racum,
512 3008 854 3077 Atrebatum,
913 3019 968 3065 et
1006 3012 1110 3067 alia
1168 3014 1334 3068 multa
1385 3014 1504 3068 loca
1561 3014 1882 3069 mirabiliter

268 3096 540 3165 pervadit,
579 3099 676 3152 sed
709 3100 1015 3156 mirabilius
1041 3119 1137 3173 per
1160 3115 1404 3160 sanctam
1430 3106 1520 3160 Dei
1558 3105 1879 3178 genitricem

272 3186 491 3240 Mariam
549 3190 906 3262 extinguitur.
975 3192 1216 3248 iuvenes
1271 3195 1501 3263 etenim,
1549 3212 1713 3251 senes
1754 3213 1880 3251 eum

271 3275 609 3345 junioribus,
634 3279 876 3352 virgines
919 3281 1082 3335 etiam
1123 3292 1349 3351 tenerae,
1403 3284 1456 3337 in
1514 3285 1770 3355 pedibus,
1829 3285 1884 3338 in

274 3366 550 3433 manibus,
590 3368 644 3422 in
686 3370 941 3437 mamilis,
972 3379 1047 3439 et,
1080 3374 1225 3444 quod
1254 3375 1473 3446 gravius
1502 3384 1606 3442 est,
1638 3375 1695 3429 in
1724 3376 1884 3450 genis

272 3470 595 3530 exuruntur,
629 3471 682 3518 et
713 3466 970 3522 celeriter
1011 3464 1372 3541 extinguatur
1399 3470 1487 3523 ³³³.
1546 3471 1703 3540 Apud
1735 3470 1886 3525 Pari-

274 3554 391 3608 sius
416 3556 724 3613 aecclesiola
756 3567 838 3613 est
868 3560 923 3614 in
958 3562 1164 3617 honore
1204 3562 1377 3617 sancti
1410 3562 1646 3630 Martini,
1689 3564 1746 3617 in
1778 3578 1886 3634 qua

278 3646 501 3714 quidam
534 3648 637 3702 hac
686 3649 999 3707 inﬁrmitate
1039 3654 1294 3708 detentus
1339 3672 1398 3708 se
1426 3657 1704 3726 apportari
1736 3656 1882 3712 fecit.

284 3733 383 3786 Ubi
418 3735 547 3788 dum
593 3752 926 3806 pernoctans
952 3744 1278 3813 urgentibus
1306 3745 1576 3814 angustiis
1622 3744 1889 3800 vocifera-

280 3830 450 3886 retur,
485 3824 663 3893 primo
709 3828 886 3882 noctis
927 3830 1224 3886 conticinio
1265 3832 1422 3885 adest
1458 3840 1682 3887 sanctus
1708 3833 1891 3888 Marti-

281 3931 403 3979 nus,
422 3930 532 3986 qua
560 3918 628 3971 de
650 3936 817 3974 causa
842 3920 1065 3975 domum
1092 3939 1246 3977 suam
1290 3923 1549 3978 intrasset
1579 3925 1886 3980 sciscitans.

286 4009 383 4064 llic
413 4009 746 4067 inﬁrmitatis
767 4029 878 4068 sua:
900 4016 1179 4090 angustias
1208 4017 1613 4085 demonstrans,
1634 4028 1753 4074 orat
1782 4021 1891 4075 sibi

286 4100 556 4155 misereri.
616 4101 708 4155 Cui
748 4110 972 4158 sanctus
1008 4105 1296 4160 Martinus:
1356 4109 1519 4171 Scito,
1581 4108 1777 4180 inquit,
1839 4113 1897 4166 in

285 4197 441 4249 curia
479 4200 700 4265 superni
723 4197 933 4253 Judicis
965 4201 1254 4253 terribilem
1296 4207 1343 4254 et
1372 4202 1682 4257 horribilem
1711 4206 1897 4258 datam

282 4291 625 4357 sententiam,
675 4291 816 4345 hanc
854 4294 1230 4347 combustionis
1263 4297 1488 4364 plagam
1530 4311 1625 4364 per
1656 4297 1891 4352 Galliam

1910 2987 1957 3049 C

1970 1758 2193 1819 guntur.
2223 1749 2588 1803 Transeamus
2628 1748 2695 1802 ad
2749 1747 3108 1802 Suessionum
3171 1747 3473 1803 civitatem.
3511 1749 3592 1803 lbi

1971 1839 2266 1908 specialius
2294 1854 2392 1909 pre
2427 1838 2687 1894 omnibus
2709 1838 2845 1893 locis
2872 1854 2974 1909 per
2994 1838 3258 1893 miracula
3296 1839 3596 1895 innotescit

1972 1930 2231 2003 gentibus
2267 1930 2361 1983 Dei
2393 1929 2653 2004 genitrix.
2691 1929 2769 1982 lbi
2810 1929 2967 1995 muti,
3011 1928 3149 1991 ceci.
3195 1929 3401 1995 claudi,
3431 1948 3588 2001 para-

1976 2018 2109 2072 litici
2157 2018 2331 2073 curati
2386 2025 2534 2084 sunt,
2585 2024 2835 2072 mortuus
2912 2016 3286 2070 resuscitatus.
3343 2013 3593 2067 Vidimus

1978 2109 2318 2163 horrendum
2368 2108 2653 2179 quiddam.
2703 2108 2850 2181 lgnis
2896 2106 3116 2161 divinus
3162 2121 3378 2171 nasum,
3420 2104 3591 2169 labia,

1977 2204 2220 2250 mentum
2254 2196 2538 2263 cujusdam
2597 2195 2946 2265 paupercula:
2998 2193 3249 2249 mulieris
3277 2198 3591 2255 exusserat;

1983 2287 2141 2352 fetor,
2200 2288 2393 2342 horror
2444 2287 2749 2341 sentientes
2816 2294 2871 2341 et
2946 2286 3197 2340 videntes
3262 2283 3589 2355 repleverat.

1982 2379 2216 2448 Expulsa
2241 2379 2310 2433 de
2343 2378 2509 2433 domo
2539 2378 2767 2452 virginis
2794 2377 2985 2432 matris
3012 2376 3177 2430 rediit
3205 2376 3274 2430 ad
3318 2373 3598 2445 prepriam

1984 2469 2239 2534 domum;
2291 2483 2390 2539 pro
2415 2467 2759 2538 eXpulsione,
2812 2482 2910 2536 pro
2933 2464 3253 2519 inﬁrmitate
3286 2479 3387 2517 sua
3425 2462 3597 2520 dolet.

1984 2562 2155 2634 gemit
2182 2568 2235 2614 et
2265 2567 2383 2615 orat
2420 2559 2641 2613 dicens:
2689 2561 2803 2613 Heu
2861 2558 3059 2611 michi!
3096 2561 3272 2610 mater
3299 2556 3604 2608 misericor-

1986 2656 2090 2707 dia:
2128 2670 2308 2707 omnes
2334 2656 2558 2722 excipit,
2592 2653 2803 2706 nullum
2831 2651 3073 2719 escpellit,
3089 2654 3272 2720 preter
3302 2663 3384 2701 me
3413 2648 3602 2699 solum.

1989 2752 2144 2810 Deus,
2177 2750 2274 2816 qui
2300 2728 2480 2814 factus
2505 2763 2556 2801 es
2594 2748 2740 2816 filius
2778 2748 2993 2813 feminae
3036 2748 3261 2815 propter
3288 2743 3597 2796 miseiicor-

1982 2840 2150 2903 diam,
2192 2855 2329 2893 sana
2380 2855 2460 2892 me
2497 2854 2596 2907 per
2632 2840 2896 2905 feminam
2926 2842 3151 2890 matrem
3180 2840 3328 2889 tuam
3374 2839 3601 2903 propter

1979 2933 2127 2982 tuam
2182 2928 2631 2982 misericordiam.
2695 2926 2897 2991 Oravit,
2955 2923 3212 2978 exaudita
3269 2930 3369 2977 est.
3430 2922 3597 2975 Nocte

1981 3039 2105 3093 qua:
2138 3022 2545 3077 incrastinascit
2583 3022 2639 3075 in
2671 3021 2988 3083 sabbatum,
3031 3017 3235 3089 recepit
3262 3017 3594 3081 sanitatem;

1984 3116 2231 3169 restituta
2279 3122 2362 3168 est
2399 3114 2449 3168 ei
2509 3129 2636 3168 caro
2675 3129 2794 3177 sua,
2852 3127 3041 3178 nasus,
3097 3109 3262 3177 labia,
3310 3115 3593 3172 mentum;

1983 3207 2171 3262 omnia
2226 3205 2447 3276 propria
2512 3222 2610 3259 sua
2662 3221 2728 3259 ex
2798 3205 3012 3277 integro
3073 3201 3304 3272 recepit.
3371 3200 3600 3254 Videres

1986 3300 2172 3355 nobile
2205 3299 2559 3353 miraculum:
2607 3313 2734 3353 caro
2767 3297 2860 3351 illa
2907 3294 3106 3349 similis
3140 3295 3278 3348 facta
3318 3302 3404 3346 est
3447 3292 3600 3346 carni

1988 3389 2233 3460 reliquae,
2283 3399 2356 3450 et,
2390 3389 2535 3459 quod
2590 3386 2902 3441 mirabilius
2959 3391 3063 3451 est,
3119 3383 3176 3436 in
3216 3381 3606 3451 conjunctione

1985 3478 2163 3532 carnis
2186 3477 2388 3531 veteris
2411 3485 2468 3531 et
2505 3491 2659 3532 novae
2699 3474 2855 3546 quasi
2905 3473 3122 3546 signum
3165 3468 3475 3525 tenuissimi
3527 3467 3603 3522 ﬁli

1986 3586 2083 3641 pro
2108 3570 2424 3625 testimonio
2457 3567 2728 3639 apparuit.
2772 3565 3108 3621 Adolescens
3140 3562 3387 3634 quidam,
3420 3576 3585 3632 quem

1987 3662 2266 3716 abbatissa
2324 3660 2571 3730 ejusdem
2611 3658 2899 3723 aecclesias,
2944 3656 3036 3711 ubi
3086 3655 3186 3710 ista
3242 3653 3598 3727 gerebantur,

1989 3750 2057 3804 ab
2114 3748 2345 3804 infantia
2394 3763 2493 3818 pro
2550 3763 2733 3802 amore
2794 3746 2890 3800 Dei
2940 3744 3231 3807 nutrierat,
3307 3741 3505 3795 surdus
3550 3747 3605 3795 et

1991 3848 2194 3901 mutus.
2226 3841 2353 3895 dum
2383 3840 2437 3894 in
2455 3839 2703 3895 aaeclesia
2733 3836 3058 3893 meridianis
3089 3836 3242 3890 horis
3267 3834 3599 3903 quiesceret,

1991 3937 2167 3990 visum
2191 3944 2293 3999 est,
2327 3934 2473 4007 quod
2496 3934 2684 3989 senior
2712 3933 2957 4004 quidam,
2992 3930 3171 3985 niveis
3191 3928 3416 3983 indutus
3446 3926 3604 3981 vesti-

1993 4028 2115 4094 bus,
2152 4043 2314 4082 aures
2361 4033 2414 4082 et
2460 4026 2604 4081 labia
2670 4027 2791 4097 ejus
2849 4040 3017 4079 manu
3071 4039 3169 4077 sua
3226 4025 3603 4092 pertractaret,

1997 4118 2218 4171 dicens:
2254 4119 2368 4183 Dic,
2417 4115 2614 4187 inquit,
2661 4136 2682 4164 α
2725 4118 2862 4170 Deus
2905 4118 2955 4168 et
2982 4117 3171 4167 sancta
3212 4112 3413 4174 Maria,
3455 4110 3608 4163 misc-

1997 4211 2190 4262 remini
2230 4209 2349 4262 mei.
2398 4228 2419 4256 »
2466 4205 2610 4260 Dixit
2642 4206 2778 4270 hoe;
2835 4210 3058 4259 sanatus
3084 4203 3197 4275 agit
3226 4200 3433 4273 gratias
3472 4200 3602 4264 Deo,

1993 4305 2047 4353 et
2075 4298 2256 4352 omnis
2286 4296 2443 4368 plebs
2465 4294 2835 4370 magniﬁcavit
2879 4295 3075 4349 Deum.
3109 4292 3301 4346 Mulier
3326 4290 3394 4345 de
3424 4289 3608 4344 Remis

284 4382 547 4450 (leseuire;
580 4389 629 4437 et
648 4390 874 4439 matrem
903 4388 1285 4442 misericordice
1305 4389 1553 4458 precibus
1581 4393 1895 4459 optinuisse,
1921 4365 1973 4431 ί)
1995 4389 2213 4443 civitate
2243 4388 2473 4443 veniens
2494 4402 2618 4441 eum
2643 4384 2755 4441 ﬁlio
2772 4385 2838 4439 ad
2863 4386 3092 4439 domum
3116 4390 3320 4437 sanctae
3346 4379 3604 4455 Virginis,

286 4488 465 4528 omnes
496 4475 595 4528 hac
626 4477 778 4530 clade
807 4474 1112 4532 laborantes
1138 4485 1188 4533 et
1216 4494 1270 4533 se
1295 4482 1601 4534 invocantes
1620 4485 1898 4536 misertum

287 4568 382 4619 iri.
414 4568 537 4622 Ideo
574 4572 820 4625 Parisius
873 4574 931 4626 in
962 4573 1154 4642 templo
1210 4575 1384 4642 ipsius
1415 4578 1615 4628 sancta:
1651 4576 1898 4642 Virginis

284 4660 476 4712 matris
495 4659 777 4728 deportari
794 4668 843 4716 et
870 4664 948 4717 ibi
972 4664 1128 4718 habes
1157 4668 1369 4719 sanari.
1394 4664 1486 4719 Cui
1516 4664 1899 4722 ille:0mnium

286 4764 375 4803 ore
420 4749 604 4802 beatus
653 4752 1039 4807 miraculorum
1088 4758 1341 4822 patrator
1394 4755 1627 4817 diceris;
1678 4755 1777 4809 hac
1836 4756 1900 4808 de

1999 4477 2126 4531 dum
2179 4476 2362 4547 querit
2416 4474 2613 4530 anima:
2671 4475 2926 4541 salutem,
2990 4472 3193 4527 amittit
3245 4469 3450 4536 ﬁlium;
3509 4469 3605 4524 sed

1999 4572 2174 4646 gratia
2232 4571 2324 4626 Dei
2357 4570 2690 4625 consolatur.
2762 4569 2929 4623 Filius
2979 4567 3125 4622 enim
3181 4567 3309 4621 dum
3371 4566 3427 4619 in
3482 4579 3607 4618 aera

2001 4663 2233 4727 luderet,
2278 4670 2505 4733 repente
2559 4660 2614 4714 in
2660 4666 2886 4730 puteum
2954 4663 3224 4714 vetustate
3271 4656 3606 4711 destructum

1999 4753 2226 4815 decidit,
2247 4759 2302 4806 et
2331 4757 2580 4806 mortuus
2619 4756 2719 4804 est.
2763 4748 3274 4818 Advesperascente
3303 4744 3393 4798 die
3429 4742 3609 4814 querit

286 4858 451 4899 causa
480 4844 695 4898 domum
728 4849 874 4899 tuam
917 4850 1205 4904 sanitatem
1249 4864 1351 4919 per
1388 4855 1436 4904 te
1482 4854 1901 4919 recuperatum:
1925 4864 1949 4876 ν
1999 4854 2176 4898 mater
2204 4843 2403 4910 ﬁlium;
2438 4842 2536 4896 sed
2566 4842 2696 4895 dum
2735 4856 2848 4895 non
2901 4838 3116 4895 invenit
3161 4852 3309 4901 eum,
3363 4834 3610 4890 tristatur

285 4932 583 4989 intraui.Et
629 4938 850 4988 sanctus
884 4934 1173 4991 Martinus:
1224 4940 1350 4994 Sine
1387 4940 1740 5008 permissione
1776 4940 1901 4992 Vir-

2004 4944 2057 4990 et
2084 4938 2300 4990 clamat.
2352 4934 2659 4987 Accurrunt
2691 4930 2881 4996 vicini,
2924 4928 3177 4984 turbatur
3212 4926 3423 4981 civitas.
3474 4923 3610 4978 Dicit

1619 5035 1838 5091 VABUE
1882 5033 2261 5099 LECTIONES,

366 5136 435 5170 3’9
471 5137 713 5192 calamus
780 5139 1044 5190 mutatur.

290 5206 512 5261 addidit
583 5208 882 5263 Anselmus.

1153 5136 1222 5170 ³³⁰
1241 5138 1480 5193 calamus
1562 5142 1823 5193 mutatur.

1931 5138 1998 5171 331
2039 5139 2283 5190 mutatur
2341 5134 2600 5188 calamus.

964 5206 1034 5240 ³³³
1053 5207 1273 5262 habitus
1350 5225 1466 5263 cum
1546 5213 1846 5263 atramento
1897 5212 2155 5263 mutatur.

2715 5131 2784 5165 ³³²
2823 5134 3011 5186 Actum
3083 5156 3146 5167 —
3240 5123 3377 5179 feria
3427 5127 3610 5193 postea

2239 5206 2523 5275 Sequentes
2583 5204 2723 5275 duas
2754 5274 2761 5275 ί
2798 5206 3033 5272 paginas
3090 5212 3255 5275 usque
3326 5194 3425 5275 ad__
3454 5196 3610 5262 ﬁnem

289 5294 345 5331 α.
372 5280 512 5332 1132
562 5281 622 5333 in
639 5295 839 5334 rasura
859 5281 1079 5347 scripsit
1105 5280 1392 5333 Ansetmus
1430 5283 1562 5350 ipse,
1592 5285 1640 5334 et
1670 5280 1886 5349 guidem
1916 5279 2026 5334 Hoc
2061 5292 2207 5350 anno
2233 5308 2295 5316 —
2315 5268 2815 5350 cumtotOVOppido'
2833 5268 2990 5350 initio
3019 5272 3153 5350 anni
3175 5268 3473 5350 gignenti},
3502 5279 3607 5347 uno

290 5350 517 5415 calamo,
538 5351 754 5420 reliqua
778 5351 1032 5420 pluribus
1050 5351 1258 5404 vicibus

1365 5336 1757 5432 33::chuentia
1788 5350 2054 5432 usqugad
2073 5348 2326 5432 sufficere
2360 5353 2544 5432 posset
2574 5336 2764 5416 in'ﬁne
2792 5346 2927 5399 anni
2946 5344 3135 5397 desunt
3174 5336 3302 5393 BP.
3337 5337 3485 5403 4".,
3519 5336 3613 5405 qui

290 5420 372 5473 nil
400 5420 598 5475 habent
632 5424 770 5475 nisi:
796 5421 1034 5476 Parisius
1064 5421 1120 5476 in
1152 5421 1302 5476 aeccl.
1335 5420 1368 5474 b
1423 5421 1661 5495 Virginis
1692 5420 1999 5478 matris103
2028 5435 2139 5475 uno
2170 5420 2259 5474 die
2290 5427 2580 5474 sanantur.

1850 5521 2064 5577 ΝΟΤᾹΞ.

367 5622 515 5695 (367)
543 5623 717 5680 Duras
748 5641 920 5696 prope
962 5626 1354 5682 Saint-Trond.
