3894 6070
165 256 272 315 253
771 303 778 308 .
1023 259 1365 317 GHRONICA.
1408 293 1478 302 -—
1513 263 1794 320 ANSELMI
1837 266 2158 322 GEMBLAC.
2203 265 2654 323 CONTINL‘ATIO.
3397 259 3500 318 254

162 389 418 462 quidam,
448 389 580 460 quia
595 389 830 446 vidisset
855 405 978 446 eum
1001 405 1166 462 super
1195 406 1258 448 os
1281 392 1430 462 putei
1451 409 1574 448 cum
1601 394 1788 465 pueris
1811 400 1866 470 Α
1890 399 2061 472 curati
2100 405 2247 464 sunt,
2304 403 2366 452 ut
2412 395 2592 452 omnis
2634 396 2797 451 homo
2841 393 2908 448 ad
2962 393 3326 448 enarrandam
3369 390 3508 446 elin-

155 477 360 546 jocari.
421 477 572 533 intro
647 477 982 548 inspiciunt;
1065 478 1255 534 vident
1319 495 1443 534 eum
1511 489 1786 536 mortuum

1918 489 2013 556 {uis
2043 486 2154 543 fiat.
2188 487 2298 542 Hec
2330 485 2592 556 precipua
2619 485 2735 538 loca
2795 482 3249 552 conscripsimus;
3308 481 3406 536 sed
3455 477 3505 535 si

159 569 466 636 jacentem.
496 567 782 624 Extractus
813 569 972 623 matri
1009 569 1276 624 redditur.
1315 571 1410 624 Illa
1474 570 1611 624 nihil
1655 587 1793 626 cun-

169 665 319 714 ctata
343 658 413 712 ad
439 659 742 713 aecclesiam
765 659 944 726 vadit;
976 666 1088 714 tota
1115 661 1310 716 civitas
1338 677 1459 715 eam
1495 663 1792 734 prosequi-

171 761 282 808 tur.
320 754 399 808 Ad
443 754 747 810 tecclesiam
796 755 1047 817 veniens,
1106 770 1288 810 coram
1343 755 1502 810 altari
1558 756 1798 830 Virginis

173 847 368 902 matris
397 863 524 901 eum
577 847 834 919 exponit;
883 847 1081 918 quaerit
1107 865 1140 902 a
1172 855 1346 904 matre
1369 849 1794 916 misericordiae,

170 947 231 994 ut
261 938 458 994 reddat
485 939 538 994 ei
567 936 762 993 filium.
798 938 931 994 Ilico
961 939 1216 995 exaudita
1246 948 1330 996 est
1359 957 1390 996 a
1421 949 1590 995 matre
1623 941 1794 996 mise-

175 1029 670 1102 ricordize;surgit
721 1047 880 1100 puer,
934 1030 1068 1085 vivit
1115 1029 1298 1085 infans
1349 1032 1442 1102 qui
1502 1030 1798 1086 defunctus

175 1119 378 1174 fuerat.
449 1120 508 1173 In
565 1101 885 1176 testimonio
948 1119 1172 1174 camisia
1227 1101 1382 1190 pueri
1440 1121 1803 1191 suspenditur

177 1223 366 1263 coram
398 1206 576 1262 altari.
611 1207 769 1261 Fama
812 1207 960 1262 volat
986 1223 1084 1277 per
1113 1222 1271 1261 aures
1301 1209 1580 1275 omnium;
1611 1224 1707 1264 cor
1747 1216 1802 1264 et

178 1295 378 1369 lingua
401 1296 700 1351 contremit
723 1295 968 1350 omnium
1002 1313 1102 1368 per
1131 1297 1348 1350 Gallias.
1379 1297 1437 1351 lu
1464 1297 1801 1353 Viromando

180 1388 313 1442 villa
367 1397 451 1443 est
504 1389 780 1443 Funtanas
827 1389 992 1454 dicta,
1049 1389 1141 1442 ubi
1196 1389 1250 1443 in
1309 1389 1512 1458 templo
1565 1389 1806 1460 Virginis

183 1476 378 1532 matris
409 1477 602 1530 crebro
635 1474 842 1531 ﬁebant
871 1476 1155 1531 miracula.
1188 1477 1318 1531 Dum
1342 1477 1550 1532 scirent
1580 1477 1805 1548 quidam

181 1576 521 1624 mercatores
578 1575 633 1624 et
685 1569 962 1641 peregrini
1020 1569 1367 1624 sanctitatem
1425 1569 1553 1635 loci,
1602 1567 1711 1623 fide
1753 1578 1807 1622 et

185 1657 486 1712 devotione
535 1655 698 1723 ﬁrmi,
757 1662 811 1711 et
863 1657 958 1712 illo
1015 1657 1332 1724 tenderent,
1405 1657 1647 1712 Obviavit
1697 1657 1807 1712 illis

1895 596 1994 651 per
2031 577 2137 632 alia
2188 578 2308 632 loca
2349 576 2401 630 in
2435 573 2757 628 memoriam
2817 573 2937 639 ejus
2986 571 3164 626 dicata
3231 571 3503 626 vellemus

1896 669 2246 744 evagari,ubi
2276 667 2578 722 inedicibili
2609 665 2852 736 potentia
2873 672 3100 720 cunctos
3139 665 3272 718 inibi
3299 663 3502 720 confu-

1896 760 2112 830 gientes
2139 755 2411 811 mirabilis
2433 754 2647 809 Domini
2693 753 2906 808 sanavit
2936 753 3202 822 potentia,
3237 769 3342 806 nec
3373 768 3507 806 scn-

1899 867 2012 908 sus.
2041 866 2146 904 nec
2177 848 2312 903 ratio
2339 848 2406 902 ad
2430 847 2530 901 hec
2557 845 2814 901 sufficere
2843 851 3048 915 posset.
3087 843 3381 898 Balduinus
3413 859 3505 898 rex

1903 937 2235 992 Hierusalem
2279 936 2506 990 moritur
2534 936 2624 990 ³³⁸.

1971 1027 2130 1081 1130.
2210 1026 2348 1080 11.5.
2428 1024 2464 1078 Ρ
2510 1024 2763 1090 21022.)
2842 1024 2880 1075 Α
2935 1022 3023 1076 30.
3052 1020 3176 1082 t31.)
3257 1019 3436 1072 H12.

1975 1117 2262 1170 Lotharius
2319 1095 2432 1170 rex‘
2457 1115 2647 1168 urbem
2677 1113 2885 1182 Spiram
2911 1111 3136 1166 alternis
3163 1110 3324 1164 annis
3353 1108 3512 1164 vicis-

1902 1210 2004 1265 sim
2054 1208 2358 1272 obsessam,
2417 1205 2637 1260 tandem
2696 1203 2843 1274 capit
2906 1203 2958 1259 3.
3011 1203 3192 1258 Nonas
3241 1200 3510 1261 Januarii,

1903 1301 2037 1356 feria
2070 1302 2124 1365 6,
2177 1299 2523 1353 immunitate
2587 1312 2866 1352 concessa.
2925 1295 3249 1360 Lanbertus,
3309 1292 3403 1364 qui
3455 1299 3512 1346 et

1909 1390 2200 1452 Honorius,
2235 1405 2376 1460 papa
2404 1387 2633 1442 moritur
2661 1386 2831 1457 (Febr.
2874 1387 2978 1456 H}.
3014 1385 3272 1439 Romanm
3317 1380 3514 1436 teccle-

1907 1487 2004 1540 siae
2036 1501 2138 1556 pax
2171 1483 2550 1552 interpolatur,
2593 1479 2981 1535 altercantibus
3013 1479 3229 1532 duobus
3267 1477 3335 1531 de
3367 1475 3517 1544 ,sede

1909 1573 2234 1645 apostolica,
2266 1572 2504 1643 quodam
2547 1571 2828 1644 Gregorio.
2873 1576 2926 1622 et
2955 1567 3125 1622 altero
3169 1566 3327 1620 Petro
3379 1565 3520 1620 Leo-

1909 1666 2016 1733 nis,
2067 1671 2228 1738 gente
2274 1663 2540 1725 Romano,
2582 1659 2853 1714 monacho
2895 1657 3255 1712 Cluniacensi.
3305 1656 3518 1729 Grego-

183 1759 462 1817 matrona,
489 1751 646 1824 quasi
669 1759 844 1806 mater
863 1751 1241 1820 honorilicata,
1264 1752 1458 1808 sioeos
1484 1753 1804 1824 alloquens:
1835 1717 1883 1784 Β
1911 1757 2024 1811 rius
2059 1717 2408 1826 parivilegium
2447 1752 2734 1808 electionis
2762 1753 2830 1806 ab
2873 1751 3110 1806 Honorio
3161 1765 3304 1819 papa
3341 1748 3521 1802 adhuc

181 1842 412 1909 Notiﬁco
467 1841 635 1905 vobis,
685 1841 815 1910 quia
854 1843 1006 1905 uirgo
1059 1847 1108 1894 et
1154 1847 1323 1895 mater
1376 1842 1590 1895 Domini
1635 1841 1810 1894 Maria

180 1934 355 1986 locum
399 1933 655 2002 ampliori
681 1932 961 1987 dilectione
991 1933 1099 1986 sibi
1135 1935 1268 2000 fecit
1307 1932 1520 2000 dignum
1559 1931 1802 1988 Suessio-

177 2025 287 2078 nis.
321 2024 512 2078 Moneo
534 2037 646 2084 vos,
674 2028 731 2077 ut
754 2024 886 2078 illuc
907 2025 1154 2078 veniatis.
1181 2023 1262 2078 llli
1283 2024 1413 2078 dum
1442 2039 1552 2079 non
1584 2038 1808 2098 magno-

185 2134 320 2188 pere
379 2127 576 2172 curant
631 2117 803 2172 verba
863 2134 987 2190 quae
1046 2117 1352 2181 audierant,
1421 2134 1548 2174 ecce
1608 2119 1842 2174 iterum-

187 2211 464 2272 matrona,
515 2205 664 2276 quod
720 2206 896 2276 primo
943 2205 1178 2273 dixerat,
1227 2207 1472 2262 secundo
1532 2207 1811 2263 reiteravit

183 2305 240 2352 et
301 2295 455 2350 abiit.
543 2295 715 2351 Tanto
797 2296 1014 2352 attoniti
1106 2297 1411 2365 miraculo,
1493 2299 1810 2354 Suessionis

193 2389 468 2454 tendunt;
564 2397 618 2444 et
705 2390 993 2446 venientes
1075 2389 1319 2446 basilica:
1384 2393 1568 2447 valvas
1644 2394 1810 2448 obse-

190 2485 338 2532 ratas
386 2478 765 2548 prospiciunt;
813 2486 994 2545 orant,
1039 2479 1433 2546 exaudiuntur;
1479 2483 1619 2536 ostia
1661 2482 1811 2535 basi-

189 2567 312 2621 licae
357 2566 599 2638 Virginis
648 2566 838 2620 matris
878 2566 961 2620 eis
1008 2568 1348 2639 aperiuntur.
1405 2569 1540 2641 Ergo
1603 2569 1811 2641 quique

192 2657 295 2721 rei,
326 2657 454 2710 dum
477 2657 665 2711 divino
689 2656 816 2730 igne
847 2666 1162 2726 exurantur,
1188 2659 1256 2712 ad
1289 2659 1422 2714 illud
1459 2660 1644 2714 nobile
1667 2668 1810 2714 tem-

192 2749 344 2820 plum
375 2749 615 2823 Virginis
643 2751 833 2804 matris
861 2750 1210 2825 confugiunt;
1241 2761 1316 2819 et,
1337 2752 1465 2806 dum
1495 2762 1640 2808 esset
1663 2754 1808 2808 idem

193 2842 464 2911 templum
512 2843 910 2918 languentibus
967 2845 1212 2914 plenum,
1261 2847 1446 2901 audite
1477 2863 1641 2918 quam
1690 2847 1812 2919 glo-

193 2931 344 2986 riosc
393 2931 444 2986 in
495 2940 776 2987 momento
804 2941 1082 2988 curantur.
1143 2934 1314 2990 Locus
1344 2935 1435 2990 ille
1487 2935 1811 3008 antiquissi-

194 3036 319 3074 mus
339 3026 395 3075 et
437 3019 816 3076 nobilissimus
841 3022 1117 3078 subtalare
1163 3033 1367 3078 sanctae
1409 3023 1646 3098 Virginis
1692 3041 1810 3078 ma-

191 3111 293 3166 tris
336 3113 486 3183 apud
539 3127 599 3166 se
627 3111 893 3167 continet.
951 3112 1196 3177 Quadam
1246 3115 1414 3190 igitur
1451 3121 1632 3180 nocte,
1680 3115 1808 3169 dum

200 3215 402 3254 omnes
431 3198 634 3254 ﬁerent
662 3208 716 3254 et
747 3199 1016 3272 mugitum
1049 3201 1232 3257 cordis
1263 3218 1328 3256 ex
1361 3202 1530 3257 nimia
1561 3202 1814 3274 angustia

193 3305 320 3344 cum
338 3287 580 3342 stridore
611 3287 862 3343 dentium
890 3289 1232 3354 emitterent,
1259 3291 1608 3361 conspiciunt
1630 3292 1812 3345 lumen

197 3375 585 3448 splendidum,
618 3381 672 3430 et
696 3391 818 3430 cum
844 3375 964 3446 ipso
984 3384 1210 3432 matrem
1244 3379 1817 3450 misericordiaesuper

195 3467 370 3520 altare
397 3465 763 3519 descendere.
794 3467 1012 3520 Accedit
1053 3475 1227 3522 mater
1263 3475 1317 3522 et
1346 3468 1511 3542 Virgo
1538 3469 1607 3522 ad
1645 3483 1814 3522 unum

196 3559 267 3612 de
323 3555 559 3630 egrotis;
605 3557 917 3612 sciscitatur
975 3574 1044 3612 an
1086 3558 1217 3613 velit
1283 3560 1496 3624 sanari;
1559 3558 1818 3630 intelligit

195 3647 448 3716 cupitum
523 3645 646 3712 ejus
700 3645 1038 3701 desiderium
1097 3647 1348 3701 sanandi.
1407 3646 1600 3721 Tangit
1657 3663 1816 3711 eum;

195 3743 444 3792 sanatur.
497 3737 775 3809 Imperat,
863 3747 920 3794 ut
967 3739 1073 3794 hoc
1119 3739 1308 3794 itidem
1357 3739 1614 3794 omnibus
1668 3756 1698 3793 a
1757 3755 1816 3795 se

197 3831 316 3888 visa
342 3831 414 3866 ³³⁵
443 3831 758 3902 patefaciet.
789 3831 1126 3906 Tanguntur,
1159 3841 1450 3900 sanantur;
1483 3840 1592 3889 tota
1623 3835 1820 3890 civitas

203 3927 434 3992 letatur;
491 3924 738 3980 foramen
802 3943 902 3997 per
955 3928 1103 3999 quod
1160 3928 1467 4002 ingressum
1513 3929 1698 3984 lumen
1751 3931 1819 3984 de

204 4017 438 4082 lumine,
479 4017 634 4088 quasi
673 4033 770 4088 pro
818 4017 980 4091 signo
1031 4028 1298 4084 remanet,
1341 4028 1396 4075 et
1446 4022 1515 4076 ab
1561 4021 1823 4077 omnibus

203 4116 522 4162 veneratur.
565 4107 879 4172 Carnotum,
923 4111 1018 4164 ubi
1046 4112 1270 4166 camisia
1309 4111 1544 4168 habetur
1573 4113 1819 4181 ejusdem

203 4199 468 4272 Virginis,
503 4199 793 4255 innumera
823 4202 1118 4258 multitudo
1149 4213 1339 4258 sanata
1365 4211 1466 4258 est.
1493 4204 1630 4268 Quid
1658 4205 1821 4259 etiam

207 4291 280 4344 de
331 4290 628 4346 Cameraco
651 4291 931 4347 dixerim?
977 4293 1302 4349 Cameracus
1356 4293 1741 4366 antiquissima
1772 4302 1826 4349 et

206 4383 560 4438 nobilissima
610 4384 806 4439 civitas
855 4391 958 4448 est,
1009 4385 1106 4440 ubi
1148 4387 1410 4456 templum
1469 4387 1703 4442 habetur
1767 4387 1820 4440 in

206 4477 423 4532 honore
458 4475 631 4546 ipsius
659 4476 900 4550 Virginis
954 4477 1164 4543 matris,
1199 4479 1442 4534 dotatum
1492 4479 1560 4532 de.
1608 4479 1824 4550 capillis

207 4567 358 4622 etde
378 4566 541 4623 beato
582 4568 721 4622 lacte
748 4567 890 4638 ejus.
919 4567 995 4622 lbi
1026 4567 1180 4622 multi
1223 4568 1422 4624 inlirmi
1459 4570 1634 4624 sanati
1675 4577 1824 4636 sunt,

206 4673 450 4730 quorum
485 4673 774 4713 numerum
802 4673 966 4713 nemo
993 4658 1146 4712 novit
1176 4659 1279 4714 nisi
1306 4659 1458 4715 solus
1489 4661 1648 4716 Deus.
1673 4661 1824 4715 Atre-

209 4748 327 4804 bati
383 4751 437 4804 in
471 4750 677 4820 templo
724 4749 966 4825 Virginis
1017 4750 1207 4804 matris
1249 4750 1430 4806 dicato
1462 4758 1540 4807 tot
1587 4759 1643 4806 et
1691 4753 1825 4806 tanti

1840 3074 1890 3142 Ο

1907 1853 2125 1904 vivente
2147 1863 2420 1904 consensu
2447 1848 2793 1918 quorundam
2821 1844 3183 1901 eardinalium
3211 1842 3314 1897 sibi
3354 1857 3519 1896 usur-

1909 1949 2034 2014 pat;
2069 1941 2279 2005 Petrus,
2327 1939 2616 1995 altitudine
2647 1937 2936 2012 sanguinis
2999 1936 3259 2008 glorians,
3293 1935 3516 1989 domum

1908 2030 2214 2086 Crescentis
2249 2028 2476 2096 invadit,
2524 2026 2786 2088 caedibus,
2824 2025 3108 2087 hominum
3165 2025 3395 2095 rapinis,
3423 2023 3516 2077 'in-

1906 2122 2122 2179 cendiis
2147 2128 2444 2196 grassatur.
2474 2118 2754 2173 [Ecclesiae
2782 2117 2956 2171 sancti
2997 2116 3139 2170 Petri
3175 2116 3232 2169 in
3275 2114 3513 2170 Lovanio

1908 2223 2182 2271 crematur
2207 2214 2346 2278 {cum
2390 2220 2502 2268 toto
2565 2209 2770 2282 oppido
2820 2209 2909 2265 337.
2980 2207 3274 2279 Gregorius
3313 2206 3520 2260 veritus

1910 2307 2210 2378 potentiam
2263 2303 2422 2358 Petri.
2458 2301 2723 2376 profugus
2762 2316 2793 2355 a
2843 2299 3041 2354 Sancto
3077 2297 3245 2351 Paulo
3273 2305 3327 2350 et
3375 2296 3520 2364 Spo-

1913 2399 2044 2462 leto,
2074 2412 2303 2451 emenso
2334 2394 2492 2460 mari,
2531 2395 2750 2448 tandem
2783 2391 2927 2462 apud
2968 2390 3223 2444 Sanctum
3272 2387 3520 2461 Egirlium

1912 2487 2125 2556 appulit
2154 2485 2242 2538 ³³⁸.
2280 2482 2502 2554 (Οσιοὸ.)
2533 2483 2728 2538 Postea
2753 2480 2903 2535 venit
2957 2497 3009 2534 in
3044 2478 3436 2550 Burgundiam,
3466 2478 3522 2532 et

1891 2595 1943 2639 ,a
1975 2576 2232 2630 Cluniaco
2263 2574 2552 2646 excipitur,
2599 2582 2653 2628 et
2684 2573 2868 2628 favore
2919 2571 3164 2626 omnium
3193 2570 3519 2624 Francorum

1913 2667 2244 2724 celebratur.
2274 2666 2481 2720 Deinde
2523 2665 2810 2720 Lotharius
2869 2682 2960 2719 rex
2989 2663 3347 2726 Alemanniae,
3381 2677 3524 2733 quo-

1910 2757 2141 2812 rundam
2172 2770 2396 2813 suorum
2427 2754 2814 2825 episcOporum
2883 2751 3186 2806 ambitione
3239 2749 3522 2812 delinitus.

1911 2849 2244 2923 legationem
2269 2864 2296 2901 a
2330 2847 2547 2902 Francis
2573 2847 2640 2900 dc
2679 2845 2938 2918 Gregorio
2985 2844 3223 2918 benigne
3268 2843 3523 2906 honorat,

1913 2947 1968 2993 et
1993 2937 2047 2992 in
2077 2937 2196 3004 ejus
2216 2935 2488 2991 electione
2515 2934 2782 3002 conjurat.
2808 2933 3044 2988 Parronc
3071 2931 3320 2987 tecclesia
3347 2933 3520 2987 sancti

1913 3027 2099 3082 Fursei
2129 3027 2350 3098 penitus
2399 3023 2744 3080 comburitur
2770 3023 2885 3090 339.,
2921 3021 3083 3078 Fulco
3113 3037 3302 3078 comes
3333 3021 3522 3076 Aude-

1911 3115 2170 3189 gavensis
2201 3113 2257 3168 fit
2289 3130 2380 3168 rex
2416 3113 2752 3167 Hierusalem
2785 3110 2874 3166 δίο.

1983 3208 2140 3263 1131.
2288 3207 2322 3262 6
2487 3204 2558 3259 22
2611 3203 2747 3277 (23)
2854 3205 2942 3259 31.
2989 3203 3123 3273 (32.)
3239 3206 3285 3257 1.
3319 3202 3450 3274 (15.)

1983 3296 2276 3372 Gregorius
2332 3295 2504 3350 multo
2533 3295 2792 3348 comitatu
2818 3293 3206 3364 episcOporum
3251 3301 3306 3346 et
3349 3291 3526 3346 abha-

1914 3392 2024 3440 tum
2054 3402 2084 3438 a
2129 3383 2354 3438 Francia
2402 3383 2613 3447 exiens,
2667 3382 2720 3434 in
2757 3381 3160 3454 Lotharingiam
3216 3380 3425 3444 lransil,
3473 3386 3528 3434 et

1912 3472 2189 3527 dominica
2247 3470 2406 3524 tertia
2459 3469 2916 3541 quadragesimae,
2975 3484 3099 3538 quae
3149 3476 3231 3521 est
3269 3468 3354 3520 11.
3410 3466 3527 3521 Kal.

1915 3559 2132 3631 Aprilis,
2157 3558 2422 3613 Leodium
2452 3557 2621 3611 venit.
2667 3556 2745 3610 lbi
2775 3571 2806 3608 a
2832 3555 3081 3610 Lothario
3105 3569 3232 3626 rege
3263 3553 3526 3624 Aleman-

1919 3652 2024 3706 nia:
2071 3657 2126 3704 et
2154 3650 2341 3704 multis
2397 3647 2676 3718 episcopis
2723 3653 2778 3700 et
2821 3644 3115 3700 abbatibus
3184 3653 3290 3698 tam
3332 3643 3534 3697 Lotha-

1920 3740 2092 3814 ringis
2119 3755 2283 3810 quam
2313 3735 2818 3791 Transrenensibus
2854 3739 3163 3799 veneratur,
3207 3731 3530 3786 muneribus

1920 3835 2242 3896 honoratur;
2278 3837 2390 3884 tota
2441 3829 2634 3884 civitas
2681 3827 2734 3880 in
2775 3827 3043 3897 obsequio
3094 3825 3286 3891 fervet,
3332 3823 3533 3878 saluta-

1921 3921 2167 3976 tionibus
2194 3926 2249 3975 et
2277 3917 2458 3990 epulis
2507 3923 2681 3974 vacat.
2739 3916 3022 3972 Dominica
3061 3913 3112 3968 in
3169 3913 3351 3968 medio
3395 3929 3538 3984 qua-

1922 4015 2250 4090 dragesima;
2321 4013 2638 4085 Gregorius,
2695 4011 2836 4066 sicut
2884 4011 3080 4080 hyrcus
3131 4025 3417 4078 caprarum
3477 4005 3533 4060 iu

1922 4107 2168 4173 Daniele,
2212 4106 2304 4178 qui
2338 4104 2574 4176 pedibus
2612 4111 2809 4158 terram
2845 4118 2953 4157 non
2987 4101 3246 4174 tangebat
3283 4101 3374 4166 3”,
3407 4115 3531 4154 eum

1923 4199 2178 4255 curribus
2237 4206 2292 4254 et
2336 4197 2481 4252 redis
2538 4197 2606 4250 ab
2661 4194 2915 4251 {ecclesia
2969 4193 3142 4248 sancti
3203 4191 3412 4246 Martini
3481 4191 3538 4245 in

1928 4291 2146 4361 publico
2181 4295 2387 4355 monte,
2429 4287 2584 4358 quasi
2616 4287 2801 4342 Romae
2841 4285 2927 4338 via
2972 4282 3310 4353 triumphali,
3363 4296 3540 4351 usque

1926 4385 1996 4438 ad
2057 4383 2373 4454 capitolium
2419 4381 2596 4437 sancti
2655 4377 2933 4434 Lantberti
2993 4376 3259 4436 ascendit.
3311 4375 3530 4428 missam

1926 4475 2189 4540 celebrat,
2243 4488 2427 4548 regem
2479 4479 2533 4526 et
2582 4470 2825 4541 reginam
2897 4475 3145 4531 coronat,
3213 4464 3537 4538 conjugatos

1928 4567 2264 4636 presbiteros
2343 4561 2796 4619 excommunicat.
2865 4557 3103 4612 Estimati
3160 4566 3289 4610 sunt
3343 4573 3374 4610 a
3414 4554 3536 4626 qui-

1927 4660 2155 4715 busdam
2185 4659 2254 4716 32
2278 4655 2526 4730 episcopi
2554 4653 2793 4716 aﬂ'uisse,
2819 4661 2873 4706 et
2904 4651 3134 4706 abbates
3161 4647 3248 4706 53.
3285 4648 3542 4714 Quamvis

1928 4752 1983 4806 in
2002 4751 2185 4806 medio
2217 4751 2450 4806 duorum
2483 4747 2566 4802 vel
2591 4745 2753 4800 trium
2813 4744 2867 4798 in
2891 4759 2991 4798 suo
3023 4743 3247 4798 nomine
3280 4742 3544 4798 Dominus

1567 4849 1784 4904 VARI/E
1821 4850 2089 4906 LECTION
2101 4851 2191 4904 ES.

279 4948 353 4982 ⁸³⁵
378 4945 506 5018 nisa
548 4962 690 5018 corr.
716 4947 872 5014 jussa
898 4947 1012 5001 cod.
1048 4947 1118 4982 ³³³
1141 4948 1196 5002 Β.
1230 4964 1272 5000 r.
1319 4947 1379 5004 H.
1420 4965 1492 5002 m.
1529 4963 1670 5002 anno
1708 4949 1866 5004 1t3t.
1899 4950 2174 5018 supplemit
2203 4947 2504 5012 Ansclmus,
2535 4949 2596 5018 ut
2615 4960 2691 5018 em,
2712 4946 3012 5018 atramento
3051 4945 3301 5011 apparet.
3325 4943 3546 5018 _Dcsunt

211 5021 248 5072 Α
344 5017 414 5052 ³³7
435 5017 676 5072 Ecclesia
713 5010 783 5057 ‘—
809 5018 1016 5088 oppido
1047 5019 1243 5072 desunt
1277 5020 1338 5073 B1
1398 5020 1449 5072 5.
1481 5019 1586 5074 Hic
1611 5021 1815 5074 desinit
1831 5010 2212 5082 atrinnentttm,
2241 5033 2345 5087 quo
2372 5010 2726 5088 praecedentia
2757 5016 2938 5070 omnia
2970 5010 3254 5067 Hoc’anno
3285 5010 3446 5088 plaga
3475 5037 3545 5048 —

213 5033 248 5072 Α
344 5033 411 5052 ⁰⁰¹
435 5033 676 5072 ιοοιρειίι
713 5049 783 5057 -
809 5033 1016 5088 oppido
1047 5033 1243 5072 desunt
1277 5033 1338 5073 U1
1398 5033 1449 5072 5.
1481 5033 1586 5074 11ῑο
1611 5033 1815 5074 αθεῑηιι
1831 5033 2212 5082 atramentum,
2241 5033 2345 5087 quo
2411 5033 2726 5072 νωοεαεπτια
2757 5033 2938 5070 omnia
2971 5033 3078 5067 1106
3109 5033 3254 5067 811110
3288 5033 3446 5082 [litigii
3475 5037 3545 5048 -·

213 5087 430 5160 Oppido
452 5094 683 5142 exarata
703 5094 858 5143 erant
885 5091 1379 5144 continuocalamo.
1404 5090 1694 5160 Sequentia
1714 5091 2005 5164 Gregorius
2036 5121 2094 5129 —
2117 5097 2320 5144 sanctae
2358 5033 2664 5143 ﬁariaealio
2687 5090 2990 5142 atramento
3021 5089 3185 5164 atque
3212 5081 3418 5136 calamo
3439 5093 3546 5134 uno

214 5162 447 5202 ert-{nail
479 5161 767 5202 .hmnlmux,
849 5159 918 5192 333
959 5161 1236 5202 Aneplmue
1289 5163 1468 5202 mimo
1524 5165 1844 5202 enn'nepvnt-
1899 5160 2169 5202 nrnfnane
2208 5176 2308 5202 nm-
2352 5158 2599 5202 Tnsniam
2653 5166 2708 5202 nt
2763 5155 3195 5202 Lnnnnhnrdmm
3251 5158 3305 5202 et
3345 5167 3442 5202 DCI‘
3487 5149 3545 5202 S.

213 5155 447 5228 séﬁpsit
476 5161 768 5213 .tnsclmus.
849 5159 918 5192 33"
949 5161 1236 5214 Anselmus
1287 5155 1498 5230 primo'
1523 5155 1851 5231 scripserat?
1899 5160 2169 5234 profugus
2208 5176 2308 5230 per
2352 5158 2599 5214 Tusciam
2653 5166 2709 5213 et
2763 5155 3195 5230 Langobardiam
3251 5158 3305 5205 et
3345 5167 3442 5220 pcr
3487 5155 3545 5202 δ.

219 5229 550 5305 ξιὶειιειριρηι
584 5231 640 5305 iu
672 5230 842 5305 clusis
863 5232 1112 5305 gyraudo
1136 5231 1312 5297 venit,
1329 5237 1430 5305 etc.
1442 5233 1564 5305 “sed
1577 5233 1776 5305 verbis
1783 5247 1886 5305 per
1911 5263 1982 5272 —
2000 5231 2246 5305 gyrando
2265 5233 2572 5305 expunctis,
2591 5224 3320 5305 ipsestatirnsaperscripsit
3339 5235 3369 5272 a
3401 5221 3454 5273 S.
3477 5249 3550 5305 —‘-

221 5250 550 5285 Ιιιειιειειρηι
584 5250 640 5283 In
672 5250 842 5284 CIUSIS
863 5250 1112 5302 gyrauuo
1136 5250 1312 5297 venit,
1329 5250 1423 5285 εις.
1457 5250 1563 5288 δρα
1577 5250 1755 5288 υθνοῑε
1825 5250 1886 5288 81'
1911 5263 1982 5272 —
2000 5250 2246 5305 gyranuo
2265 5250 2572 5301 expuncus,
2603 5250 2918 5300 tpseswmn
2940 5250 3318 5296 ﬂtptﬂ'a‘vl'q'au
3339 5250 3369 5272 α
3401 5250 3454 5273 n.
3477 5250 3547 5306 -—.-

221 5301 446 5382 Postea,
487 5301 633 5370 quod
661 5303 923 5382 etretiqui
945 5304 1144 5382 habent
1169 5317 1362 5356 omnes.
1414 5302 1483 5382 33f
1599 5318 1648 5382 εὶ.
1680 5319 1729 5382 _s._
1863 5320 1916 5373 p.
1941 5319 1970 5358 c
2008 5307 2196 5382 postea
2225 5303 2504 5382 (inselmus
2533 5301 2834 5382 addidit-52:
2878 5297 3037 5382 113:1“.
3063 5301 3191 5382 tum
3219 5306 3547 5382 ςίιιῑιιτηῴεοζξ-

214 5373 356 5426 beret
387 5361 543 5444 Hugo
577 5401 640 5450 :-
671 5361 853 5450 periit'
874 5377 924 5450 et
952 5373 1050 5427 sub
1079 5388 1229 5450 anno
1250 5374 1576 5450 praecedenti
1604 5361 1927 5450 Dalduinus
1952 5361 2088 5450 r311.
2125 5373 2374 5450 moritur.
2435 5375 2637 5450 Desunt
2665 5376 2724 5450 Α,
2764 5372 2896 5450 ΒΙεη
2961 5368 3030 5449 fw
3056 5366 3118 5450 Δ1³.
3148 5361 3261 5450 ea
3320 5363 3457 5450 [λιν.

210 5450 401 5512 postea
439 5433 716 5512 supplevit
743 5444 1030 5498 Ansdmus
1060 5433 1267 5507 eodem:
1281 5459 1382 5512 quo
1409 5446 1569 5513 finem
1598 5445 1761 5514 hujus
1791 5447 1946 5510 anni,
1982 5445 2207 5500 calamo.
2244 5446 2446 5500 Desunt
2471 5445 2530 5497 in
2553 5459 2662 5498 uno
2692 5445 2750 5497 A.
2833 5441 2898 5514 33'
2931 5439 3163 5514 sicuLj—
3182 5433 3552 5514 tange-bat

209 5504 260 5567 ἱ.
291 5528 453 5568 erasa
483 5504 632 5587 sunt,
659 5515 738 5567 ita
769 5518 947 5587 tamen
977 5519 1033 5568 ut
1061 5515 1169 5580 legi
1194 5504 1373 5587 act/{ue
1395 5504 1622 5583 possmt.
1661 5504 1860 5572 Desunt
1889 5504 2010 5569 83³⁸*⁶
2042 5516 2127 5568 4*.
2161 5516 2310 5582 4’*.,
2341 5516 2436 5570 sed
2467 5517 2717 5582 leguntur
2753 5515 2813 5567 in
2835 5512 2900 5587 _A.
2931 5511 3019 5587 Bt
3058 5507 3152 5562 F1.
3179 5505 3236 5560 2.
3268 5504 3418 5587 32.11:
3449 5504 3546 5560 85.

211 5600 426 5654 quoque
451 5586 746 5658 tumnetum
771 5602 786 5643 ς
812 5585 906 5658 sed
921 5577 1138 5658 Mimas
1167 5586 1247 5658 ibi
1274 5587 1349 5658 ad
1377 5577 1679 5658 marginem
1702 5589 1944 5657 scripsit:
1976 5587 2201 5658 Videtur
2231 5577 2320 5644 hic
2353 5577 2923 5658 locus'expurgandus
2974 5586 3030 5636 ct
3054 5593 3286 5636 censura
3313 5577 3540 5651 dignus,

217 5661 380 5726 atque
419 5659 547 5710 tunc
575 5655 658 5708 vei
686 5657 801 5724 ipse
824 5657 906 5711 vel
935 5657 1077 5712 alius
1099 5657 1225 5726 quis
1257 5657 1354 5712 illa
1376 5656 1539 5712 verba
1575 5657 1716 5714 sicut
1744 5655 2088 5733 —'tangebat
2116 5661 2304 5715 erasit.
