3924 6080
358 263 466 321 255

1564 278 1912 337 SIGEBERTI
1952 281 2463 343 GEMBLACENSIS.

3578 298 3690 355 256

359 399 590 461 Sedicat
618 405 832 477 adesse,
864 416 1045 466 tamen
1078 412 1258 469 omnis
1287 415 1606 473 constitutio
1640 432 1831 474 eorum
1866 434 1969 475 nec
1992 428 2045 496 Α
2070 420 2305 478 discidio
2360 421 2595 494 partium
2647 424 2919 497 nequiens
2972 439 3251 490 revocare,
3334 424 3683 482 dissimulato

362 496 568 552 calamo
601 515 704 594 nec
756 510 903 557 carta
944 504 1153 574 indiget
1196 507 1286 562 3".
1335 508 1532 565 Civitas
1577 511 1967 584 Vultrajectum
2069 518 2295 594 negotio
2328 516 2581 574 inefﬁcax
2611 496 2776 574 rediit
2820 519 3011 574 Petrus
3056 533 3185 574 vero
3216 518 3577 590 pseudopapa
3622 517 3679 574 in

357 602 444 684 ex.
479 591 713 647 maxima
753 603 906 665 parte
968 606 1368 666 concrematur,
1441 603 1653 659 scilicet
1707 605 1966 676 palatium

358 678 628 747 episcopi,
661 689 715 734 et
746 682 920 750 major
947 686 1196 741 ascclesia
1249 689 1419 744 sancti
1454 690 1688 759 Martini,
1714 700 1768 747 et
1798 692 1969 747 altera

356 768 531 859 sancti
580 769 869 840 Bonifacii,
915 785 969 831 et
1001 779 1160 833 tertia
1189 787 1393 835 sancta
1439 781 1617 837 Mariae
1674 784 1763 837 ³⁸³.
1817 784 1970 859 Hugo

361 855 545 913 Canna
601 877 788 918 avenae
836 866 902 899 3“
952 868 1117 939 (368),
1162 870 1366 924 exortis
1420 870 1726 928 inimicitiis
1782 855 1973 929 contra

359 950 668 1019 Oppidanos
716 954 896 1011 Sancti
954 957 1194 1014 Richarii
1236 960 1376 1032 (579)
1426 963 1480 1017 in
1532 980 1675 1039 pago
1720 964 1969 1032 Pontivo,

359 1046 532 1097 totum
563 1043 832 1117 Oppidum
864 1065 983 1104 cum
1009 1052 1257 1108 aecclesia
1286 1055 1461 1110 sancti
1480 1055 1721 1110 Richarii
1749 1057 1974 1127 penitus

358 1136 692 1203 combussit;
756 1140 809 1194 in
860 1158 967 1213 qua
1000 1145 1251 1215 azcclesia
1297 1146 1561 1218 aliquanti
1604 1148 1860 1203 monachi
1915 1156 1971 1203 et

359 1225 748 1286 inestimabilis
777 1235 1073 1291 multitudo
1104 1238 1398 1308 promiscui
1423 1256 1609 1301 sexus.
1643 1240 1788 1312 quod
1821 1239 1970 1295 dictu

361 1313 517 1369 nefas
563 1322 666 1379 est,
727 1316 889 1375 simul
936 1335 1285 1380 concremata
1325 1328 1489 1397 periit
1530 1328 1618 1381 3“.
1653 1328 1964 1403 Gregorius,

356 1403 451 1475 qui
489 1412 543 1461 et
572 1407 924 1466 Innocentius
955 1430 1116 1484 papa,
1165 1417 1353 1472 Remis
1386 1426 1513 1489 post
1559 1418 1754 1474 festum
1793 1418 1966 1474 sancti

356 1499 515 1555 Luce
541 1504 892 1575 evangelistaa
946 1506 1067 1576 (Oct
1136 1510 1220 1575 l8)
1250 1511 1543 1566 concilium
1597 1510 1785 1566 habuit
1842 1528 1965 1566 cum

357 1584 634 1661 episcopis
687 1600 740 1647 et
771 1593 1063 1651 abbatibus
1109 1598 1247 1663 300;
1296 1599 1573 1655 mediante
1635 1600 1966 1654 Francorum

356 1696 485 1752 rege
534 1681 811 1739 Ludovico
841 1702 965 1740 cum
1017 1687 1130 1744 lilio
1183 1690 1274 1760 qui
1308 1692 1583 1745 secundus
1640 1699 1756 1745 erat
1814 1701 1963 1744 natu.

357 1770 490 1826 Nam
548 1773 761 1844 primus
798 1784 961 1832 antea
1011 1786 1305 1835 coronatus
1356 1788 1485 1836 tunc
1543 1782 1682 1836 forte
1733 1751 2044 1835 ParisiusB

355 1873 601 1934 venerat,
631 1875 706 1934 et,
732 1878 791 1923 ut
824 1869 1012 1937 fertur,
1041 1873 1325 1929 ademone
1353 1875 1407 1928 in
1424 1875 1611 1946 specie
1649 1860 1798 1945 porci
1825 1873 1973 1928 Indi-

363 1956 575 2025 ticatus,
606 1959 735 2015 dum
777 1962 879 2017 bac
922 1964 1046 2019 illac
1095 1981 1297 2036 equum
1337 1966 1499 2040 girat,
1554 1965 1738 2021 subito
1768 1966 1973 2021 corruit

364 2049 647 2104 exanimis.
696 2051 848 2106 Unde
888 2063 1044 2122 pater
1098 2054 1256 2109 valde
1306 2064 1526 2111 maastus
1574 2057 1774 2111 Remos
1802 2056 1972 2111 adve-

337 2138 545 2206 .niens,
578 2142 879 2196 secundum
932 2152 1059 2198 natu
1118 2144 1293 2200 lilium
1334 2162 1520 2201 secum
1572 2147 1806 2209 advexit,
1851 2154 1905 2201 et
1944 2164 1974 2199 a

364 2244 505 2298 papa
536 2228 725 2303 inungi
750 2239 803 2285 et
833 2232 1088 2287 benedici
1113 2241 1168 2287 et
1195 2235 1445 2289 coronari
1500 2235 1555 2288 in
1579 2251 1764 2307 regem
1794 2235 1973 2306 impe-

364 2319 539 2373 travit.
565 2320 881 2377 Frittericus
915 2324 1151 2379 Coloniae
1180 2324 1636 2396 archiepiscOpus
1666 2325 1827 2381 obiit.

436 2415 590 2469 1132.
669 2416 730 2469 Β.
763 2415 813 2469 7.
894 2417 949 2473 F.
977 2418 1068 2473 23.
1098 2419 1226 2487 (21.)
1303 2419 1650 2489 11.32433.)
1729 2420 1863 2474 11.2.

433 2510 544 2563 Rex
585 2510 868 2566 Lotharins
900 2514 1133 2567 natalem
1184 2514 1395 2569 Domini
1430 2513 1667 2570 Colonia:
1707 2515 1968 2570 celebrat.

363 2598 461 2662 Qui
493 2598 734 2653 avaritiae
777 2616 994 2655 veneno
1051 2590 1311 2666 infectus,
1354 2602 1687 2657 electionem
1771 2611 1972 2657 sanctae

360 2689 625 2743 aacclesite
695 2690 1035 2746 Coloniensis
1081 2708 1181 2746 sua
1237 2693 1536 2747 calliditate
1591 2694 1825 2748 cassavit
1880 2694 1969 2749 3“.

363 2782 563 2835 lterum
622 2782 779 2836 tertia
828 2782 1137 2838 ebdomada
1188 2784 1628 2858 quadragesimae
1693 2784 1968 2840 Coloniam

362 2871 614 2937 veniens,
654 2872 790 2927 nihil
813 2873 1039 2945 dignum
1070 2875 1237 2949 regali
1270 2875 1569 2930 serenitate
1601 2877 1713 2947 egit
1764 2876 1972 2930 Deinde

364 2966 545 3036 Aquas
573 2967 802 3020 veniens
848 2967 901 3020 in
936 2970 1138 3036 pascha
1167 2969 1319 3039 (Apr.
1374 2968 1483 3040 10),
1532 2969 1669 3023 nihil
1721 2970 1789 3023 de
1828 2977 1970 3025 statu

364 3061 518 3135 regni
551 3062 805 3117 ordinare
844 3062 1037 3128 valuit,
1070 3062 1237 3117 immo
1275 3064 1521 3119 omnium
1557 3079 1736 3118 rerum
1771 3081 1972 3136 qnere-
2002 3086 2051 3154 Ο

365 3156 446 3209 las
475 3156 530 3210 in
566 3164 815 3226 respectu
839 3158 1069 3213 distulit.
1114 3160 1429 3216 Radisbona
1456 3159 1647 3215 civitas
1678 3167 1791 3215 tota
1820 3177 1975 3231 pame

367 3252 451 3299 est
491 3246 778 3300 combusta
816 3246 903 3301 3”.
962 3247 1204 3303 Domnus
1240 3250 1440 3313 Brnno,
1486 3265 1553 3303 ex
1602 3248 1749 3304 clero
1799 3250 1972 3304 sancti

369 3339 534 3406 Petri,
604 3340 841 3396 Colonia:
890 3340 950 3396 fit
1008 3342 1479 3414 archiepiscopus.
1538 3343 1646 3397 Rex
1692 3343 1978 3399 Lotbarius

368 3431 615 3488 collecds
670 3434 881 3489 viribus
955 3434 1180 3489 Romam
1249 3435 1399 3491 vadit
1470 3452 1593 3492 cum
1654 3435 1978 3492 Innocentio

369 3536 509 3590 papa
537 3520 759 3592 (Sept.);
814 3523 912 3578 sed
950 3524 1101 3580 vario
1132 3533 1333 3581 eventu
1386 3540 1565 3580 rerum
1600 3526 1797 3580 multas
1828 3525 1979 3581 difﬁ-

367 3608 599 3664 cultates
636 3610 691 3664 in
722 3612 906 3667 eundo
938 3612 1142 3683 patitur
1159 3614 1248 3669 ⁸⁸⁵.

440 3699 600 3755 1133.
748 3702 799 3756 8.
949 3704 1194 3775 etas.)
1340 3704 1425 3762 33.
1465 3706 1597 3775 (31.)
1744 3708 1796 3763 3.

438 3792 492 3846 4.
544 3793 728 3848 Nonas
783 3795 1031 3865 Augusti,
1099 3796 1228 3851 luna
1281 3797 1368 3851 27.
1416 3798 1644 3853 meridie
1702 3798 1841 3854 facta
1898 3808 1981 3855 est

370 3880 608 3951 eclypsis
636 3882 769 3936 solis
796 3882 909 3937 fere
934 3882 1163 3938 dimidia
1218 3887 1373 3952 hora,
1407 3893 1461 3941 et
1487 3886 1659 3941 stellae
1689 3886 1820 3942 visa:
1854 3896 1984 3944 sunt

372 3970 427 4025 in
452 3971 686 4027 caelos“.
723 3972 834 4027 Rex
883 3973 1172 4027 Lotharius
1203 3980 1445 4030 veterem
1504 3976 1729 4031 Romam
1763 3976 1977 4049 ingres-

371 4076 465 4115 sus
492 4060 657 4131 (Apr.
687 4061 804 4132 30);
864 4062 1246 4117 Innocentium
1291 4080 1489 4134 papam
1544 4064 1599 4119 in
1648 4065 1976 4136 patriarchio

2068 609 2232 665 domo
2271 608 2576 665 Crescentis
2606 617 2821 684 regnat,
2874 618 2929 665 et
2958 610 3097 664 alter
3126 609 3182 663 in
3210 610 3439 664 alterum
3468 610 3679 680 predis,

2068 696 2298 768 rapinis,
2333 697 2609 751 incendiis
2639 707 2694 752 et
2732 697 3047 754 homicidiis
3068 691 3290 752 desevit
3318 697 3406 752 35°.
3459 698 3516 752 In
3555 698 3683 752 villa

2071 784 2312 839 Namuco
2342 783 2508 855 (370),
2535 785 2663 839 dum
2694 800 2912 840 vaccam
2956 784 3191 839 occisam
3235 799 3436 857 mango
3480 786 3678 855 aperit,

2073 878 2237 934 foetus
2278 879 2513 934 duorum
2567 879 2806 949 capitum
2842 878 3095 949 apparuit
3147 878 3235 932 ³⁵¹.
3285 878 3566 951 Legumen
3626 886 3683 933 et

2074 984 2246 1023 avena
2292 968 2397 1024 hoc
2472 982 2619 1023 anno
2678 974 3005 1039 proventum
3060 966 3258 1022 messis
3306 967 3441 1022 satis
3487 982 3685 1022 emen-

2073 1058 2170 1112 tita
2192 1058 2281 1109 3“.
3031 1089 3049 1107 ς

2144 1149 2300 1203 1234.
2447 1150 2500 1204 9.
2646 1147 2891 1218 25.96.)
3036 1149 3106 1202 31
3160 1147 3296 1219 (35.)
3440 1150 3495 1203 4.

2144 1239 2485 1308 Congregatio
2516 1237 2848 1293 Malisnensis
2879 1238 3144 1299 (ecclesia,
3196 1251 3313 1306 qua:
3339 1241 3417 1291 est
3446 1239 3507 1291 in
3555 1235 3687 1292 Bra-

2066 1332 2272 1394 cbanto,
2305 1330 2543 1386 omnibus
2578 1328 2821 1398 ﬁdelibus
2849 1330 3093 1384 salutem.
3132 1327 3202 1380 Β
3243 1327 3368 1382 Kal.
3402 1326 3690 1383 Februarii

2067 1421 2224 1491 lupus
2262 1424 2546 1475 venenatus
2589 1425 2636 1473 et
2672 1420 2916 1481 insanus,
2954 1419 3047 1488 qui
3105 1422 3250 1471 intra
3288 1431 3476 1487 corpus
3533 1431 3689 1471 suum

2067 1517 2171 1566 tres
2217 1512 2454 1567 colubros
2484 1511 2708 1565 habebat
2749 1514 2918 1575 vivos,
2981 1514 3253 1564 consuetas
3308 1509 3537 1564 latebras
3576 1510 3687 1563 Iin-

2068 1619 2249 1673 quens,
2278 1619 2411 1658 rura
2432 1605 2612 1674 petiit,
2653 1607 2699 1656 et
2744 1604 3087 1656 innumeram
3127 1601 3523 1655 multitudinem
3558 1616 3687 1670 por-

2068 1711 2263 1750 corum.
2298 1697 2493 1761 ovium,
2524 1710 2712 1749 canem
2749 1698 2795 1748 et
2839 1698 3195 1747 armentorum
3223 1707 3402 1747 morsu
3438 1696 3691 1748 catenato

2070 1786 2321 1840 extim-it.
2352 1783 2541 1837 Postea
2564 1787 2713 1836 vasto
2764 1786 2964 1852 impetu
2996 1781 3229 1835 homines
3256 1781 3532 1846 invadens,
3566 1782 3691 1851 plus

2071 1891 2224 1946 quam
2263 1873 2532 1929 duodecim
2584 1888 2761 1928 morsu
2787 1889 2881 1927 suo
2929 1874 3066 1927 male
3121 1873 3417 1936 mulcavit;
3465 1887 3691 1941 quorum

2073 1969 2297 2034 quatuor
2348 1966 2543 2018 misera
2587 1967 2752 2017 morte
2798 1963 3038 2030 defuncti
3071 1966 3210 2017 sunt.
3272 1961 3353 2015 Hi
3411 1976 3532 2015 vero
3570 1970 3693 2015 ante

2070 2061 2266 2114 obitum
2298 2074 2452 2113 suum
2478 2060 2681 2112 nullum
2709 2059 2965 2128 liquorem
3015 2060 3200 2112 videre
3225 2059 3308 2112 vel
3334 2061 3552 2125 gustare
3577 2073 3647 2128 po
3663 2086 3684 2097 -

2070 2156 2299 2206 tuerunt.
2340 2151 2571 2205 Tandem
2630 2167 2665 2203 a
2691 2154 2916 2219 quatuor
2942 2150 3081 2204 viris
3104 2152 3422 2216 fortissimis
3451 2165 3689 2220 compre-

2071 2241 2259 2295 hensus
2287 2244 2335 2293 et
2362 2242 2702 2301 evisceratus,
2749 2238 2906 2306 ﬁdem
2937 2239 3155 2292 malitia:
3212 2252 3321 2292 sua:
3372 2238 3436 2291 de
3460 2238 3690 2292 colubris

2071 2331 2325 2400 patefecit
2377 2328 2464 2380 ³⁵³.
2515 2328 2622 2381 Iste
2681 2341 2857 2380 annus
2896 2342 2994 2397 pre
3038 2325 3208 2381 nimia
3256 2325 3501 2381 siccitate
3554 2325 3689 2379 satis

2073 2420 2446 2483 calamitosus,
2480 2418 2609 2488 quia
2657 2432 2868 2481 avenae,
2907 2415 3076 2471 ordea
3132 2421 3189 2468 et
3232 2413 3511 2489 legumina
3568 2429 3690 2485 pro-

2074 2519 2298 2565 ventum
2369 2525 2526 2564 suum
2585 2507 2749 2562 nimis
2802 2512 2930 2561 sunt
2985 2504 3268 2560 ementita.
3335 2504 3685 2559 Theobaldus

2072 2618 2259 2657 comes
2287 2599 2585 2655 Blesiensis
2614 2598 2730 2653 sive
2760 2597 3109 2652 Carnotensis
3162 2612 3260 2667 pre
3293 2595 3506 2651 cunctis
3543 2596 3692 2666 prin-

2073 2690 2290 2761 cipibus
2339 2689 2509 2743 Gallie
2563 2702 2763 2761 magno
2815 2687 3062 2757 pondere
3105 2686 3332 2753 justitia:
3370 2684 3581 2739 eminet
3632 2685 3690 2738 in

2074 2785 2325 2849 Francia;
2388 2782 2661 2857 religiosis
2718 2781 3007 2836 monachis
3070 2788 3125 2834 et
3176 2778 3394 2834 clericis
3457 2778 3582 2848 pius
3627 2793 3690 2831 ac

2075 2878 2375 2942 familiaris,
2420 2878 2684 2933 {ecclesiae
2744 2875 3020 2941 defensor,
3103 2890 3406 2946 pauperum
3451 2873 3689 2942 adjutor,

2074 2968 2405 3023 merentium
2435 2965 2768 3030 consolator,
2802 2964 2856 3019 in
2887 2963 3238 3019 commerciis
3283 2962 3687 3035 negotiatorum

2074 3070 2266 3115 cautus
2295 3066 2350 3113 et
2400 3059 2693 3121 discretus,
2734 3056 2791 3110 in
2838 3057 2946 3110 reis
2976 3062 3030 3110 et
3058 3071 3088 3108 a
3144 3062 3293 3108 recto
3340 3049 3693 3106 deviantibus

2076 3153 2219 3208 ultor
2260 3160 2315 3207 et
2368 3152 2569 3205 vindex
2619 3151 2708 3203 33‘.
2743 3149 2999 3205 Kalendis
3051 3146 3396 3213 Octobribus,
3452 3143 3507 3197 in
3550 3149 3694 3197 tem-

2078 3254 2245 3315 pestee
2278 3243 2458 3299 noctis
2497 3242 2743 3309 silentio,
2790 3247 2972 3296 motus
3018 3253 3249 3311 magnus
3289 3235 3466 3291 factus
3506 3240 3590 3288 est
3638 3231 3694 3285 in

2077 3333 2237 3401 mari,
2292 3333 2366 3388 ita
2420 3341 2480 3386 ut
2538 3331 2700 3386 litora
2738 3346 2838 3384 sua
2883 3327 3191 3399 preterirct,
3221 3332 3277 3380 et
3303 3333 3485 3379 tamen
3537 3320 3591 3376 in
3635 3335 3696 3374 se

2078 3425 2271 3479 iterum
2308 3420 2908 3492 resideret.‘,Seqnenti
2959 3433 3090 3474 vero
3120 3424 3283 3472 nocte
3336 3414 3515 3485 primo
3568 3427 3695 3467 cre-

2081 3516 2311 3587 puscqu
2332 3531 2455 3570 eum
2473 3514 2622 3570 omni
2648 3514 2856 3584 impetu
2872 3511 3136 3568 terminos
3155 3506 3475 3581 egrediens,
3508 3504 3696 3560 omnia

2080 3609 2533 3680 circumquaque,
2583 3606 2633 3659 id
2668 3612 2751 3660 est
2784 3604 2962 3669 villas,
3014 3600 3257 3662 castella,
3292 3596 3589 3664 aacclesias,
3620 3595 3695 3649 ita

2083 3700 2483 3771 pessumdedit,
2510 3705 2568 3753 ut
2600 3705 2710 3753 tres
2741 3696 3055 3757 comitatus,
3091 3693 3144 3747 id
3178 3698 3281 3756 est,
3310 3691 3608 3756 Walecras,
3639 3692 3693 3741 et

2082 3792 2286 3856 Wales,
2337 3799 2393 3846 et
2450 3790 2683 3844 Bebrant
2742 3789 2911 3859 (371.
2960 3803 3082 3841 cum
3132 3783 3355 3839 homine
3395 3787 3446 3835 et
3494 3793 3694 3850 pecore

2083 3883 2307 3955 penitus
2337 3880 2746 3937 exterminaret.

2152 3974 2292 4030 1135
2499 3974 2564 4027 10
2764 3971 2853 4025 eo.
2901 3969 3030 4040 (27)
3107 3968 3194 4021 35.
3238 3963 3371 4035 (36.)
3446 3962 3533 4049 5.,

2151 4067 2209 4118 In
2248 4064 2317 4098 ³⁵⁵
2340 4063 2556 4118 civitate
2586 4061 2830 4117 Tornaco
2862 4069 3021 4114 natus
3051 4064 3135 4112 est
3170 4070 3345 4130 agnus
3376 4052 3541 4108 unius
3571 4065 3697 4105 cor-

373 4148 723 4204 Lateranensi
774 4151 995 4217 rclocat,
1053 4158 1107 4206 et
1163 4152 1232 4206 ab
1294 4152 1412 4223 ipso
1468 4153 1524 4207 in
1587 4153 1974 4225 imperatorem
2003 4223 2039 4227 _
2077 4156 2246 4227 poris,
2297 4154 2464 4209 duum
2485 4153 3014 4224 capitum.quatuor
3042 4147 3281 4212 aurium,
3306 4150 3541 4216 quatuor
3569 4156 3695 4196 ocu-

371 4237 719 4296 benedicitnr
762 4240 882 4306 (Jun
952 4241 1025 4311 4).
1059 4241 1167 4297 Sed
1201 4242 1568 4299 Romanorum
1626 4223 1909 4299 avaritiam
1949 4223 2281 4310 aDIorum,
2313 4250 2437 4299 octo
2481 4223 2682 4313 pedum
2736 4241 2824 4293 ³⁵⁸.
2877 4240 2934 4292 In
2977 4238 3112 4295 villa
3166 4251 3287 4307 quae
3350 4232 3553 4286 dicitur
3591 4230 3689 4282 Bra

1714 4380 1934 4435 VARIIE
1976 4379 2353 4434 LECTIONES.

447 4504 517 4587 ³⁴ῗ
543 4506 800 4587 ﬂeamus
827 4540 896 4587 :-
937 4508 1241 4587 indisetin
1268 4511 1325 4587 1-.
1367 4526 1543 4587 mea»
1576 4513 1655 4564 ίια
1692 4515 1871 4587 tamen
1903 4511 2090 4587 west
2130 4507 2558 4587 ultroneum
2579 4523 2597 4587 ξ
2622 4506 2817 4587 siceum
2868 4503 2993 4559 ⁵³*-
3026 4502 3111 4555 4“-
3140 4500 3251 4587 ἀΐει
3286 4498 3381 4587 ⁵εᾷ
3418 4498 3697 4587 ιερτξέἰιέῗς

378 4579 441 4631 in
478 4578 537 4630 A.
568 4570 669 4633 ’B'.
703 4580 790 4632 Fl.
840 4580 891 4633 2.
933 4581 967 4636 3
1028 4570 1091 4636 Ιῆ
1138 4582 1228 4635 Βὸ.
1264 4582 1405 4635 idem
1440 4570 1663 4636 Mirwus
1690 4584 1932 4648 margini
1970 4570 2277 4649 inscripsit:
2311 4570 2538 4631 Videtur
2584 4576 2673 4649 hic
2709 4576 2865 4649 locus
2892 4587 3126 4649 censura
3151 4570 3402 4649 _dig_nus,
3424 4570 3697 4649 tat-postia

371 4663 528 4722 erasa
578 4655 722 4706 sunt.
768 4652 838 4683 ³⁵³
868 4633 971 4707 Hie
998 4633 1198 4706 distulit
1357 4633 1746 4707 "atramentum
1785 4633 1950 4722 ratque
1976 4633 2241 4707 callemus
2270 4653 2511 4704 mutatur
2533 4649 2594 4703 in
2625 4648 2675 4702 1.
2713 4646 2909 4700 Civitas
2938 4673 3007 4685 —
3039 4641 3216 4697 Mariae
3238 4633 3442 4722 desunt
3493 4633 3590 4694 Bt.
3632 4633 3690 4691 5.

381 4717 450 4751 3“
480 4734 708 4790 campus
745 4737 918 4776 avene
950 4724 1043 4778 B3.
1074 4725 1193 4778 4".

1280 4714 1348 4757 ³⁵⁵
1377 4727 1499 4780 Post
1541 4725 1650 4778 haec
1701 4714 2062 4778 atramentum
2098 4727 2273 4777 mutat
2301 4722 2353 4774 1.
2386 4726 2435 4773 et
2456 4722 2715 4789 primitus
2754 4732 2951 4772 novum
2984 4731 3192 4789 annum
3246 4714 3463 4789 incepit,
3495 4723 3693 4789 super-

380 4783 639 4860 scriptum
678 4792 767 4844 VII
848 4792 1055 4849 XXIIII.
1106 4794 1334 4849 XXXIII.
1388 4794 1546 4849 XIIII.
1600 4794 1705 4850 Sed
1753 4795 1860 4849 huic
1917 4810 2075 4849 erasa
2130 4799 2275 4856 sunt,
2312 4783 2479 4860 atque
2523 4795 2869 4860 concremata
2909 4786 3079 4860 periit
3116 4799 3323 4839 rasurae
3354 4783 3693 4860 inscriptum.

382 4859 453 4893 ³⁸⁵
471 4854 551 4914 ita
577 4864 799 4936 scripsit
837 4866 1144 4936 Anselmus.
1188 4868 1266 4921 At
1301 4872 1487 4936 postea
1518 4866 1680 4927 alius,
1710 4867 1864 4935 cujus
1921 4881 2116 4919 manus
2172 4854 2492 4936 correctrize
2521 4865 2569 4914 et
2599 4865 2717 4936 ina
2983 4860 3248 4936 αΡΡίιΓθίτ,
3280 4854 3451 4907 verbis
3490 4854 3592 4936 QE“
3632 4879 3697 4929 ῖ-

382 4930 615 5006 cassavit
657 4921 937 5006 erepunctis
963 4921 1382 5006 superscripsi‘t:
1426 4937 1522 4991 Hic
1572 4921 1938 4991 tumultuante
1970 4936 2265 4990 multorum
2325 4931 2736 5006 dissidentjnm‘
2753 4921 3289 5006 seditionefelectio
3326 4941 3371 4978 s.
3431 4921 3696 5006 Ecclesia:

385 4999 851 5078 coloniensisdiu
883 4999 1457 5078 multumque-cessata
1490 5014 1592 5061 cst.
1624 5008 1744 5061 Hac
1772 5010 1967 5062 habent
1995 5008 2194 5061 81.3’“.
2227 5006 2311 5078 4f.
2348 5004 2469 5078 υἷι
2584 5002 2673 5056 Ρ1ο
2706 5000 2758 5055 ἳο
2915 5000 2981 5033 ³⁵⁷
3006 4999 3157 5078 RL}:-
3192 5003 3228 5078 I'1

1144 5079 1197 5131 5.
1236 5080 1358 5133 Post
1390 5096 1453 5133 ea
1490 5080 1708 5133 habitus
1740 5084 2002 5134 mutatur.

381 5073 574 5128 addita
603 5078 657 5127 in
700 5079 746 5128 1.
780 5076 970 5130 desunt
1002 5078 1065 5131 BI

3258 5013 3308 5066 p.
3344 5011 3394 5049 e.
3440 5009 3488 5048 c.
3514 4996 3697 5062 postea

2088 5077 2387 5131 3“’Abhiuc
2433 5073 2649 5126 habitus
2693 5076 2959 5125 mutatur.
3052 5070 3120 5103 ³⁵9
3149 5068 3395 5122 calamus
3425 5068 3694 5118 mutatur.

381 5143 451 5178 35°
471 5146 711 5201 calamus
740 5152 999 5203 mutatur.
1059 5149 1124 5183 ⁵⁵¹
1156 5150 1395 5204 calamus
1425 5154 1688 5205 mutatur.
1744 5152 1813 5185 ³⁵⁵
1851 5152 2093 5205 calamus
2122 5151 2382 5202 mutatur.
2455 5144 2525 5178 ³⁵³
2548 5144 2763 5198 Abhinc
2802 5144 3041 5196 calamus
3071 5142 3314 5194 mutatur
3355 5140 3517 5205 atque
3544 5139 3697 5188 atra-

384 5222 638 5272 mentum.
724 5222 792 5254 ³⁵⁴
821 5222 1060 5274 calamus
1113 5227 1359 5276 mutatur
1436 5222 1505 5255 ³⁵⁵
1543 5226 1652 5275 ατη

383 5286 617 5343 dimidia
643 5306 821 5346 erasa.
856 5293 988 5345 Dein
1016 5297 1375 5347 atramentum
1393 5297 1652 5347 mutatur.

724 5219 792 5254 ³⁵⁸
821 5220 1060 5274 calamus
1113 5227 1359 5276 mutatur
1436 5222 1505 5255 ³⁵⁵
1543 5226 1903 5278 atramentum
1956 5234 2184 5291 prorsus
2236 5219 2482 5272 mutatur
2527 5231 2645 5270 cum
2715 5214 2942 5269 calamo.
3024 5212 3094 5246 ⁸⁵⁵
3124 5213 3247 5266 Post
3306 5209 3416 5263 haec
3464 5209 3608 5260 tinea
3649 5207 3698 5258 et

1920 5410 2130 5466 NOTAE.

443 5534 586 5605 (368)
613 5535 810 5594 Comes
836 5539 889 5594 S.
927 5538 1097 5595 Pauli.

443 5608 587 5677 (369)
612 5610 1037 5681 Saint—Riquier.

2160 5537 2295 5607 (370)
2327 5538 2547 5612 Namur.
2593 5609 2623 5612 μ
2916 5607 2940 5612 _
2953 5606 2978 5612 _
3115 5605 3127 5612 .
3140 5602 3173 5612 ..

2164 5602 2297 5677 *137'}
2330 5610 2386 5660 ν.
2420 5612 2536 5664 Ann
2590 5609 2886 5664 Fosscnses
2912 5606 3008 5660 SS.
3041 5612 3076 5657 t.
3114 5602 3196 5667 ιν,
3230 5602 3317 5657 31).
