3924 6080
219 231 327 285 257

1152 233 1499 290 CHRONICA.
1542 265 1610 276 ——
1651 235 2082 294 CONTINUATIO
2122 241 2628 299 GEMBLACENSIS.

3437 260 3544 318 258

225 362 316 416 nia
339 361 504 431 (362).
527 377 715 416 mense
743 363 910 433 Aprili
961 373 1123 420 natus
1152 373 1232 420 est
1289 367 1613 434 infanlutus,
1647 384 1841 425 carens
1865 376 1917 443 Α
1945 373 2153 430 tharius
2183 390 2276 431 rex
2307 384 2363 432 et
2389 376 2696 434 Fridericus
2753 381 2860 436 dux
2915 384 3217 444 Suevorum
3265 394 3548 462 paciscun-

219 451 366 508 collo
396 459 454 506 et
490 451 692 523 capite,
740 455 948 510 ocellos
1000 455 1214 512 habens
1265 457 1322 512 in
1353 458 1589 530 spatulis
1614 459 1706 516 ³⁵⁷.
1738 460 1842 518 Lo-

1941 469 2028 518 tur
2051 465 2140 518 ³⁵⁸.

1573 567 1793 622 νΑΒΙΑΞ
1832 569 2217 628 LECTIONES.

299 655 680 755 δξτνσαιατηιις
719 666 1003 755 ζηαίαειινς.
1059 661 1128 696 ³⁵⁸
1194 665 1290 717 Hic
1341 665 1537 755 desinit
1591 682 1789 723 manus
1841 672 2096 755 ansetmt.
2136 675 2327 755 ﬂuam
2381 677 2754 755 nulloﬂspntio
2775 754 2779 755 ί
2804 685 3098 755 interjecto,
3151 695 3270 746 sine
3319 697 3432 750 ulla
3460 699 3547 752 in-

221 730 836 838 iirfpgonfniz‘eaden:
853 733 1318 838 paginanpergm
1352 739 1592 838 κατέβαν
1624 754 1825 794 manus
1863 745 2022 796 tertia
2046 730 2250 812 eadem,
2291 761 2411 814 quae
2437 730 2712 806 (1.7107233
2733 754 2850 811 111.
2882 730 3268 818 {n’QéZ’ra'ZéZ'

239 833 248 838 .
330 815 350 838 Ι
687 817 800 838 κη,
869 819 901 838 n
967 819 994 838 ν
1029 819 1062 838 υ
1103 819 1226 838 nona
1252 819 1454 838 nnnnnn
1500 824 1602 838 unm

219 811 285 852 ea
311 813 429 854 uno
460 805 642 856 tonare
666 816 834 870 usque
869 803 940 856 ad
967 817 1226 859 revocare
1251 803 1623 862 concordiam.

1794 900 1998 958 ΝΟἸῈ.

294 956 437 1028 (372)
473 958 1157 1030 Braine-le-Comte,inter
1187 964 1339 1020 Halle
1369 975 1426 1022 et
1454 967 1628 1024 Mons.

1291 1157 1584 1167 -——————_._

1585 1161 1862 1170 Μ

2355 1173 3558 1204 Μ

1801 1168 2354 1179 _-___.___

531 1297 1754 1436 CONTINUATIO
1862 1311 3248 1496 GEMBLACENSIS.

306 1547 464 1606 1136.
503 1550 568 1605 R.
611 1551 697 1604 11.
776 1551 832 1606 F.
859 1551 949 1608 27.
993 1552 1128 1624 (28.)
1203 1555 1263 1609 A.
1297 1556 1386 1612 36.
1413 1558 1546 1629 (37.)
1625 1559 1688 1616 Η.
1714 1561 1769 1616 6.

226 1737 317 1784 tur
331 1745 460 1785 cum
499 1729 740 1786 claustro
779 1731 1086 1788 etofﬁcinis
1115 1741 1170 1790 et
1193 1751 1394 1808 magna
1429 1735 1622 1808 oppidi
1647 1743 1840 1808 parte;

227 1833 336 1872 nec
363 1819 614 1874 meminit
634 1819 836 1892 aliquis
859 1828 1047 1876 nostra
1071 1829 1233 1878 aetate
1263 1829 1342 1880 tot
1369 1824 1548 1892 villas,
1615 1831 1696 1881 tot
1759 1824 1840 1881 ci-

218 1910 440 1975 vitates,
475 1920 554 1968 tot
615 1919 816 1982 castra,
855 1915 1064 1985 oppida
1109 1917 1193 1971 vel
1253 1917 1578 1990 municipia,
1618 1934 1843 1976 concre-

216 2007 372 2055 mata
397 1999 620 2058 fortuito
648 2002 796 2076 igne,
827 2009 963 2074 quot
1001 2003 1057 2058 in
1113 2004 1280 2074 hujus
1311 2005 1442 2060 anni
1475 2007 1654 2078 spatio
1685 2023 1840 2064 com-

217 2089 384 2146 busta
445 2108 568 2148 esse
608 2095 942 2150 referuntur.
986 2095 1250 2166 [Domnus
1304 2097 1616 2154 Alexander
1645 2099 1840 2156 Leodi-

213 2185 472 2241 censium
505 2187 799 2260 episcopus
822 2191 1059 2246 moritur
1112 2192 1224 2264 35".]
1285 2193 1580 2262 Anselmus
1611 2202 1839 2252 octavus

214 2274 395 2330 abbas
419 2275 1066 2335 Gemblacensiscenobii
1093 2280 1232 2336 obiit
1263 2298 1278 2348 ;
1304 2282 1399 2353 qui
1417 2283 1601 2340 adhuc
1623 2285 1836 2351 vivens,

217 2363 325 2418 etsi
347 2379 583 2436 corpore
615 2365 909 2435 invalidus,
965 2374 1150 2424 tamen
1204 2386 1336 2444 erga
1393 2372 1490 2428 Dei
1543 2374 1750 2428 cultum
1785 2382 1840 2430 et

219 2458 626 2529 scripturarum
655 2461 975 2518 exercitium
1007 2471 1128 2519 erat
1185 2471 1444 2522 strenuus
1468 2467 1560 2522 θα).
1589 2467 1687 2522 Hic
1715 2483 1840 2524 cro-

223 2551 407 2606 nicam
436 2551 598 2607 istam
619 2568 651 2606 a
678 2551 788 2608 fine
817 2555 1092 2611 chronica:
1145 2572 1177 2610 a
1207 2557 1495 2630 Sigeberto
1533 2559 1837 2614 venerabili

223 2639 644 2696 Gemblacensis
663 2642 928 2697 aecclesiae
959 2645 1231 2700 monacho
1261 2645 1553 2717 descriptae
1593 2647 1662 2702 ad
1695 2649 1842 2704 hunc

226 2745 410 2801 usque
440 2747 645 2786 annum
673 2732 952 2803 perduxit,
983 2740 1038 2789 et
1102 2734 1220 2789 visa
1246 2736 1333 2791 vel
1359 2753 1390 2791 a
1415 2735 1674 2793 fidelibus
1701 2741 1840 2794 rela-

223 2817 443 2874 toribus
470 2820 662 2876 audita
691 2828 1039 2892 posterorum
1063 2825 1272 2880 notitiae
1291 2825 1608 2898 dereliquit.
1631 2828 1842 2885 Discor-

1941 1565 2118 1622 solum
2154 1569 2220 1622 lai

306 1572 464 1606 ιιῡο.
503 1572 568 1605 n.
611 1572 697 1604 11.
776 1572 832 1606 ι’.
859 1572 949 1608 τι.
993 1572 1128 1624 (ιδ.)
1203 1572 1263 1609 Α.
1297 1572 1386 1612 an.
1413 1572 1546 1629 (δί.)
1625 1572 1688 1616 u.
1714 1572 1769 1616 6.
1869 1572 2118 1642 Bsolum
2154 1572 2396 1642 laicales,

295 1637 604 1694 Cenobium
633 1640 807 1696 sancti
837 1640 1058 1698 Vedasti
1107 1643 1481 1700 Atrabatensis
1517 1659 1841 1701 concrema-
1944 1669 2108 1711 mnus
2130 1657 2446 1730 Adelberto,

2453 1577 2551 1632 sed
2581 1586 2635 1634 et
2670 1581 3069 1642 tecclesiasticze
3121 1605 3389 1660 personae.
3423 1596 3550 1668 [Do-

2487 1679 2555 1720 ex
2596 1666 2750 1725 biero
2781 1670 3032 1730 Mettensi
3061 1687 3360 1748 assumtus,
3393 1666 3556 1742 datur

1945 1741 2366 1804 Laodicensium
2425 1753 2721 1826 episcopus
2767 1758 2876 1830 ³⁶².]
2932 1741 3552 1830 Monasterium’sancti

1945 1834 2176 1892 Dionisii
2202 1840 2258 1894 in
2297 1841 2626 1900 Brokorotht
2663 1849 3011 1908 comburitur
3050 1871 3174 1912 cum
3229 1861 3469 1920 claustro
3499 1878 3555 1922 et

1941 1924 2201 1980 omnibus
2243 1929 2586 1998 appendiciis
2616 1941 2672 1988 et
2715 1938 2944 2008 oppido,
2994 1943 3082 1998 vix
3113 1949 3364 2006 anno”.
3398 1962 3555 2010 ante-

1942 2015 2100 2072 rioris
2119 2019 2519 2078 combustionis
2547 2024 2768 2095 expleto
2789 2029 2876 2083 353.
2906 2031 3014 2086 Rex
3055 2035 3353 2108 Anglorum
3379 2041 3547 2099 Hein-

1943 2105 2087 2160 ricus
2113 2106 2256 2162 obiit
2281 2108 2332 2180 (1
2375 2116 2476 2165 Dec
2529 2112 2711 2184 1135).
2755 2116 2837 2170 vir
2869 2105 3209 2190 pauperibus
3249 2136 3303 2182 et
3346 2133 3546 2188 aeccle-

1941 2195 2040 2250 siis
2057 2196 2150 2251 Dei
2173 2199 2357 2255 multae
2403 2202 2786 2278 Benignitatis,
2817 2225 2880 2263 ac
2909 2227 3008 2280 per
3047 2213 3148 2270 hoc
3168 2219 3333 2274 etiam
3362 2224 3547 2280 multae

1940 2285 2298 2386 liberalitatis.
2338 2292 2680 2364 [Ludowicus
2719 2315 2812 2353 rex
2830 2300 3156 2360 Francorum
3179 2309 3321 2366 obiit
3351 2312 3498 2386 (374)
3528 2333 3544 2382 ;

1939 2373 2086 2431 ﬁlius
2108 2378 2228 2447 ejus
2257 2381 2558 2452 equivocus
2609 2388 2860 2444 succedit
2919 2391 3030 2463 3‘“.]
3090 2394 3199 2450 Rex
3260 2373 3546 2457 Cotharins

1939 2463 2114 2520 multo
2157 2469 2313 2540 regni
2352 2469 2435 2523 sui
2493 2483 2829 2548 congregato
2880 2482 3148 2549 exercitu,
3193 2485 3422 2544 Romam
3463 2507 3552 2545 se-

1939 2557 2122 2612 cundo
2152 2557 2520 2628 proficiscitur
2545 2563 2736 2636 (Sept.)
2784 2568 3022 2626 duorum
3061 2574 3130 2629 de
3159 2577 3291 2632 sede
3330 2587 3558 2650 aposto-

1941 2647 2510 2709 licacontendentium
2559 2657 2894 2716 discordiam
2925 2663 2992 2717 ad
3023 2666 3174 2735 pacis
3224 2675 3277 2724 et
3330 2647 3560 2728 unitatis

1941 2740 2174 2810 cupiens
2204 2759 2464 2802 revocare
2493 2751 2842 2806 concordiam
2865 2755 2952 2808 ³⁸⁵.

225 2909 338 2964 diae
387 2910 592 2964 malum
623 2889 789 2982 quam
847 2912 1222 3013 perniciosum
1275 2915 1346 2971 sit
1389 2889 1667 2983 omnibus,
1715 2918 1840 2990 plus
1865 2889 1914 2958 Ο
2009 2929 2166 3004 Anin
2197 2931 2292 2986 diu
2324 2932 2510 2988 habita
2535 2935 2955 2997 deliberatione.
2989 2959 3152 3013 quem
3185 2947 3556 3009 sublimarent

214 3001 335 3070 jam
366 3002 1034 3060 nostristribulationibus
1091 3005 1375 3076 discimus,
1408 3023 1572 3080 quam
1604 3008 1660 3062 in
1684 3009 1840 3064 codi-

218 3091 385 3146 cibus
413 3091 666 3167 legimus.
711 3092 839 3148 Cum
869 3093 1019 3148 enim
1065 3095 1476 3150 monachicum
1518 3095 1836 3167 Oppidanis,

218 3179 489 3250 oppidani
510 3195 632 3234 cum
699 3182 989 3237 monachis
1041 3198 1154 3238 non
1185 3183 1588 3238 concordarent
1627 3183 1681 3238 in
1707 3185 1838 3238 sub-

219 3268 489 3324 stituendi
519 3269 736 3325 abbatis
755 3271 1066 3328 electione:
1101 3271 1170 3326 ad
1211 3272 1313 3328 hoc
1354 3287 1531 3342 usque
1571 3274 1841 3344 processit

220 3357 429 3413 malum
473 3358 786 3427 discordia},
845 3369 906 3417 ut
969 3361 1032 3395 ³⁶¹
1067 3361 1176 3415 dux
1224 3361 1752 3434 Lovaniensis(373)
1787 3371 1842 3418 et

222 3466 416 3506 comes
435 3451 800 3508 Namucensis
826 3463 986 3524 rupto
1035 3455 1186 3525 pacis
1211 3454 1400 3510 federe
1439 3455 1725 3510 hostiliter
1755 3457 1841 3510 in-

225 3549 313 3597 ter
348 3557 411 3596 se
439 3548 822 3598 concertarent
849 3543 1018 3598 multo
1047 3551 1318 3614 tempore.
1350 3543 1479 3598 Erat
1508 3553 1692 3598 autem
1721 3559 1841 3600 cer-

227 3653 366 3692 nere
395 3638 672 3694 miseriam
725 3646 783 3693 et
845 3639 1091 3693 omnium
1141 3653 1322 3693 rerum
1387 3637 1840 3708 depredationem

222 3728 704 3796 violentissimam,
732 3729 1034 3785 homicidia
1059 3729 1356 3800 sepissime
1369 3726 1511 3795 fieri,
1530 3727 1693 3783 villas
1717 3743 1844 3782 cum

226 3823 633 3896 habitatoribus
674 3823 1040 3889 concremari,
1109 3823 1164 3876 in
1209 3829 1415 3878 tantum
1474 3831 1535 3877 ut
1592 3836 1846 3896 gemme-

225 3918 434 3973 lacensi
453 3918 662 3988 Oppido
691 3934 814 3974 cum
849 3917 1214 3990 parrochiana
1269 3917 1519 3974 azcclesia
1546 3917 1838 3972 combusto

229 4023 354 4062 cum
384 4007 625 4062 maximo
655 4007 1082 4062 inhabitantium
1137 4007 1406 4078 periculo,
1429 4007 1522 4062 Dei
1549 4006 1844 4061 clementia

1941 3021 2094 3093 regio
2119 3023 2343 3078 nomine
2374 3034 2429 3080 et
2453 3026 2682 3094 honore,
2711 3029 2832 3086 sine
2878 3033 3068 3088 liberis
3093 3036 3356 3096 defuncto
3383 3042 3555 3099 Hein-

1940 3112 2055 3168 rico
2084 3128 2235 3184 rege,
2265 3116 2605 3186 Stephanum
2671 3122 3064 3180 consobrinum
3094 3128 3213 3196 ejus
3247 3134 3553 3192 constitue-

1942 3211 2068 3260 runt
2094 3221 2191 3276 pro
2239 3223 2306 3262 eo
2366 3225 2616 3280 regnare.
2679 3213 2830 3269 Mons
2863 3215 3192 3276 Castrilocus
3243 3217 3545 3297 (375)'cum

1940 3296 2146 3366 templo
2174 3305 2376 3353 sanctae
2415 3299 2804 3358 Waldedrudis
2834 3313 2886 3360 et
2907 3313 3020 3363 toto
3052 3324 3194 3380 pene
3233 3313 3402 3384 Opido
3429 3329 3560 3370 con-

1942 3395 2222 3442 crematur
2257 3389 2348 3445 ³⁸⁸.

2016 3479 2172 3533 1137.
2321 3482 2573 3552 iam.)
2687 3487 2904 3560 1.(27.)
3055 3493 3102 3546 1.
3325 3498 3378 3550 7.

2015 3570 2123 3624 Rex
2157 3571 2464 3639 Lotharius,
2493 3591 2638 3631 anno
2691 3593 2802 3633 uno
2833 3587 2888 3634 et
2918 3582 3257 3638 mensibusﬁ
3300 3602 3423 3640 cum
3461 3603 3560 3641 ex-

1945 3663 2230 3733 peditione
2256 3665 2481 3720 militari
2532 3667 2588 3721 in
2639 3669 2792 3726 Italia
2823 3681 3215 3730 commoratus.
3249 3677 3318 3731 ab
3350 3677 3565 3754 ingres-

1945 3769 2008 3808 su
2038 3755 2301 3812 abstinuit
2347 3758 2500 3812 urbis
2557 3760 2760 3829 Romae,
2822 3765 2952 3836 quia
3005 3765 3237 3821 duorum
3293 3769 3363 3824 de
3412 3771 3546 3826 sede

1947 3847 2247 3918 apostolica
2291 3851 2740 3907 contendentium
2783 3855 2955 3924 pretia
3009 3863 3064 3911 et
3117 3857 3420 3915 seditiones
3447 3877 3553 3916 ne-

1946 3938 2120 4010 quivit
2148 3955 2502 4010 compescere
2557 3942 2694 4012 (Mai
2720 3952 2742 4013 )
2801 3945 3092 4018 Rogerium
3125 3949 3326 4004 Sicilize
3353 3951 3552 4006 ducem

1943 4026 2046 4080 sibi
2094 4027 2440 4083 resistentem
2525 4030 2738 4100 bellicaf
2787 4035 3179 4109 congressione
3238 4036 3561 4110 frequenter

231 4107 417 4176 maius
446 4105 861 4170 monasterium,
909 4105 1061 4176 (111οά
1112 4111 1195 4159 εει
1223 4103 1567 4178 contiguum,
1594 4102 1846 4190 undique
1946 4119 2166 4183 atrivit;
2202 4119 2542 4188 provinciam
2600 4122 2722 4190 ejus
2765 4102 3266 4183 cede’etincendio
3297 4129 3559 4186 devasta-

227 4203 523 4271 grassante
544 4193 926 4262 incendiojam
949 4209 1298 4259 succensum,
1329 4193 1469 4248 miro
1499 4188 1923 4292 restrinxeritn
1949 4210 2024 4279 γει
2051 4227 2066 4274 ς
2099 4209 2197 4264 sed
2241 4217 2422 4265 tamen
2452 4226 2576 4266 eum
2642 4213 2709 4267 ad
2761 4215 3100 4272 deditionem
3140 4234 3250 4272 ηοη
3273 4223 3562 4292 οοῐηρυιὶι.

227 4255 262 4271 υ
814 4255 832 4262 _
1286 4255 1294 4259 ,
1953 4255 2024 4279 ,η
2051 4255 2066 4274 ,
2099 4255 2197 4264 ,η
2454 4255 2576 4266 νυ...
2642 4255 2709 4267 η..
2763 4255 3100 4272 "unum..."
3141 4255 3250 4272 μυ..
3273 4255 3562 4292 smnpm...

227 4287 417 4342 modo.
449 4285 624 4340 Vicini
653 4285 800 4340 enim
830 4281 1076 4338 fluminis
1114 4284 1301 4338 alveus
1327 4283 1384 4336 in
1413 4288 1668 4354 stagnum
1725 4279 1841 4336 col-
1863 4255 1924 4323 D
1951 4303 2086 4356 Dum
2115 4318 2248 4377 ergo
2268 4304 2454 4359 varius
2475 4315 2704 4360 eventus
2732 4306 2864 4361 belli
2897 4317 3068 4376 esset,
3093 4317 3148 4365 et
3195 4326 3296 4366 nec
3337 4313 3436 4368 hos
3459 4331 3563 4370 nec

233 4383 436 4446 Ιθοιιιεο
470 4375 587 4433 rivo
639 4390 740 4432 δυο
769 4389 970 4447 magna
1007 4391 1074 4429 ex
1112 4381 1266 4445 Parte
1292 4373 1475 4428 subito
1505 4378 1588 4428 θεῖ
1616 4386 1848 4462 “ac”?
1950 4388 2074 4444 illos
2125 4373 2342 4462 gladius
2423 4401 2793 4459 consumeret,
2861 4411 2955 4450 rex
3021 4396 3308 4451 Lotharius
3381 4411 3558 4455 morte

228 4478 338 4536 tus,
367 4469 442 4524 ita
472 4475 730 4525 utarenae
769 4470 892 4539 ejus
944 4473 1306 4522 cernerenlur
1359 4461 1846 4520 circumcursanti-
1949 4461 2248 4549 prevehlus
2275 4479 2416 4548 (υθσ,
2449 4479 2503 4551 3)
2561 4481 2767 4536 bellum
2799 4499 2920 4536 cum
2950 4483 3062 4539 vita
3090 4483 3270 4540 ﬁnivit
3306 4496 3402 4550 ςθι
3431 4504 3562 4558 pro-

231 4569 340 4623 bus
370 4575 424 4622 et
455 4567 562 4629 his,
603 4565 698 4638 qui
743 4564 1072 4620 resistebant
1121 4561 1409 4627 hostibus;
1443 4559 1680 4631 ejusque
1701 4575 1845 4631 aqua
1948 4576 2068 4640 pter
2119 4570 2373 4626 incursus
2429 4572 2673 4643 undique
2735 4573 3139 4630 imminentium
3183 4577 3418 4634 hostium
3448 4594 3560 4635 ηοη

227 4657 526 4729 supertusa
564 4656 898 4712 monasterio
927 4656 983 4710 in
1010 4657 1232 4725 modum
1265 4656 1486 4727 pluviae.
1520 4655 1839 4711 incendium
1942 4662 2254 4724 manifeste.
2285 4664 2381 4718 sed
2415 4665 2572 4736 quasi
2633 4667 2846 4720 occulte
2868 4667 3034 4721 asuis
3063 4669 3286 4738 relatus,
3310 4671 3363 4724 in
3389 4671 3564 4728 Saxo-

227 4765 396 4805 omne
423 4747 676 4803 restinxit
700 4747 796 4802 Dei
810 4747 1034 4802 virtute.
1072 4746 1150 4800 Ne
1177 4746 1268 4801 cui
1293 4755 1482 4800 autem
1515 4747 1618 4801 hoc
1648 4745 1837 4800 videa-
1941 4751 2033 4805 nia
2058 4759 2141 4806 est
2175 4752 2494 4806 tumulatus.
2554 4753 2888 4824 [Arnulphus
2943 4771 3010 4810 ex
3062 4760 3337 4817 monacho
3369 4761 3554 4819 Sancti

230 4847 324 4894 tur
351 4837 700 4906 incredibile,
728 4837 913 4892 multa:
943 4837 1049 4892 hoc
1064 4835 1342 4908 hodieque
1372 4842 1699 4892 attestantur
1730 4852 1839 4892 non
1940 4839 2179 4894 Nichasii
2213 4840 2398 4896 Remis
2421 4840 2581 4896 datur
2595 4841 2768 4896 abbas
2788 4842 3204 4902 Gemblacensis
3231 4847 3343 4920 357.]

1589 4938 1810 4993 VARI/1‘3
1840 4939 2218 4996 LECTIONES.

307 5041 380 5115 ³ξ⁹
405 5043 741 5115 interﬂuens
763 5042 914 5096 addit
935 5057 1134 5115 manus
1161 5044 1388 5115 septima
1412 5041 1619 5115 eadem,
1649 5056 1767 5115 quae
1793 5042 1982 5115 ῘίηθηξΔ
2017 5041 2208 5115 codicis
2273 5043 2396 5097 inde
2436 5059 2490 5112 τι,
2551 5045 2687 5100 1145
2719 5045 2904 5102 Remis
2940 5054 3190 5107 exaravit
3245 5053 3364 5115 ;Bl.
3393 5052 3447 5107 ὕ.
3481 5052 3559 5108 Fl.

231 5111 287 5164 2,
322 5111 376 5177 3,
407 5111 478 5146 860
502 5111 596 5183 qui
626 5142 694 5152 .-
719 5120 976 5167 strenuus
1003 5114 1196 5168 desunt
1219 5113 1376 5178 84",
1408 5112 1472 5146 ³⁸³
1511 5111 1802 5166 Discordia:
1831 5142 1900 5151 —
1931 5110 2222 5166 discordiae
2258 5120 2318 5168 ut
2371 5110 2564 5170 desunt
2615 5117 2705 5171 Bt.
2747 5118 2799 5170 5.
2859 5119 3158 5178 Disce-diae
3187 5110 3256 5162 -ξ
3292 5123 3560 5177 ecclesia-

232 5183 388 5253 stica;
421 5198 673 5253 personae
709 5184 904 5238 desunt
945 5183 1073 5238 83*.
1109 5184 1198 5239 4".
1240 5183 1353 5236 μ’.
1387 5183 1456 5216 ⁸⁸³
1482 5183 1630 5237 addit
1660 5186 1720 5236 in
1758 5189 1800 5238 ι.
1825 5197 2026 5238 manus
2071 5187 2264 5252 quinta
2294 5201 2312 5251 ;
2346 5185 2440 5240 Bl.
2506 5186 2557 5241 5.
2592 5187 2683 5242 FI.
2731 5188 2786 5241 2.
2850 5189 2884 5242 3
2934 5191 3129 5247 desunt
3157 5193 3282 5246 83".
3314 5194 3402 5247 4⁸⁸.
3436 5193 3558 5248 4".

230 5251 303 5286 ³⁵³
325 5251 819 5325 MonasteriumA—
871 5253 1092 5324 expleto
1143 5255 1338 5309 desunt
1385 5253 1476 5308 BI.
1505 5254 1558 5307 5.
1591 5268 1605 5318 ;
1635 5256 1808 5325 initio;
1847 5256 1986 5325 anni
2009 5251 2124 5322 pou
2154 5255 2345 5325 Oppidi
2399 5264 2549 5325 parte
2587 5259 2847 5314 collocant
2877 5260 3006 5315 B3”.
3041 5265 3128 5317 μ.
3164 5263 3285 5316 4".
3308 5263 3379 5297 ³⁸⁸
3416 5265 3566 5320 addit

228 5339 436 5378 mnus
461 5327 681 5402 ιιιιὶηιιι⁵
714 5323 806 5378 Bl.
839 5323 1046 5402 3f._’4_'_.
1079 5326 1180 5402 ﬂ"
1209 5325 1382 5402 5_._FI_.
1417 5325 1470 5377 3.
1505 5325 1748 5402 ;_desunt
1778 5323 1868 5378 F1.
1923 5323 1994 5402 ³⁸1⁵
2018 5323 2478 5402 1)1ε.εςὶτιὶιλτι(ιῖιὶι.ςΔ
2511 5331 2690 5402 tertia,
2739 5333 2932 5402 incipit
2969 5337 3181 5401 quinta.
3213 5334 3284 5369 ³⁸⁸
3311 5333 3467 5392 Mons
3496 5367 3566 5378 —-

227 5402 619 5450 concrematur
645 5396 840 5451 desunt
871 5397 962 5450 BI.
999 5396 1051 5452 5.
1081 5395 1148 5430 ³⁸⁷
1179 5399 1330 5451 addit
1357 5399 1502 5450 inter
1529 5397 1702 5450 lineas
1728 5410 1928 5450 manus
1958 5397 2186 5464 incerta,
2221 5397 2311 5451 Μ.
2345 5398 2378 5454 3
2407 5399 2635 5464 ;desunt
2663 5399 2756 5456 Bl.
2789 5395 2874 5455 3".
2909 5395 2995 5458 υἱ
3026 5405 3146 5457 4”.
3169 5406 3219 5458 5.

1802 5499 2012 5554 NOTAE.

301 5599 452 5672 (373)
472 5601 830 5672 Godefridus.
2023 5601 2162 5672 1375)
2194 5603 2368 5659 Mons.

305 5671 449 5744 {374)
479 5671 709 5730 Demum
745 5671 858 5728 Kal.
879 5673 1014 5745 Aug.
1045 5671 1206 5730 1137.
