3894 6070
227 229 327 286 261

1162 224 1505 285 CllRONlCA.
1548 261 1614 270 —
1655 227 2088 286 CONTINUATIO
2127 227 2640 290 GEMBLACENSIS.

3453 239 3560 300 262

229 367 550 426 expugnare
590 352 859 418 nititur,a
887 353 1001 407 suis
1029 351 1326 408 derelictus
1377 362 1430 408 et
1479 355 1547 408 ab
1595 355 1847 410 hostibus
1871 364 1919 430 Α
1943 358 2211 412 munitum
2263 373 2388 411 eum
2435 358 2610 412 multo
2649 359 3070 416 inhabitantium
3121 365 3370 435 periculo
3427 384 3562 424 con-

231 446 596 517 interceptus,
627 447 846 516 capitur
871 454 924 501 et
965 447 1233 502 custodiae
1284 449 1648 519 mancipatur.
1686 450 1846 524 Plaga

232 540 378 612 ignis
407 540 579 596 divini
606 540 808 595 multos
849 541 1066 603 adurit;
1096 543 1204 596 sed
1247 558 1346 613 per
1387 543 1844 600 intercessionem

231 637 438 686 sancta:
486 631 584 686 Dei
634 631 918 703 genitricis
947 631 1126 686 Mariae
1157 633 1501 704 aliorumque
1531 641 1844 690 sanctorum

233 724 423 779 multis
451 724 554 779 hac
581 722 894 796 egritudine
925 723 1303 780 laborantibus
1333 725 1713 782 misericordia
1749 727 1844 781 Dei

231 816 512 873 subvenit.
560 817 672 873 Rex
717 819 1323 874 Jherosolimitanorum
1378 836 1500 874 cum
1542 837 1642 876 suo
1687 837 1850 876 excr-

232 908 362 971 citu,
409 908 575 963 fultus
605 910 809 964 auxilio
849 911 1294 974 Christianorum,
1350 911 1470 966 loca
1510 919 1718 976 sancta,
1755 913 1844 966 ubi

234 998 411 1068 pedes
471 998 686 1053 Domini
759 1005 1050 1063 steterant,
1104 999 1462 1066 visitantium,
1517 1001 1852 1056 Asealonitas

233 1085 386 1138 omni
433 1095 748 1140 commeatu
787 1088 1009 1142 excluso
1067 1095 1208 1142 terra
1238 1087 1486 1160 marique
1544 1097 1846 1164 Oppugnat,

233 1177 585 1248 quorundam
618 1177 783 1232 etiam
815 1178 1054 1233 hostium
1098 1186 1274 1234 castra
1317 1179 1712 1252 prepinquiora
1753 1197 1848 1236 ex-

233 1272 445 1338 pugnat
473 1265 563 1320 ³τ³.
595 1266 868 1322 Adelbero
915 1268 1078 1336 hujus
1108 1269 1350 1323 nominis
1397 1271 1674 1326 secundus
1705 1271 1846 1326 Leo-

232 1354 545 1410 dicensium
576 1355 894 1426 episcopus,
945 1357 1142 1412 dolens
1174 1357 1524 1415 fraudulenta
1563 1361 1848 1416 invasione

233 1442 456 1497 comitis
485 1441 778 1515 Raginoldi
829 1445 943 1513 jam
974 1461 1074 1516 per
1102 1447 1135 1499 7
1191 1462 1368 1501 annos
1403 1447 1673 1504 violenter
1715 1449 1848 1504 reti-

236 1533 359 1586 neri
392 1541 631 1588 castrum
667 1533 979 1602 Bulonium,
1011 1537 1160 1606 quod
1189 1553 1310 1592 cum
1341 1538 1601 1594 omnibus
1623 1555 1844 1610 appen-

235 1623 402 1679 diciis
459 1623 576 1678 suis
633 1623 889 1680 Otbertus
941 1627 1240 1698 episcopus
1289 1629 1463 1684 multa
1513 1646 1728 1684 summa
1758 1646 1848 1684 ar-

234 1713 391 1785 genti
427 1713 769 1785 adquisierat
825 1715 1110 1788 episcOpio
1145 1717 1489 1782 Leodicensi,
1533 1735 1636 1774 nec
1667 1720 1848 1774 ferens
1874 1682 1924 1750 Β

235 1814 448 1863 tantum
490 1809 714 1865 honoris
759 1817 813 1864 et
851 1811 1127 1867 commodi
1175 1812 1243 1866 ad
1296 1829 1524 1882 presens
1553 1813 1658 1868 sibi
1690 1822 1745 1869 et
1797 1815 1852 1867 in

236 1909 520 1973 posterum
559 1903 766 1959 auferri
792 1903 1058 1959 ecclesiae
1119 1906 1237 1972 Dei,
1279 1907 1708 1977 Oportunitatem
1765 1924 1854 1962 ex-

232 1993 544 2064 spectabat,
574 2011 681 2066 qua
697 1995 842 2064 juste
873 2002 1166 2066 repeteret,
1201 1998 1350 2067 quod
1381 1998 1628 2054 :ecclesia
1650 1999 1853 2070 injuste

232 2081 511 2135 amiserat.
546 2082 690 2137 Deus
735 2091 939 2147 autem,
972 2084 1066 2155 qui
1107 2085 1157 2138 ei
1207 2085 1275 2138 ad
1321 2086 1424 2140 hoc
1463 2085 1690 2142 dederat
1718 2087 1854 2143 affe-

232 2178 410 2234 ctum,
442 2169 602 2224 bona:
629 2169 892 2225 voluntati
923 2171 1044 2240 ejus
1087 2173 1243 2227 dedit
1269 2173 1543 2228 effectum.
1603 2177 1852 2248 lnspecta

232 2255 384 2310 enim
404 2258 802 2328 oportunitate,
833 2267 1072 2314 castrum
1105 2260 1324 2316 obsedit
1353 2278 1476 2317 cum
1510 2265 1680 2319 multa
1706 2265 1859 2336 equi-

232 2355 352 2402 tum
385 2348 750 2420 peditumque
777 2351 1148 2407 multitudine.
1186 2353 1313 2408 Plus
1341 2361 1527 2410 tamen
1569 2356 1640 2410 de
1669 2357 1856 2412 divino

232 2457 402 2513 quam
439 2443 508 2497 de
537 2443 780 2498 humano
839 2443 1128 2501 confidens
1177 2447 1404 2515 auxilio,
1462 2464 1664 2520 corpus
1711 2450 1858 2506 beati

233 2531 514 2588 Lamberti
561 2533 630 2588 ad
697 2535 876 2590 locum
935 2537 1246 2593 obsidionis
1295 2540 1462 2609 jussit
1505 2540 1728 2608 deferri,
1780 2543 1859 2598 sic

238 2637 477 2692 Spei-aus
522 2622 672 2693 quod
702 2622 1054 2681 inchoaverat
1105 2627 1418 2696 prosperari
1456 2637 1510 2684 et
1540 2629 1854 2688 accelerari.

239 2709 356 2764 Nec
396 2709 684 2766 frustratus
725 2719 810 2766 est
834 2729 932 2783 spe
981 2729 1099 2770 sua.
1143 2715 1202 2768 [ιι
1235 2715 1426 2786 paucis
1463 2717 1610 2772 enim
1660 2719 1859 2774 diebus

239 2809 481 2858 castrum
514 2803 871 2875 recepitcum
905 2805 998 2860 Dei
1035 2813 1090 2861 et
1121 2808 1297 2863 sancti
1329 2808 1598 2864 Lamberti
1633 2811 1860 2878 auxilio,

241 2891 396 2961 quod
423 2891 598 2948 multo
643 2901 911 2964 tempore,
943 2895 1238 2951 multorum
1296 2897 1486 2954 labore
1531 2899 1726 2967 nimio,
1773 2903 1862 2956 vix

241 2981 412 3054 longa
448 2980 786 3037 reddidissot
822 2982 1060 3038 obsidio.
1115 2985 1326 3048 Quanta
1381 2987 1456 3041 ibi
1509 2989 1860 3060 contigerint,

1949 446 2224 500 cremarit.
2258 447 2315 499 ln
2341 447 2442 500 hoc
2469 446 2654 514 pra-lio
2709 450 2792 503 vel
2836 449 3094 506 incendio
3125 455 3288 524 capti,
3325 457 3437 511 cesi
3469 468 3564 516 aut

1947 533 2304 598 concremati,
2335 533 2403 586 ad
2462 532 2613 588 mille
2657 536 2991 606 quingentos
3027 551 3156 596 sunt
3205 543 3464 600 estimati.
3499 547 3560 602 In

1944 623 2146 678 vicinia
2181 623 2506 680 Levantensi
2539 629 2644 682 mel
2681 627 2907 682 stillavit
2947 631 3017 684 de
3064 631 3199 687 caalo
3233 633 3286 687 in
3336 637 3560 696 modum

1947 718 2166 787 pluviae,
2201 719 2348 790 quod
2389 736 2575 775 verum
2609 722 2717 776 mel
2759 721 2922 778 fuisse
2983 727 3348 794 probaverunt
3404 733 3562 788 multi

1948 813 2090 880 visu,
2118 821 2284 886 gustu
2309 822 2364 872 et
2385 818 2840 874 contrectatione.
2883 819 3214 876 Godefridus
3239 823 3428 893 junior
3451 827 3560 882 dux

1950 899 2312 975 Lotharingim
2356 911 2549 975 quarto
2583 921 2728 960 anno
2759 907 2841 960 sui
2902 908 3134 964 ducatus
3186 913 3416 968 moritur
3467 916 3556 971 ³⁷⁷.

1954 992 2236 1048 Cunradus
2275 1010 2364 1049 rex
2400 997 2456 1050 in
2494 996 2662 1067 opido
2709 999 2856 1068 quod
2905 999 3302 1058 Frankenefort
3339 1005 3560 1074 dicitur,

1952 1095 2073 1134 cum
2109 1081 2278 1135 multa
2311 1081 2622 1153 frequentia
2670 1086 2992 1154 optimatum
3035 1089 3190 1163 regni
3221 1091 3329 1158 sui,
3357 1093 3564 1148 curiam

1952 1166 2140 1236 haduit
2167 1170 2312 1239 (Jun.
2347 1171 2422 1242 7),
2453 1179 2506 1226 et
2567 1189 2689 1243 quae
2745 1174 3122 1232 conﬁrmanda
3151 1189 3328 1245 erant,
3372 1196 3567 1238 eorum

1950 1259 2184 1315 consilio
2215 1268 2270 1316 et
2315 1261 2526 1331 judicio
2557 1263 2921 1328 conﬁrmavit,
2965 1273 3018 1322 et
3067 1269 3396 1342 corrigenda
3443 1291 3565 1332 cor-

1947 1346 2103 1401 rexit.
2165 1349 2380 1404 Deinde
2419 1367 2542 1405 cum
2603 1367 2716 1407 non
2765 1354 2939 1410 multo
2980 1357 3240 1412 comitatu
3274 1376 3567 1435 aggressus

1947 1439 2211 1509 quosdam
2264 1440 2579 1498 Sclavorum
2623 1443 2858 1498 rebelles
2902 1462 3130 1518 regnum
3176 1449 3568 1521 inquietantes,

1947 1547 2082 1596 non,
2124 1539 2181 1586 ut
2205 1535 2436 1604 putavit,
2471 1523 2567 1590 eos
2606 1535 2902 1606 imperatos
2947 1538 3172 1594 invenit.
3218 1540 3456 1614 ideoque
3485 1546 3564 1599 vi-

1949 1619 2126 1675 riliter
2155 1621 2542 1677 resistentibus
2571 1624 2639 1676 ad
2657 1623 2845 1678 horam
2880 1626 3061 1682 cessit.
3100 1628 3211 1683 Nec
3242 1631 3413 1686 multo
3445 1640 3570 1703 post

1953 1711 2187 1766 incautis
2251 1714 2654 1784 superveniens
2705 1714 3061 1786 improvisus,
3130 1721 3334 1776 multos
3376 1737 3568 1778 eorum

1953 1799 2100 1869 cepit
2149 1807 2246 1853 aut
2273 1801 2498 1868 occidit,
2557 1803 2756 1858 mnltos
2783 1820 2972 1860 eorum
3033 1807 3086 1860 in
3143 1807 3326 1882 fugam
3357 1827 3566 1878 versos,

1954 1888 2011 1942 in
2041 1888 2265 1949 ﬂumen.
2289 1891 2435 1962 quod
2456 1893 2773 1966 contiguum
2803 1906 2940 1962 erat,
2961 1897 3260 1964 demersit,
3325 1901 3566 1972 reliquos

1953 1984 2125 2039 multa
2145 1999 2363 2040 summa
2380 1986 2610 2059 gratiam
2642 2003 2794 2042 suam
2857 1991 3192 2046 redimentes
3222 1995 3290 2048 ad
3321 1995 3568 2050 deditio-

1954 2090 2079 2128 nem
2120 2077 2384 2146 compulit
2463 2077 2520 2130 ln
2567 2079 2828 2148 parochia
2883 2081 3262 2138 Gemblacensi
3291 2093 3452 2140 natus
3482 2094 3570 2142 est

1956 2179 2094 2233 puer
2123 2172 2522 2233 monstruosus,
2553 2166 2649 2237 qui
2695 2167 2963 2224 miraculo
2993 2177 3048 2225 et
3080 2171 3296 2227 horrori
3331 2189 3391 2229 se
3418 2175 3568 2245 aspi-

1959 2254 2237 2310 cientibus
2263 2255 2382 2311 fuit.

2029 2347 2186 2402 1143.
2404 2348 2457 2405 6.
2675 2350 2728 2406 7.
2947 2353 3000 2407 7.
3222 2356 3310 2411 13.

2033 2437 2279 2511 Regnum
2309 2439 2379 2473 ³⁷³
2410 2438 2734 2495 Francorum
2766 2458 3020 2516 magnam
3054 2443 3258 2513 patitur
3283 2447 3572 2516 perturba-

1961 2525 2164 2581 tionem
2189 2526 2592 2598 bellorum,per
2621 2529 2953 2585 discordiam
2984 2531 3131 2605 regis
3157 2541 3214 2587 et
3241 2533 3573 2606 principum,

1925 2611 1930 2616 ’
1960 2611 2104 2670 inter
2126 2631 2265 2687 quos
2295 2615 2576 2671 eminebat
2604 2617 2923 2673 Tietbaldus
2963 2635 3148 2675 comes
3180 2621 3576 2689 Blesiensium,

1963 2705 2074 2760 Rex
2101 2705 2416 2778 Anglorum,
2450 2707 2683 2762 necdum
2708 2715 2902 2778 pacato
2929 2725 3100 2782 regno
3139 2725 3260 2778 suo,
3284 2721 3576 2768 contuma-

1963 2814 2056 2854 ces
2099 2799 2394 2874 subjugare
2423 2800 2660 2865 volebat,
2691 2803 2790 2861 sed
2821 2818 2930 2858 non
2971 2804 3210 2871 valebat,
3241 2807 3372 2878 quia
3403 2815 3574 2862 tutam

1965 2887 2129 2942 fidem
2185 2905 2452 2960 nusquam
2513 2890 2844 2960 reperiebat,
2899 2901 2954 2946 et
3021 2904 3252 2949 conatus
3287 2911 3417 2951 suos
3464 2913 3575 2952 non

1965 2979 2275 3050 prosperari
2305 2981 2403 3034 sed
2435 2980 2681 3035 frustrari
2730 2981 2972 3038 dolebat.
3003 2982 3288 3041 Cunradus
3320 3003 3412 3041 rex
3435 3003 3574 3042 con-

240 3050 452 3144 qua'ma
482 3074 648 3129 etiam
670 3090 818 3130 nunc
845 3076 1169 3150 contingam
1200 3077 1267 3132 ad
1292 3093 1493 3150 corpus
1524 3050 1862 3136 Matinum.
1885 3050 1934 3118 Ο
1964 3071 2128 3125 cessit
2159 3070 2274 3126 tilio
2303 3069 2582 3126 Godefridi
2636 3073 2791 3128 ducis
2829 3073 3063 3142 junioris
3093 3077 3272 3130 adhuc
3318 3079 3572 3148 puerulo,
3631 3147 3640 3156 ι

241 3164 390 3218 berti
422 3165 811 3221 miraculorum
839 3166 1098 3240 insignia,
1126 3169 1254 3240 quia
1285 3185 1394 3225 non
1423 3178 1506 3226 est
1541 3171 1703 3241 hujus
1729 3189 1862 3244 ope-

246 3254 344 3320 ris,
369 3255 822 3324 prudentioribus
841 3257 1210 3330 relinquimus
1230 3261 1538 3317 estimanda
1563 3263 1668 3330 vel,
1701 3264 1748 3318 si
1780 3265 1863 3321 eis

245 3347 537 3417 placuerit,
571 3347 940 3404 describenda
964 3350 1054 3404 3'”.

319 3434 478 3490 1142.
591 3435 750 3491 Β.5.
865 3437 920 3491 F.
963 3438 1016 3494 6.
1131 3439 1285 3493 A.6.
1403 3440 1461 3494 H.
1575 3441 1662 3494 12.

318 3523 436 3578 Rex
465 3523 534 3558 375
563 3525 883 3597 Anglorum,
907 3527 1238 3597 quibusdam
1273 3528 1424 3597 pacis
1452 3529 1868 3585 conditionibus

248 3611 466 3667 solutus
506 3628 538 3666 a
585 3613 838 3683 captione
869 3631 978 3685 qua
1029 3614 1340 3680 tenebatur,
1389 3615 1586 3670 iterum
1627 3617 1866 3692 Anglicae

245 3701 402 3774 genti
434 3700 782 3772 principatur
811 3702 898 3757 5"“.
926 3703 1035 3758 Rex
1052 3703 1381 3758 Francorum
1411 3704 1730 3774 frequenter
1751 3721 1870 3759 am-

247 3804 489 3844 monens
537 3799 592 3844 et
625 3805 724 3859 per
751 3805 810 3844 se
863 3798 916 3845 et
948 3807 1044 3862 per
1096 3791 1304 3864 legatos
1358 3806 1489 3846 suos
1519 3792 1866 3848 Tietbaldum

243 3878 508 3933 comitem
543 3877 926 3944 Blesiensium,
970 3894 1040 3932 ne
1075 3878 1346 3933 violenter
1387 3879 1670 3934 invaderet
1696 3888 1750 3936 et
1773 3898 1865 3936 re-

247 3971 456 4026 tineret
493 3971 695 4036 aliena,
737 3986 858 4024 cum
892 3970 941 4025 ei
973 3970 1104 4024 satis
1142 3986 1423 4042 superque
1459 3979 1684 4042 possent
1712 3972 1866 4027 sut'li-

242 4079 377 4120 cere
453 4063 697 4132 propria,
777 4062 1182 4124 animadvertit,
1259 4078 1435 4135 eaque
1499 4066 1868 4120 ammonendo

245 4154 490 4217 dicebat,
509 4154 692 4208 surdis
719 4154 946 4208 auribus
965 4154 1168 4220 audiri,
1193 4154 1544 4227 decrevitque
1571 4158 1868 4230 pugnando

248 4261 444 4320 agere,
506 4262 574 4300 ne
631 4255 818 4316 posset
855 4246 1156 4302 contemni.
1213 4245 1456 4318 Denique
1522 4263 1644 4300 cum
1697 4248 1867 4304 multo

249 4338 516 4392 comitatu
557 4353 851 4412 aggressus
881 4347 1114 4392 castrum
1167 4337 1306 4406 ejus,
1347 4339 1494 4410 quod
1538 4339 1866 4395 Vitreiacum

1964 3165 2228 3236 quicquid
2262 3165 2520 3222 beneﬁcii
2558 3169 2644 3223 vel
2676 3169 2902 3224 honoris
2935 3182 3313 3228 antecessores
3343 3173 3465 3242 ejus
3483 3175 3580 3228 ha-

1963 3257 2288 3313 buerantde
2318 3276 2482 3314 manu
2535 3259 2902 3332 imperatoris.
2949 3263 3151 3338 Pagani
3194 3265 3357 3320 vicini
3386 3265 3576 3322 Hiero-

1967 3335 2292 3401 solimitanis
2317 3347 2650 3414 christianis,
2682 3351 2880 3418 pertesi
2903 3335 3169 3406 malorum
3193 3359 3244 3406 et
3266 3353 3576 3424 frequentis

1966 3438 2862 3509 OppugnationisChristianorum,
2906 3451 3122 3510 pactum
3155 3443 3304 3512 pacis
3336 3443 3580 3498 inierunt

1967 3545 2088 3583 cum
2120 3529 2220 3595 eis,
2255 3539 2309 3584 et
2348 3536 2536 3596 terras,
2587 3547 2722 3602 quas
2762 3532 2842 3586 eis
2871 3533 3158 3587 christiani
3207 3535 3570 3602 abstulerant,

1967 3628 2022 3675 et
2040 3637 2161 3692 qua:
2195 3620 2412 3675 inculta:
2443 3629 2618 3686 erant,
2649 3621 2753 3676 sub
2785 3623 2988 3678 tributo
3019 3624 3281 3679 colendas
3308 3640 3578 3696 suscepe-

1970 3709 2177 3763 runtab
2201 3709 2301 3764 eis.
2326 3708 2620 3781 Gregorius
2649 3727 2811 3782 papa,
2836 3711 2930 3782 qui
2953 3720 3008 3768 et
3037 3713 3412 3777 innocentius.
3439 3715 3579 3770 obiit

1970 3797 2139 3867 (Sept.
2179 3799 2286 3866 24).
2321 3798 2500 3862 Wido,
2535 3799 2628 3871 qui
2659 3808 2714 3854 et
2755 3800 3096 3862 Caelestinus,
3141 3819 3282 3874 papa
3314 3804 3582 3871 succedit,

2043 3887 2064 3939 Ἰ
2086 3887 2100 3939 l
2122 3888 2200 3940 it.
2421 3888 2472 3939 7.
2692 3889 2744 3944 8.
2964 3890 3018 3943 8.
3242 3891 3330 3946 M.

2043 3974 2224 4029 lliems
2269 3975 2375 4029 hoc
2414 3991 2559 4030 anno
2594 3976 2875 4032 nimietate
2904 3977 3100 4047 pluvia:
3127 3985 3182 4033 et
3211 3987 3376 4034 vento
3420 3979 3587 4034 vehe-

1973 4063 2141 4118 menti
2173 4064 2480 4134 periculOsa
2525 4065 2702 4122 extitit
2746 4072 2800 4120 et
2839 4067 3126 4134 damnosa,
3161 4067 3218 4122 in
3264 4073 3496 4134 tantum,
3524 4075 3582 4122 ut

1969 4154 2153 4218 silvas,
2189 4156 2413 4226 templa,
2472 4163 2650 4212 turres
2688 4167 2743 4212 ct
2771 4157 3010 4224 edificia,
3069 4175 3192 4230 qua:
3253 4161 3587 4231 putabantur

1970 4243 2302 4309 ﬁrmissima,
2360 4253 2455 4299 aut
2508 4243 2756 4300 funditus
2809 4245 3158 4313 subvertcrit,
3223 4255 3316 4302 aut
3390 4265 3590 4322 magna

1967 4352 2036 4390 ex
2067 4346 2218 4406 parte
2251 4336 2601 4392 destruxerit.
2639 4337 2819 4404 Wido,
2860 4337 2955 4408 qui
3003 4345 3058 4391 et
3109 4336 3452 4406 Caelestinus,
3493 4339 3586 4409 qui

249 4434 476 4497 dicitur,
507 4433 782 4504 Opidanos
811 4441 865 4488 et
885 4432 1086 4487 milites
1117 4433 1220 4487 sibi
1257 4434 1576 4489 resistentes
1603 4444 1694 4489 aut
1721 4435 1867 4506 cepit
1897 4415 1950 4483 D
1973 4424 2232 4480 Romam“
2270 4424 2536 4480 ωοοιθείεθ
2572 4425 2729 4480 ¹63ι¹³
2761 4425 3093 4496 Vosmet)“:
3123 4425 3262 4480 οῧίίῐ
3292 4425 3481 4497 (Μανία
3511 4427 3587 4495 9)-

249 4528 346 4576 aut
389 4521 614 4576 occidit.
647 4520 823 4592 Opido
863 4535 1151 4583 succenso,
1203 4519 1258 4574 in
1314 4531 1520 4576 tantum
1585 4523 1728 4596 ignis
1767 4540 1866 4578 ex-
1969 4518 2259 4583 GerarduS,
2319 4518 2414 4590 qui
2467 4526 2522 4574 et
2571 4517 2794 4582 LUCiUS.
2851 4532 2993 4586 ρειρει
3043 4517 3330 4574 8υοϐθεείῐ-
3394 4518 3586 4573 Fames

250 4613 442 4679 crevit,
481 4622 536 4668 ut
590 4613 752 4668 etiam
811 4619 1072 4678 castrum,
1111 4612 1261 4683 quod
1319 4613 1370 4666 in
1439 4630 1506 4669 eo
1558 4623 1674 4668 erat
1707 4616 1866 4670 valde
1967 4614 2309 4684 gravissima,
2344 4615 2448 4670 hoc
2477 4629 2622 4668 anno
2654 4613 2855 4668 multos
2910 4611 3136 4678 afﬂixit;
3199 4613 3401 4670 multos
3430 4614 3593 4694 pani3

1606 4713 1826 4768 VARIIE
1865 4713 2243 4769 LECTIONES.

326 4813 398 4848 ³⁷⁸
414 4813 725 4884 εεᾳυεητίαν
757 4813 981 4884 multum
1035 4813 1339 4869 decw'tavit
1373 4813 1500 4868 84’.
1599 4814 1668 4849 37‘
1701 4819 1807 4871 llic
1867 4817 1958 4871 F2.
2005 4817 2162 4870 addit
2199 4831 2213 4867 :
2251 4835 2276 4864 α
2327 4812 2632 4884 Ludovicus
2659 4827 2750 4866 rex
2780 4811 3110 4867 Francorum
3179 4812 3594 4871 adolescentior

252 4886 438 4940 adhuc
477 4883 770 4966 con-cessit.
799 4883 1750 4966 ecclesicntlutiiriceusilibertatein
1795 4886 2038 4961 eligendi
2095 4885 2150 4939 in
2190 4883 2663 4966 archiepiscopum
2696 4898 2860 4966 quem
2902 4885 3108 4964 veilent
3139 4892 3373 4956 excepto
3429 4885 3591 4966 Petro

255 4963 500 5036 cognato
557 4955 824 5036 Hemerici
863 4955 1204 5036 canceLlarii_,
1231 4955 1545 5036 juravitque
1577 4955 1796 5036 publice
1851 4954 2043 5036 s‘uper_
2071 4965 2256 5036 sancta
2297 4954 2604 5036 ew‘angelia
2640 4954 2789 5036 quod
2841 4969 2902 5010 se
2935 4954 3150 5036 vivente
3204 4954 3316 5036 non
3347 4965 3466 5012 erat
3495 4955 3590 5036 ilic

251 5025 477 5082 fut'urus
508 5025 1004 5106 archiepisc0pus..
1037 5026 1134 5090 Qui
1177 5033 1355 5106 tamen
1403 5025 1612 5106 electus
1658 5026 1884 5106 Romam
1917 5025 2198 5106 proiertus
2248 5033 2332 5079 est
2388 5032 2444 5079 et
2464 5025 2842 5106 iconseeratus
2897 5042 2930 5080 a
2977 5027 3204 5082 domino
3262 5027 3588 5106 Innocentio

254 5099 482 5176 dicente
508 5113 694 5176 regem
728 5113 961 5176 puerum
991 5096 1374 5176 instruendum
1399 5107 1455 5176 et
1470 5097 1842 5176 cohibendum
1873 5096 2176 5176 natalibus
2201 5102 2501 5176 assuescat,
2525 5102 2583 5176 e_t_
2607 5096 2819 5176 adjecit
2849 5111 3032 5176 veram
3074 5112 3184 5152 non
3210 5111 3331 5151 esse
3363 5096 3590 5176 liberta-

254 5178 368 5226 tem
423 5167 522 5222 ubi
559 5167 685 5238 quis
713 5167 987 5238 excipitur
1008 5183 1045 5238 7a
1094 5167 1345 5238 principe
1403 5167 1509 5222 nisi
1563 5168 1701 5222 forte
1743 5169 1994 5224 docuerit
2041 5182 2222 5222 coram
2285 5167 2659 5238 ecclesiastico
2709 5167 2891 5236 judice
2949 5168 3100 5222 illum
3145 5181 3431 5238 non_ress‘e
3466 5167 3592 5238 eli-

254 5184 368 5226 tem
423 5184 522 5222 um
601 5184 685 5222 uis
713 5184 1045 5238 exerpuura
1094 5184 1345 5238 principe
1403 5184 1509 5222 ms:
1563 5184 1701 5222 torte
1743 5184 1994 5224 docuerit
2041 5184 2222 5222 coram
2285 5184 2659 5222 ecetesmsueo
2709 5184 2891 5236 juaice
2949 5184 3100 5222 nium
3145 5184 3252 5222 non
3309 5184 3431 5221 esse
3491 5184 3592 5220 en-

252 5239 530 5315 gendum.
557 5184 708 5294 fllunc
745 5239 893 5294 enim
916 5237 1138 5315 auditur
1162 5246 1221 5293 ut
1249 5239 1512 5315 aliusrex
1551 5239 1785 5315 exclusit
1827 5237 2304 5315 archiepiscopum
2339 5237 2658 5315 redeuntem
2689 5238 2787 5294 sed
2828 5254 2952 5294 eum
3003 5253 3190 5315 comes
3241 5235 3592 5315 Theobaldus

253 5307 572 5393 Fecepitﬁin
604 5317 745 5364 terra
783 5327 883 5364 sua
916 5351 928 5364 .
989 5308 1050 5393 ei
1070 5324 1264 5393 omnes
1295 5309 1528 5390 ecclesie
1557 5311 1912 5366 obediebant.
1975 5307 2306 5393 Indignatus
2344 5315 2427 5362 est
2455 5307 2681 5393 obuh‘oc
2733 5325 2832 5393 rex.
2881 5309 3065 5363 comiti
3113 5307 3428 5393 Theobaldo
3464 5344 3478 5360 .
3536 5317 3595 5364 et

251 5379 454 5439 omnes
480 5379 594 5436 fere
627 5395 888 5458 proceres
915 5380 1180 5458 excitavit
1187 5380 1340 5458 utnei
1393 5395 1515 5458 eam
1562 5397 1989 5458 regcrguerram
2042 5379 2332 5458 inferrent.
2378 5399 2406 5429 υ
2445 5450 2455 5458 .
2499 5379 2568 5414 ³⁷⁵
2598 5385 2764 5435 totum
2811 5379 2952 5458 hunc
2988 5394 3209 5458 annum.
3236 5379 3352 5458 alia
3396 5393 3596 5458 manus

249 5455 516 5509 exaravit
551 5449 760 5506 calamo
807 5455 1076 5507 continuo.
1160 5451 1231 5532 δῖε
1252 5453 1354 5506 Hic
1411 5450 1502 5506 F2.
1565 5449 1828 5533 αςζᾶἱτῖχι
1871 5453 2083 5533 Comes
2119 5449 2304 5533 Radlis
2346 5450 2533 5533 regine
2573 5465 2820 5533 sororem
2850 5449 3066 5533 ducit,
3111 5449 3304 5533 relicta
3355 5449 3599 5533 conjuge

250 5540 394 5596 suai,
448 5538 587 5596 rege
611 5530 940 5596 procurante
982 5538 1080 5596 per
1109 5522 1402 5596 episcopos
1428 5537 1561 5596 suos
1589 5522 1894 5596 divorcium
1922 5530 2124 5596 negata
2144 5519 2451 5596 audiencia
2476 5521 2709 5596 _rnu|ieri
2741 5564 2754 5584 ,
2803 5527 2866 5596 _ct
2899 5521 3004 5596 hoc
3045 5522 3098 5576 in
3132 5519 3395 5596 invidiam
3419 5519 3602 5572 conii-

251 5596 325 5651 tis
344 5592 653 5650 Theobaldi
720 5618 746 5640 ιι
813 5593 880 5628 ³⁷⁷
900 5592 1232 5649 Godefridus
1258 5592 1328 5634 -ἑ-
1357 5593 1587 5647 moritur
1611 5594 1803 5650 desunt
1835 5595 1959 5648 B3“.
1979 5592 2063 5649 β.
2095 5592 2218 5647 4".

2304 5593 2375 5629 ³⁷⁸
2394 5593 2538 5648 redit
2567 5607 2764 5649 manus
2793 5591 2879 5660 1η,
2919 5594 3126 5649 calamo
3151 5595 3402 5648 conttnuo
3427 5601 3612 5656 usque

251 5667 491 5723 advoces
518 5664 856 5721 destruxerit
887 5667 1046 5721 initio
1077 5666 1212 5719 anni
1229 5665 1516 5734 sequentis.
