3894 6070
299 262 402 319 ‘263

1524 238 1859 296 SIGEBEBTI
1902 233 2414 292 GEMBLACENSIS.

3525 234 3633 290 264

297 379 526 456 penuria
580 370 916 448 pauperavit.
956 371 1016 422 1n
1046 380 1219 440 regno
1277 369 1459 419 autem
1507 361 1803 436 Anglorum
1845 360 1900 413 in
1925 370 1979 435 Α
2008 358 2185 413 aetatis
2212 357 2501 414 christiani
2534 356 2898 424 trucidantur,
2926 356 3311 412 adolescentes
3341 356 3630 428 utriusque

295 449 502 530 tantum
535 465 731 521 dicitur
780 456 1135 531 prevaluisse,
1180 459 1240 508 ut
1292 453 1584 507 maximam
1616 449 1900 518 utriusque

294 579 458 621 sexus
500 552 908 613 multitudinem
939 546 1237 622 contigerit
1291 544 1434 598 fame
1474 543 1750 598 interisse.
1792 541 1903 595 Nec

293 646 672 721 tantummodo
711 654 984 714 pauperes
1025 644 1080 693 et
1116 634 1444 698 mediocres,
1491 631 1586 686 sed
1626 639 1681 685 et
1711 646 1899 685 eorum

294 742 473 807 multi,
513 736 609 810 qui
650 731 986 806 putabantur
1031 725 1138 782 sibi
1186 723 1527 780 sufficientes
1575 737 1720 787 esse,
1761 721 1900 776 duro

292 838 454 896 famis
506 830 692 909 gladio
751 827 1082 899 perurgente
1142 817 1317 877 coacti
1388 824 1516 873 sunt
1572 815 1708 870 alias
1745 813 1905 909 emi-

291 942 471 1005 grare,
510 904 586 978 ut
625 918 826 974 malum
885 910 1086 982 inepize
1132 910 1179 964 si
1235 924 1344 963 non
1385 923 1453 962 ex
1511 911 1624 961 toto
1674 904 1902 966 evitare,

290 999 481 1076 saltem
542 1017 765 1086 possent
836 1005 1114 1062 alleviare.
1165 1002 1411 1056 Triticete
1471 999 1665 1054 messis
1734 1004 1908 1049 matu—

291 1109 428 1165 ritas
455 1113 511 1162 et
547 1085 819 1159 collectio
843 1094 1095 1167 provenit
1132 1091 1344 1145 tardius
1378 1088 1568 1153 solito;
1629 1087 1779 1157 quia,
1826 1085 1907 1139 ni-

291 1200 520 1254 mietate
546 1192 745 1266 pluviae
775 1186 1134 1258 impediente,
1178 1182 1267 1236 vix
1306 1187 1607 1251 potuerunt
1637 1190 1911 1232 messores

292 1294 327 1346 8
366 1291 480 1345 Kal.
514 1282 798 1356 Septemb.
832 1286 1060 1341 metere,
1115 1273 1266 1345 quod
1322 1269 1616 1342 aliquoties
1668 1268 1910 1322 vidimus

295 1381 453 1438 e088
512 1378 621 1433 Kal.
657 1371 883 1448 Augusti
941 1366 1259 1423 messuisse.
1318 1363 1486 1418 Fulco
1533 1365 1762 1432 quartus
1812 1374 1906 1412 rex

295 1464 852 1528 Jherosolimitarum,
883 1458 954 1512 15
1005 1471 1150 1511 anno
1182 1453 1338 1525 regni
1391 1452 1475 1506 sui
1506 1452 1618 1505 vita
1650 1448 1904 1503 decessit.

297 1557 600 1614 Balduinus
630 1551 776 1606 ﬁlius
828 1547 951 1617 ejus
980 1544 1031 1599 ei
1062 1540 1330 1598 successit
1408 1541 1517 1594 Rex
1577 1539 1909 1593 Francorum

296 1650 480 1705 sciens
509 1644 637 1716 quia
665 1635 1005 1712 perturbatio
1037 1631 1233 1703 capitis
1263 1629 1602 1702 perturbatio
1632 1635 1716 1682 est
1739 1642 1911 1716 mem-

2005 466 2166 505 sexus
2197 466 2297 521 per
2323 450 2571 504 diversas
2614 464 2952 525 paganorum
2983 448 3298 520 provincias
3350 450 3406 503 in
3436 464 3631 503 servos
3682 492 3685 493 ν

2002 549 2057 596 et
2098 541 2327 596 ancillas
2367 540 2771 595 venundantur.
2832 540 3221 607 Northmanni,
3279 538 3374 610 qui
3418 537 3629 609 subditi

2002 623 2220 690 fuerant
2251 635 2505 690 lleinrico
2536 634 2984 709 regiAnglorum,
3010 633 3477 705 parvipendentcs
3500 647 3628 685 suc-

2002 741 2280 781 cessorem
2311 726 2432 794 ejus
2460 726 2822 796 Stephanum,
2854 725 3098 780 subdunt
3147 742 3209 781 se
3240 723 3501 801 regimini
3530 739 3626 778 eo-

2004 818 2153 872 mitis
2182 816 2678 891 Andegavensium.
2714 817 2997 872 Cunradus
3032 833 3126 871 rex
3161 817 3319 887 Apud
3352 816 3628 870 Atherna-

2006 921 2127 960 cum
2161 906 2216 960 in
2275 905 2475 960 vicinia
2503 905 2862 961 Treverorum
2904 912 3266 975 pentecosten
3325 902 3629 958 celebravit

2009 998 2138 1063 (Jun
2191 995 2265 1065 3),
2299 1000 2352 1050 et
2380 995 2646 1066 quosdam
2702 993 2810 1049 sibi
2844 996 3079 1049 rebelles
3136 994 3514 1068 Oppugnando
3572 1000 3630 1045 et

2013 1087 2383 1160 expugnando
2414 1087 2481 1141 ad
2510 1086 2849 1142 deditionem
2881 1086 3170 1157 compulit.

2086 1182 2240 1236 1146.
2461 1182 2516 1235 9.
2739 1179 2822 1235 10.
3041 1180 3129 1235 10.
3348 1179 3400 1234 2.

2084 1272 2300 1327 Heresis
2332 1272 2649 1327 Eunitarum
2681 1270 2823 1326 intra
2862 1271 3198 1326 Brittannias
3214 1268 3461 1340 pullulat.
3509 1267 3626 1322 Ho-

2009 1379 2124 1416 rum
2160 1362 2420 1433 princeps
2445 1371 2562 1417 erat
2601 1362 2823 1433 quidam
2862 1377 3135 1433 perversa:
3162 1360 3386 1425 mentis,
3438 1359 3627 1414 Eunus

2009 1451 2265 1513 nomine;
2299 1451 2394 1521 qui
2423 1467 2546 1505 cum
2566 1458 2711 1506 esset
2736 1451 2926 1516 idiota,
2951 1461 3007 1507 et
3030 1450 3181 1522 ipsos
3207 1450 3392 1521 apices
3421 1447 3632 1502 littera-

2013 1561 2129 1599 rum
2153 1546 2238 1599 vix
2270 1555 2615 1616 agnosceret,
2645 1553 2829 1601 tamen
2861 1547 3072 1616 polluto
3103 1560 3199 1599 ore
3231 1544 3299 1598 de
3326 1542 3528 1598 divinis
3559 1542 3628 1595 li-

2013 1637 2129 1691 bris
2152 1637 2413 1692 tractabat
2443 1645 2499 1691 et
2528 1635 2860 1708 disputabat.
2898 1638 2995 1691 Hic
3010 1635 3221 1691 nefario
3251 1653 3387 1691 ausu
3416 1634 3628 1713 absque

295 1714 546 1799 brorum,
576 1728 872 1785 utsedaret
898 1720 1341 1795 perturbationes
1363 1718 1519 1791 regni
1546 1716 1651 1780 sui,
1686 1714 1907 1786 acquie-

2022 1728 2186 1783 sacris
2231 1728 2520 1782 ordinibus
2551 1728 2746 1783 missas
2787 1727 3107 1783 celebrabat
3136 1726 3383 1800 indigne,
3439 1726 3507 1779 ad
3538 1742 3629 1780 er-

294 1815 753 1881 vitconfuaderari
780 1816 818 1869 Τ
824 1810 1065 1867 ietbaldo
1118 1806 1477 1863 Blesiensium
1520 1804 1727 1860 comiti.
1769 1801 1910 1856 Cun-

300 1915 465 1971 radus
506 1929 596 1967 rex
627 1909 809 1965 sciens
836 1921 936 1976 per
960 1919 1037 1964 se,
1054 1901 1235 1955 sciens
1258 1897 1645 1971 religiosorum
1669 1894 1909 1949 virorum

300 2004 721 2067 ammonitione,
755 2002 1017 2069 quantum
1062 1990 1383 2046 reverentiae
1416 1988 1685 2043 debeatur
1716 1985 1910 2041 aeccle-

298 2096 522 2153 siastico
555 2089 757 2157 ordini,
782 2086 869 2142 cui
906 2086 1048 2139 Deus
1086 2081 1246 2136 dicit:
1279 2081 1382 2145 Qui
1411 2083 1585 2146 tangat
1640 2091 1751 2140 vos,
1786 2080 1911 2128 tan-

296 2191 378 2257 git
399 2185 674 2257 pupillam
703 2179 844 2234 oculi
865 2178 998 2240 mei;
1031 2173 1075 2228 si
1108 2186 1246 2243 quos
1276 2170 1449 2224 elatos
1479 2168 1618 2221 fastu
1647 2164 1912 2257 secularis

296 2256 558 2349 potentiae
587 2279 775 2327 contra
806 2267 1103 2339 episcorios
1133 2264 1219 2317 vel
1250 2272 1439 2316 contra
1470 2259 1608 2313 alios
1649 2256 1911 2311 aecclesiaa

297 2346 501 2423 sanctae
529 2364 771 2436 prelatos
800 2363 1025 2413 noverat
1054 2352 1362 2408 insolenter
1389 2364 1579 2423 agere,
1606 2346 1754 2420 regia
1782 2361 1913 2400 cen-

296 2475 428 2515 sura
453 2456 683 2531 cogebat
709 2467 807 2507 eos
836 2449 905 2503 ab
928 2445 1221 2502 insolentia
1243 2442 1535 2506 desistere,
1564 2448 1619 2493 et
1638 2439 1745 2492 illis
1774 2452 1913 2508 quos

298 2550 644 2607 offenderant
668 2546 932 2600 decenter
951 2538 1268 2594 satisfacere
1289 2535 1378 2589 37°.
1406 2534 1592 2586 Vinea:
1608 2538 1662 2586 et
1687 2531 1913 2585 arbores

298 2639 599 2696 fructiferae
620 2651 729 2690 non
756 2633 1085 2688 exibuerunt
1104 2628 1318 2682 solitam
1350 2624 1700 2687 uberbatem,
1734 2622 1831 2677 sed
1856 2621 1909 2675 in

297 2735 570 2801 proventu
602 2721 984 2778 difficultatem
1038 2717 1095 2771 in
1125 2714 1398 2769 fructibus
1432 2711 1749 2766 habuerunt
1776 2710 1913 2765 rari-

297 2824 469 2874 tatem
498 2822 554 2869 et
583 2810 934 2868 acerbitatem
968 2806 1056 2860 33°.

368 2905 528 2960 1145.
678 2900 739 2954 R.
781 2898 833 2954 8.
982 2896 1039 2951 F.
1082 2897 1132 2948 9.
1282 2894 1342 2947 Α.
1384 2892 1438 2945 9.
1590 2889 1648 2942 ll.
1696 2891 1745 2942 1.

369 2997 619 3072 Regnum
660 2990 1107 3053 christianorum,
1140 2984 1287 3056 quod
1320 2982 1702 3055 adquisnerunt
1731 2986 1914 3035 exter-

298 3088 505 3143 minata
556 3080 910 3138 multitudine
979 3092 1317 3151 paganorum
1385 3072 1800 3128 Hierosolimam
1858 3078 1912 3125 et

297 3183 545 3239 confines
572 3178 692 3246 ejus
720 3175 889 3231 urbes
918 3171 1342 3244 possidentium,
1374 3171 1456 3223 sui
1498 3168 1706 3224 exordii
1748 3167 1912 3220 habet

298 3272 447 3325 hunc
476 3282 678 3322 annum
710 3262 1230 3337 quinquagesimum
1274 3258 1507 3329 primum
1578 3257 1714 3312 Laus
1747 3264 1829 3310 est
1859 3263 1913 3310 et

298 3357 473 3435 gloria
502 3354 722 3422 Christi,
750 3353 899 3425 quod
938 3348 1222 3406 christiani
1253 3364 1375 3403 cum
1405 3346 1524 3415 ejus
1551 3343 1751 3399 auxilio
1785 3348 1915 3412 pos-

297 3434 483 3503 Sident
541 3444 846 3518 regionem,
907 3441 962 3495 in
1003 3455 1110 3511 qua
1163 3454 1260 3508 per
1307 3434 1664 3504 semetipsum
1723 3440 1779 3486 et
1818 3446 1914 3501 per

297 3541 581 3615 apostolos
656 3539 902 3594 Christus
960 3534 1195 3590 initiavit
1274 3531 1627 3587 christianam
1692 3527 1914 3599 religio-

302 3652 429 3691 nem
459 3636 550 3689 δελ.
581 3632 875 3695 Gerardus,
909 3630 1081 3702 quiet
1121 3627 1339 3693 Lucius,
1383 3640 1524 3695 papa
1569 3624 1708 3679 obiit
1736 3622 1910 3693 (Febr.

298 3730 407 3798 25).
463 3726 794 3794 Bernardus,
860 3723 953 3793 qui
1007 3729 1061 3776 et
1108 3719 1408 3793 Eugenius,
1484 3717 1647 3771 165W
1695 3715 1746 3769 ei
1786 3728 1912 3768 suc-

301 3820 489 3876 cessit.

279 4106 285 4111 '
370 4086 559 4143 Remis
601 4085 671 4120 3"
728 4082 782 4137 in
815 4081 1053 4137 cenobio
1085 4081 1230 4136 beati
1286 4078 1519 4153 Remigii
1571 4085 1792 4132 sanctus
1823 4075 1910 4129 Gi-

293 4183 528 4240 brianus
572 4182 790 4236 Scottus
834 4179 1019 4233 multis
1059 4178 1227 4233 claret
1282 4176 1598 4240 virtutibus,
1646 4182 1699 4229 et
1741 4173 1909 4227 multo

293 4272 484 4346 populi
527 4286 800 4327 concursu
832 4268 1225 4338 frequentatur.
1274 4264 1545 4319 Adclbero
1606 4262 1908 4317 Leodicen-

288 4366 366 4421 sis
396 4362 692 4434 episc0pus
717 4360 825 4414 vita
867 4356 1128 4413 decessit.
1186 4354 1472 4410 Heinricus
1499 4359 1811 4422 assumptus
1845 4366 1908 4403 ex

2010 1834 2187 1874 rorem
2228 1830 2283 1874 et
2319 1820 2734 1875 subversionem
2766 1820 3104 1891 perditorum
3147 1819 3462 1875 hominum:
3504 1818 3630 1886 epi-

2010 1920 2210 1975 scopos
2238 1907 2401 1961 etiam
2458 1914 2512 1961 et
2566 1907 3015 1978 archiepiscopos
3038 1907 3125 1961 his
3151 1906 3243 1978 qui
3296 1904 3404 1961 sibi
3429 1906 3625 1961 adhae-

2011 1995 2206 2050 rebant
2288 1995 2601 2050 ordinabat.
2673 1995 2838 2050 Multa
2908 2011 3128 2066 quoque
3202 1995 3309 2049 alia
3395 1994 3633 2050 faciebat

2010 2087 2277 2141 scelerata
2310 2092 2365 2140 et
2394 2085 2598 2140 divinae
2632 2085 2741 2160 legi
2800 2086 3095 2140 contraria.
3156 2085 3233 2139 Ad
3267 2092 3631 2156 postremum,

2012 2176 2287 2232 diabolico
2317 2175 2514 2246 spiritu
2544 2176 2855 2247 completus
2906 2176 2959 2230 in
2993 2182 3194 2230 tantam
3254 2174 3503 2246 prorupit
3544 2175 3629 2229 in-

2013 2268 2247 2335 saniam,
2276 2275 2335 2323 ut
2383 2267 2591 2323 diceret
2620 2278 2674 2322 et
2728 2267 2878 2321 credi
2939 2275 3162 2342 cogeret
3193 2283 3252 2323 sc
3299 2284 3421 2323 esse
3458 2266 3631 2321 filium

2014 2358 2130 2424 Dei,
2163 2357 2446 2411 affirmans
2471 2372 2533 2411 se
2570 2371 2692 2410 esse
2751 2372 2877 2411 eum
2912 2372 3010 2427 per
3036 2372 3199 2427 quem
3231 2356 3546 2412 sacerdotes
3576 2355 3633 2409 in

2014 2449 2265 2506 (ecclesia
2311 2448 2626 2523 generalem
2661 2448 2948 2504 collectam
3001 2447 3179 2504 solent
3220 2447 3516 2503 terminare
3556 2447 3639 2501 dio

2012 2537 2224 2592 cendo:
2261 2539 2358 2591 Per
2394 2536 2619 2591 eundem
2651 2539 2936 2591 Dominum
2984 2541 3249 2592 nostrum.
3280 2537 3491 2600 Quanta
3529 2551 3629 2590 au-

2011 2639 2120 2686 tem
2153 2631 2334 2701 turpia
2361 2638 2414 2685 et
2444 2630 2776 2685 execrabilia
2802 2639 2968 2706 agant
3009 2631 3065 2684 iu
3105 2631 3428 2685 abscondito
3463 2630 3629 2683 here—

2008 2724 2102 2777 tici
2130 2723 2240 2788 isti,
2275 2722 2368 2793 qui
2402 2730 2667 2777 vocantur
2697 2722 2930 2785 Eunitaz,
2964 2723 3015 2775 id
3045 2730 3129 2776 est
3177 2736 3444 2792 sequaces
3474 2719 3614 2775 Euni

2013 2815 2217 2869 bonum
2247 2822 2329 2868 est
2349 2814 2571 2869 silentio
2594 2823 2802 2887 tegere,
2826 2829 2897 2868 ne
2927 2815 3213 2869 horrorem
3245 2812 3517 2869 incutiant
3544 2811 3631 2867 vel

2014 2903 2178 2957 etiam
2214 2918 2455 2957 errorem
2488 2911 2760 2975 generent
2781 2901 3016 2956 infirmis
3047 2902 3413 2957 auditoribus.
3440 2902 3635 2956 Fames

2015 2994 2334 3069 gravissima
2361 2994 2572 3065 jamdiu
2600 3001 2868 3065 concepta
2895 2994 2949 3047 in
2974 3001 3183 3050 tantum
3219 2995 3381 3069 longe
3412 2993 3637 3064 lateque

2017 3086 2319 3156 prmvaluit,
2349 3095 2410 3140 ut
2438 3094 2849 3141 excrescentem
2882 3102 3186 3157 pauperum
3222 3084 3634 3161 multitudinem

2013 3174 2327 3229 nullatenus
2354 3174 2475 3229 sine
2504 3189 2704 3247 magno
2726 3175 3044 3248 gravamine
3067 3181 3375 3230 sustentare
3406 3180 3636 3243 possent

2014 3270 2069 3323 hi
2102 3269 2196 3341 qui
2231 3277 2482 3338 respectu
2518 3269 2611 3323 Dei
2645 3270 2730 3323 vel
2767 3268 2985 3339 pietatis
3010 3267 3210 3323 affectu
3267 3283 3488 3322 manum
3522 3266 3633 3320 mi-

2015 3357 2334 3412 sericordia:
2367 3357 2727 3430 porrigebant
2757 3357 2860 3411 eis.
2898 3357 3095 3412 Multos
3127 3357 3317 3421 etiam,
3357 3357 3452 3428 qui
3484 3355 3634 3410 victu

2015 3454 2069 3500 et
2097 3447 2219 3501 aliis
2266 3445 2596 3501 necessariis
2646 3444 3060 3513 habundabant,
3104 3445 3305 3500 malum
3351 3444 3508 3498 famis
3563 3444 3633 3498 ad

2016 3541 2428 3596 mendicitatem
2469 3540 2695 3594 deduxit
2751 3540 3134 3595 Occidentales
3188 3538 3492 3603 christiani,
3523 3538 3630 3593 do~

2016 3633 2195 3687 lentes
2226 3632 2294 3686 de
2324 3631 2687 3685 subversione
2715 3630 2870 3685 urbis
2896 3631 3136 3695 Edessae,
3169 3646 3292 3701 quae
3321 3637 3375 3684 et
3398 3627 3632 3684 Roliaisz

2012 3721 2233 3783 dicitur,
2281 3737 2444 3791 quam
2506 3719 2705 3793 pagani
2775 3719 3062 3789 superiore
3112 3734 3260 3773 anno
3327 3723 3624 3782 vastantes,

2012 3812 2217 3867 cultum
2262 3810 2676 3865 christianitatis
2704 3810 2758 3864 in
2796 3827 2860 3865 ea
2905 3809 3055 3864 omni
3096 3809 3479 3879 spurcitiarum
3531 3823 3635 3880 ge-

2014 3919 2147 3957 nere
2169 3902 2702 3969 contaminaverant,
2731 3902 2784 3956 in
2826 3910 3036 3956 tantum
3078 3911 3138 3956 ut
3181 3901 3343 3955 etiam
3376 3899 3637 3971 princeps

2013 4007 2202 4047 eorum
2246 3991 2299 4043 in
2331 3991 2524 4059 majori
2554 3990 2784 4046 basilica
2813 4006 2980 4062 super
3032 3998 3283 4044 sanctum
3311 3989 3486 4043 altare
3532 4004 3633 4042 cu-

2012 4078 2124 4133 bile
2153 4094 2312 4132 suum
2350 4086 2674 4144 exstrueret,
2731 4085 2785 4133 et
2815 4077 2929 4132 illic
2971 4076 3039 4131 ad
3096 4076 3355 4146 injuriam
3387 4083 3442 4131 et
3493 4089 3631 4130 con-

2013 4174 2279 4244 templum
2308 4172 2508 4227 summi
2544 4172 2641 4227 Dei
2674 4188 2795 4227 cum
2836 4171 3127 4225 meretrice
3152 4169 3379 4225 cubaret
3401 4169 3501 4222 38‘z
3532 4184 3634 4239 pro

2015 4264 2119 4331 his,
2161 4265 2407 4335 inquam,
2449 4264 2712 4319 omnibus
2762 4264 2913 4332 justo
2951 4263 3143 4318 dolore
3175 4261 3461 4327 commoti,
3518 4264 3631 4315 uno

2010 4355 2217 4421 animo,
2250 4354 2366 4426 pari
2393 4370 2690 4410 consensu.
2724 4354 2792 4408 ad
2844 4353 3207 4408 debellandos
3237 4369 3332 4408 eos
3356 4351 3632 4423 proficisci

291 4432 445 4510 clero
468 4452 643 4507 sancti
687 4449 981 4516 Lambcrti,
1010 4446 1289 4503 secundus
1319 4445 1482 4514 hujus
1510 4443 1750 4501 nominis
1780 4458 1909 4512 pre-
1936 4432 1989 4499 Ι)
2011 4446 2342 4501 deliberant.
2384 4447 2442 4500 lu
2478 4454 2688 4501 tantum
2730 4453 2914 4500 autem
2969 4454 3127 4501 erant
3164 4460 3361 4501 omnes
3391 4443 3633 4515 prompti

293 4546 399 4612 sul,
428 4545 479 4598 ei
521 4543 770 4603 succedit
798 4542 886 4597 ³³³.
922 4540 1124 4596 Civitas
1155 4539 1374 4598 Edessa,
1402 4553 1523 4608 quae
1552 4544 1606 4590 et
1638 4534 1802 4589 Roaiz
1826 4532 1908 4588 di-

295 4640 457 4703 citur,
490 4640 662 4692 multo
694 4645 941 4707 tempore
964 4652 994 4690 a
1021 4633 1336 4690 christianis
1364 4646 1642 4703 possessa,
1696 4645 1793 4701 per
1812 4644 1908 4682 ne-

291 4726 611 4802 gligentiam
669 4725 1090 4780 christianorum
1152 4730 1206 4778 et
1272 4720 1501 4777 insidias
1567 4734 1908 4793 paganorum

293 4813 532 4885 capitur,
564 4827 870 4882 omnesque
909 4812 1001 4881 qui
1029 4812 1083 4865 in
1125 4827 1189 4867 ea
1222 4810 1430 4865 inventi
1471 4818 1618 4876 sunt,
1652 4806 1907 4878 perfectae

2012 4546 2067 4593 et
2095 4539 2306 4593 alacres
2332 4538 2397 4592 ad
2430 4538 2573 4592 hanc
2606 4536 3028 4607 profectionem,
3058 4543 3117 4591 ut
3144 4544 3202 4596 et
3228 4535 3510 4590 Cunradus
3540 4550 3628 4588 rex

2009 4634 2352 4696 Theutoniaa,
2384 4641 2438 4688 et
2472 4632 2794 4689 Ludowicus
2834 4649 2925 4687 rex
2948 4632 3211 4699 Francia,
3244 4631 3627 4706 religiosorum

2009 4721 2252 4777 virorum
2282 4721 2351 4757 ⁸⁸⁵
2375 4721 2597 4776 monitis
2626 4720 2875 4786 animati,
2922 4728 2977 4774 et
3005 4719 3109 4791 ipsi
3140 4726 3394 4790 prompto
3444 4718 3630 4772 animo

2008 4812 2077 4866 ad
2112 4812 2254 4867 hanc
2283 4812 2692 4884 expeditionem
2725 4827 2846 4867 sese
2873 4811 3251 4884 accingerent.

1648 4953 1866 5009 VARIIE
1898 4953 2289 5011 LECTIONES.

362 5094 431 5130 3"
462 5091 748 5149 Cunradus
800 5122 866 5132 —-
912 5089 1226 5147 satisfacere
1255 5090 1447 5145 desunt
1480 5090 1609 5146 Bé‘“.

1703 5088 1772 5124 ³³0
1800 5093 1925 5146 Post
1962 5092 2070 5146 ἠως
2121 5091 2209 5146 Fl.
2265 5091 2317 5145 2.
2367 5091 2611 5146 addunt:
2659 5087 2989 5145 Godefridus
3031 5105 3238 5154 comes,
3290 5088 3454 5142 frater
3512 5086 3627 5141 Βειί-

291 5165 448 5243 duini
481 5164 722 5227 comitis,
757 5162 1006 5243 moritur.
1081 5162 1159 5243 33‘_
1181 5161 1884 5243 Regnum—religionem
1917 5163 2111 5243 desuiy
2145 5162 2277 5243 _f33*.
2311 5162 2396 5215 κί’.
2432 5164 2555 5243 Post
2594 5162 2703 5241 hinc
2735 5162 2825 5215 F2.
2854 5161 3045 5243 addit;
3076 5160 3425 5243 Turonensis
3438 5157 3628 5239 archi-

289 5237 587 5307 episcOpus
617 5252 716 5307 per
762 5231 1339 5307 sentenciam‘domini
1371 5248 1511 5303 pape
1540 5231 1689 5307 Lucii
1734 5233 2000 5307 adversus
2036 5233 2350 5307 Dolensem
2402 5233 2880 5307 archiepiscOpum
2929 5231 3621 5307 optinuitsubjectipnem

295 5302 531 5362 ecclesie
561 5302 829 5373 Dolensis,
872 5313 927 5359 et
968 5304 1132 5359 evicit
1159 5303 1228 5357 ab
1257 5318 1321 5357 ea
1354 5302 1511 5358 usum
1556 5302 1685 5428 [τειἰὶ
1740 5304 1888 5375 quod
1911 5304 2223 5359 diutissime
2255 5304 2535 5359 habuerat.

295 5376 473 5428 redire
506 5393 615 5428 non
634 5393 803 5428 ausus
835 5386 949 5428 est:
971 5375 1071 5428 sed
1101 5390 1161 5428 se
1202 5374 1438 5428 contulit
1463 5374 1529 5428 ad
1570 5376 1827 5428 "teucrum
1861 5375 2049 5428 Sicilie
2077 5391 2285 5428 regem.
2313 5375 2405 5428 aui
2445 5375 2497 5428 ei
2529 5397 2535 5425 ι

1572 5373 1827 5447 iogerum
1861 5375 2049 5430 Sicilie
2077 5391 2285 5446 regem,
2313 5375 2405 5447 qui
2445 5375 2497 5429 ei
2529 5374 2685 5429 dedit
2718 5373 3035 5443 Capuanum
3064 5373 3620 5447 archiepiscopatum.

291 5376 473 5431 redire
506 5393 615 5432 non
634 5393 803 5432 ausus
835 5386 949 5432 est:
971 5375 1071 5430 sed
1101 5390 1161 5430 se
1202 5374 1438 5429 contulit
1463 5374 1529 5429 ad

2620 5303 2725 5357 nde
2754 5300 3161 5357 verecondatus
3188 5301 3334 5356 idem
3370 5300 3623 5356 Dolensis

288 5446 359 5518 3??
384 5447 600 5518 Abhinc
640 5450 884 5518 sequitur
931 5462 1124 5502 manus
1163 5447 1427 5518 septima,
1451 5442 1875 5518 cutomoiﬂatque
1915 5442 2213 5501 atrameizto
2264 5442 2519 5518 coutinuo
2571 5442 2804 5518 pergens
2838 5460 3040 5518 usque,
3077 5444 3151 5499 ad
3188 5442 3347 5518 [Diem
3386 5442 3610 5518 codicis.

287 5516 358 5550 ³⁸³
386 5516 682 5574 Adalberto
704 5516 792 5558 “-
832 5518 1081 5575 succedit
1109 5518 1300 5572 desunt
1332 5516 1460 5570 I33".
1493 5516 1580 5571 4*.
1656 5517 1725 5551 ³⁸⁸
1758 5518 1810 5571 in
1836 5525 2045 5572 tantum
2086 5547 2154 5560 —-
2191 5517 2420 5574 cubaret
2459 5518 2652 5571 desunt
2681 5517 2799 5571 83‘.
2832 5517 2919 5570 «μ.
2954 5516 3075 5569 4".

290 5586 555 5643 Bernardi
586 5589 803 5645 abbatis
833 5588 1249 5646 Clarevallensis
1273 5588 1484 5642 addunt
1527 5586 1651 5643 83*.
1678 5587 1759 5641 ι’.
1797 5589 1918 5642 4⁸⁵⁸⁵.

3175 5512 3245 5550 ³⁸⁵
3268 5522 3324 5569 et
3355 5512 3621 5584 precipue
